4026 6434
256 462 3452 536 υ
438 490 1146 526 ’“’-“’-“
1175 471 3292 522 -““’“-
3209 470 3420 508 ³·-

1502 600 1579 644 ΔΝ
1589 601 1671 645 NO
1707 601 1935 645 DOMINI
1984 600 2203 645 DCCCC.

1443 724 2291 954 FULCO

797 1051 2011 1171 ARCHIEPISCOPUS
2100 1050 2940 1168 RHEMENSIS.

1324 1388 1766 1467 NOTITIA
1847 1387 2423 1467 HISTORICA.

1525 1515 1683 1604 '(Gall.
1717 1542 1916 1605 (ἔω-ἰείη
1950 1547 2068 1594 tom.
2104 1540 2211 1604 IX.)

311 1767 563 1824 Fulconis
611 1765 760 1820 initia
805 1762 1143 1820 Flodoardus
1188 1764 1377 1833 paucis
1429 1761 1641 1833 attigit;
1679 1761 1827 1833 valde
1854 1765 1902 1824 Α
1932 1775 2019 1833 x_vt
2062 1757 2180 1812 Kal.
2231 1756 2402 1827 April.
2460 1754 2773 1833 Dodilouem
2815 1753 3151 1833 consecravit
3197 1752 3507 1833 episcopum

250 1839 457 1894 nobilem
487 1836 846 1891 nihilominus
866 1850 988 1889 eum
1014 1831 1293 1896 memorat,
1325 1841 1380 1887 et
1423 1831 1671 1901 palatinis
1692 1831 1829 1901 ioﬂi-ﬁ

251 1910 335 1962 ciis
363 1919 652 1968 assuetum,
676 1903 888 1959 afﬁnem
917 1918 1131 1972 quoque
1175 1900 1434 1958 Guidonis
1469 1910 1523 1957 et
1556 1900 1829 1956 Lamberti

252 1978 659 2055 Spoletanornm
690 1975 906 2055 dueum,
942 1988 1079 2055 quos
1109 1972 1829 2055 adnjmperatpresnevehere

248 2040 414 2101 conati
437 2054 573 2100 sunt
602 2042 799 2111 summi
829 2040 1132 2111 pontifices.
1165 2042 1242 2096 Ex
1274 2040 1535 2111 canonico
1567 2040 1624 2094 S.
1650 2040 1833 2111 Audo-

253 2118 374 2170 mari
400 2115 583 2168 fartus
601 2107 687 2168 est
716 2107 1009 2167 monachus
1033 2113 1085 2166 in
1112 2111 1324 2166 abbatia
1348 2110 1408 2166 S.
1427 2110 1653 2173 Bertini,
1677 2109 1829 2179 cujus

250 2202 379 2240 anno
410 2187 515 2241 877
556 2185 724 2237 abbas
751 2182 955 2238 electus
987 2189 1089 2237 est.
1141 2181 1429 2236 Hincmaro
1467 2180 1592 2235 fatis
1619 2180 1828 2243 functo,

249 2265 552 2324 assumptus
577 2262 662 2308 est
689 2269 718 2306 a
737 2252 884 2307 clero
910 2252 1067 2324 sim_u_l
1095 2260 1150 2305 et
1177 2251 1370 2321 popqu
1397 2252 1449 2305 in
1472 2250 1832 2324 archiepisco-

249 2341 363 2394 pum
396 2320 760 2394 Rhemensem
787 2336 931 2376 anno
963 2320 1573 2394 885,_et’_consecrat_t_ts,
1611 2320 1830 2394 ineunte

252 2389 421 2450 mense
448 2394 670 2447 Martio.
698 2390 830 2446 Cum
858 2400 1037 2446 autem
1086 2390 1431 2446 Hildeboldus
1481 2389 1833 2445 Suessionen-

248 2466 320 2520 sis
352 2466 689 2535 episcopus,
760 2462 1051 2530 ceterique
1108 2458 1830 2535 metropoleossuﬂ‘raganei

253 2535 300 2589 id
342 2532 547 2589 factum
592 2547 697 2587 non
744 2541 1056 2601 exspectato
1097 2532 1389 2586 visitatoris
1427 2532 1659 2585 adventu
1701 2544 1832 2599 que-

256 2615 488 2659 rerentur
524 2642 543 2667 ,
585 2602 958 2656 excusatorias
1002 2601 1104 2656 hac
1148 2602 1214 2655 de
1246 2616 1305 2657 re
1346 2602 1412 2656 iis
1455 2601 1668 2655 litteras
1695 2601 1831 2655 scri-

254 2683 463 2744 pserunt
512 2672 732 2744 Rhemi,
771 2672 967 2744 quibus
986 2670 1300 2744 electionem
1321 2743 1326 2744 ί
1350 2687 1454 2726 non
1481 2685 1606 2744 esse
1630 2669 1828 2725 factam

254 2741 372 2799 ante
409 2741 712 2799 visitatoris
751 2742 1039 2796 adventum
1070 2741 1466 2811 signiﬁcabant.
1512 2741 1678 2811 Falco
1709 2747 1832 2810 post

253 2814 712 2869 consecrationem
770 2826 921 2865 suam
979 2810 1275 2880 ﬁdei’sua:
1327 2822 1565 2867 tenorem
1622 2810 1829 2865 Marino

254 2898 395 2955 papae
422 2884 700 2953 delegans,
730 2882 905 2955 inquit
932 2880 1533 2955 Flodoardus,_pallium
1557 2882 1623 2955 ab
1647 2896 1830 2955 eo__an-

255 2949 889 3008 tec'essorum'suorum'de
918 2967 1061 3005 more
1099 2949 1358 3015 suscepit;
1394 2952 1477 3006 cui
1500 2952 1655 3005 etiam
1693 2949 1831 3004 litte-

254 3039 335 3078 ras
363 3025 505 3077 misit
546 3039 639 3092 pro
664 3021 993 3075 concedendo
1027 3021 1198 3092 debito
1236 3019 1537 3092 Rhemensis
1575 3019 1828 3092 Ecclesia:

1929 1825 2537 1897 Cameracensiemtqui
2583 1827 2701 1897 ejus
2748 1835 2931 1896 postea
2961 1826 3219 1897 oll‘ensam
3254 1825 3506 1897 incurrit,

1930 1897 2072 1967 quod
2103 1896 2361 1951 Balduino
2392 1895 2804 1967 Flaudrensium
2850 1897 3033 1967 comiti
3078 1895 3301 1967 faveret.
3347 1895 3510 1967 _Anno

1931 1963 2035 2024 888
2082 1967 2401 2036 subscripsit
2444 1965 3120 2036 privilegiodmmunitatis
3163 1964 3304 2034 quod
3346 1963 3513 2020 Lind-

1929 2039 2114 2116 b_utus
2126 2034 2534 2116 [Moguptien‘si‘s
2560 2034 2843 2116 episcopus
2863 2034 3511 2116 concessitmmonasteriis

1930 2107 2093 2163 Novae
2120 2103 2361 2161 Corbeia:
2390 2115 2444 2160 et
2491 2103 2897 2160 Herifordicnsi.
2940 2104 3095 2159 Anno
3131 2103 3254 2168 888,
3302 2105 3512 2159 sublato

1932 2179 2277 2247 imperatore,
2300 2192 2419 2232 cum
2437 2175 2573 2239 Odo,
2596 2174 2736 2247 lilius
2762 2174 2981 2247 Robert‘i
3007 2174 3204 2247 Fortis,
3229 2189 3323 2228 rex
3342 2174 3514 2247 Fran-

1932 2243 2114 2302 corum
2161 2246 2424 2301 salutatus
2451 2255 2612 2308 esset,
2647 2245 2789 2299 hunc
2829 2245 3029 2300 sensim
3078 2243 3286 2299 infenso
3331 2245 3514 2298 animo

1932 2325 2248 2388 regnantem
2270 2317 2412 2371 videt
2436 2316 2939 2388 Fulc0,ac_t_and_em
2962 2314 3193 2388 concilio
3212 2315 3350 2388 apud
3372 2315 3515 2370 Rbe-

1931 2385 2031 2443 nos
2059 2396 2247 2442 coacto
2270 2402 2412 2441 anno
2435 2386 2558 2447 893,
2583 2400 2614 2439 e
2648 2385 2781 2439 solio
2819 2385 3123 2440 disturbare
3159 2385 3378 2439 adnisus
3399 2396 3513 2448 est;

1933 2459 2073 2512 unde
2111 2456 2300 2511 eodem
2343 2470 2484 2510 anno
2518 2455 2767 2511 Carolum
2800 2452 3110 2524 Simplicem
3143 2456 3419 2510 coronavit
3462 2456 3516 2509 in

1931 2527 2158 2583 ecclesia
2187 2541 2284 2582 sua
2331 2526 2765 2596 metropolitana,
2792 2541 2828 2579 v
2852 2524 2969 2578 Kal.
3002 2524 3263 2596 Februar.
3316 2525 3515 2579 Eodem

1933 2598 1985 2651 in
2013 2596 2242 2652 concilio
2269 2596 2435 2651 multa
2478 2594 2805 2664 conquestus
2828 2608 2911 2650 est
2938 2603 3125 2651 contra
3171 2594 3514 2661 Balduinum,

1930 2667 2196 2722 Flandriae
2224 2677 2498 2733 comitem,
2532 2668 2791 2721 bonorum
2840 2665 3334 2721 ecclesiasticorum
3365 2666 3516 2720 inva-

1933 2752 2136 2818 sarem,
2151 2752 2336 2818 quem,
2367 2737 2486 2818 nisi.
2506 2737 2865 2818 resipisceret,
2882 2735 3240 2818 anathemate
3253 2744 3517 2818 perpetuo

1931 2806 2232 2862 feriendum
2257 2806 2486 2861 minitati
2518 2815 2645 2862 sunt
2682 2806 2917 2876 episcopi
2960 2806 3287 2876 congregati.
3314 2806 3517 2859 Eodem

1930 2878 2148 2933 circiter
2196 2885 2437 2947 tempore
2471 2876 2805 2931 Mancionem
2851 2876 3190 2932 consecravit
3220 2877 3270 2930 in
3306 2876 3517 2947 episco-

1970 2964 2057 3003 um
2089 2947 2535 3017 Catalaunensem
2562 2963 2577 3013 ;
2617 2962 2723 3017 qua
2753 2947 2819 3001 de
2848 2961 2907 3001 re
2931 2948 3313 3017 _reprehensus
3362 2955 3447 3000 est
3485 2963 3519 3000 a

1975 3033 2195 3089 ormoso
2232 3032 2388 3089 papa.
2430 3016 2587 3073 Anno
2636 3015 2763 3089 890,
2785 3015 3030 3089 ‘prtefuit‘
3069 3019 3275 3089 synodo
3319 3026 3520 3072 coacta:

255 3093 515 3170 privilegio
542 3086 698 3170 atque
723 3107 827 3170 pro
842 3091 1288 3170 commendatione
1308 3093 1439 3161 regis
1453 3090 1823 3170 ⁵(ἐφἰοηιᾳιξηὶ,
1859 3109 1904 3168 Β
1935 3090 2085 3170 θρίω.
2102 3086 2425 3170 Vangiones3
2458 3096 2514 3169 et
2540 3102 2679 3142 anno
2706 3086 2822 3142 892’
2857 3087 3130 3170 transtulit
3174 3088 3430 3170 reliquias
3454 3088 3513 3140 S.

253 3160 303 3216 in
341 3160 527 3234 quibus
572 3160 627 3216 se
653 3160 913 3234 signiﬁcat
942 3160 1006 3234 ab
1034 3161 1214 3215 eodem
1255 3160 1391 3231 papa
1429 3162 1628 3234 dudum
1650 3160 1829 3234 luisse

256 3228 510 3302 cognitum
548 3228 779 3302 tempore
803 3228 1044 3302 [cannis
1061 3246 1229 3299 papae,
1251 3228 1474 3302 Lquando
1496 3246 1614 3302 cum
1639 3228 1829 3302 Carolo

256 3298 560 3372 imperatore
600 3298 963 3372 idem_Fulco
1016 3298 1188 3372 fuerat
1238 3298 1437 3355 Romae.
1494 3298 1830 3372 lrruentibus

258 3368 373 3425 hinc
400 3372 525 3427 inde
554 3368 827 3436 barbaris,
853 3368 1041 3424 urbem
1083 3369 1411 3424 llhemorum
1443 3386 1570 3423 noro
1602 3370 1829 3421 circum-

258 3440 388 3496 dedit
413 3457 589 3506 muro,
635 3441 804 3494 veteri
847 3440 993 3509 prius
1024 3442 1090 3493 ab
1116 3439 1297 3494 Eboue
1346 3440 1397 3493 in
1432 3439 1652 3509 majoris
1690 3438 1833 3509 basi-

260 3509 367 3566 lica:
396 3521 727 3567 structuram
755 3508 1030 3579 impenso;
1062 3509 1458 3579 ecelesiamque
1484 3508 1542 3579 S.
1572 3508 1829 3577 Dionysii,

259 3584 390 3650 quod
424 3582 767 3650 munimento
790 3578 1027 3644 obesset,
1060 3579 1219 3647 paulo
1241 3589 1370 3650 post
1398 3578 1637 3650 funditus
1679 3590 1832 3650 ever-

261 3648 355 3723 tit;
400 3652 645 3723 quaedam
695 3648 1117 3723 etiamcastella
1164 3664 1193 3701 a
1231 3648 1595 3723 fundamentis
1636 3648 1828 3723 creuit,

260 3716 587 3799 Altimonlem
632 3719 841 3774 scilicet
879 3720 947 3799 in.
977 3718 1312 3799 Quicomeusi
1355 3733 1526 3799 pago,
1571 3727 1637 3797 .et
1682 3716 1830 3799 aliud

261 3793 388 3857 apud
415 3791 772 3862 Sparnacum,
807 3788 947 3859 quod
980 3786 1095 3862 Qdo
1133 3786 1725 3862 rex,_quia_'r_lesciverat
1753 3787 1831 3862 ab

258 3856 312 3913 eo
355 3856 569 3931 propter
618 3856 927 3931 evectionem
982 3856 1161 3931 Caroli
1189 3927 1201 3931 Δ
1227 3856 1516 3931 Simplicis,
1538 3856 1782 3911 subvertit
1813 3896 1828 3921 ,

257 3927 364 3999 quo
396 3927 727 3985 Normannis
787 3928 1066 3999 resisteret.
1110 3927 1254 3999 U_rbe
1282 3927 1461 3999 novis
1522 3940 1830 3999 propugnat-

259 3994 385 4055 culis
428 4001 688 4061 (innata,
753 4010 953 4068 corpus
1016 3997 1078 4068 Β.
1140 3997 1367 4068 Remigii
1411 4014 1492 4068 rex
1523 3994 1832 4068 Orbaeensi

259 4070 615 4133 monasterio,
666 4069 720 4122 in
759 4063 902 4137 quod
942 4082 974 4123 e
1022 4063 1322 4137 Sparnaco'
1341 4067 1575 4122 delatum
1625 4065 1830 4132 fuerat,

260 4139 392 4194 idem
417 4141 652 4218 antistes
679 4152 821 4218 anug
848 4138 945 4218 sui.
960 4137 1280 4218 praesulatus
1307 4137 1833 4218 primopurocorto-

259 4225 370 4263 rum
408 4210 621 4265 revexit
647 4224 745 4277 per
772 4206 1185 4273 Culmiciacum,
1214 4206 1594 4263 assistentibus
1646 4206 1827 4275 coepi-

259 4282 424 4349 scopis
469 4289 529 4333 et
565 4278 729 4334 clero.
781 4277 1058 4349 Peridem
1100 4292 1314 4349 quoque
1357 4285 1567 4349 tempus
1591 4278 1834 4345 corporis

260 4347 457 4416 partem
521 4350 662 4403 beati
710 4348 937 4417 maryris
980 4348 1203 4413 Nicasii,
1229 4347 1394 4402 Simul
1436 4347 1558 4403 cum
1607 4360 1833 4417 corpore

260 4422 419 4476 beata:
465 4419 674 4474 sororis
702 4416 991 4487 EutrOpire,
1022 4420 1091 4473 ab
1127 4417 1354 4473 ecclesia
1386 4418 1444 4471 Β.
1474 4417 1738 4487 Agricolae
1773 4416 1829 4471 in

260 4492 435 4545 urbem
499 4503 687 4544 recens
732 4488 900 4543 muris
948 4488 1200 4542 vallatam
1234 4488 1528 4553 transtulit,
1573 4497 1829 4556 retroque

259 4571 371 4626 post
414 4560 593 4615 altare
620 4559 714 4613 Dei
759 4558 1048 4614 Genitrieis
1089 4557 1271 4613 Mariae
1308 4558 1461 4626 juxta
1514 4558 1577 4611 Β.
1623 4557 1829 4612 Callisti

258 4644 399 4700 papa:
429 4632 655 4700 pignora
682 4644 801 4700 quas
824 4644 929 4700 non
960 4629 1031 4683 ita
1060 4628 1268 4699 pridem
1303 4628 1724 4700 obpaganorum
1748 4627 1834 4700 in-

260 4697 628 4763 festationem,
676 4697 817 4752 illata
860 4697 1093 4762 fuerant,
1136 4697 1661 4753 recondidithnno
1700 4697 1827 4762 884,

261 4771 434 4824 audita
480 4770 700 4823 Adriani
749 4767 813 4822 ΙΙΙ
860 4770 925 4822 ad
966 4783 1237 4823 summum
1288 4767 1657 4838 pontificatum
1709 4783 1832 4836 pro-

260 4841 521 4902 vectione,
565 4838 751 4893 litteris
793 4854 910 4892 eum
967 4838 1179 4892 visitare
1234 4839 1455 4900 studuit,
1500 4838 1832 4907 congaudens

260 4908 414 4975 ipsius
444 4911 662 4973 honori,
705 4918 752 4961 et
796 4925 849 4962 se
890 4907 1110 4978 Romam
1156 4919 1327 4975 petere
1352 4907 1475 4962 velle
1502 4909 1762 4978 signiﬁcat
1788 4908 1832 4961 si

260 4979 363 5049 lleo
412 4995 595 5049 pacem
651 4978 905 5030 tribuente
939 4977 1163 5049 ualuerit
1201 4994 1219 5032 :
1271 4989 1415 5049 rogat
1455 4980 1664 5032 interim
1698 4988 1755 5031 ut
1800 4994 1833 5031 a

262 5047 444 5117 Leone,
496 5047 778 5102 Benedicto
822 5057 868 5100 et
921 5047 1145 5101 Nicolao
1185 5047 1528 5117 pontificibus
1578 5062 1837 5103 concessa

262 5114 549 5173 Rhetuensi
580 5116 831 5172 Ecclesiae
861 5118 1136 5186 privilegia
1166 5114 1480 5172 corroboret
1518 5128 1574 5173 et
1618 5127 1834 5186 augeat,

261 5188 675 5241 Carlomannum
719 5203 899 5257 regem
934 5188 1130 5241 iterum
1162 5189 1541 5253 commendat,
1595 5198 1647 5243 et
1697 5188 1832 5243 Fro-

262 5268 456 5309 tarnnu
486 5258 613 5310 olim
662 5257 1091 5327 Burdigaleusem
1114 5298 1128 5316 ,
1169 5268 1294 5313 tunc
1335 5259 1721 5313 Bituriceusem
1750 5274 1838 5313 ar-

260 5327 679 5397 chiepiscOpum.
698 5328 921 5381 Sublato
946 5348 974 5381 e
1005 5329 1138 5381 vivis
1164 5331 1350 5383 eodem
1371 5346 1509 5384 anno
1524 5330 1841 5384 Carloman-

264 5412 349 5469 no,
402 5395 587 5451 fratris
631 5395 749 5468 ejus
792 5408 920 5451 natu
949 5399 1158 5453 minimi
1185 5399 1362 5455 Caroli
1391 5398 1663 5469 Simplicis
1696 5409 1835 5453 tute-

264 5464 364 5519 lam
394 5469 621 5537 sumpsit
640 5464 826 5523 Fuleo.

330 5538 400 5589 At
431 5549 576 5593 tanta
608 5554 731 5593 mox
776 5538 939 5594 subiit
968 5554 1147 5595 rerum
1191 5540 1473 5607 confusio,
1514 5539 1842 5596 Normannis

266 5612 537 5663 turmatim
566 5609 893 5663 irruentibus
920 5609 972 5663 in
996 5611 1257 5665 diteceses
1279 5611 1653 5678 Rhemensem,
1679 5610 1843 5666 Sues-

264 5680 563 5734 sioucnsem
589 5694 652 5734 ac
683 5678 1115 5743 Noviomensem,
1152 5690 1211 5734 ut
1238 5681 1567 5735 Francorum
1590 5697 1841 5750 proceres

265 5750 430 5803 totius
455 5751 599 5820 regni
628 5764 814 5803 curam
841 5750 1036 5804 Carolo
1076 5752 1273 5806 Crasso
1308 5753 1620 5820 imperatori
1651 5752 1841 5805 Fulco-

1936 3158 2209 3228 Rigoberti
2229 3157 2286 3212 in
2310 3158 2594 3213 ecclesiam
2618 3172 2769 3211 suam
2804 3157 3302 3228 metropolitanum.
3318 3158 3518 3212 Eodem

1932 3243 2076 3283 anno
2101 3228 2206 3284 892
2226 3228 2564 3299 privilegium
2598 3228 2957 3299 obtinuerat}
2985 3228 3246 3299 Formoso
3271 3242 3423 3297 papa,
3452 3242 3519 3282 ne

1939 3313 2110 3380 reges,
2174 3296 2571 3380 episcopi,"aut
2614 3298 2837 3367 quilibet
2867 3296 3355 3380 Christianorum,
3392 3299 3520 3380 sede

1935 3367 2225 3423 Rhemensi
2269 3367 2515 3429 vacante,
2556 3368 2611 3421 in
2638 3383 2791 3422 suam
2823 3368 3107 3423 utilitatem
3140 3377 3521 3423 converterent

1936 3438 2175 3492 redditus
2201 3436 2456 3492 Ecclesia:
2483 3438 2843 3502 Rhemensis;
2877 3446 2934 3490 ut
2954 3438 3134 3493 omnia
3160 3439 3340 3491 futuro
3378 3437 3521 3491 anti-

1933 3508 2044 3562 stiti
2078 3514 2486 3561 reservarentur
2505 3506 2752 3576 eligendo
2775 3507 2916 3561 intra
2940 3515 3150 3576 tempus
3173 3516 3432 3562 statutum
3464 3507 3519 3562 in

1933 3577 2250 3640 cauonibus,
2280 3577 2332 3632 id
2368 3583 2452 3631 est
2484 3574 2622 3631 intra
2652 3574 2813 3630 trium
2854 3574 3119 3648 mensium
3165 3577 3421 3648 spatium,
3450 3592 3520 3632 ne

1934 3648 2138 3718 diutius
2166 3655 2619 3718 quamparesset
2644 3646 2954 3718 metropolis
2979 3646 3364 3704 destitueretur
3391 3664 3517 3718 pas-

1936 3726 2070 3772 tore.
2109 3715 2265 3772 An'no
2291 3716 2416 3783 896,
2448 3717 2660 3770 firmata
2684 3715 3083 3785 pace’Odonem
3112 3719 3252 3773 inter
3278 3727 3333 3772 et
3356 3715 3521 3774 Caro-

1935 3786 2043 3841 lum
2082 3785 2415 3857 Simplicem,
2464 3787 2757 3857 arcessitus
2800 3794 2885 3843 est
2910 3787 2976 3842 ad
3007 3789 3291 3844 concilium
3321 3788 3520 3842 Roma-

1934 3873 2083 3937 unum,
2114 3859 2256 3937 quod
2286 3856 2593 3937 Stephanus
2629 3856 2693 3911 Vl
2724 3871 2860 3937 papa
2890 3857 3157 3937 indixerat
3184 3860 3237 3914 in
3278 3874 3518 3913 tnensem

1935 3926 2310 3996 Septembrem
2340 3926 2578 3994 ejusdem
2625 3929 2751 3981 anni
2780 3926 2807 3992 ξ
2829 3927 3158 3982 celebratqu
3202 3940 3380 3984 autem
3414 3945 3518 3982 non

1934 3996 2099 4069 fuisse
2127 3997 2228 4069 nisi
2257 4012 2397 4050 anno
2417 3997 2520 4069 897
2550 4007 2735 4069 censet
2755 3996 3036 4069 Labbteus,
3069 4008 3126 4069 et
3149 3998 3405 4053 Marlotus
3430 4015 3517 4069 sy-

1932 4067 2132 4140 nodum
2177 4067 2322 4120 illam
2351 4066 2529 4135 rejicit
2558 4067 2609 4121 iu
2660 4082 2862 4140 annum
2906 4067 3275 4140 898.A_Fulco,
3327 4071 3417 4140 qui
3458 4066 3517 4123 'ei

1934 4138 2196 4193 interesse
2217 4152 2321 4192 non
2348 4146 2577 4208 poterat,
2611 4137 2758 4191 misit
2791 4136 2863 4208 ad
2893 4153 3010 4208 eam
3042 4136 3371 4195 Honoratum
3403 4140 3520 4194 Bel-

1933 4208 2307 4273 lovacensem,
2349 4206 2412 4262 et
2455 4206 2742 4279 Rodulfum
2788 4206 3221 4279 Laudunensem,
3259 4210 3522 4279 suffraga-

1934 4294 2064 4333 neos
2087 4292 2233 4348 suos.
2272 4279 2428 4333 Anno
2457 4277 2561 4348 898
2589 4286 2643 4332 et
2665 4277 2932 4348 sequenti
2977 4295 3245 4335 summum
3277 4277 3519 4334 Francia:

1932 4346 2313 4420 cancellarium
2343 4347 2583 4420 gerebat.
2611 4346 2695 4402 Ab
2732 4346 3002 4420 eoautem
3035 4358 3278 4420 tempore
3300 4350 3522 4404 adnotat

1933 4417 2151 4490 Mabilio
2204 4417 2405 4490 poste—rp
2428 4418 2656 4490 crepisse
2706 4417 3161 4490 archiepiscopus
3186 4420 3521 4476 Rhemenses

1933 4488 2237 4543 cancellarii
2267 4487 2445 4544 oflicio
2474 4488 2641 4558 fungi.

2007 4560 2208 4613 Accidit
2238 4569 2433 4622 autem,
2458 4559 2632 4627 inquit
2671 4558 3033 4625 Flodoardus,
3071 4569 3128 4614 ut
3162 4561 3426 4615 abbatiam
3457 4560 3515 4616 S.

1945 4629 2180 4693 Vedasti,
2200 4646 2355 4699 quam
2381 4629 2675 4684 Balduinus
2706 4646 2875 4684 comes
2911 4631 3110 4684 tenebat
3140 4648 3256 4684 cum
3294 4632 3513 4685 Atreba-

1935 4702 2065 4755 tensi
2107 4710 2302 4765 castro,
2335 4716 2424 4753 rex
2461 4699 2682 4769 Carolus
2714 4715 2808 4769 pro
2840 4700 3147 4768 inﬁdelitate
3171 4700 3423 4755 Balduini
3454 4703 3518 4754 ab

1935 4787 1994 4824 eo
2023 4769 2285 4837 auferret,
2332 4779 2486 4840 atque
2516 4768 2741 4823 Fulconi
2778 4770 2991 4838 praesuli
3021 4788 3137 4824 eam
3181 4773 3478 4825 concederet
3500 4813 3514 4831 ,

1936 4840 2194 4892 Altimaro
2238 4838 2467 4908 quodam
2513 4840 2698 4892 comite
2746 4840 3005 4893 abbatiam
3050 4840 3112 4895 8.
3157 4841 3401 4894 Medardi
3444 4854 3521 4894 te-

1937 4919 2086 4964 nenle
2109 4924 2129 4962 :
2165 4925 2321 4979 quam
2348 4910 2444 4961 sibi
2473 4911 2639 4963 visum
2673 4920 2745 4963 est
2776 4912 3178 4979 opportunitatis
3206 4913 3376 4979 gratia
3399 4928 3517 4964 cum

1936 4980 2114 5034 eodem
2141 4979 2678 5050 comitecommutare
2718 4980 2939 5043 debere;
2978 4981 3116 5049 quod
3154 4990 3201 5034 et
3239 4983 3340 5050 egit
3379 4998 3514 5034 anno

1939 5050 2060 5105 900.
2090 5050 2289 5121 Eodem
2332 5048 2470 5121 forte
2498 5065 2662 5121 anno,
2704 5049 2865 5121 Fulco
2894 5048 3141 5104 Carolqu
3173 5048 3515 5121 Simplieem,

1938 5134 2097 5190 quem
2124 5119 2301 5190 pauci,
2348 5120 2473 5174 dum
2501 5120 2877 5190 vivebatOdo,
2911 5136 3007 5189 pro
3048 5136 3169 5190 rege
3213 5119 3515 5185 habebant,

1938 5189 2137 5245 iterum
2162 5190 2441 5245 coronavit
2468 5190 2520 5243 in
2550 5192 2683 5244 urbe
2721 5189 3071 5243 Rhemorum.
3105 5192 3308 5258 Accepit
3340 5191 3515 5259 itaque

1940 5260 2109 5313 Fulco
2150 5260 2214 5312 ab
2255 5260 2433 5313 eodem
2477 5259 2730 5313 Altimaro
2766 5261 3025 5312 abbaliam
3071 5259 3131 5314 8.
3176 5259 3518 5323 Medardi,“

1940 5332 2081 5384 dedit
2112 5330 2188 5382 illi
2229 5331 2492 5382 abbatiam
2532 5329 2591 5384 8.
2648 5329 2875 5392 Vedasti,
2907 5341 3104 5397 recepto
3135 5346 3224 5395 per
3251 5331 3349 5382 vim
3378 5331 3515 5382 obsi-

1940 5402 2110 5453 dionis
2132 5418 2162 5452 a
2186 5399 2446 5452 Balduino
2470 5400 2793 5452 Atrebalensi
2815 5411 3003 5454 castro-
3032 5399 3194 5468 Cujus
3242 5400 3519 5453 anxietatis

1942 5472 2120 5523 dolore
2144 5485 2418 5523 succensus
2444 5479 2553 5521 tam
2584 5468 2879 5523 Balduinus
2917 5485 3073 5539 quam
3097 5470 3262 5521 omnis
3284 5470 3396 5538 ejus
3427 5486 3517 5522 co-

1942 5542 2176 5602 mitatus,
2200 5539 2324 5592 dum
2352 5551 2590 5609 quierunt
2612 5538 2838 5609 qualiter
2857 5555 2910 5592 se
2927 5538 3125 5603 possint
3154 5538 3357 5605 ulcisci,
3388 5540 3522 5591 ami-

1944 5613 2118 5665 citiam
2155 5625 2270 5662 cum
2293 5610 2470 5662 eodem
2506 5610 2727 5678 prazsule
2754 5626 2807 5663 se
2831 5609 3033 5678 fingunt
3063 5610 3341 5674 resarcire,
3370 5624 3520 5678 quie-

1938 5682 2111 5734 ‘rentes
2140 5680 2349 5732 ultionis
2380 5679 2581 5744 locum,
2610 5680 3033 5748 explorantesque
3067 5678 3323 5749 quomodo
3349 5695 3380 5749 a
3404 5693 3515 5729 me-

1948 5762 2060 5804 tatu
2107 5766 2200 5803 suo
2248 5750 2315 5802 ad
2367 5752 2498 5819 regis
2549 5749 2864 5819 colloquium
2915 5748 3251 5818 stipatur-ibus
3290 5748 3520 5819 uallatus

267 5822 349 5874 uis
382 5814 565 5892 rogatu
609 5821 995 5875 oornmiseriut.
1028 5822 1182 5875 Anno
1227 5823 1351 5889 887,
1384 5814 1485 5877 ’γει
1526 5822 1665 5879 forte
1713 5823 1836 5891 888,
1871 5817 1917 5877 D
1936 5822 2202 5893 proﬁcisci
2230 5814 2439 5876 soleret:
2472 5814 2715 5887 Quadam
2751 5819 2834 5875 die
2858 5814 2993 5873 dum'
3021 5820 3203 5888 paucis
3231 5814 3512 5870 admodum

658 5915 932 5979 Ρλτιιοι..
968 5916 1264 5982 CXXXI.

3059 5915 3091 5972 1
