3986 5568
205 306 273 362 IS
948 296 1288 359 RICULFUS
1325 295 1560 357 SUESS.
1603 292 1810 349 EPlSC.
1842 322 1883 336 -
1943 288 2212 346 NOTITIA
2253 287 2638 347 lllSTORlCA..
3381 286 3455 343 η

204 420 507 475 occurrent,
536 424 657 467 cum
694 412 771 467 rei
807 398 1115 468 domestica:
1142 421 1303 482 atque
1344 411 1504 465 etiam
1535 407 1776 477 corporis
1805 416 1850 468 Α
1882 411 2025 457 runt.
2060 402 2168 457 Vos
2213 415 2244 454 e
2284 412 2470 459 contra
2508 415 2649 455 nunc
2694 398 2858 454 Deum
2908 396 3227 468 relinquitis.
3268 397 3455 455 Dicam

206 502 477 572 dispendio
528 500 899 569 perficiemus,
958 503 1031 556 uti
1082 503 1342 559 condecet
1394 500 1774 563 Rhemenscm,

204 611 357 664 quem
401 602 775 646 antecessores
820 592 1003 653 vestri,
1051 606 1160 661 prae
1204 591 1453 645 onmibus
1487 590 1778 645 Gallicanis

202 684 348 755 pensi
392 683 674 747 habentes,
709 681 943 751 primatu
987 683 1255 737 donarunt
1300 682 1352 736 in
1400 681 1556 736 Sixto
1602 681 1778 751 primo

204 775 361 829 totius
399 773 633 843 regionis
671 770 899 841 prmsule
946 787 975 825 a
1016 773 1173 827 beato
1205 771 1363 827 Petro
1411 772 1775 842 apostolorum

199 864 439 934 principe
477 863 581 917 huc
610 864 893 927 destinato,
921 863 1084 917 etiam
1130 860 1445 918 Hormisdas
1488 877 1625 932 papa
1673 860 1780 917 Re-

202 954 418 1024 migium
449 968 545 1021 per
576 968 791 1008 onmem
821 953 1049 1008 Galliam
1079 952 1224 1008 vices
1260 968 1389 1009 snas
1413 953 1564 1008 obire
1590 952 1775 1017 voluit,

199 1060 318 1115 qua:
361 1044 522 1097 modo
566 1043 865 1112 adjicienda
913 1042 1194 1106 videntur,
1235 1058 1304 1098 ne
1352 1044 1537 1098 forsan
1586 1042 1779 1097 Rhctni

200 1136 363 1190 nostri
394 1136 497 1190 sub
529 1135 982 1190 Nortmannorum
1006 1135 1193 1197 ruinis,
1218 1136 1357 1205 quod
1381 1135 1521 1191 Deus
1546 1144 1776 1201 avertat,

199 1224 409 1293 sepulti,
448 1226 612 1279 etiam
643 1226 955 1295 pontiﬁcum
986 1226 1269 1281 oblivione;
1285 1225 1634 1296 sepeliantur.

265 1315 559 1385 Pr0pterca
620 1318 998 1371 commendata
1062 1316 1222 1369 velim
1283 1331 1403 1385 qua:
1458 1314 1665 1369 Marino
1724 1321 1779 1369 et

154 1420 157 1427 ·
198 1403 433 1457 Adriano
474 1404 698 1473 supplex
740 1405 991 1475 proposui
1036 1404 1348 1475 privilegia,
1380 1419 1584 1458 necnon
1615 1402 1781 1457 Ram-

197 1493 348 1563 ponis
376 1494 565 1548 fratris
589 1495 694 1549 mei
723 1496 1029 1550 munificam
1056 1511 1154 1565 pro
1173 1496 1428 1566 erigendo
1454 1496 1780 1551 monasterio

197 1588 562 1653 donationem,
590 1598 790 1644 etcum
820 1590 1143 1645 Bruinifidus
1183 1605 1289 1644 non
1331 1590 1555 1644 desistat
1582 1590 1780 1644 donata

197 1677 260 1731 de
301 1677 567 1745 peculari,
603 1679 815 1732 tandem
855 1680 1197 1734 anathemate
1244 1680 1470 1734 feriatur
1509 1690 1679 1734 :sunt
1722 1688 1785 1735 et

1881 503 2053 557 certe,
2081 492 2205 547 licet
2234 491 2418 547 nolens
2440 533 2455 555 ,
2486 491 2607 560 quia
2649 490 2816 545 Deum
2845 488 3146 558 relinquitis
3164 529 3178 551 ,
3204 502 3326 542 cum
3362 503 3459 543 vos

1878 583 1995 652 ejus
2042 582 2285 637 hostibus
2334 580 2571 636 sociatis.
2622 579 2773 634 Unde
2802 586 2857 633 et
2899 577 3090 631 merito
3137 577 3453 647 prophetica

1880 675 1968 729 illa
1997 690 2100 729 vox
2146 674 2212 727 ad
2256 686 2353 727 vos
2391 672 2656 741 dirigitur,
2706 686 2824 737 qua:
2852 670 3121 738 quondam
3166 668 3234 723 ad
3277 683 3459 737 regem

1878 762 2041 819 Israel
2056 762 2265 817 similia
2301 760 2583 815 facientem
2624 761 2825 814 directa
2860 769 2989 813 est:
3036 757 3209 827 Impia
3257 755 3459 826 prwber

1878 855 2173 918 auxilium,
2199 863 2245 907 et
2280 853 2360 905 his
2390 852 2476 922 qui
2513 852 2729 904 oderunt
2761 849 2927 902 Deum
2964 848 3196 901 amiritia
3215 845 3457 917 jungert's

1879 944 1967 1014 (II
1992 942 2119 1005 Par,
2151 943 2285 1013 xu).
2327 942 2394 996 Et
2421 951 2569 997 certe
2604 957 2725 995 cum
2756 938 3022 995 deberetis
3052 938 3206 993 malis
3239 946 3459 1008 praue-r-

1882 1034 1969 1091 itis
2001 1034 2285 1087 terminum
2330 1047 2548 1102 ponere,
2582 1040 2636 1085 et
2659 1030 2856 1099 rapinis
2883 1038 2938 1083 et
2972 1028 3461 1098 deprzedationibus

1881 1140 2176 1195 pauperum
2209 1124 2537 1188 renuntiare,
2577 1138 2639 1177 ac
2680 1122 2890 1190 probis
2918 1122 3167 1177 omnibus
3196 1119 3460 1189 pteniten-

1883 1217 2010 1271 tiam
2041 1230 2222 1285 agere,
2267 1229 2410 1269 nunc
2436 1214 2502 1269 ad
2549 1210 2804 1280 majorem
2850 1211 2984 1265 iram
3026 1210 3116 1264 Dei
3161 1224 3458 1279 provocan-

1881 1305 2027 1364 dam,
2054 1304 2139 1358 his
2163 1304 2254 1373 qui
2281 1303 2447 1357 Deum
2479 1302 2749 1372 ignorant,
2778 1309 2831 1353 ct
2874 1300 2925 1353 in
2966 1316 3060 1353 sua
3089 1298 3304 1353 feritate
3326 1313 3458 1353 con-

1884 1394 2073 1458 fidunt,
2104 1408 2198 1447 vos
2228 1391 2575 1462 conjungitis.
2598 1391 2813 1446 Credite
2840 1389 2967 1443 mihi
2987 1430 3001 1454 ,
3026 1390 3149 1458 quia
3185 1404 3459 1457 nunquam

1882 1484 1959 1539 sic
2003 1484 2209 1553 agendo
2249 1483 2317 1537 ad
2364 1496 2584 1552 regnum
2640 1479 2966 1550 pervenietis
2992 1518 3007 1543 ,
3050 1480 3159 1535 imo
3207 1478 3463 1532 velociter

1881 1575 2155 1644 disperdet
2180 1588 2275 1627 vos
2307 1572 2471 1635 Dens,
2495 1587 2653 1641 quem
2683 1570 2927 1624 irritatis.
2953 1568 3224 1623 llactenus
3243 1568 3459 1638 quidem

1883 1665 1949 1717 de
1996 1663 2148 1718 vobis
2192 1662 2411 1716 meliora
2441 1660 2721 1730 sperabam
2772 1683 2785 1714 :
2828 1674 2971 1714 nunc
3014 1659 3167 1713 video
3206 1673 3301 1712 vos
3339 1673 3462 1711 cum

195 1764 281 1818 alii
324 1765 417 1833 qui
473 1765 795 1822 Rhemensis
850 1758 1101 1823 Ecclesia:
1148 1769 1286 1823 bona
1342 1769 1664 1833 corrodant,
1719 1770 1773 1825 in
1806 1761 1850 1821 Β
1878 1751 2127 1806 omnibus
2168 1750 2581 1818 consanguineis
2609 1749 2805 1804 vestris
2845 1750 3170 1818 periturum,
3198 1748 3243 1803 si
3284 1758 3462 1801 tamen

196 1869 325 1923 quos
368 1854 603 1910 Carolus
648 1857 959 1928 imperator,
989 1859 1033 1913 si
1062 1858 1284 1914 verbulo
1323 1858 1598 1929 pontificio
1641 1873 1780 1930 pra:-

199 1954 503 2001 tloucatnr.
533 1945 687 2001 facile
711 1950 1184 2005 animadverteret.

773 2100 1105 2157 EPISTOLA
1142 2101 1207 2157 ll.

464 2223 540 2262 AD
578 2224 826 2266 ωιιοωι
859 2226 1069 2268 ελιγωι
1109 2226 1506 2269 ικιιειλτοιιειι.

817 2318 996 2388 (Anno
1032 2319 1181 2392 894.)

514 2429 597 2485 De
625 2441 777 2500 pacto
806 2450 925 2487 cum
961 2431 1284 2490 Nonmmm's
1311 2436 1463 2491 inito.

262 2541 389 2609 Quis
415 2541 595 2604 enim,
631 2541 722 2611 qui
751 2542 902 2596 vobis
925 2542 1069 2598 sicut
1092 2553 1304 2613 oportet
1333 2546 1502 2602 fidelis
1529 2556 1634 2613 est,
1677 2564 1782 2603 non

192 2640 558 2701 expavescat,
593 2644 688 2685 vos
735 2630 1076 2686 inimicorum
1119 2633 1213 2687 Dei
1262 2635 1554 2689 amicitiam
1612 2636 1776 2702 velle,

199 2730 251 2775 et
292 2721 342 2773 in
379 2719 596 2773 cladem
633 2733 699 2772 ac
742 2720 953 2773 ruinam
1002 2721 1233 2776 nominis
1260 2721 1551 2778 Christiani
1580 2740 1784 2794 pagana

199 2824 341 2863 arma
388 2819 443 2863 et
486 2808 704 2862 fwdera
751 2808 1063 2864 detestanda
1113 2812 1424 2881 suscipere?
1452 2813 1593 2869 Nihil
1640 2816 1782 2870 enim

198 2902 350 2955 distat
395 2911 585 2954 utrum
628 2901 750 2971 quis
797 2917 855 2957 se
899 2903 1119 2973 paganis
1162 2906 1362 2970 societ,
1409 2922 1476 2961 an
1522 2909 1786 2979 abnegato

199 2992 298 3047 Deo
336 2993 470 3047 idola
503 2994 732 3047 adoret.
775 2992 908 3048 Nam
941 2995 1018 3058 si,
1050 3005 1110 3050 ut
1144 2997 1220 3050 ait
1255 2997 1578 3067 Apostolus,
1608 3016 1787 3056 mores

1882 1840 1982 1894 hoc
2008 1853 2134 1895 vere
2153 1839 2313 1894 vultis
2338 1853 2514 1908 agere,
2539 1848 2592 1891 et
2623 1838 2816 1893 talibus
2834 1838 3074 1892 consiliis
3096 1837 3460 1906 acquiescere.

1880 1930 2091 1985 Revera
2135 1930 2225 2000 qui
2262 1929 2365 1983 tale
2395 1929 2544 1984 vobis
2590 1930 2720 1983 dant
2757 1928 3065 1991 consilium,
3104 1943 3207 1981 non
3256 1925 3460 1989 fideles,

1880 2018 1975 2073 sed
2023 2032 2119 2088 per
2166 2018 2348 2075 omnia
2393 2017 2634 2072 infideles
2671 2031 2792 2072 esse
2840 2016 3281 2086 comprobantur,
3327 2031 3465 2084 quos

1880 2109 1927 2162 si
1974 2108 2161 2162 audire
2190 2107 2484 2169 volueritis,
2516 2116 2794 2161 terrenum
2826 2105 2985 2160 simul
3032 2114 3086 2160 et
3119 2104 3336 2159 caaleste
3382 2119 3468 2158 re-

1882 2211 2044 2266 gnum
2090 2196 2371 2250 amittetis.
2416 2196 2682 2265 Deprecor
2729 2195 2911 2264 itaque
2951 2210 3046 2250 vos
3071 2210 3165 2264 per
3189 2194 3380 2250 Demn.
3410 2204 3469 2247 ut

1886 2287 1990 2340 tale
2019 2285 2282 2341 deseratis
2323 2286 2631 2350 consilium,
2674 2299 2848 2354 neque
2880 2284 3054 2339 velitis
3085 2300 3177 2339 vos
3224 2284 3277 2338 in
3305 2292 3467 2337 icter-

1885 2391 2012 2431 num
2059 2376 2399 2446 praecipitare
2429 2375 2729 2439 interitum,
2756 2385 2813 2429 et
2835 2375 2968 2430 mihi
3006 2375 3345 2444 cantet-isque,
3375 2373 3467 2442 qui

1883 2463 2177 2518 secundum
2211 2464 2377 2519 Deum
2422 2464 2574 2519 vobis
2618 2464 2803 2519 fideles
2834 2473 2995 2531 sunt,
3037 2464 3223 2518 interni
3269 2462 3469 2518 doloris

1886 2553 2081 2608 afferre
2127 2555 2489 2624 dispendium.
2553 2555 2741 2611 Melius
2790 2556 2935 2611 enim
2983 2555 3157 2610 fuerat
3210 2570 3306 2610 vos
3358 2570 3468 2608 non

1894 2644 2065 2709 nasci,
2093 2658 2255 2713 quam
2284 2644 2479 2701 diaboli
2520 2646 2816 2715 patrorinio
2844 2645 2977 2701 velle
3005 2661 3250 2716 regnare,
3276 2654 3329 2699 et
3352 2644 3471 2698 illos

1881 2734 2072 2804 juvare
2096 2750 2231 2806 quos
2259 2737 2528 2792 deberetis
2551 2752 2648 2806 per
2681 2725 2861 2792 omnia
2893 2738 3229 2808 impugnare.
3272 2736 3472 2793 Sciatis

1893 2828 2062 2892 enim,
2087 2828 2212 2897 quia
2240 2828 2285 2885 si
2333 2830 2436 2884 hoc
2470 2828 2713 2893 feceritis
2735 2870 2749 2894 ,
2780 2838 2836 2884 et
2874 2830 3069 2885 talibus
3111 2829 3349 2884 consiliis
3378 2844 3472 2883 ac-

1888 2920 2224 2988 quieveritis,
2257 2937 2534 2991 nunquam
2581 2936 2666 2975 me
2710 2920 2920 2975 fidelem
2965 2922 3265 2987 habebitis,
3297 2921 3390 2975 sed
3415 2929 3473 2975 et

1888 3025 2241 3080 quoscunque
2272 3020 2497 3081 potuero
2531 3026 2561 3064 a
2594 3020 2773 3065 vestra
2807 3010 3064 3065 fidelitate
3104 3011 3388 3073 revocabo,
3418 3018 3473 3063 et

196 3082 353 3138 bonos
400 3084 685 3153 colloquia
730 3099 896 3154 prava
949 3098 1302 3158 corrumpunt
1355 3088 1427 3161 (Ι
1472 3088 1597 3145 Cor.
1648 3092 1781 3162 xv),

1889 3118 2010 3158 cum
2035 3102 2287 3158 onmibus
2316 3102 2649 3173 coepiscopis
2685 3103 2820 3157 meis
2850 3117 2944 3157 vos
2968 3112 3025 3158 et
3050 3117 3237 3157 omnes
3258 3110 3472 3155 vestros

197 3188 390 3246 quanto
442 3179 631 3250 magis
682 3179 1048 3248 corrumpitur
1101 3183 1323 3235 castitas
1379 3182 1574 3238 anima:
1624 3182 1786 3239 Chri-

199 3268 377 3323 stiana:
402 3269 754 3323 ethnicorum
772 3260 1020 3323 consiliis
1039 3277 1093 3323 et
1118 3270 1411 3326 societate?
1434 3271 1617 3341 Neque
1641 3274 1784 3328 enim

201 3357 383 3424 poterit
407 3375 515 3411 non
546 3357 759 3412 imitari
779 3358 923 3427 quod
952 3358 1167 3413 assidue
1193 3360 1383 3414 viderit
1407 3378 1420 3413 :
1447 3362 1574 3431 quin
1603 3364 1784 3431 potius

200 3463 469 3505 assuescet
495 3449 783 3518 paulatim,
811 3460 867 3505 et
895 3451 1048 3521 quasi
1077 3452 1292 3507 vinculo
1319 3453 1472 3508 malae
1500 3464 1787 3510 consuetu-

200 3541 328 3595 dinis
360 3542 623 3595 trahetur
651 3540 718 3598 a'd
758 3540 986 3596 facinus.
1027 3541 1185 3598 Certe
1210 3545 1581 3615 progenitores
1617 3548 1783 3602 vestri

201 3647 366 3701 reges,
415 3632 681 3703 deposito
725 3632 989 3703 gentilitio
1030 3648 1233 3699 errore,
1287 3636 1467 3692 divino
1511 3637 1675 3692 cultui
1726 3653 1786 3693 se

184 3721 494 3776 sublimiter
523 3720 908 3787 subdiderunt,
961 3731 1017 3777 et
1060 3740 1090 3778 a
1120 3723 1233 3778 Deo
1278 3740 1493 3796 semper
1525 3728 1785 3797 auxilium

198 3813 597 3883 expetiverunt,
629 3821 852 3883 propter
878 3813 1021 3883 quod
1056 3827 1114 3868 et
1152 3814 1382 3872 feliciter
1411 3828 1787 3889 regnaverunt,

198 3914 251 3959 et
276 3906 422 3975 regni
474 3904 863 3960 hazreditatem
906 3906 976 3960 ad
1021 3920 1148 3962 suos
1194 3916 1440 3977 posteros
1471 3911 1793 3965 transmise-

1893 3192 2365 3246 excommunicans
2413 3201 2617 3247 mterno
2673 3193 3017 3249 anathemate
3075 3191 3469 3246 condemnabo.

1893 3281 1998 3336 Pro
2029 3280 2284 3336 ﬁdelitate
2312 3297 2475 3351 quam
2520 3283 2672 3337 vobis
2716 3298 2906 3349 servo,
2950 3283 3065 3338 haec
3105 3282 3471 3351 gemebundus

1893 3369 2094 3434 scribo,
2126 3369 2378 3438 quoniam
2409 3370 2566 3439 cupio
2607 3385 2706 3424 vos
2747 3370 3037 3425 secundum
3076 3370 3243 3424 Deum
3281 3378 3335 3423 et
3371 3383 3473 3423 sa:-

1893 3458 2072 3514 culum
2106 3474 2320 3529 semper
2342 3475 2461 3515 esse
2495 3460 2843 3527 honoratum;
2881 3471 2937 3515 et
2960 3475 3066 3514 non
3096 3459 3330 3524 Satanae,
3373 3458 3470 3513 sed

1893 3549 2093 3605 Christi
2143 3550 2449 3620 adjutorio,
2494 3551 2558 3605 ad
2615 3551 2850 3606 debitum
2905 3551 3058 3606 vobis
3105 3550 3471 3605 conscendere

1893 3641 2042 3709 regni
2086 3639 2377 3710 fastigium.
2412 3640 2652 3708 Regnum
2680 3641 2822 3696 enim
2866 3634 3009 3710 quod
3042 3642 3179 3694 Deus
3208 3639 3299 3692 dat
3322 3678 3337 3702 ,
3379 3637 3471 3692 flr-

1895 3745 2042 3785 mum
2068 3731 2230 3785 habet
2247 3728 2652 3785 fundamentum
2680 3749 2694 3785 :
2718 3731 2858 3801 quod
2882 3746 3010 3786 vero
3032 3744 3128 3799 per
3155 3728 3469 3796 iniustitiam

1894 3830 1951 3875 et
1982 3821 2198 3891 rapinas
2224 3821 2545 3891 acquiritur,
2583 3821 2844 3876 caducum
2872 3830 2987 3887 est,
3034 3826 3090 3873 et
3124 3818 3231 3875 cito
3274 3815 3469 3872 decidi-

1896 3927 2043 3978 vum,
2071 3927 2170 3967 nec
2196 3912 2393 3983 poterit
2417 3912 2506 3968 diu
2536 3927 2872 3982 permanere.

206 4108 3471 4164 Μ

1475 4275 1641 4321 ANNO
1686 4278 1917 4321 D0311“
1962 4279 2232 4325 DCCCC".

1224 4393 2516 4605 BICULFUS

667 4695 3018 4895 SUESSIONEN—Eji-EPISCOPUS.

1322 4971 1760 5081 NOTITIA
1829 4966 2375 5079 HISTORICA

1535 5131 1631 5195 (Ex
1671 5129 1824 5181 Gallia
1852 5130 2163 5193 Christiana.)

246 5331 738 5414 E-judicibusmli
778 5334 832 5387 in
880 5331 1073 5414 placito
1106 5337 1461 5414 Vcrmeriensi
1508 5358 1648 5397 anno
1691 5343 1794 5397 892
1826 5350 1872 5407 1)
1900 5343 2277 5414 duiuit‘omitis
2301 5343 2561 5399 Flandriic
2581 5345 2671 5414 qui
2694 5341 2990 5401 Fulconem
3021 5337 3479 5414 archiepiscopum

189 5404 585 5469 cellainAlfam
614 5404 1105 5476 Adrentarensibus
1128 5411 1402 5464 monachis
1426 5424 1793 5476 asseruerunt,
1827 5404 1856 5441 ἲ
1903 5411 2302 5466 interfecerant.
2345 5404 2791 5468 Constitutionem
2836 5416 3008 5470 edidit
3055 5430 3142 5468 an.
3192 5404 3315 5473 889,
3354 5404 3482 5476 qua!

190 5499 325 5537 unus
352 5483 459 5568 fuit
486 5472 772 5568 Bifu'lftclg.
1048 5476 1335 5568 liltemensri‘
1357 5482 1525 5534 astitit
1550 5498 1643 5562 an,
1669 5472 1793 5568 {5.93,

1901 5491 2077 5568 exstat
2132 5490 2259 5568 tpm.
2280 5483 2356 5568 lIX
2383 5484 2742 5568 Conciliorttm
2784 5482 2995 5568 Latii»,-
3022 5500 3141 5560 pag.
3169 5481 3296 5553 diti.
3328 5477 3385 5531 ιιι
3416 5492 3481 5530 ea
