  <div class='ocr_page' id='page_1' title='image "/cluster/home/n/w/nwhite01/storage/ocr_20150623/131/hvd.32044015471725/013.png"; bbox 0 0 4026 6436; ppageno 0'>
   <div class='ocr_carea' id='block_1_1' title="bbox 570 373 3816 440">
    <p class='ocr_par' dir='ltr' id='par_1_1' title="bbox 570 373 3816 440">
     <span class='ocr_line' id='line_1_1' title="bbox 570 373 3816 440; baseline -0 -5"><span class='ocrx_word' id='word_1_1' title='bbox 570 379 642 435; x_wconf 75' lang='grc'><strong>’15</strong></span> <span class='ocrx_word' id='word_1_2' title='bbox 1529 383 1532 388; x_wconf 85' lang='grc'><em>’</em></span> <span class='ocrx_word' id='word_1_3' title='bbox 1617 376 1888 435; x_wconf 76' lang='lat' dir='ltr'><strong>BICULFI</strong></span> <span class='ocrx_word' id='word_1_4' title='bbox 1919 373 2464 440; x_wconf 23' lang='lat' dir='ltr'><strong>SUESSlONENSlS,</strong></span> <span class='ocrx_word' id='word_1_5' title='bbox 2491 373 2789 432; x_wconf 73' lang='lat' dir='ltr'><strong>EPISCOPI</strong></span> <span class='ocrx_word' id='word_1_6' title='bbox 3749 379 3816 434; x_wconf 68' lang='lat'><strong>£0</strong></span> 
     </span>
    </p>
   </div>
   <div class='ocr_carea' id='block_1_2' title="bbox 574 488 3816 565">
    <p class='ocr_par' dir='ltr' id='par_1_2' title="bbox 574 488 3816 565">
     <span class='ocr_line' id='line_1_2' title="bbox 574 488 3816 565; baseline -0.002 -16"><span class='ocrx_word' id='word_1_7' title='bbox 574 497 736 551; x_wconf 88' lang='lat' dir='ltr'><strong>horas</strong></span> <span class='ocrx_word' id='word_1_8' title='bbox 759 495 1124 561; x_wconf 89' lang='lat' dir='ltr'><strong>custodiendo,</strong></span> <span class='ocrx_word' id='word_1_9' title='bbox 1159 495 1208 550; x_wconf 89' lang='lat' dir='ltr'><strong>id</strong></span> <span class='ocrx_word' id='word_1_10' title='bbox 1235 503 1319 550; x_wconf 91' lang='lat' dir='ltr'><strong>est</strong></span> <span class='ocrx_word' id='word_1_11' title='bbox 1347 495 1608 565; x_wconf 73' lang='lat' dir='ltr'><strong>primam,</strong></span> <span class='ocrx_word' id='word_1_12' title='bbox 1641 493 1876 565; x_wconf 89' lang='lat' dir='ltr'><strong>tertiam,</strong></span> <span class='ocrx_word' id='word_1_13' title='bbox 1907 499 2140 556; x_wconf 77' lang='lat' dir='ltr'><strong>sextam,</strong></span> <span class='ocrx_word' id='word_1_14' title='bbox 2169 500 2216 558; x_wconf 79' lang='grc' dir='ltr'>Α</span> <span class='ocrx_word' id='word_1_15' title='bbox 2248 499 2359 545; x_wconf 84' lang='grc' dir='ltr'><strong>ιιιιο</strong></span> <span class='ocrx_word' id='word_1_16' title='bbox 2383 488 3302 565; x_wconf 26' lang='lat' dir='ltr'><strong>intra.Quadragesima‘mtempore,</strong></span> <span class='ocrx_word' id='word_1_17' title='bbox 3321 496 3375 543; x_wconf 91' lang='lat' dir='ltr'><strong>et</strong></span> <span class='ocrx_word' id='word_1_18' title='bbox 3405 489 3659 565; x_wconf 77' lang='lat' dir='ltr'><strong>baptizati</strong></span> <span class='ocrx_word' id='word_1_19' title='bbox 3691 506 3816 545; x_wconf 83' lang='lat' dir='ltr'><strong>mox</strong></span> 
     </span>
    </p>
   </div>
   <div class='ocr_carea' id='block_1_3' title="bbox 572 564 2139 636">
    <p class='ocr_par' dir='ltr' id='par_1_3' title="bbox 572 564 2139 636">
     <span class='ocr_line' id='line_1_3' title="bbox 572 564 2139 636; baseline -0.003 -18"><span class='ocrx_word' id='word_1_20' title='bbox 572 567 857 622; x_wconf 86' lang='lat' dir='ltr'><strong>missarum</strong></span> <span class='ocrx_word' id='word_1_21' title='bbox 889 582 1100 636; x_wconf 87' lang='lat' dir='ltr'><strong>quoque</strong></span> <span class='ocrx_word' id='word_1_22' title='bbox 1127 564 1434 635; x_wconf 84' lang='lat' dir='ltr'><strong>quotidiana</strong></span> <span class='ocrx_word' id='word_1_23' title='bbox 1479 564 1873 636; x_wconf 80' lang='lat' dir='ltr'><strong>celebratione,</strong></span> <span class='ocrx_word' id='word_1_24' title='bbox 1913 577 2139 636; x_wconf 55' lang='lat' dir='ltr'><strong>nquam,</strong></span> 
     </span>
    </p>
   </div>
   <div class='ocr_carea' id='block_1_4' title="bbox 571 629 2142 704">
    <p class='ocr_par' dir='ltr' id='par_1_4' title="bbox 571 629 2142 704">
     <span class='ocr_line' id='line_1_4' title="bbox 571 629 2142 704; baseline -0.004 -15"><span class='ocrx_word' id='word_1_25' title='bbox 571 651 822 704; x_wconf 85' lang='lat' dir='ltr'><strong>vesperas</strong></span> <span class='ocrx_word' id='word_1_26' title='bbox 847 629 1354 704; x_wconf 56' lang='lat' dir='ltr'><strong>et&#39;coriipleiorium,</strong></span> <span class='ocrx_word' id='word_1_27' title='bbox 1385 645 1547 702; x_wconf 85' lang='lat' dir='ltr'><strong>atque</strong></span> <span class='ocrx_word' id='word_1_28' title='bbox 1575 632 1884 687; x_wconf 89' lang='lat' dir='ltr'><strong>matutinale</strong></span> <span class='ocrx_word' id='word_1_29' title='bbox 1912 629 2142 704; x_wconf 74' lang='lat' dir='ltr'><strong>cilicium</strong></span> 
     </span>
    </p>
   </div>
   <div class='ocr_carea' id='block_1_5' title="bbox 571 699 2143 773">
    <p class='ocr_par' dir='ltr' id='par_1_5' title="bbox 571 699 2143 773">
     <span class='ocr_line' id='line_1_5' title="bbox 571 699 2143 773; baseline -0.002 -16"><span class='ocrx_word' id='word_1_30' title='bbox 571 699 922 768; x_wconf 76' lang='lat' dir='ltr'><strong>decantando,</strong></span> <span class='ocrx_word' id='word_1_31' title='bbox 953 714 1007 759; x_wconf 90' lang='lat' dir='ltr'><strong>et</strong></span> <span class='ocrx_word' id='word_1_32' title='bbox 1039 699 1258 759; x_wconf 78' lang='lat' dir='ltr'><strong>invitate</strong></span> <span class='ocrx_word' id='word_1_33' title='bbox 1288 699 1640 773; x_wconf 88' lang='lat' dir='ltr'><strong>parochianos</strong></span> <span class='ocrx_word' id='word_1_34' title='bbox 1672 710 1970 773; x_wconf 76' lang='lat' dir='ltr'><strong>vestrosut</strong></span> <span class='ocrx_word' id='word_1_35' title='bbox 2001 699 2061 773; x_wconf 90' lang='lat' dir='ltr'><strong>si_</strong></span> <span class='ocrx_word' id='word_1_36' title='bbox 2076 700 2143 754; x_wconf 90' lang='lat' dir='ltr'><strong>ad</strong></span> 
     </span>
    </p>
   </div>
   <div class='ocr_carea' id='block_1_6' title="bbox 569 769 2143 836">
    <p class='ocr_par' dir='ltr' id='par_1_6' title="bbox 569 769 2143 836">
     <span class='ocr_line' id='line_1_6' title="bbox 569 769 2143 836; baseline -0.001 -11"><span class='ocrx_word' id='word_1_37' title='bbox 569 775 702 827; x_wconf 86' lang='lat' dir='ltr'><strong>alios</strong></span> <span class='ocrx_word' id='word_1_38' title='bbox 729 789 917 829; x_wconf 85' lang='lat' dir='ltr'><strong>cursus</strong></span> <span class='ocrx_word' id='word_1_39' title='bbox 941 776 1126 829; x_wconf 90' lang='lat' dir='ltr'><strong>venire</strong></span> <span class='ocrx_word' id='word_1_40' title='bbox 1155 791 1258 829; x_wconf 93' lang='lat' dir='ltr'><strong>non</strong></span> <span class='ocrx_word' id='word_1_41' title='bbox 1281 769 1566 836; x_wconf 78' lang='lat' dir='ltr'><strong>suﬂiciunt,</strong></span> <span class='ocrx_word' id='word_1_42' title='bbox 1607 771 1798 826; x_wconf 89' lang='lat' dir='ltr'><strong>saltem</strong></span> <span class='ocrx_word' id='word_1_43' title='bbox 1825 771 2016 824; x_wconf 88' lang='lat' dir='ltr'><strong>missas</strong></span> <span class='ocrx_word' id='word_1_44' title='bbox 2036 769 2143 824; x_wconf 79' lang='lat' dir='ltr'><strong>fre-</strong></span> 
     </span>
    </p>
   </div>
   <div class='ocr_carea' id='block_1_7' title="bbox 567 839 2144 910">
    <p class='ocr_par' dir='ltr' id='par_1_7' title="bbox 567 839 2144 910">
     <span class='ocr_line' id='line_1_7' title="bbox 567 839 2144 910; baseline -0.002 -15"><span class='ocrx_word' id='word_1_45' title='bbox 567 845 823 910; x_wconf 86' lang='lat' dir='ltr'><strong>quentius</strong></span> <span class='ocrx_word' id='word_1_46' title='bbox 867 845 1054 898; x_wconf 90' lang='lat' dir='ltr'><strong>audire</strong></span> <span class='ocrx_word' id='word_1_47' title='bbox 1101 845 1370 908; x_wconf 91' lang='lat' dir='ltr'><strong>studeant,</strong></span> <span class='ocrx_word' id='word_1_48' title='bbox 1413 851 1467 897; x_wconf 90' lang='lat' dir='ltr'><strong>et</strong></span> <span class='ocrx_word' id='word_1_49' title='bbox 1497 841 1788 896; x_wconf 85' lang='lat' dir='ltr'><strong>Dominicis</strong></span> <span class='ocrx_word' id='word_1_50' title='bbox 1817 848 1979 910; x_wconf 78' lang='lat' dir='ltr'><strong>atque</strong></span> <span class='ocrx_word' id='word_1_51' title='bbox 2026 839 2144 892; x_wconf 90' lang='lat' dir='ltr'><strong>aliis</strong></span> 
     </span>
    </p>
   </div>
   <div class='ocr_carea' id='block_1_8' title="bbox 569 911 2142 982">
    <p class='ocr_par' dir='ltr' id='par_1_8' title="bbox 569 911 2142 982">
     <span class='ocr_line' id='line_1_8' title="bbox 569 911 2142 982; baseline -0.003 -17"><span class='ocrx_word' id='word_1_52' title='bbox 569 914 756 967; x_wconf 86' lang='lat' dir='ltr'><strong>diebus</strong></span> <span class='ocrx_word' id='word_1_53' title='bbox 782 913 932 967; x_wconf 79' lang='lat' dir='ltr'><strong>festis</strong></span> <span class='ocrx_word' id='word_1_54' title='bbox 961 928 1230 982; x_wconf 87' lang='lat' dir='ltr'><strong>vesperas,</strong></span> <span class='ocrx_word' id='word_1_55' title='bbox 1265 913 1554 982; x_wconf 87' lang='lat' dir='ltr'><strong>matutinas</strong></span> <span class='ocrx_word' id='word_1_56' title='bbox 1581 920 1637 966; x_wconf 90' lang='lat' dir='ltr'><strong>et</strong></span> <span class='ocrx_word' id='word_1_57' title='bbox 1663 911 1871 982; x_wconf 81' lang='lat' dir='ltr'><strong>missas</strong></span> <span class='ocrx_word' id='word_1_58' title='bbox 1892 911 2142 982; x_wconf 61' lang='lat' dir='ltr'><strong>frequen:</strong></span> 
     </span>
    </p>
   </div>
   <div class='ocr_carea' id='block_1_9' title="bbox 570 977 2141 1052">
    <p class='ocr_par' dir='ltr' id='par_1_9' title="bbox 570 977 2141 1052">
     <span class='ocr_line' id='line_1_9' title="bbox 570 977 2141 1052; baseline -0.002 -17"><span class='ocrx_word' id='word_1_59' title='bbox 570 991 684 1052; x_wconf 76' lang='lat' dir='ltr'><strong>tare</strong></span> <span class='ocrx_word' id='word_1_60' title='bbox 711 998 814 1036; x_wconf 93' lang='lat' dir='ltr'><strong>non</strong></span> <span class='ocrx_word' id='word_1_61' title='bbox 856 977 1286 1052; x_wconf 68' lang='lat' dir='ltr'><strong>praetermittunt.</strong></span> <span class='ocrx_word' id='word_1_62' title='bbox 1320 983 1441 1052; x_wconf 64' lang='grc' dir='ltr'><strong>»Ἐκ</strong></span> <span class='ocrx_word' id='word_1_63' title='bbox 1467 981 1568 1052; x_wconf 86' lang='lat' dir='ltr'><strong>hac</strong></span> <span class='ocrx_word' id='word_1_64' title='bbox 1598 977 1997 1052; x_wconf 61' lang='lat' dir='ltr'><strong>constitutione</strong></span> <span class='ocrx_word' id='word_1_65' title='bbox 2019 977 2083 1029; x_wconf 84' lang='lat' dir='ltr'><strong>N.</strong></span> <span class='ocrx_word' id='word_1_66' title='bbox 2107 977 2141 1032; x_wconf 87' lang='lat'>8</span> 
     </span>
    </p>
   </div>
   <div class='ocr_carea' id='block_1_10' title="bbox 557 1048 2142 1121">
    <p class='ocr_par' dir='ltr' id='par_1_10' title="bbox 557 1048 2142 1121">
     <span class='ocr_line' id='line_1_10' title="bbox 557 1048 2142 1121; baseline -0.001 -19"><span class='ocrx_word' id='word_1_67' title='bbox 557 1050 803 1106; x_wconf 77' lang='lat' dir='ltr'><strong>‘l‘aciendu</strong></span> <span class='ocrx_word' id='word_1_68' title='bbox 831 1048 982 1107; x_wconf 72' lang='lat' dir='ltr'><strong>erant</strong></span> <span class='ocrx_word' id='word_1_69' title='bbox 998 1052 1257 1107; x_wconf 90' lang='lat' dir='ltr'><strong>scrutinia</strong></span> <span class='ocrx_word' id='word_1_70' title='bbox 1273 1066 1371 1120; x_wconf 90' lang='lat' dir='ltr'><strong>per</strong></span> <span class='ocrx_word' id='word_1_71' title='bbox 1390 1050 1734 1121; x_wconf 88' lang='lat' dir='ltr'><strong>baptismales</strong></span> <span class='ocrx_word' id='word_1_72' title='bbox 1755 1048 2009 1103; x_wconf 82' lang='lat' dir='ltr'><strong>ecclesias</strong></span> <span class='ocrx_word' id='word_1_73' title='bbox 2029 1055 2142 1102; x_wconf 88' lang='lat' dir='ltr'><strong>sta—</strong></span> 
     </span>
    </p>
   </div>
   <div class='ocr_carea' id='block_1_11' title="bbox 1562 1221 1574 1228">
    <p class='ocr_par' dir='ltr' id='par_1_11' title="bbox 1562 1221 1574 1228">
     <span class='ocr_line' id='line_1_11' title="bbox 1562 1221 1574 1228; baseline 0 0"><span class='ocrx_word' id='word_1_74' title='bbox 1562 1221 1574 1228; x_wconf 56' lang='grc' dir='ltr'>κ</span> 
     </span>
    </p>
   </div>
   <div class='ocr_carea' id='block_1_12' title="bbox 2245 557 3816 630">
    <p class='ocr_par' dir='ltr' id='par_1_12' title="bbox 2245 557 3816 630">
     <span class='ocr_line' id='line_1_12' title="bbox 2245 557 3816 630; baseline 0 -18"><span class='ocrx_word' id='word_1_75' title='bbox 2245 569 2365 630; x_wconf 88' lang='lat' dir='ltr'><strong>post</strong></span> <span class='ocrx_word' id='word_1_76' title='bbox 2392 559 2710 630; x_wconf 85' lang='lat' dir='ltr'><strong>baptismum</strong></span> <span class='ocrx_word' id='word_1_77' title='bbox 2740 557 3167 630; x_wconf 68' lang='lat' dir='ltr'><strong>Eucliaristiam,</strong></span> <span class='ocrx_word' id='word_1_78' title='bbox 3193 558 3245 630; x_wconf 78' lang='lat' dir='ltr'><strong>id</strong></span> <span class='ocrx_word' id='word_1_79' title='bbox 3273 567 3356 614; x_wconf 90' lang='lat' dir='ltr'><strong>est</strong></span> <span class='ocrx_word' id='word_1_80' title='bbox 3384 557 3816 630; x_wconf 69' lang='lat' dir='ltr'><strong>communionem</strong></span> 
     </span>
    </p>
   </div>
   <div class='ocr_carea' id='block_1_13' title="bbox 2245 627 3911 706">
    <p class='ocr_par' dir='ltr' id='par_1_13' title="bbox 2245 627 3911 706">
     <span class='ocr_line' id='line_1_13' title="bbox 2245 627 3911 706; baseline -0.001 -23"><span class='ocrx_word' id='word_1_81' title='bbox 2245 627 2485 706; x_wconf 76' lang='lat' dir='ltr'><strong>sanctam</strong></span> <span class='ocrx_word' id='word_1_82' title='bbox 2507 627 3054 706; x_wconf 74' lang='lat' dir='ltr'><strong>percipiebaut.N.20</strong></span> <span class='ocrx_word' id='word_1_83' title='bbox 3081 628 3321 706; x_wconf 71' lang='lat' dir='ltr'><strong>sancitur</strong></span> <span class='ocrx_word' id='word_1_84' title='bbox 3342 646 3365 706; x_wconf 56' lang='grc' dir='ltr'><em>μ</em></span> <span class='ocrx_word' id='word_1_85' title='bbox 3397 636 3457 681; x_wconf 85' lang='grc' dir='ltr'><strong>ιιι</strong></span> <span class='ocrx_word' id='word_1_86' title='bbox 3487 627 3540 706; x_wconf 75' lang='lat' dir='ltr'><strong>in</strong></span> <span class='ocrx_word' id='word_1_87' title='bbox 3567 627 3820 706; x_wconf 79' lang='lat' dir='ltr'><strong>Kalendis</strong></span> <span class='ocrx_word' id='word_1_88' title='bbox 3878 655 3911 706; x_wconf 69' lang='grc' dir='ltr'><strong><em>ε</em></strong></span> 
     </span>
    </p>
   </div>
   <div class='ocr_carea' id='block_1_14' title="bbox 2243 695 3902 768">
    <p class='ocr_par' dir='ltr' id='par_1_14' title="bbox 2243 695 3902 768">
     <span class='ocr_line' id='line_1_14' title="bbox 2243 695 3902 768; baseline 0 -18"><span class='ocrx_word' id='word_1_89' title='bbox 2243 695 2668 768; x_wconf 83' lang='lat' dir='ltr'><strong>uniuscujusque</strong></span> <span class='ocrx_word' id='word_1_90' title='bbox 2701 696 2903 752; x_wconf 91' lang='lat' dir='ltr'><strong>mensis</strong></span> <span class='ocrx_word' id='word_1_91' title='bbox 2935 707 3030 766; x_wconf 89' lang='lat' dir='ltr'><strong>per</strong></span> <span class='ocrx_word' id='word_1_92' title='bbox 3057 695 3294 768; x_wconf 85' lang='lat' dir='ltr'><strong>singulas</strong></span> <span class='ocrx_word' id='word_1_93' title='bbox 3321 697 3575 752; x_wconf 89' lang='lat' dir='ltr'><strong>deeanias</strong></span> <span class='ocrx_word' id='word_1_94' title='bbox 3598 699 3820 768; x_wconf 44' lang='lat' dir='ltr'><strong>presbyf</strong></span> <span class='ocrx_word' id='word_1_95' title='bbox 3878 695 3902 723; x_wconf 70' lang='lat'><strong>&#39;-</strong></span> 
     </span>
    </p>
   </div>
   <div class='ocr_carea' id='block_1_15' title="bbox 2247 766 3820 835">
    <p class='ocr_par' dir='ltr' id='par_1_15' title="bbox 2247 766 3820 835">
     <span class='ocr_line' id='line_1_15' title="bbox 2247 766 3820 835; baseline -0.001 -13"><span class='ocrx_word' id='word_1_96' title='bbox 2247 768 2345 822; x_wconf 87' lang='lat' dir='ltr'><strong>teri</strong></span> <span class='ocrx_word' id='word_1_97' title='bbox 2376 767 2532 820; x_wconf 86' lang='lat' dir='ltr'><strong>simul</strong></span> <span class='ocrx_word' id='word_1_98' title='bbox 2557 769 2902 832; x_wconf 90' lang='lat' dir='ltr'><strong>conveniant,</strong></span> <span class='ocrx_word' id='word_1_99' title='bbox 2929 775 2983 819; x_wconf 90' lang='lat' dir='ltr'><strong>et</strong></span> <span class='ocrx_word' id='word_1_100' title='bbox 3012 766 3394 822; x_wconf 80' lang='lat' dir='ltr'><strong>convenientes</strong></span> <span class='ocrx_word' id='word_1_101' title='bbox 3417 781 3522 820; x_wconf 89' lang='lat' dir='ltr'><strong>non</strong></span> <span class='ocrx_word' id='word_1_102' title='bbox 3548 767 3717 835; x_wconf 90' lang='lat' dir='ltr'><strong>pastis</strong></span> <span class='ocrx_word' id='word_1_103' title='bbox 3736 766 3820 820; x_wconf 78' lang='lat' dir='ltr'><strong>vel</strong></span> 
     </span>
    </p>
   </div>
   <div class='ocr_carea' id='block_1_16' title="bbox 2244 835 3821 907">
    <p class='ocr_par' dir='ltr' id='par_1_16' title="bbox 2244 835 3821 907">
     <span class='ocr_line' id='line_1_16' title="bbox 2244 835 3821 907; baseline -0.002 -17"><span class='ocrx_word' id='word_1_104' title='bbox 2244 837 2606 907; x_wconf 81' lang='lat' dir='ltr'><strong>potationibus</strong></span> <span class='ocrx_word' id='word_1_105' title='bbox 2650 845 2880 902; x_wconf 88' lang='lat' dir='ltr'><strong>vacent,</strong></span> <span class='ocrx_word' id='word_1_106' title='bbox 2927 835 3018 890; x_wconf 90' lang='lat' dir='ltr'><strong>sed</strong></span> <span class='ocrx_word' id='word_1_107' title='bbox 3046 838 3112 907; x_wconf 85' lang='lat' dir='ltr'><strong>de</strong></span> <span class='ocrx_word' id='word_1_108' title='bbox 3141 851 3240 907; x_wconf 84' lang='lat' dir='ltr'><strong>suo</strong></span> <span class='ocrx_word' id='word_1_109' title='bbox 3268 835 3568 907; x_wconf 83' lang='lat' dir='ltr'><strong>ministerio</strong></span> <span class='ocrx_word' id='word_1_110' title='bbox 3602 845 3656 890; x_wconf 88' lang='lat' dir='ltr'><strong>et</strong></span> <span class='ocrx_word' id='word_1_111' title='bbox 3696 835 3821 890; x_wconf 87' lang='lat' dir='ltr'><strong>reli-</strong></span> 
     </span>
    </p>
   </div>
   <div class='ocr_carea' id='block_1_17' title="bbox 2243 904 3822 975">
    <p class='ocr_par' dir='ltr' id='par_1_17' title="bbox 2243 904 3822 975">
     <span class='ocr_line' id='line_1_17' title="bbox 2243 904 3822 975; baseline 0.001 -17"><span class='ocrx_word' id='word_1_112' title='bbox 2243 904 2391 975; x_wconf 74' lang='lat' dir='ltr'><strong>giosa</strong></span> <span class='ocrx_word' id='word_1_113' title='bbox 2419 907 2848 970; x_wconf 85' lang='lat' dir='ltr'><strong>cenversatione,</strong></span> <span class='ocrx_word' id='word_1_114' title='bbox 2876 915 3036 974; x_wconf 89' lang='lat' dir='ltr'><strong>atque</strong></span> <span class='ocrx_word' id='word_1_115' title='bbox 3063 906 3129 960; x_wconf 92' lang='lat' dir='ltr'><strong>de</strong></span> <span class='ocrx_word' id='word_1_116' title='bbox 3153 906 3238 960; x_wconf 90' lang='lat' dir='ltr'><strong>his</strong></span> <span class='ocrx_word' id='word_1_117' title='bbox 3280 920 3399 974; x_wconf 85' lang='lat' dir='ltr'><strong>quae</strong></span> <span class='ocrx_word' id='word_1_118' title='bbox 3427 904 3696 975; x_wconf 81' lang='lat' dir='ltr'><strong>ineorum</strong></span> <span class='ocrx_word' id='word_1_119' title='bbox 3727 919 3822 975; x_wconf 85' lang='lat' dir='ltr'><strong>pa-</strong></span> 
     </span>
    </p>
   </div>
   <div class='ocr_carea' id='block_1_18' title="bbox 2247 973 3821 1030">
    <p class='ocr_par' dir='ltr' id='par_1_18' title="bbox 2247 973 3821 1030">
     <span class='ocr_line' id='line_1_18' title="bbox 2247 973 3821 1030; baseline -0.001 -1"><span class='ocrx_word' id='word_1_120' title='bbox 2247 973 2446 1030; x_wconf 75' lang='lat' dir='ltr'><strong>roctiiis</strong></span> <span class='ocrx_word' id='word_1_121' title='bbox 2470 976 2720 1029; x_wconf 89' lang='lat' dir='ltr'><strong>accidunt</strong></span> <span class='ocrx_word' id='word_1_122' title='bbox 2743 973 3046 1030; x_wconf 80' lang='lat' dir='ltr'><strong>sermonem</strong></span> <span class='ocrx_word' id='word_1_123' title='bbox 3070 973 3326 1030; x_wconf 72' lang='lat' dir='ltr'><strong>habeant.</strong></span> <span class='ocrx_word' id='word_1_124' title='bbox 3363 993 3383 1028; x_wconf 69' lang='grc' dir='ltr'><strong>ι</strong></span> <span class='ocrx_word' id='word_1_125' title='bbox 3411 973 3622 1030; x_wconf 86' lang='lat' dir='ltr'><strong>Obiisse</strong></span> <span class='ocrx_word' id='word_1_126' title='bbox 3646 973 3821 1029; x_wconf 78' lang='lat' dir='ltr'><strong>credi-</strong></span> 
     </span>
    </p>
   </div>
   <div class='ocr_carea' id='block_1_19' title="bbox 2247 1044 3005 1101">
    <p class='ocr_par' dir='ltr' id='par_1_19' title="bbox 2247 1044 3005 1101">
     <span class='ocr_line' id='line_1_19' title="bbox 2247 1044 3005 1101; baseline 0.001 -3"><span class='ocrx_word' id='word_1_127' title='bbox 2247 1053 2335 1100; x_wconf 91' lang='lat' dir='ltr'><strong>tur</strong></span> <span class='ocrx_word' id='word_1_128' title='bbox 2365 1045 2606 1101; x_wconf 65' lang='lat' dir='ltr'><strong>liicullus</strong></span> <span class='ocrx_word' id='word_1_129' title='bbox 2625 1061 2770 1100; x_wconf 92' lang='lat' dir='ltr'><strong>anno</strong></span> <span class='ocrx_word' id='word_1_130' title='bbox 2805 1044 2927 1101; x_wconf 66' lang='lat'><strong>902.</strong></span> <span class='ocrx_word' id='word_1_131' title='bbox 3000 1065 3005 1074; x_wconf 90' lang='grc'><strong>·</strong></span> 
     </span>
    </p>
   </div>
   <div class='ocr_carea' id='block_1_20' title="bbox 567 1248 3816 1275">
    <p class='ocr_par' dir='ltr' id='par_1_20' title="bbox 567 1248 3816 1275">
     <span class='ocr_line' id='line_1_20' title="bbox 567 1248 3816 1275; baseline -0.002 -4"><span class='ocrx_word' id='word_1_132' title='bbox 567 1248 3816 1275; x_wconf 66' lang='lat' dir='ltr'><em>W</em></span> 
     </span>
    </p>
   </div>
   <div class='ocr_carea' id='block_1_21' title="bbox 1311 1277 3290 1505">
    <p class='ocr_par' dir='ltr' id='par_1_21' title="bbox 1311 1277 3290 1505">
     <span class='ocr_line' id='line_1_21' title="bbox 1311 1277 3290 1505; baseline -0.006 0"><span class='ocrx_word' id='word_1_133' title='bbox 1311 1327 2183 1505; x_wconf 85' lang='lat' dir='ltr'><strong>STATUTA</strong></span> <span class='ocrx_word' id='word_1_134' title='bbox 2267 1346 3067 1502; x_wconf 81' lang='lat' dir='ltr'><strong>RIGULFI.</strong></span> <span class='ocrx_word' id='word_1_135' title='bbox 3209 1349 3211 1351; x_wconf 64' lang='lat'>‘</span> <span class='ocrx_word' id='word_1_136' title='bbox 3287 1433 3290 1436; x_wconf 58' lang='lat'><strong><em>~</em></strong></span> 
     </span>
    </p>
   </div>
   <div class='ocr_carea' id='block_1_22' title="bbox 1661 1607 2722 1675">
    <p class='ocr_par' dir='ltr' id='par_1_22' title="bbox 1661 1607 2722 1675">
     <span class='ocr_line' id='line_1_22' title="bbox 1661 1607 2722 1675; baseline -0.002 -13"><span class='ocrx_word' id='word_1_137' title='bbox 1661 1608 1919 1672; x_wconf 84' lang='lat' dir='ltr'><strong>(Province</strong></span> <span class='ocrx_word' id='word_1_138' title='bbox 1944 1608 2006 1659; x_wconf 85' lang='lat' dir='ltr'><strong>de</strong></span> <span class='ocrx_word' id='word_1_139' title='bbox 2026 1612 2208 1675; x_wconf 75' lang='lat' dir='ltr'><strong>Helms,</strong></span> <span class='ocrx_word' id='word_1_140' title='bbox 2233 1615 2353 1660; x_wconf 85' lang='lat' dir='ltr'><strong>tom.</strong></span> <span class='ocrx_word' id='word_1_141' title='bbox 2379 1608 2421 1670; x_wconf 91' lang='lat' dir='ltr'><strong>l,</strong></span> <span class='ocrx_word' id='word_1_142' title='bbox 2451 1620 2560 1672; x_wconf 80' lang='lat' dir='ltr'><strong>pag.</strong></span> <span class='ocrx_word' id='word_1_143' title='bbox 2587 1607 2722 1668; x_wconf 48' lang='grc' dir='ltr'><strong>δελ)</strong></span> 
     </span>
    </p>
   </div>
   <div class='ocr_carea' id='block_1_23' title="bbox 651 1849 3809 1923">
    <p class='ocr_par' dir='ltr' id='par_1_23' title="bbox 651 1849 3809 1923">
     <span class='ocr_line' id='line_1_23' title="bbox 651 1849 3809 1923; baseline 0 -17"><span class='ocrx_word' id='word_1_144' title='bbox 651 1852 763 1923; x_wconf 87' lang='lat' dir='ltr'><strong>Ego</strong></span> <span class='ocrx_word' id='word_1_145' title='bbox 807 1849 1048 1907; x_wconf 82' lang='lat' dir='ltr'><strong>Riculqu</strong></span> <span class='ocrx_word' id='word_1_146' title='bbox 1113 1851 1333 1907; x_wconf 86' lang='lat' dir='ltr'><strong>humilis</strong></span> <span class='ocrx_word' id='word_1_147' title='bbox 1398 1851 1749 1908; x_wconf 88' lang='lat' dir='ltr'><strong>Suessionum</strong></span> <span class='ocrx_word' id='word_1_148' title='bbox 1818 1851 2101 1922; x_wconf 90' lang='lat' dir='ltr'><strong>episcopus</strong></span> <span class='ocrx_word' id='word_1_149' title='bbox 2122 1889 2138 1916; x_wconf 93' lang='lat'><strong>,</strong></span> <span class='ocrx_word' id='word_1_150' title='bbox 2167 1853 2215 1914; x_wconf 87' lang='lat' dir='ltr'><strong>B</strong></span> <span class='ocrx_word' id='word_1_151' title='bbox 2244 1851 2368 1904; x_wconf 88' lang='lat' dir='ltr'><strong>dum</strong></span> <span class='ocrx_word' id='word_1_152' title='bbox 2396 1849 2529 1904; x_wconf 89' lang='lat' dir='ltr'><strong>alios</strong></span> <span class='ocrx_word' id='word_1_153' title='bbox 2553 1849 2747 1905; x_wconf 89' lang='lat' dir='ltr'><strong>docere</strong></span> <span class='ocrx_word' id='word_1_154' title='bbox 2782 1851 3033 1907; x_wconf 86' lang='lat' dir='ltr'><strong>debetis:</strong></span> <span class='ocrx_word' id='word_1_155' title='bbox 3057 1851 3181 1922; x_wconf 90' lang='lat' dir='ltr'><strong>quia</strong></span> <span class='ocrx_word' id='word_1_156' title='bbox 3215 1864 3405 1916; x_wconf 91' lang='lat' dir='ltr'><strong>nemo,</strong></span> <span class='ocrx_word' id='word_1_157' title='bbox 3450 1864 3570 1920; x_wconf 66' lang='lat' dir='ltr'><strong>qua:</strong></span> <span class='ocrx_word' id='word_1_158' title='bbox 3595 1852 3809 1918; x_wconf 89' lang='lat' dir='ltr'><strong>nescit,</strong></span> 
     </span>
    </p>
   </div>
   <div class='ocr_carea' id='block_1_24' title="bbox 557 1932 2135 2014">
    <p class='ocr_par' dir='ltr' id='par_1_24' title="bbox 557 1932 2135 2014">
     <span class='ocr_line' id='line_1_24' title="bbox 557 1932 2135 2014; baseline -0.004 -13"><span class='ocrx_word' id='word_1_159' title='bbox 557 1932 910 2002; x_wconf 81' lang='lat' dir='ltr'><strong>consideratis</strong></span> <span class='ocrx_word' id='word_1_160' title='bbox 939 1945 1189 2014; x_wconf 76' lang='lat' dir='ltr'><strong>paroecia:</strong></span> <span class='ocrx_word' id='word_1_161' title='bbox 1214 1943 1470 1998; x_wconf 89' lang='lat' dir='ltr'><strong>divinitus</strong></span> <span class='ocrx_word' id='word_1_162' title='bbox 1512 1943 1668 1998; x_wconf 90' lang='lat' dir='ltr'><strong>nobis</strong></span> <span class='ocrx_word' id='word_1_163' title='bbox 1697 1942 1999 1998; x_wconf 64' lang='lat' dir='ltr'><strong>commissae</strong></span> <span class='ocrx_word' id='word_1_164' title='bbox 2039 1956 2135 1995; x_wconf 88' lang='lat' dir='ltr'><strong>ne-</strong></span> 
     </span>
    </p>
   </div>
   <div class='ocr_carea' id='block_1_25' title="bbox 557 2031 2135 2110">
    <p class='ocr_par' dir='ltr' id='par_1_25' title="bbox 557 2031 2135 2110">
     <span class='ocr_line' id='line_1_25' title="bbox 557 2031 2135 2110; baseline -0.003 -20"><span class='ocrx_word' id='word_1_165' title='bbox 557 2037 932 2110; x_wconf 83' lang='lat' dir='ltr'><strong>cessitatibus,</strong></span> <span class='ocrx_word' id='word_1_166' title='bbox 961 2043 1123 2104; x_wconf 85' lang='lat' dir='ltr'><strong>atque</strong></span> <span class='ocrx_word' id='word_1_167' title='bbox 1152 2033 1541 2089; x_wconf 89' lang='lat' dir='ltr'><strong>eomministris</strong></span> <span class='ocrx_word' id='word_1_168' title='bbox 1575 2033 1775 2089; x_wconf 88' lang='lat' dir='ltr'><strong>nostris</strong></span> <span class='ocrx_word' id='word_1_169' title='bbox 1809 2031 2135 2103; x_wconf 88' lang='lat' dir='ltr'><strong>competenti</strong></span> 
     </span>
    </p>
   </div>
   <div class='ocr_carea' id='block_1_26' title="bbox 559 2123 2136 2194">
    <p class='ocr_par' dir='ltr' id='par_1_26' title="bbox 559 2123 2136 2194">
     <span class='ocr_line' id='line_1_26' title="bbox 559 2123 2136 2194; baseline -0.003 -13"><span class='ocrx_word' id='word_1_170' title='bbox 559 2127 740 2181; x_wconf 89' lang='lat' dir='ltr'><strong>habita</strong></span> <span class='ocrx_word' id='word_1_171' title='bbox 770 2127 978 2181; x_wconf 85' lang='lat' dir='ltr'><strong>ratione</strong></span> <span class='ocrx_word' id='word_1_172' title='bbox 999 2167 1012 2191; x_wconf 87' lang='lat'><strong>,</strong></span> <span class='ocrx_word' id='word_1_173' title='bbox 1045 2125 1340 2194; x_wconf 88' lang='lat' dir='ltr'><strong>inspirante</strong></span> <span class='ocrx_word' id='word_1_174' title='bbox 1381 2125 1587 2194; x_wconf 89' lang='lat' dir='ltr'><strong>pariter</strong></span> <span class='ocrx_word' id='word_1_175' title='bbox 1619 2131 1673 2178; x_wconf 92' lang='lat' dir='ltr'><strong>et</strong></span> <span class='ocrx_word' id='word_1_176' title='bbox 1708 2123 2002 2193; x_wconf 89' lang='lat' dir='ltr'><strong>opitulante</strong></span> <span class='ocrx_word' id='word_1_177' title='bbox 2032 2124 2136 2178; x_wconf 86' lang='lat' dir='ltr'><strong>Do-</strong></span> 
     </span>
    </p>
   </div>
   <div class='ocr_carea' id='block_1_27' title="bbox 541 2212 2138 2285">
    <p class='ocr_par' dir='ltr' id='par_1_27' title="bbox 541 2212 2138 2285">
     <span class='ocr_line' id='line_1_27' title="bbox 541 2212 2138 2285; baseline -0.001 -17"><span class='ocrx_word' id='word_1_178' title='bbox 541 2217 704 2270; x_wconf 79' lang='lat' dir='ltr'><strong>‘inino</strong></span> <span class='ocrx_word' id='word_1_179' title='bbox 721 2255 736 2282; x_wconf 95' lang='lat'><strong>,</strong></span> <span class='ocrx_word' id='word_1_180' title='bbox 760 2216 1024 2285; x_wconf 60' lang='lat' dir='ltr'><strong>quaedam,</strong></span> <span class='ocrx_word' id='word_1_181' title='bbox 1052 2228 1170 2284; x_wconf 62' lang='lat' dir='ltr'><strong>qua:</strong></span> <span class='ocrx_word' id='word_1_182' title='bbox 1199 2213 1265 2267; x_wconf 92' lang='lat' dir='ltr'><strong>ad</strong></span> <span class='ocrx_word' id='word_1_183' title='bbox 1289 2212 1630 2268; x_wconf 84' lang='lat' dir='ltr'><strong>sacerdotum</strong></span> <span class='ocrx_word' id='word_1_184' title='bbox 1659 2220 1964 2268; x_wconf 90' lang='lat' dir='ltr'><strong>nostrorum</strong></span> <span class='ocrx_word' id='word_1_185' title='bbox 1987 2227 2138 2266; x_wconf 90' lang='lat' dir='ltr'><strong>com-</strong></span> 
     </span>
    </p>
   </div>
   <div class='ocr_carea' id='block_1_28' title="bbox 556 2301 2134 2374">
    <p class='ocr_par' dir='ltr' id='par_1_28' title="bbox 556 2301 2134 2374">
     <span class='ocr_line' id='line_1_28' title="bbox 556 2301 2134 2374; baseline -0.001 -16"><span class='ocrx_word' id='word_1_186' title='bbox 556 2305 925 2372; x_wconf 89' lang='lat' dir='ltr'><strong>monitionem,</strong></span> <span class='ocrx_word' id='word_1_187' title='bbox 953 2303 1036 2359; x_wconf 92' lang='lat' dir='ltr'><strong>vel</strong></span> <span class='ocrx_word' id='word_1_188' title='bbox 1079 2303 1313 2374; x_wconf 89' lang='lat' dir='ltr'><strong>vulgaris</strong></span> <span class='ocrx_word' id='word_1_189' title='bbox 1360 2301 1540 2374; x_wconf 85' lang='lat' dir='ltr'><strong>populi</strong></span> <span class='ocrx_word' id='word_1_190' title='bbox 1577 2303 1938 2359; x_wconf 90' lang='lat' dir='ltr'><strong>eruditionem</strong></span> <span class='ocrx_word' id='word_1_191' title='bbox 1969 2302 2134 2372; x_wconf 88' lang='lat' dir='ltr'><strong>perti-</strong></span> 
     </span>
    </p>
   </div>
   <div class='ocr_carea' id='block_1_29' title="bbox 556 2391 2133 2464">
    <p class='ocr_par' dir='ltr' id='par_1_29' title="bbox 556 2391 2133 2464">
     <span class='ocr_line' id='line_1_29' title="bbox 556 2391 2133 2464; baseline -0.003 -15"><span class='ocrx_word' id='word_1_192' title='bbox 556 2410 686 2449; x_wconf 88' lang='lat' dir='ltr'><strong>nere</strong></span> <span class='ocrx_word' id='word_1_193' title='bbox 723 2394 1058 2458; x_wconf 86' lang='lat' dir='ltr'><strong>videbantur,</strong></span> <span class='ocrx_word' id='word_1_194' title='bbox 1087 2393 1328 2448; x_wconf 88' lang='lat' dir='ltr'><strong>modeste</strong></span> <span class='ocrx_word' id='word_1_195' title='bbox 1345 2400 1400 2448; x_wconf 91' lang='lat' dir='ltr'><strong>et</strong></span> <span class='ocrx_word' id='word_1_196' title='bbox 1432 2391 1637 2447; x_wconf 89' lang='lat' dir='ltr'><strong>utiliter</strong></span> <span class='ocrx_word' id='word_1_197' title='bbox 1665 2405 1764 2464; x_wconf 89' lang='lat' dir='ltr'><strong>pro</strong></span> <span class='ocrx_word' id='word_1_198' title='bbox 1789 2391 1992 2446; x_wconf 88' lang='lat' dir='ltr'><strong>viribus</strong></span> <span class='ocrx_word' id='word_1_199' title='bbox 2023 2399 2133 2445; x_wconf 90' lang='lat' dir='ltr'><strong>tra-</strong></span> 
     </span>
    </p>
   </div>
   <div class='ocr_carea' id='block_1_30' title="bbox 556 2481 2134 2556">
    <p class='ocr_par' dir='ltr' id='par_1_30' title="bbox 556 2481 2134 2556">
     <span class='ocr_line' id='line_1_30' title="bbox 556 2481 2134 2556; baseline -0.003 -16"><span class='ocrx_word' id='word_1_200' title='bbox 556 2497 704 2540; x_wconf 85' lang='lat' dir='ltr'><strong>ctare</strong></span> <span class='ocrx_word' id='word_1_201' title='bbox 745 2485 1003 2556; x_wconf 80' lang='lat' dir='ltr'><strong>diSpnsui.</strong></span> <span class='ocrx_word' id='word_1_202' title='bbox 1055 2484 1119 2538; x_wconf 87' lang='lat' dir='ltr'><strong>Et</strong></span> <span class='ocrx_word' id='word_1_203' title='bbox 1144 2485 1388 2555; x_wconf 86' lang='lat' dir='ltr'><strong>quamvis</strong></span> <span class='ocrx_word' id='word_1_204' title='bbox 1425 2484 1591 2540; x_wconf 86' lang='lat' dir='ltr'><strong>totius</strong></span> <span class='ocrx_word' id='word_1_205' title='bbox 1631 2481 1964 2539; x_wconf 64' lang='lat' dir='ltr'><strong>Christianae</strong></span> <span class='ocrx_word' id='word_1_206' title='bbox 2009 2481 2134 2536; x_wconf 81' lang='lat' dir='ltr'><strong>vitae</strong></span> 
     </span>
    </p>
   </div>
   <div class='ocr_carea' id='block_1_31' title="bbox 562 2573 2133 2645">
    <p class='ocr_par' dir='ltr' id='par_1_31' title="bbox 562 2573 2133 2645">
     <span class='ocr_line' id='line_1_31' title="bbox 562 2573 2133 2645; baseline 0 -17"><span class='ocrx_word' id='word_1_207' title='bbox 562 2575 742 2645; x_wconf 86' lang='lat' dir='ltr'><strong>regula</strong></span> <span class='ocrx_word' id='word_1_208' title='bbox 778 2575 970 2629; x_wconf 67' lang='lat' dir='ltr'><strong>divina:</strong></span> <span class='ocrx_word' id='word_1_209' title='bbox 1009 2573 1303 2645; x_wconf 70' lang='lat' dir='ltr'><strong>Scriptum</strong></span> <span class='ocrx_word' id='word_1_210' title='bbox 1340 2575 1548 2644; x_wconf 80' lang='lat' dir='ltr'><strong>paginis</strong></span> <span class='ocrx_word' id='word_1_211' title='bbox 1593 2575 1726 2630; x_wconf 88' lang='lat' dir='ltr'><strong>satis</strong></span> <span class='ocrx_word' id='word_1_212' title='bbox 1755 2587 2020 2645; x_wconf 90' lang='lat' dir='ltr'><strong>superque</strong></span> <span class='ocrx_word' id='word_1_213' title='bbox 2055 2581 2133 2628; x_wconf 87' lang='lat' dir='ltr'><strong>te-</strong></span> 
     </span>
    </p>
   </div>
   <div class='ocr_carea' id='block_1_32' title="bbox 558 2665 2136 2734">
    <p class='ocr_par' dir='ltr' id='par_1_32' title="bbox 558 2665 2136 2734">
     <span class='ocr_line' id='line_1_32' title="bbox 558 2665 2136 2734; baseline -0.003 -14"><span class='ocrx_word' id='word_1_214' title='bbox 558 2675 750 2721; x_wconf 88' lang='lat' dir='ltr'><strong>neatur</strong></span> <span class='ocrx_word' id='word_1_215' title='bbox 809 2667 1032 2732; x_wconf 90' lang='lat' dir='ltr'><strong>inserta,</strong></span> <span class='ocrx_word' id='word_1_216' title='bbox 1069 2679 1175 2720; x_wconf 89' lang='lat' dir='ltr'><strong>non</strong></span> <span class='ocrx_word' id='word_1_217' title='bbox 1207 2665 1560 2733; x_wconf 78' lang='lat' dir='ltr'><strong>incongruum</strong></span> <span class='ocrx_word' id='word_1_218' title='bbox 1594 2672 1772 2719; x_wconf 87' lang='lat' dir='ltr'><strong>tamen</strong></span> <span class='ocrx_word' id='word_1_219' title='bbox 1817 2665 1932 2719; x_wconf 81' lang='lat' dir='ltr'><strong>fore</strong></span> <span class='ocrx_word' id='word_1_220' title='bbox 1981 2673 2136 2734; x_wconf 84' lang='lat' dir='ltr'><strong>puta-</strong></span> 
     </span>
    </p>
   </div>
   <div class='ocr_carea' id='block_1_33' title="bbox 559 2753 2133 2826">
    <p class='ocr_par' dir='ltr' id='par_1_33' title="bbox 559 2753 2133 2826">
     <span class='ocr_line' id='line_1_33' title="bbox 559 2753 2133 2826; baseline 0 -18"><span class='ocrx_word' id='word_1_221' title='bbox 559 2756 645 2820; x_wconf 75' lang='lat' dir='ltr'><strong>vi,</strong></span> <span class='ocrx_word' id='word_1_222' title='bbox 679 2755 922 2824; x_wconf 67' lang='lat' dir='ltr'><strong>quazdam</strong></span> <span class='ocrx_word' id='word_1_223' title='bbox 970 2770 1038 2810; x_wconf 86' lang='lat' dir='ltr'><strong>ex</strong></span> <span class='ocrx_word' id='word_1_224' title='bbox 1082 2755 1187 2820; x_wconf 91' lang='lat' dir='ltr'><strong>his,</strong></span> <span class='ocrx_word' id='word_1_225' title='bbox 1237 2771 1356 2824; x_wconf 78' lang='lat' dir='ltr'><strong>qua:</strong></span> <span class='ocrx_word' id='word_1_226' title='bbox 1406 2755 1726 2826; x_wconf 91' lang='lat' dir='ltr'><strong>simplicium</strong></span> <span class='ocrx_word' id='word_1_227' title='bbox 1773 2753 2133 2809; x_wconf 87' lang='lat' dir='ltr'><strong>observationi</strong></span> 
     </span>
    </p>
   </div>
   <div class='ocr_carea' id='block_1_34' title="bbox 553 2847 2130 2918">
    <p class='ocr_par' dir='ltr' id='par_1_34' title="bbox 553 2847 2130 2918">
     <span class='ocr_line' id='line_1_34' title="bbox 553 2847 2130 2918; baseline 0.001 -18"><span class='ocrx_word' id='word_1_228' title='bbox 553 2849 913 2913; x_wconf 85' lang='lat' dir='ltr'><strong>conveniunt,</strong></span> <span class='ocrx_word' id='word_1_229' title='bbox 943 2848 1196 2902; x_wconf 84' lang='lat' dir='ltr'><strong>brevibus</strong></span> <span class='ocrx_word' id='word_1_230' title='bbox 1235 2856 1291 2902; x_wconf 93' lang='lat' dir='ltr'><strong>et</strong></span> <span class='ocrx_word' id='word_1_231' title='bbox 1334 2847 1526 2904; x_wconf 86' lang='lat' dir='ltr'><strong>lucidis</strong></span> <span class='ocrx_word' id='word_1_232' title='bbox 1554 2847 1802 2918; x_wconf 88' lang='lat' dir='ltr'><strong>capitulis</strong></span> <span class='ocrx_word' id='word_1_233' title='bbox 1833 2857 2091 2901; x_wconf 90' lang='lat' dir='ltr'><strong>annotare</strong></span> <span class='ocrx_word' id='word_1_234' title='bbox 2115 2887 2130 2913; x_wconf 92' lang='lat'><strong>,</strong></span> 
     </span>
    </p>
   </div>
   <div class='ocr_carea' id='block_1_35' title="bbox 535 2938 2132 3011">
    <p class='ocr_par' dir='ltr' id='par_1_35' title="bbox 535 2938 2132 3011">
     <span class='ocr_line' id='line_1_35' title="bbox 535 2938 2132 3011; baseline 0.001 -20"><span class='ocrx_word' id='word_1_235' title='bbox 535 2942 816 3010; x_wconf 77' lang='lat' dir='ltr'><strong>‘vobisque</strong></span> <span class='ocrx_word' id='word_1_236' title='bbox 841 2939 1348 3006; x_wconf 87' lang='lat' dir='ltr'><strong>consacerdotibus,</strong></span> <span class='ocrx_word' id='word_1_237' title='bbox 1379 2949 1434 2995; x_wconf 92' lang='lat' dir='ltr'><strong>et</strong></span> <span class='ocrx_word' id='word_1_238' title='bbox 1467 2939 1905 3011; x_wconf 88' lang='lat' dir='ltr'><strong>eooperatoribus</strong></span> <span class='ocrx_word' id='word_1_239' title='bbox 1935 2938 2132 2992; x_wconf 91' lang='lat' dir='ltr'><strong>nostris</strong></span> 
     </span>
    </p>
   </div>
   <div class='ocr_carea' id='block_1_36' title="bbox 558 3028 2134 3102">
    <p class='ocr_par' dir='ltr' id='par_1_36' title="bbox 558 3028 2134 3102">
     <span class='ocr_line' id='line_1_36' title="bbox 558 3028 2134 3102; baseline 0.001 -20"><span class='ocrx_word' id='word_1_240' title='bbox 558 3030 806 3084; x_wconf 81' lang='lat' dir='ltr'><strong>habenda</strong></span> <span class='ocrx_word' id='word_1_241' title='bbox 829 3029 989 3084; x_wconf 88' lang='lat' dir='ltr'><strong>simul</strong></span> <span class='ocrx_word' id='word_1_242' title='bbox 1015 3038 1066 3085; x_wconf 91' lang='lat' dir='ltr'><strong>et</strong></span> <span class='ocrx_word' id='word_1_243' title='bbox 1092 3030 1336 3085; x_wconf 85' lang='lat' dir='ltr'><strong>crebrius</strong></span> <span class='ocrx_word' id='word_1_244' title='bbox 1357 3029 1582 3102; x_wconf 89' lang='lat' dir='ltr'><strong>legenda</strong></span> <span class='ocrx_word' id='word_1_245' title='bbox 1617 3030 1974 3096; x_wconf 85' lang='lat' dir='ltr'><strong>committere,</strong></span> <span class='ocrx_word' id='word_1_246' title='bbox 1999 3039 2060 3083; x_wconf 93' lang='lat' dir='ltr'><strong>ut</strong></span> <span class='ocrx_word' id='word_1_247' title='bbox 2086 3028 2134 3083; x_wconf 87' lang='lat' dir='ltr'><strong>si</strong></span> 
     </span>
    </p>
   </div>
   <div class='ocr_carea' id='block_1_37' title="bbox 556 3119 2134 3175">
    <p class='ocr_par' dir='ltr' id='par_1_37' title="bbox 556 3119 2134 3175">
     <span class='ocr_line' id='line_1_37' title="bbox 556 3119 2134 3175; baseline 0.001 -3"><span class='ocrx_word' id='word_1_248' title='bbox 556 3127 706 3174; x_wconf 84' lang='lat' dir='ltr'><strong>tanta</strong></span> <span class='ocrx_word' id='word_1_249' title='bbox 733 3120 928 3175; x_wconf 77' lang='lat' dir='ltr'><strong>divinae</strong></span> <span class='ocrx_word' id='word_1_250' title='bbox 950 3129 1008 3174; x_wconf 90' lang='lat' dir='ltr'><strong>et</strong></span> <span class='ocrx_word' id='word_1_251' title='bbox 1050 3120 1323 3175; x_wconf 62' lang='lat' dir='ltr'><strong>canonica:</strong></span> <span class='ocrx_word' id='word_1_252' title='bbox 1358 3119 1698 3175; x_wconf 87' lang='lat' dir='ltr'><strong>auctoritatis</strong></span> <span class='ocrx_word' id='word_1_253' title='bbox 1740 3119 2009 3174; x_wconf 87' lang='lat' dir='ltr'><strong>volumina</strong></span> <span class='ocrx_word' id='word_1_254' title='bbox 2047 3133 2134 3174; x_wconf 81' lang='lat' dir='ltr'><strong>re-</strong></span> 
     </span>
    </p>
   </div>
   <div class='ocr_carea' id='block_1_38' title="bbox 2239 1940 3806 1998">
    <p class='ocr_par' dir='ltr' id='par_1_38' title="bbox 2239 1940 3806 1998">
     <span class='ocr_line' id='line_1_38' title="bbox 2239 1940 3806 1998; baseline 0.001 -3"><span class='ocrx_word' id='word_1_255' title='bbox 2239 1940 2360 1995; x_wconf 91' lang='lat' dir='ltr'><strong>aliis</strong></span> <span class='ocrx_word' id='word_1_256' title='bbox 2389 1940 2662 1994; x_wconf 89' lang='lat' dir='ltr'><strong>insinuare</strong></span> <span class='ocrx_word' id='word_1_257' title='bbox 2688 1940 2847 1995; x_wconf 88' lang='lat' dir='ltr'><strong>valet.</strong></span> <span class='ocrx_word' id='word_1_258' title='bbox 2886 1941 3176 1997; x_wconf 87' lang='lat' dir='ltr'><strong>Enimvero</strong></span> <span class='ocrx_word' id='word_1_259' title='bbox 3201 1956 3300 1998; x_wconf 89' lang='lat' dir='ltr'><strong>nec</strong></span> <span class='ocrx_word' id='word_1_260' title='bbox 3327 1940 3495 1996; x_wconf 90' lang='lat' dir='ltr'><strong>latere</strong></span> <span class='ocrx_word' id='word_1_261' title='bbox 3528 1956 3622 1996; x_wconf 90' lang='lat' dir='ltr'><strong>vos</strong></span> <span class='ocrx_word' id='word_1_262' title='bbox 3649 1943 3806 1998; x_wconf 84' lang='lat' dir='ltr'><strong>volu-</strong></span> 
     </span>
    </p>
   </div>
   <div class='ocr_carea' id='block_1_39' title="bbox 2237 2031 3820 2105">
    <p class='ocr_par' dir='ltr' id='par_1_39' title="bbox 2237 2031 3820 2105">
     <span class='ocr_line' id='line_1_39' title="bbox 2237 2031 3820 2105; baseline 0.004 -20"><span class='ocrx_word' id='word_1_263' title='bbox 2237 2047 2387 2096; x_wconf 88' lang='lat' dir='ltr'><strong>mus,</strong></span> <span class='ocrx_word' id='word_1_264' title='bbox 2418 2031 2561 2101; x_wconf 89' lang='lat' dir='ltr'><strong>quod</strong></span> <span class='ocrx_word' id='word_1_265' title='bbox 2603 2031 2671 2087; x_wconf 91' lang='lat' dir='ltr'><strong>de</strong></span> <span class='ocrx_word' id='word_1_266' title='bbox 2715 2032 2834 2099; x_wconf 18' lang='lat' dir='ltr'><strong>illis,</strong></span> <span class='ocrx_word' id='word_1_267' title='bbox 2864 2034 3222 2105; x_wconf 87' lang='lat' dir='ltr'><strong>presbyteris,</strong></span> <span class='ocrx_word' id='word_1_268' title='bbox 3269 2033 3362 2104; x_wconf 88' lang='lat' dir='ltr'><strong>qui</strong></span> <span class='ocrx_word' id='word_1_269' title='bbox 3410 2031 3624 2090; x_wconf 87' lang='lat' dir='ltr'><strong>desides</strong></span> <span class='ocrx_word' id='word_1_270' title='bbox 3663 2043 3718 2089; x_wconf 92' lang='lat' dir='ltr'><strong>et</strong></span> <span class='ocrx_word' id='word_1_271' title='bbox 3746 2035 3820 2092; x_wconf 80' lang='lat' dir='ltr'><strong>ad</strong></span> 
     </span>
    </p>
   </div>
   <div class='ocr_carea' id='block_1_40' title="bbox 2238 2124 3814 2196">
    <p class='ocr_par' dir='ltr' id='par_1_40' title="bbox 2238 2124 3814 2196">
     <span class='ocr_line' id='line_1_40' title="bbox 2238 2124 3814 2196; baseline 0.002 -17"><span class='ocrx_word' id='word_1_272' title='bbox 2238 2125 2553 2179; x_wconf 89' lang='lat' dir='ltr'><strong>discendum</strong></span> <span class='ocrx_word' id='word_1_273' title='bbox 2585 2124 2722 2179; x_wconf 89' lang='lat' dir='ltr'><strong>tardi</strong></span> <span class='ocrx_word' id='word_1_274' title='bbox 2747 2137 2906 2190; x_wconf 89' lang='lat' dir='ltr'><strong>sunt,</strong></span> <span class='ocrx_word' id='word_1_275' title='bbox 2937 2142 3120 2196; x_wconf 79' lang='lat' dir='ltr'><strong>regum</strong></span> <span class='ocrx_word' id='word_1_276' title='bbox 3148 2134 3203 2181; x_wconf 89' lang='lat' dir='ltr'><strong>et</strong></span> <span class='ocrx_word' id='word_1_277' title='bbox 3252 2126 3638 2195; x_wconf 88' lang='lat' dir='ltr'><strong>imperatorum</strong></span> <span class='ocrx_word' id='word_1_278' title='bbox 3664 2125 3814 2196; x_wconf 90' lang='lat' dir='ltr'><strong>capi-</strong></span> 
     </span>
    </p>
   </div>
   <div class='ocr_carea' id='block_1_41' title="bbox 2238 2215 3816 2286">
    <p class='ocr_par' dir='ltr' id='par_1_41' title="bbox 2238 2215 3816 2286">
     <span class='ocr_line' id='line_1_41' title="bbox 2238 2215 3816 2286; baseline 0.001 -16"><span class='ocrx_word' id='word_1_279' title='bbox 2238 2215 2346 2270; x_wconf 90' lang='lat' dir='ltr'><strong>tula</strong></span> <span class='ocrx_word' id='word_1_280' title='bbox 2394 2231 2500 2270; x_wconf 92' lang='lat' dir='ltr'><strong>non</strong></span> <span class='ocrx_word' id='word_1_281' title='bbox 2556 2215 2675 2270; x_wconf 89' lang='lat' dir='ltr'><strong>sine</strong></span> <span class='ocrx_word' id='word_1_282' title='bbox 2718 2231 2981 2271; x_wconf 88' lang='lat' dir='ltr'><strong>consensu</strong></span> <span class='ocrx_word' id='word_1_283' title='bbox 3029 2216 3385 2286; x_wconf 91' lang='lat' dir='ltr'><strong>plurimorum</strong></span> <span class='ocrx_word' id='word_1_284' title='bbox 3435 2215 3816 2286; x_wconf 90' lang='lat' dir='ltr'><strong>episcoporum</strong></span> 
     </span>
    </p>
   </div>
   <div class='ocr_carea' id='block_1_42' title="bbox 2236 2305 3814 2378">
    <p class='ocr_par' dir='ltr' id='par_1_42' title="bbox 2236 2305 3814 2378">
     <span class='ocr_line' id='line_1_42' title="bbox 2236 2305 3814 2378; baseline 0.001 -17"><span class='ocrx_word' id='word_1_285' title='bbox 2236 2314 2562 2372; x_wconf 80' lang='lat' dir='ltr'><strong>sanxerunt,</strong></span> <span class='ocrx_word' id='word_1_286' title='bbox 2593 2305 2798 2361; x_wconf 88' lang='lat' dir='ltr'><strong>scilicet</strong></span> <span class='ocrx_word' id='word_1_287' title='bbox 2826 2307 2928 2362; x_wconf 90' lang='lat' dir='ltr'><strong>hoc</strong></span> <span class='ocrx_word' id='word_1_288' title='bbox 2960 2324 2974 2362; x_wconf 89' lang='lat'><strong>:</strong></span> <span class='ocrx_word' id='word_1_289' title='bbox 3017 2325 3037 2360; x_wconf 72' lang='grc' dir='ltr'>ι</span> <span class='ocrx_word' id='word_1_290' title='bbox 3071 2306 3140 2362; x_wconf 88' lang='lat' dir='ltr'><strong>Ut</strong></span> <span class='ocrx_word' id='word_1_291' title='bbox 3167 2307 3476 2378; x_wconf 89' lang='lat' dir='ltr'><strong>quicunque</strong></span> <span class='ocrx_word' id='word_1_292' title='bbox 3508 2306 3814 2378; x_wconf 80' lang='lat' dir='ltr'><strong>presbyter,</strong></span> 
     </span>
    </p>
   </div>
   <div class='ocr_carea' id='block_1_43' title="bbox 2237 2396 3818 2467">
    <p class='ocr_par' dir='ltr' id='par_1_43' title="bbox 2237 2396 3818 2467">
     <span class='ocr_line' id='line_1_43' title="bbox 2237 2396 3818 2467; baseline 0 -16"><span class='ocrx_word' id='word_1_293' title='bbox 2237 2412 2266 2451; x_wconf 94' lang='lat' dir='ltr'><strong>a</strong></span> <span class='ocrx_word' id='word_1_294' title='bbox 2294 2411 2393 2452; x_wconf 91' lang='lat' dir='ltr'><strong>suo</strong></span> <span class='ocrx_word' id='word_1_295' title='bbox 2418 2397 2673 2467; x_wconf 91' lang='lat' dir='ltr'><strong>episcopo</strong></span> <span class='ocrx_word' id='word_1_296' title='bbox 2705 2396 3016 2466; x_wconf 83' lang='lat' dir='ltr'><strong>frequenter</strong></span> <span class='ocrx_word' id='word_1_297' title='bbox 3065 2397 3372 2452; x_wconf 89' lang='lat' dir='ltr'><strong>admonitus</strong></span> <span class='ocrx_word' id='word_1_298' title='bbox 3408 2396 3476 2452; x_wconf 88' lang='lat' dir='ltr'><strong>de</strong></span> <span class='ocrx_word' id='word_1_299' title='bbox 3511 2411 3608 2452; x_wconf 91' lang='lat' dir='ltr'><strong>sua</strong></span> <span class='ocrx_word' id='word_1_300' title='bbox 3638 2396 3818 2452; x_wconf 86' lang='lat' dir='ltr'><strong>scien-</strong></span> 
     </span>
    </p>
   </div>
   <div class='ocr_carea' id='block_1_44' title="bbox 2236 2486 3817 2559">
    <p class='ocr_par' dir='ltr' id='par_1_44' title="bbox 2236 2486 3817 2559">
     <span class='ocr_line' id='line_1_44' title="bbox 2236 2486 3817 2559; baseline 0.001 -16"><span class='ocrx_word' id='word_1_301' title='bbox 2236 2490 2308 2543; x_wconf 88' lang='lat' dir='ltr'><strong>tia</strong></span> <span class='ocrx_word' id='word_1_302' title='bbox 2348 2497 2406 2543; x_wconf 93' lang='lat' dir='ltr'><strong>ut</strong></span> <span class='ocrx_word' id='word_1_303' title='bbox 2434 2488 2640 2553; x_wconf 88' lang='lat' dir='ltr'><strong>discere</strong></span> <span class='ocrx_word' id='word_1_304' title='bbox 2671 2497 2845 2552; x_wconf 92' lang='lat' dir='ltr'><strong>curet,</strong></span> <span class='ocrx_word' id='word_1_305' title='bbox 2875 2487 3050 2543; x_wconf 81' lang='lat' dir='ltr'><strong>facere</strong></span> <span class='ocrx_word' id='word_1_306' title='bbox 3089 2487 3404 2559; x_wconf 77' lang='lat' dir='ltr'><strong>neglexerit,</strong></span> <span class='ocrx_word' id='word_1_307' title='bbox 3435 2486 3623 2558; x_wconf 92' lang='lat' dir='ltr'><strong>procul</strong></span> <span class='ocrx_word' id='word_1_308' title='bbox 3653 2487 3817 2544; x_wconf 88' lang='lat' dir='ltr'><strong>dubio</strong></span> 
     </span>
    </p>
   </div>
   <div class='ocr_carea' id='block_1_45' title="bbox 2234 2576 3822 2648">
    <p class='ocr_par' dir='ltr' id='par_1_45' title="bbox 2234 2576 3822 2648">
     <span class='ocr_line' id='line_1_45' title="bbox 2234 2576 3822 2648; baseline 0.001 -16"><span class='ocrx_word' id='word_1_309' title='bbox 2234 2578 2393 2633; x_wconf 90' lang='lat' dir='ltr'><strong>etab</strong></span> <span class='ocrx_word' id='word_1_310' title='bbox 2444 2576 2617 2634; x_wconf 73' lang='lat' dir='ltr'><strong>oﬂiCio</strong></span> <span class='ocrx_word' id='word_1_311' title='bbox 2647 2589 3006 2644; x_wconf 89' lang='lat' dir='ltr'><strong>removeatur,</strong></span> <span class='ocrx_word' id='word_1_312' title='bbox 3047 2587 3102 2633; x_wconf 92' lang='lat' dir='ltr'><strong>et</strong></span> <span class='ocrx_word' id='word_1_313' title='bbox 3148 2577 3466 2644; x_wconf 88' lang='lat' dir='ltr'><strong>ecclesiam,</strong></span> <span class='ocrx_word' id='word_1_314' title='bbox 3529 2593 3688 2648; x_wconf 90' lang='lat' dir='ltr'><strong>quam</strong></span> <span class='ocrx_word' id='word_1_315' title='bbox 3733 2586 3822 2633; x_wconf 85' lang='lat' dir='ltr'><strong>te-</strong></span> 
     </span>
    </p>
   </div>
   <div class='ocr_carea' id='block_1_46' title="bbox 2236 2666 3814 2739">
    <p class='ocr_par' dir='ltr' id='par_1_46' title="bbox 2236 2666 3814 2739">
     <span class='ocr_line' id='line_1_46' title="bbox 2236 2666 3814 2739; baseline -0.001 -15"><span class='ocrx_word' id='word_1_316' title='bbox 2236 2676 2325 2724; x_wconf 92' lang='lat' dir='ltr'><strong>net</strong></span> <span class='ocrx_word' id='word_1_317' title='bbox 2354 2668 2584 2723; x_wconf 89' lang='lat' dir='ltr'><strong>amittat.</strong></span> <span class='ocrx_word' id='word_1_318' title='bbox 2628 2666 2761 2735; x_wconf 87' lang='lat' dir='ltr'><strong>Quia</strong></span> <span class='ocrx_word' id='word_1_319' title='bbox 2811 2668 3118 2737; x_wconf 80' lang='lat' dir='ltr'><strong>ignorantes</strong></span> <span class='ocrx_word' id='word_1_320' title='bbox 3144 2668 3315 2739; x_wconf 83' lang='lat' dir='ltr'><strong>legem</strong></span> <span class='ocrx_word' id='word_1_321' title='bbox 3357 2668 3484 2734; x_wconf 88' lang='lat' dir='ltr'><strong>Dei,</strong></span> <span class='ocrx_word' id='word_1_322' title='bbox 3537 2683 3657 2724; x_wconf 91' lang='lat' dir='ltr'><strong>cam</strong></span> <span class='ocrx_word' id='word_1_323' title='bbox 3687 2666 3814 2724; x_wconf 88' lang='lat' dir='ltr'><strong>aliis</strong></span> 
     </span>
    </p>
   </div>
   <div class='ocr_carea' id='block_1_47' title="bbox 2235 2753 3816 2829">
    <p class='ocr_par' dir='ltr' id='par_1_47' title="bbox 2235 2753 3816 2829">
     <span class='ocr_line' id='line_1_47' title="bbox 2235 2753 3816 2829; baseline -0.001 -17"><span class='ocrx_word' id='word_1_324' title='bbox 2235 2758 2552 2812; x_wconf 87' lang='lat' dir='ltr'><strong>annuntiare</strong></span> <span class='ocrx_word' id='word_1_325' title='bbox 2595 2767 2651 2812; x_wconf 91' lang='lat' dir='ltr'><strong>et</strong></span> <span class='ocrx_word' id='word_1_326' title='bbox 2699 2757 2992 2828; x_wconf 71' lang='lat' dir='ltr'><strong>prmdicare</strong></span> <span class='ocrx_word' id='word_1_327' title='bbox 3031 2773 3136 2812; x_wconf 90' lang='lat' dir='ltr'><strong>non</strong></span> <span class='ocrx_word' id='word_1_328' title='bbox 3190 2767 3416 2829; x_wconf 89' lang='lat' dir='ltr'><strong>possunt</strong></span> <span class='ocrx_word' id='word_1_329' title='bbox 3437 2769 3486 2811; x_wconf 78' lang='grc' dir='ltr'><strong>ι.</strong></span> <span class='ocrx_word' id='word_1_330' title='bbox 3525 2775 3545 2810; x_wconf 72' lang='grc' dir='ltr'><strong><em>ι</em></strong></span> <span class='ocrx_word' id='word_1_331' title='bbox 3588 2753 3700 2812; x_wconf 87' lang='lat' dir='ltr'><strong>Hoc</strong></span> <span class='ocrx_word' id='word_1_332' title='bbox 3744 2770 3816 2811; x_wconf 90' lang='lat' dir='ltr'><strong>ne</strong></span> 
     </span>
    </p>
   </div>
   <div class='ocr_carea' id='block_1_48' title="bbox 2234 2846 3816 2919">
    <p class='ocr_par' dir='ltr' id='par_1_48' title="bbox 2234 2846 3816 2919">
     <span class='ocr_line' id='line_1_48' title="bbox 2234 2846 3816 2919; baseline -0.001 -16"><span class='ocrx_word' id='word_1_333' title='bbox 2234 2847 2392 2903; x_wconf 90' lang='lat' dir='ltr'><strong>alicui</strong></span> <span class='ocrx_word' id='word_1_334' title='bbox 2441 2856 2676 2902; x_wconf 82' lang='lat' dir='ltr'><strong>vestrum</strong></span> <span class='ocrx_word' id='word_1_335' title='bbox 2711 2846 2987 2914; x_wconf 82' lang='lat' dir='ltr'><strong>eveniat,</strong></span> <span class='ocrx_word' id='word_1_336' title='bbox 3033 2847 3271 2905; x_wconf 83' lang='lat' dir='ltr'><strong>fraterno</strong></span> <span class='ocrx_word' id='word_1_337' title='bbox 3333 2847 3529 2904; x_wconf 72' lang='lat' dir='ltr'><strong>affectu</strong></span> <span class='ocrx_word' id='word_1_338' title='bbox 3579 2861 3816 2919; x_wconf 65' lang='lat' dir='ltr'><strong>prsimo-</strong></span> 
     </span>
    </p>
   </div>
   <div class='ocr_carea' id='block_1_49' title="bbox 2235 2954 2445 2995">
    <p class='ocr_par' dir='ltr' id='par_1_49' title="bbox 2235 2954 2445 2995">
     <span class='ocr_line' id='line_1_49' title="bbox 2235 2954 2445 2995; baseline -0.01 -1"><span class='ocrx_word' id='word_1_339' title='bbox 2235 2954 2445 2995; x_wconf 88' lang='lat' dir='ltr'><strong>nemus.</strong></span> 
     </span>
    </p>
   </div>
   <div class='ocr_carea' id='block_1_50' title="bbox 2305 3023 3808 3100">
    <p class='ocr_par' dir='ltr' id='par_1_50' title="bbox 2305 3023 3808 3100">
     <span class='ocr_line' id='line_1_50' title="bbox 2305 3023 3808 3100; baseline -0.003 -17"><span class='ocrx_word' id='word_1_340' title='bbox 2305 3029 2366 3083; x_wconf 90' lang='lat' dir='ltr'><strong>ll.</strong></span> <span class='ocrx_word' id='word_1_341' title='bbox 2407 3030 2632 3100; x_wconf 90' lang='lat' dir='ltr'><strong>Oportet</strong></span> <span class='ocrx_word' id='word_1_342' title='bbox 2652 3027 2818 3098; x_wconf 79' lang='lat' dir='ltr'><strong>igitur</strong></span> <span class='ocrx_word' id='word_1_343' title='bbox 2843 3039 3277 3097; x_wconf 89' lang='lat' dir='ltr'><strong>unumquemque</strong></span> <span class='ocrx_word' id='word_1_344' title='bbox 3296 3023 3653 3090; x_wconf 89' lang='lat' dir='ltr'><strong>sacerdotem,</strong></span> <span class='ocrx_word' id='word_1_345' title='bbox 3674 3025 3808 3090; x_wconf 82' lang='lat' dir='ltr'><strong>vita,</strong></span> 
     </span>
    </p>
   </div>
   <div class='ocr_carea' id='block_1_51' title="bbox 2234 3112 3815 3184">
    <p class='ocr_par' dir='ltr' id='par_1_51' title="bbox 2234 3112 3815 3184">
     <span class='ocr_line' id='line_1_51' title="bbox 2234 3112 3815 3184; baseline -0.004 -9"><span class='ocrx_word' id='word_1_346' title='bbox 2234 3126 2288 3176; x_wconf 90' lang='lat' dir='ltr'><strong>et</strong></span> <span class='ocrx_word' id='word_1_347' title='bbox 2315 3120 2584 3184; x_wconf 89' lang='lat' dir='ltr'><strong>moribus,</strong></span> <span class='ocrx_word' id='word_1_348' title='bbox 2615 3126 2672 3172; x_wconf 90' lang='lat' dir='ltr'><strong>ct</strong></span> <span class='ocrx_word' id='word_1_349' title='bbox 2708 3117 2918 3171; x_wconf 88' lang='lat' dir='ltr'><strong>actibus</strong></span> <span class='ocrx_word' id='word_1_350' title='bbox 2953 3115 3126 3180; x_wconf 90' lang='lat' dir='ltr'><strong>bonis,</strong></span> <span class='ocrx_word' id='word_1_351' title='bbox 3157 3129 3279 3170; x_wconf 89' lang='lat' dir='ltr'><strong>cum</strong></span> <span class='ocrx_word' id='word_1_352' title='bbox 3306 3112 3404 3169; x_wconf 91' lang='lat' dir='ltr'><strong>Dei</strong></span> <span class='ocrx_word' id='word_1_353' title='bbox 3432 3113 3666 3179; x_wconf 77' lang='lat' dir='ltr'><strong>auxilio,</strong></span> <span class='ocrx_word' id='word_1_354' title='bbox 3712 3127 3815 3183; x_wconf 86' lang='lat' dir='ltr'><strong>po-</strong></span> 
     </span>
    </p>
   </div>
   <div class='ocr_carea' id='block_1_52' title="bbox 558 3203 3810 3288">
    <p class='ocr_par' dir='ltr' id='par_1_52' title="bbox 558 3203 3810 3288">
     <span class='ocr_line' id='line_1_52' title="bbox 558 3203 3810 3288; baseline -0.002 -25"><span class='ocrx_word' id='word_1_355' title='bbox 558 3212 772 3266; x_wconf 88' lang='lat' dir='ltr'><strong>volvere</strong></span> <span class='ocrx_word' id='word_1_356' title='bbox 795 3226 900 3266; x_wconf 93' lang='lat' dir='ltr'><strong>non</strong></span> <span class='ocrx_word' id='word_1_357' title='bbox 922 3210 1183 3277; x_wconf 80' lang='lat' dir='ltr'><strong>suﬂicitis,</strong></span> <span class='ocrx_word' id='word_1_358' title='bbox 1209 3211 1324 3266; x_wconf 67' lang='lat' dir='ltr'><strong>haec</strong></span> <span class='ocrx_word' id='word_1_359' title='bbox 1345 3209 1535 3266; x_wconf 87' lang='lat' dir='ltr'><strong>saltem</strong></span> <span class='ocrx_word' id='word_1_360' title='bbox 1560 3210 1875 3266; x_wconf 86' lang='lat' dir='ltr'><strong>brevissima</strong></span> <span class='ocrx_word' id='word_1_361' title='bbox 1903 3219 1957 3265; x_wconf 91' lang='lat' dir='ltr'><strong>et</strong></span> <span class='ocrx_word' id='word_1_362' title='bbox 1979 3223 2134 3279; x_wconf 89' lang='lat' dir='ltr'><strong>apcr-</strong></span> <span class='ocrx_word' id='word_1_363' title='bbox 2160 3225 2204 3288; x_wconf 73' lang='grc' dir='ltr'><strong>ρ</strong></span> <span class='ocrx_word' id='word_1_364' title='bbox 2233 3210 2358 3282; x_wconf 90' lang='lat' dir='ltr'><strong>pulo</strong></span> <span class='ocrx_word' id='word_1_365' title='bbox 2382 3212 2482 3266; x_wconf 90' lang='lat' dir='ltr'><strong>sibi</strong></span> <span class='ocrx_word' id='word_1_366' title='bbox 2526 3209 2812 3265; x_wconf 91' lang='lat' dir='ltr'><strong>commisso</strong></span> <span class='ocrx_word' id='word_1_367' title='bbox 2829 3247 2844 3272; x_wconf 90' lang='lat'><strong>,</strong></span> <span class='ocrx_word' id='word_1_368' title='bbox 2894 3206 3210 3277; x_wconf 60' lang='lat' dir='ltr'><strong>exterisque</strong></span> <span class='ocrx_word' id='word_1_369' title='bbox 3251 3203 3478 3262; x_wconf 84' lang='lat' dir='ltr'><strong>subditis</strong></span> <span class='ocrx_word' id='word_1_370' title='bbox 3506 3203 3772 3261; x_wconf 82' lang='lat' dir='ltr'><strong>excellere</strong></span> <span class='ocrx_word' id='word_1_371' title='bbox 3794 3244 3810 3268; x_wconf 91' lang='lat'><strong>,</strong></span> 
     </span>
    </p>
   </div>
   <div class='ocr_carea' id='block_1_53' title="bbox 565 3300 2135 3373">
    <p class='ocr_par' dir='ltr' id='par_1_53' title="bbox 565 3300 2135 3373">
     <span class='ocr_line' id='line_1_53' title="bbox 565 3300 2135 3373; baseline 0 -18"><span class='ocrx_word' id='word_1_372' title='bbox 565 3303 774 3357; x_wconf 83' lang='lat' dir='ltr'><strong>tissima</strong></span> <span class='ocrx_word' id='word_1_373' title='bbox 800 3303 1125 3358; x_wconf 91' lang='lat' dir='ltr'><strong>manualiter</strong></span> <span class='ocrx_word' id='word_1_374' title='bbox 1152 3302 1502 3373; x_wconf 82' lang='lat' dir='ltr'><strong>frequentctis</strong></span> <span class='ocrx_word' id='word_1_375' title='bbox 1528 3344 1542 3368; x_wconf 89' lang='lat'><strong>,</strong></span> <span class='ocrx_word' id='word_1_376' title='bbox 1577 3312 1631 3358; x_wconf 92' lang='lat' dir='ltr'><strong>et</strong></span> <span class='ocrx_word' id='word_1_377' title='bbox 1657 3302 1958 3358; x_wconf 89' lang='lat' dir='ltr'><strong>commissis</strong></span> <span class='ocrx_word' id='word_1_378' title='bbox 1984 3300 2135 3355; x_wconf 89' lang='lat' dir='ltr'><strong>vobis</strong></span> 
     </span>
    </p>
   </div>
   <div class='ocr_carea' id='block_1_54' title="bbox 535 3389 2133 3460">
    <p class='ocr_par' dir='ltr' id='par_1_54' title="bbox 535 3389 2133 3460">
     <span class='ocr_line' id='line_1_54' title="bbox 535 3389 2133 3460; baseline -0.001 -17"><span class='ocrx_word' id='word_1_379' title='bbox 535 3408 538 3410; x_wconf 47' lang='grc' dir='ltr'><strong>ν</strong></span> <span class='ocrx_word' id='word_1_380' title='bbox 562 3391 808 3460; x_wconf 85' lang='lat' dir='ltr'><strong>plebibus</strong></span> <span class='ocrx_word' id='word_1_381' title='bbox 842 3392 1109 3447; x_wconf 86' lang='lat' dir='ltr'><strong>salubrem</strong></span> <span class='ocrx_word' id='word_1_382' title='bbox 1139 3391 1348 3448; x_wconf 84' lang='lat' dir='ltr'><strong>vivendi</strong></span> <span class='ocrx_word' id='word_1_383' title='bbox 1377 3407 1620 3446; x_wconf 89' lang='lat' dir='ltr'><strong>normam</strong></span> <span class='ocrx_word' id='word_1_384' title='bbox 1666 3393 1750 3447; x_wconf 91' lang='lat' dir='ltr'><strong>his</strong></span> <span class='ocrx_word' id='word_1_385' title='bbox 1775 3389 2133 3445; x_wconf 52' lang='lat' dir='ltr'><strong>admonitum-</strong></span> 
     </span>
    </p>
   </div>
   <div class='ocr_carea' id='block_1_55' title="bbox 557 3479 2132 3552">
    <p class='ocr_par' dir='ltr' id='par_1_55' title="bbox 557 3479 2132 3552">
     <span class='ocr_line' id='line_1_55' title="bbox 557 3479 2132 3552; baseline -0.002 -14"><span class='ocrx_word' id='word_1_386' title='bbox 557 3483 694 3538; x_wconf 79' lang='lat' dir='ltr'><strong>culis</strong></span> <span class='ocrx_word' id='word_1_387' title='bbox 740 3481 1181 3551; x_wconf 76' lang='lat' dir='ltr'><strong>przemonstretis.</strong></span> <span class='ocrx_word' id='word_1_388' title='bbox 1206 3481 1283 3534; x_wconf 92' lang='lat' dir='ltr'><strong>lta</strong></span> <span class='ocrx_word' id='word_1_389' title='bbox 1311 3481 1477 3547; x_wconf 89' lang='lat' dir='ltr'><strong>enim,</strong></span> <span class='ocrx_word' id='word_1_390' title='bbox 1510 3489 1832 3552; x_wconf 89' lang='lat' dir='ltr'><strong>cooperante</strong></span> <span class='ocrx_word' id='word_1_391' title='bbox 1861 3479 2087 3536; x_wconf 90' lang='lat' dir='ltr'><strong>Domino</strong></span> <span class='ocrx_word' id='word_1_392' title='bbox 2115 3519 2132 3547; x_wconf 90' lang='lat'><strong>,</strong></span> 
     </span>
    </p>
   </div>
   <div class='ocr_carea' id='block_1_56' title="bbox 555 3572 2134 3642">
    <p class='ocr_par' dir='ltr' id='par_1_56' title="bbox 555 3572 2134 3642">
     <span class='ocr_line' id='line_1_56' title="bbox 555 3572 2134 3642; baseline -0.001 -15"><span class='ocrx_word' id='word_1_393' title='bbox 555 3585 612 3627; x_wconf 91' lang='lat' dir='ltr'><strong>et</strong></span> <span class='ocrx_word' id='word_1_394' title='bbox 639 3574 878 3642; x_wconf 88' lang='lat' dir='ltr'><strong>periculo</strong></span> <span class='ocrx_word' id='word_1_395' title='bbox 910 3572 1196 3629; x_wconf 90' lang='lat' dir='ltr'><strong>ministerii</strong></span> <span class='ocrx_word' id='word_1_396' title='bbox 1222 3573 1389 3628; x_wconf 90' lang='lat' dir='ltr'><strong>vestri</strong></span> <span class='ocrx_word' id='word_1_397' title='bbox 1418 3587 1515 3629; x_wconf 91' lang='lat' dir='ltr'><strong>vos</strong></span> <span class='ocrx_word' id='word_1_398' title='bbox 1543 3573 1789 3642; x_wconf 90' lang='lat' dir='ltr'><strong>poteritis</strong></span> <span class='ocrx_word' id='word_1_399' title='bbox 1815 3586 2044 3637; x_wconf 82' lang='lat' dir='ltr'><strong>exuere,</strong></span> <span class='ocrx_word' id='word_1_400' title='bbox 2080 3580 2134 3627; x_wconf 89' lang='lat' dir='ltr'><strong>et</strong></span> 
     </span>
    </p>
   </div>
   <div class='ocr_carea' id='block_1_57' title="bbox 553 3661 2130 3733">
    <p class='ocr_par' dir='ltr' id='par_1_57' title="bbox 553 3661 2130 3733">
     <span class='ocr_line' id='line_1_57' title="bbox 553 3661 2130 3733; baseline 0 -17"><span class='ocrx_word' id='word_1_401' title='bbox 553 3678 675 3716; x_wconf 72' lang='lat' dir='ltr'><strong>eum</strong></span> <span class='ocrx_word' id='word_1_402' title='bbox 704 3662 958 3732; x_wconf 84' lang='lat' dir='ltr'><strong>subjectis</strong></span> <span class='ocrx_word' id='word_1_403' title='bbox 994 3661 1206 3732; x_wconf 89' lang='lat' dir='ltr'><strong>populis</strong></span> <span class='ocrx_word' id='word_1_404' title='bbox 1235 3661 1300 3716; x_wconf 91' lang='lat' dir='ltr'><strong>ad</strong></span> <span class='ocrx_word' id='word_1_405' title='bbox 1336 3661 1578 3717; x_wconf 61' lang='lat' dir='ltr'><strong>caelestis</strong></span> <span class='ocrx_word' id='word_1_406' title='bbox 1606 3661 1754 3733; x_wconf 89' lang='lat' dir='ltr'><strong>regni</strong></span> <span class='ocrx_word' id='word_1_407' title='bbox 1781 3661 1975 3733; x_wconf 89' lang='lat' dir='ltr'><strong>gaudia</strong></span> <span class='ocrx_word' id='word_1_408' title='bbox 2004 3675 2130 3732; x_wconf 91' lang='lat' dir='ltr'><strong>pro-</strong></span> 
     </span>
    </p>
   </div>
   <div class='ocr_carea' id='block_1_58' title="bbox 553 3769 765 3824">
    <p class='ocr_par' dir='ltr' id='par_1_58' title="bbox 553 3769 765 3824">
     <span class='ocr_line' id='line_1_58' title="bbox 553 3769 765 3824; baseline 0.009 -18"><span class='ocrx_word' id='word_1_409' title='bbox 553 3769 680 3824; x_wconf 84' lang='lat' dir='ltr'><strong>pera</strong></span> <span class='ocrx_word' id='word_1_410' title='bbox 689 3769 765 3809; x_wconf 90' lang='lat' dir='ltr'><strong>re.</strong></span> 
     </span>
    </p>
   </div>
   <div class='ocr_carea' id='block_1_59' title="bbox 621 3838 2128 3914">
    <p class='ocr_par' dir='ltr' id='par_1_59' title="bbox 621 3838 2128 3914">
     <span class='ocr_line' id='line_1_59' title="bbox 621 3838 2128 3914; baseline -0.001 -17"><span class='ocrx_word' id='word_1_411' title='bbox 621 3843 662 3897; x_wconf 92' lang='lat' dir='ltr'><strong>l.</strong></span> <span class='ocrx_word' id='word_1_412' title='bbox 693 3838 970 3897; x_wconf 86' lang='lat' dir='ltr'><strong>Atteridite</strong></span> <span class='ocrx_word' id='word_1_413' title='bbox 1022 3856 1189 3914; x_wconf 87' lang='lat' dir='ltr'><strong>ergo,</strong></span> <span class='ocrx_word' id='word_1_414' title='bbox 1232 3841 1355 3911; x_wconf 91' lang='lat' dir='ltr'><strong>quia</strong></span> <span class='ocrx_word' id='word_1_415' title='bbox 1407 3841 1685 3897; x_wconf 90' lang='lat' dir='ltr'><strong>nobiscum</strong></span> <span class='ocrx_word' id='word_1_416' title='bbox 1719 3840 2128 3897; x_wconf 89' lang='lat' dir='ltr'><strong>sollicitudinem</strong></span> 
     </span>
    </p>
   </div>
   <div class='ocr_carea' id='block_1_60' title="bbox 535 3931 2132 4004">
    <p class='ocr_par' dir='ltr' id='par_1_60' title="bbox 535 3931 2132 4004">
     <span class='ocr_line' id='line_1_60' title="bbox 535 3931 2132 4004; baseline 0 -17"><span class='ocrx_word' id='word_1_417' title='bbox 535 3934 732 4004; x_wconf 83' lang='lat' dir='ltr'><strong>gregis</strong></span> <span class='ocrx_word' id='word_1_418' title='bbox 765 3933 1030 3988; x_wconf 88' lang='lat' dir='ltr'><strong>Dominiei</strong></span> <span class='ocrx_word' id='word_1_419' title='bbox 1072 3932 1420 4003; x_wconf 90' lang='lat' dir='ltr'><strong>percepistis,</strong></span> <span class='ocrx_word' id='word_1_420' title='bbox 1474 3942 1530 3988; x_wconf 91' lang='lat' dir='ltr'><strong>et</strong></span> <span class='ocrx_word' id='word_1_421' title='bbox 1571 3933 1623 3987; x_wconf 93' lang='lat' dir='ltr'><strong>in</strong></span> <span class='ocrx_word' id='word_1_422' title='bbox 1662 3931 1981 3987; x_wconf 86' lang='lat' dir='ltr'><strong>sacerdotali</strong></span> <span class='ocrx_word' id='word_1_423' title='bbox 2032 3933 2132 3988; x_wconf 86' lang='lat' dir='ltr'><strong>mi-</strong></span> 
     </span>
    </p>
   </div>
   <div class='ocr_carea' id='block_1_61' title="bbox 553 4021 2128 4093">
    <p class='ocr_par' dir='ltr' id='par_1_61' title="bbox 553 4021 2128 4093">
     <span class='ocr_line' id='line_1_61' title="bbox 553 4021 2128 4093; baseline -0.001 -17"><span class='ocrx_word' id='word_1_424' title='bbox 553 4023 779 4077; x_wconf 88' lang='lat' dir='ltr'><strong>nisterio</strong></span> <span class='ocrx_word' id='word_1_425' title='bbox 795 4023 1011 4079; x_wconf 85' lang='lat' dir='ltr'><strong>secundi</strong></span> <span class='ocrx_word' id='word_1_426' title='bbox 1036 4022 1241 4077; x_wconf 88' lang='lat' dir='ltr'><strong>ordinis</strong></span> <span class='ocrx_word' id='word_1_427' title='bbox 1260 4031 1314 4076; x_wconf 90' lang='lat' dir='ltr'><strong>et</strong></span> <span class='ocrx_word' id='word_1_428' title='bbox 1336 4022 1610 4093; x_wconf 81' lang='lat' dir='ltr'><strong>dignitatis</strong></span> <span class='ocrx_word' id='word_1_429' title='bbox 1636 4022 1809 4076; x_wconf 90' lang='lat' dir='ltr'><strong>locum</strong></span> <span class='ocrx_word' id='word_1_430' title='bbox 1825 4021 2128 4092; x_wconf 90' lang='lat' dir='ltr'><strong>possidetis.</strong></span> 
     </span>
    </p>
   </div>
   <div class='ocr_carea' id='block_1_62' title="bbox 553 4112 2129 4184">
    <p class='ocr_par' dir='ltr' id='par_1_62' title="bbox 553 4112 2129 4184">
     <span class='ocr_line' id='line_1_62' title="bbox 553 4112 2129 4184; baseline -0.002 -15"><span class='ocrx_word' id='word_1_431' title='bbox 553 4115 620 4169; x_wconf 83' lang='lat' dir='ltr'><strong>Et</strong></span> <span class='ocrx_word' id='word_1_432' title='bbox 649 4115 788 4170; x_wconf 89' lang='lat' dir='ltr'><strong>sicut</strong></span> <span class='ocrx_word' id='word_1_433' title='bbox 828 4129 956 4177; x_wconf 89' lang='lat' dir='ltr'><strong>nos,</strong></span> <span class='ocrx_word' id='word_1_434' title='bbox 989 4113 1115 4168; x_wconf 86' lang='lat' dir='ltr'><strong>licet</strong></span> <span class='ocrx_word' id='word_1_435' title='bbox 1161 4113 1448 4178; x_wconf 88' lang='lat' dir='ltr'><strong>immeriti,</strong></span> <span class='ocrx_word' id='word_1_436' title='bbox 1476 4112 1843 4184; x_wconf 86' lang='lat' dir='ltr'><strong>apostolorum</strong></span> <span class='ocrx_word' id='word_1_437' title='bbox 1888 4112 2034 4168; x_wconf 87' lang='lat' dir='ltr'><strong>vices</strong></span> <span class='ocrx_word' id='word_1_438' title='bbox 2075 4113 2129 4166; x_wconf 93' lang='lat' dir='ltr'><strong>in</strong></span> 
     </span>
    </p>
   </div>
   <div class='ocr_carea' id='block_1_63' title="bbox 551 4203 2132 4274">
    <p class='ocr_par' dir='ltr' id='par_1_63' title="bbox 551 4203 2132 4274">
     <span class='ocr_line' id='line_1_63' title="bbox 551 4203 2132 4274; baseline 0 -17"><span class='ocrx_word' id='word_1_439' title='bbox 551 4205 656 4258; x_wconf 88' lang='lat' dir='ltr'><strong>hac</strong></span> <span class='ocrx_word' id='word_1_440' title='bbox 691 4203 916 4259; x_wconf 84' lang='lat' dir='ltr'><strong>ecclesia</strong></span> <span class='ocrx_word' id='word_1_441' title='bbox 949 4216 1110 4272; x_wconf 83' lang='lat' dir='ltr'><strong>agere</strong></span> <span class='ocrx_word' id='word_1_442' title='bbox 1152 4203 1534 4258; x_wconf 79' lang='lat' dir='ltr'><strong>debemuszita</strong></span> <span class='ocrx_word' id='word_1_443' title='bbox 1569 4213 1623 4258; x_wconf 89' lang='lat' dir='ltr'><strong>et</strong></span> <span class='ocrx_word' id='word_1_444' title='bbox 1666 4217 1762 4258; x_wconf 89' lang='lat' dir='ltr'><strong>vos</strong></span> <span class='ocrx_word' id='word_1_445' title='bbox 1791 4217 2004 4274; x_wconf 88' lang='lat' dir='ltr'><strong>quoque</strong></span> <span class='ocrx_word' id='word_1_446' title='bbox 2043 4217 2132 4259; x_wconf 85' lang='lat' dir='ltr'><strong>se-</strong></span> 
     </span>
    </p>
   </div>
   <div class='ocr_carea' id='block_1_64' title="bbox 550 4297 2130 4368">
    <p class='ocr_par' dir='ltr' id='par_1_64' title="bbox 550 4297 2130 4368">
     <span class='ocr_line' id='line_1_64' title="bbox 550 4297 2130 4368; baseline 0.001 -18"><span class='ocrx_word' id='word_1_447' title='bbox 550 4299 826 4368; x_wconf 85' lang='lat' dir='ltr'><strong>ptuaginta</strong></span> <span class='ocrx_word' id='word_1_448' title='bbox 841 4298 1064 4353; x_wconf 90' lang='lat' dir='ltr'><strong>duorum</strong></span> <span class='ocrx_word' id='word_1_449' title='bbox 1081 4297 1463 4368; x_wconf 88' lang='lat' dir='ltr'><strong>discipulorum</strong></span> <span class='ocrx_word' id='word_1_450' title='bbox 1479 4298 1755 4353; x_wconf 90' lang='lat' dir='ltr'><strong>nobiseum</strong></span> <span class='ocrx_word' id='word_1_451' title='bbox 1773 4298 2130 4354; x_wconf 87' lang='lat' dir='ltr'><strong>ministerium</strong></span> 
     </span>
    </p>
   </div>
   <div class='ocr_carea' id='block_1_65' title="bbox 551 4387 2126 4460">
    <p class='ocr_par' dir='ltr' id='par_1_65' title="bbox 551 4387 2126 4460">
     <span class='ocr_line' id='line_1_65' title="bbox 551 4387 2126 4460; baseline -0.003 -16"><span class='ocrx_word' id='word_1_452' title='bbox 551 4392 606 4444; x_wconf 90' lang='lat' dir='ltr'><strong>in</strong></span> <span class='ocrx_word' id='word_1_453' title='bbox 639 4392 739 4445; x_wconf 88' lang='lat' dir='ltr'><strong>hac</strong></span> <span class='ocrx_word' id='word_1_454' title='bbox 770 4391 925 4460; x_wconf 88' lang='lat' dir='ltr'><strong>plebe</strong></span> <span class='ocrx_word' id='word_1_455' title='bbox 953 4389 1232 4444; x_wconf 88' lang='lat' dir='ltr'><strong>Dominica</strong></span> <span class='ocrx_word' id='word_1_456' title='bbox 1256 4403 1512 4444; x_wconf 81' lang='lat' dir='ltr'><strong>exercere</strong></span> <span class='ocrx_word' id='word_1_457' title='bbox 1553 4398 1783 4459; x_wconf 88' lang='lat' dir='ltr'><strong>oportet.</strong></span> <span class='ocrx_word' id='word_1_458' title='bbox 1829 4387 1961 4442; x_wconf 83' lang='lat' dir='ltr'><strong>Nam</strong></span> <span class='ocrx_word' id='word_1_459' title='bbox 1988 4396 2042 4442; x_wconf 90' lang='lat' dir='ltr'><strong>et</strong></span> <span class='ocrx_word' id='word_1_460' title='bbox 2074 4387 2126 4440; x_wconf 93' lang='lat' dir='ltr'><strong>in</strong></span> 
     </span>
    </p>
   </div>
   <div class='ocr_carea' id='block_1_66' title="bbox 557 4475 2126 4550">
    <p class='ocr_par' dir='ltr' id='par_1_66' title="bbox 557 4475 2126 4550">
     <span class='ocr_line' id='line_1_66' title="bbox 557 4475 2126 4550; baseline -0.003 -18"><span class='ocrx_word' id='word_1_461' title='bbox 557 4480 723 4534; x_wconf 89' lang='lat' dir='ltr'><strong>veteri</strong></span> <span class='ocrx_word' id='word_1_462' title='bbox 751 4479 866 4550; x_wconf 86' lang='lat' dir='ltr'><strong>lege</strong></span> <span class='ocrx_word' id='word_1_463' title='bbox 894 4478 1102 4548; x_wconf 86' lang='lat' dir='ltr'><strong>Moyses</strong></span> <span class='ocrx_word' id='word_1_464' title='bbox 1130 4484 1186 4532; x_wconf 91' lang='lat' dir='ltr'><strong>et</strong></span> <span class='ocrx_word' id='word_1_465' title='bbox 1217 4478 1396 4532; x_wconf 86' lang='lat' dir='ltr'><strong>Aaron</strong></span> <span class='ocrx_word' id='word_1_466' title='bbox 1425 4477 1600 4533; x_wconf 92' lang='lat' dir='ltr'><strong>locum</strong></span> <span class='ocrx_word' id='word_1_467' title='bbox 1637 4475 2126 4546; x_wconf 82' lang='lat' dir='ltr'><strong>summipontiticis</strong></span> 
     </span>
    </p>
   </div>
   <div class='ocr_carea' id='block_1_67' title="bbox 2236 3295 3814 3368">
    <p class='ocr_par' dir='ltr' id='par_1_67' title="bbox 2236 3295 3814 3368">
     <span class='ocr_line' id='line_1_67' title="bbox 2236 3295 3814 3368; baseline -0.003 -13"><span class='ocrx_word' id='word_1_468' title='bbox 2236 3309 2296 3355; x_wconf 88' lang='lat' dir='ltr'><strong>ut</strong></span> <span class='ocrx_word' id='word_1_469' title='bbox 2318 3301 2371 3355; x_wconf 93' lang='lat' dir='ltr'><strong>in</strong></span> <span class='ocrx_word' id='word_1_470' title='bbox 2405 3315 2470 3355; x_wconf 90' lang='lat' dir='ltr'><strong>eo</strong></span> <span class='ocrx_word' id='word_1_471' title='bbox 2497 3300 2712 3354; x_wconf 81' lang='lat' dir='ltr'><strong>videant</strong></span> <span class='ocrx_word' id='word_1_472' title='bbox 2753 3298 2881 3368; x_wconf 89' lang='lat' dir='ltr'><strong>quid</strong></span> <span class='ocrx_word' id='word_1_473' title='bbox 2909 3297 3107 3352; x_wconf 85' lang='lat' dir='ltr'><strong>imitari</strong></span> <span class='ocrx_word' id='word_1_474' title='bbox 3132 3304 3186 3352; x_wconf 92' lang='lat' dir='ltr'><strong>et</strong></span> <span class='ocrx_word' id='word_1_475' title='bbox 3213 3297 3364 3366; x_wconf 89' lang='lat' dir='ltr'><strong>sequi</strong></span> <span class='ocrx_word' id='word_1_476' title='bbox 3386 3296 3522 3352; x_wconf 88' lang='lat' dir='ltr'><strong>bene</strong></span> <span class='ocrx_word' id='word_1_477' title='bbox 3540 3295 3814 3366; x_wconf 89' lang='lat' dir='ltr'><strong>operando</strong></span> 
     </span>
    </p>
   </div>
   <div class='ocr_carea' id='block_1_68' title="bbox 2233 3387 3798 3461">
    <p class='ocr_par' dir='ltr' id='par_1_68' title="bbox 2233 3387 3798 3461">
     <span class='ocr_line' id='line_1_68' title="bbox 2233 3387 3798 3461; baseline -0.002 -16"><span class='ocrx_word' id='word_1_478' title='bbox 2233 3391 2458 3461; x_wconf 90' lang='lat' dir='ltr'><strong>possint,</strong></span> <span class='ocrx_word' id='word_1_479' title='bbox 2489 3388 2754 3445; x_wconf 88' lang='lat' dir='ltr'><strong>castitatis</strong></span> <span class='ocrx_word' id='word_1_480' title='bbox 2793 3387 3037 3443; x_wconf 86' lang='lat' dir='ltr'><strong>videlicet</strong></span> <span class='ocrx_word' id='word_1_481' title='bbox 3063 3428 3078 3452; x_wconf 92' lang='lat'><strong>,</strong></span> <span class='ocrx_word' id='word_1_482' title='bbox 3112 3387 3452 3452; x_wconf 86' lang='lat' dir='ltr'><strong>humilitatis,</strong></span> <span class='ocrx_word' id='word_1_483' title='bbox 3483 3387 3761 3444; x_wconf 67' lang='lat' dir='ltr'><strong>modestia:</strong></span> <span class='ocrx_word' id='word_1_484' title='bbox 3782 3427 3798 3453; x_wconf 94' lang='lat'><strong>,</strong></span> 
     </span>
    </p>
   </div>
   <div class='ocr_carea' id='block_1_69' title="bbox 2234 3477 3814 3551">
    <p class='ocr_par' dir='ltr' id='par_1_69' title="bbox 2234 3477 3814 3551">
     <span class='ocr_line' id='line_1_69' title="bbox 2234 3477 3814 3551; baseline -0.002 -15"><span class='ocrx_word' id='word_1_485' title='bbox 2234 3481 2569 3551; x_wconf 89' lang='lat' dir='ltr'><strong>aliarumque</strong></span> <span class='ocrx_word' id='word_1_486' title='bbox 2593 3480 2879 3544; x_wconf 88' lang='lat' dir='ltr'><strong>virtutum,</strong></span> <span class='ocrx_word' id='word_1_487' title='bbox 2911 3477 3288 3549; x_wconf 73' lang='lat' dir='ltr'><strong>divina&#39;gratia</strong></span> <span class='ocrx_word' id='word_1_488' title='bbox 3314 3477 3594 3547; x_wconf 80' lang='lat' dir='ltr'><strong>largiente,</strong></span> <span class='ocrx_word' id='word_1_489' title='bbox 3625 3491 3814 3533; x_wconf 80' lang='lat' dir='ltr'><strong>exem-</strong></span> 
     </span>
    </p>
   </div>
   <div class='ocr_carea' id='block_1_70' title="bbox 2231 3568 3810 3642">
    <p class='ocr_par' dir='ltr' id='par_1_70' title="bbox 2231 3568 3810 3642">
     <span class='ocr_line' id='line_1_70' title="bbox 2231 3568 3810 3642; baseline 0 -16"><span class='ocrx_word' id='word_1_490' title='bbox 2231 3572 2378 3641; x_wconf 91' lang='lat' dir='ltr'><strong>plum</strong></span> <span class='ocrx_word' id='word_1_491' title='bbox 2418 3571 2685 3642; x_wconf 73' lang='lat' dir='ltr'><strong>pmbeat,</strong></span> <span class='ocrx_word' id='word_1_492' title='bbox 2717 3578 2775 3624; x_wconf 90' lang='lat' dir='ltr'><strong>ut</strong></span> <span class='ocrx_word' id='word_1_493' title='bbox 2803 3568 2956 3638; x_wconf 79' lang='lat' dir='ltr'><strong>juxta</strong></span> <span class='ocrx_word' id='word_1_494' title='bbox 2987 3569 3224 3640; x_wconf 82' lang='lat' dir='ltr'><strong>Apostoli</strong></span> <span class='ocrx_word' id='word_1_495' title='bbox 3253 3585 3471 3638; x_wconf 87' lang='lat' dir='ltr'><strong>vocem,</strong></span> <span class='ocrx_word' id='word_1_496' title='bbox 3505 3568 3810 3627; x_wconf 83' lang='lat' dir='ltr'><strong>doctrinam</strong></span> 
     </span>
    </p>
   </div>
   <div class='ocr_carea' id='block_1_71' title="bbox 2234 3660 3381 3732">
    <p class='ocr_par' dir='ltr' id='par_1_71' title="bbox 2234 3660 3381 3732">
     <span class='ocr_line' id='line_1_71' title="bbox 2234 3660 3381 3732; baseline -0.003 -15"><span class='ocrx_word' id='word_1_497' title='bbox 2234 3662 2326 3717; x_wconf 85' lang='lat' dir='ltr'><strong>Dei</strong></span> <span class='ocrx_word' id='word_1_498' title='bbox 2373 3662 2544 3718; x_wconf 90' lang='lat' dir='ltr'><strong>nostri</strong></span> <span class='ocrx_word' id='word_1_499' title='bbox 2579 3662 2633 3716; x_wconf 92' lang='lat' dir='ltr'><strong>in</strong></span> <span class='ocrx_word' id='word_1_500' title='bbox 2662 3661 2910 3716; x_wconf 91' lang='lat' dir='ltr'><strong>omnibus</strong></span> <span class='ocrx_word' id='word_1_501' title='bbox 2935 3668 3091 3716; x_wconf 91' lang='lat' dir='ltr'><strong>ornet</strong></span> <span class='ocrx_word' id='word_1_502' title='bbox 3122 3660 3251 3732; x_wconf 81' lang='lat' dir='ltr'><strong>(Tit.</strong></span> <span class='ocrx_word' id='word_1_503' title='bbox 3286 3662 3381 3732; x_wconf 86' lang='grc' dir='ltr'><strong>ιι).</strong></span> 
     </span>
    </p>
   </div>
   <div class='ocr_carea' id='block_1_72' title="bbox 2303 3750 3816 3820">
    <p class='ocr_par' dir='ltr' id='par_1_72' title="bbox 2303 3750 3816 3820">
     <span class='ocr_line' id='line_1_72' title="bbox 2303 3750 3816 3820; baseline 0 -13"><span class='ocrx_word' id='word_1_504' title='bbox 2303 3752 2388 3807; x_wconf 91' lang='lat' dir='ltr'><strong>lll.</strong></span> <span class='ocrx_word' id='word_1_505' title='bbox 2428 3753 2652 3818; x_wconf 85' lang='lat' dir='ltr'><strong>Habete,</strong></span> <span class='ocrx_word' id='word_1_506' title='bbox 2695 3765 3022 3820; x_wconf 68' lang='lat' dir='ltr'><strong>quaesumus,</strong></span> <span class='ocrx_word' id='word_1_507' title='bbox 3055 3750 3293 3805; x_wconf 88' lang='lat' dir='ltr'><strong>studium</strong></span> <span class='ocrx_word' id='word_1_508' title='bbox 3335 3751 3389 3804; x_wconf 91' lang='lat' dir='ltr'><strong>in</strong></span> <span class='ocrx_word' id='word_1_509' title='bbox 3413 3750 3651 3820; x_wconf 86' lang='lat' dir='ltr'><strong>psalmos</strong></span> <span class='ocrx_word' id='word_1_510' title='bbox 3679 3767 3816 3807; x_wconf 84' lang='lat' dir='ltr'><strong>can-</strong></span> 
     </span>
    </p>
   </div>
   <div class='ocr_carea' id='block_1_73' title="bbox 2232 3839 3815 3910">
    <p class='ocr_par' dir='ltr' id='par_1_73' title="bbox 2232 3839 3815 3910">
     <span class='ocr_line' id='line_1_73' title="bbox 2232 3839 3815 3910; baseline 0 -12"><span class='ocrx_word' id='word_1_511' title='bbox 2232 3843 2414 3909; x_wconf 84' lang='lat' dir='ltr'><strong>tando,</strong></span> <span class='ocrx_word' id='word_1_512' title='bbox 2446 3844 2498 3897; x_wconf 91' lang='lat' dir='ltr'><strong>in</strong></span> <span class='ocrx_word' id='word_1_513' title='bbox 2533 3843 2744 3897; x_wconf 87' lang='lat' dir='ltr'><strong>divinos</strong></span> <span class='ocrx_word' id='word_1_514' title='bbox 2773 3841 2938 3895; x_wconf 91' lang='lat' dir='ltr'><strong>libros</strong></span> <span class='ocrx_word' id='word_1_515' title='bbox 2966 3839 3208 3910; x_wconf 88' lang='lat' dir='ltr'><strong>legendo,</strong></span> <span class='ocrx_word' id='word_1_516' title='bbox 3239 3839 3294 3894; x_wconf 92' lang='lat' dir='ltr'><strong>in</strong></span> <span class='ocrx_word' id='word_1_517' title='bbox 3318 3840 3608 3896; x_wconf 90' lang='lat' dir='ltr'><strong>canonicas</strong></span> <span class='ocrx_word' id='word_1_518' title='bbox 3637 3841 3815 3899; x_wconf 80' lang='lat' dir='ltr'><strong>Horas</strong></span> 
     </span>
    </p>
   </div>
   <div class='ocr_carea' id='block_1_74' title="bbox 2231 3934 3812 4004">
    <p class='ocr_par' dir='ltr' id='par_1_74' title="bbox 2231 3934 3812 4004">
     <span class='ocr_line' id='line_1_74' title="bbox 2231 3934 3812 4004; baseline 0.002 -12"><span class='ocrx_word' id='word_1_519' title='bbox 2231 3936 2603 3998; x_wconf 86' lang='lat' dir='ltr'><strong>custodiendo.</strong></span> <span class='ocrx_word' id='word_1_520' title='bbox 2632 3936 2684 3990; x_wconf 92' lang='lat' dir='ltr'><strong>id</strong></span> <span class='ocrx_word' id='word_1_521' title='bbox 2712 3942 2816 4000; x_wconf 88' lang='lat' dir='ltr'><strong>est,</strong></span> <span class='ocrx_word' id='word_1_522' title='bbox 2853 3934 3102 4004; x_wconf 88' lang='lat' dir='ltr'><strong>primam,</strong></span> <span class='ocrx_word' id='word_1_523' title='bbox 3136 3934 3370 4002; x_wconf 89' lang='lat' dir='ltr'><strong>tertiam,</strong></span> <span class='ocrx_word' id='word_1_524' title='bbox 3401 3945 3648 4004; x_wconf 78' lang='lat' dir='ltr'><strong>sextam;</strong></span> <span class='ocrx_word' id='word_1_525' title='bbox 3681 3938 3812 3995; x_wconf 79' lang='lat' dir='ltr'><strong>mis-</strong></span> 
     </span>
    </p>
   </div>
   <div class='ocr_carea' id='block_1_75' title="bbox 2231 4025 3814 4097">
    <p class='ocr_par' dir='ltr' id='par_1_75' title="bbox 2231 4025 3814 4097">
     <span class='ocr_line' id='line_1_75' title="bbox 2231 4025 3814 4097; baseline 0.001 -14"><span class='ocrx_word' id='word_1_526' title='bbox 2231 4043 2412 4084; x_wconf 89' lang='lat' dir='ltr'><strong>sarum</strong></span> <span class='ocrx_word' id='word_1_527' title='bbox 2441 4042 2653 4097; x_wconf 89' lang='lat' dir='ltr'><strong>quoque</strong></span> <span class='ocrx_word' id='word_1_528' title='bbox 2696 4027 3004 4096; x_wconf 87' lang='lat' dir='ltr'><strong>quotidiana</strong></span> <span class='ocrx_word' id='word_1_529' title='bbox 3035 4025 3415 4093; x_wconf 89' lang='lat' dir='ltr'><strong>celebratione,</strong></span> <span class='ocrx_word' id='word_1_530' title='bbox 3446 4040 3670 4093; x_wconf 89' lang='lat' dir='ltr'><strong>nonam,</strong></span> <span class='ocrx_word' id='word_1_531' title='bbox 3714 4043 3814 4084; x_wconf 82' lang='lat' dir='ltr'><strong>ve-</strong></span> 
     </span>
    </p>
   </div>
   <div class='ocr_carea' id='block_1_76' title="bbox 2231 4113 3810 4187">
    <p class='ocr_par' dir='ltr' id='par_1_76' title="bbox 2231 4113 3810 4187">
     <span class='ocr_line' id='line_1_76' title="bbox 2231 4113 3810 4187; baseline 0 -15"><span class='ocrx_word' id='word_1_532' title='bbox 2231 4132 2417 4187; x_wconf 89' lang='lat' dir='ltr'><strong>speras</strong></span> <span class='ocrx_word' id='word_1_533' title='bbox 2443 4125 2498 4171; x_wconf 91' lang='lat' dir='ltr'><strong>et</strong></span> <span class='ocrx_word' id='word_1_534' title='bbox 2543 4115 2982 4184; x_wconf 87' lang='lat' dir='ltr'><strong>completorium,</strong></span> <span class='ocrx_word' id='word_1_535' title='bbox 3015 4123 3177 4185; x_wconf 91' lang='lat' dir='ltr'><strong>atque</strong></span> <span class='ocrx_word' id='word_1_536' title='bbox 3225 4115 3541 4171; x_wconf 90' lang='lat' dir='ltr'><strong>matutinale</strong></span> <span class='ocrx_word' id='word_1_537' title='bbox 3575 4113 3810 4172; x_wconf 74' lang='lat' dir='ltr'><strong>ndicium</strong></span> 
     </span>
    </p>
   </div>
   <div class='ocr_carea' id='block_1_77' title="bbox 2230 4206 3810 4278">
    <p class='ocr_par' dir='ltr' id='par_1_77' title="bbox 2230 4206 3810 4278">
     <span class='ocr_line' id='line_1_77' title="bbox 2230 4206 3810 4278; baseline 0.001 -14"><span class='ocrx_word' id='word_1_538' title='bbox 2230 4209 2589 4264; x_wconf 85' lang='lat' dir='ltr'><strong>decantando.</strong></span> <span class='ocrx_word' id='word_1_539' title='bbox 2633 4206 2700 4261; x_wconf 85' lang='lat' dir='ltr'><strong>Et</strong></span> <span class='ocrx_word' id='word_1_540' title='bbox 2743 4207 2965 4261; x_wconf 76' lang='lat' dir='ltr'><strong>invitata</strong></span> <span class='ocrx_word' id='word_1_541' title='bbox 2990 4207 3348 4278; x_wconf 89' lang='lat' dir='ltr'><strong>parochianos</strong></span> <span class='ocrx_word' id='word_1_542' title='bbox 3375 4217 3617 4274; x_wconf 79' lang='lat' dir='ltr'><strong>vestms,</strong></span> <span class='ocrx_word' id='word_1_543' title='bbox 3657 4214 3716 4263; x_wconf 92' lang='lat' dir='ltr'><strong>ut</strong></span> <span class='ocrx_word' id='word_1_544' title='bbox 3760 4211 3810 4265; x_wconf 90' lang='lat' dir='ltr'><strong>si</strong></span> 
     </span>
    </p>
   </div>
   <div class='ocr_carea' id='block_1_78' title="bbox 2230 4298 3809 4367">
    <p class='ocr_par' dir='ltr' id='par_1_78' title="bbox 2230 4298 3809 4367">
     <span class='ocr_line' id='line_1_78' title="bbox 2230 4298 3809 4367; baseline 0.003 -15"><span class='ocrx_word' id='word_1_545' title='bbox 2230 4301 2296 4355; x_wconf 89' lang='lat' dir='ltr'><strong>ad</strong></span> <span class='ocrx_word' id='word_1_546' title='bbox 2329 4299 2466 4354; x_wconf 87' lang='lat' dir='ltr'><strong>alios</strong></span> <span class='ocrx_word' id='word_1_547' title='bbox 2491 4313 2682 4354; x_wconf 91' lang='lat' dir='ltr'><strong>cursus</strong></span> <span class='ocrx_word' id='word_1_548' title='bbox 2712 4298 2742 4340; x_wconf 72' lang='grc' dir='ltr'><strong>ιι</strong></span> <span class='ocrx_word' id='word_1_549' title='bbox 2768 4298 2952 4354; x_wconf 86' lang='lat' dir='ltr'><strong>venire</strong></span> <span class='ocrx_word' id='word_1_550' title='bbox 2991 4315 3097 4355; x_wconf 90' lang='lat' dir='ltr'><strong>non</strong></span> <span class='ocrx_word' id='word_1_551' title='bbox 3133 4299 3424 4367; x_wconf 78' lang='lat' dir='ltr'><strong>sulliciunt,</strong></span> <span class='ocrx_word' id='word_1_552' title='bbox 3457 4300 3648 4356; x_wconf 91' lang='lat' dir='ltr'><strong>saltem</strong></span> <span class='ocrx_word' id='word_1_553' title='bbox 3678 4301 3809 4357; x_wconf 86' lang='lat' dir='ltr'><strong>mis-</strong></span> 
     </span>
    </p>
   </div>
   <div class='ocr_carea' id='block_1_79' title="bbox 2229 4389 3809 4462">
    <p class='ocr_par' dir='ltr' id='par_1_79' title="bbox 2229 4389 3809 4462">
     <span class='ocr_line' id='line_1_79' title="bbox 2229 4389 3809 4462; baseline -0.001 -16"><span class='ocrx_word' id='word_1_554' title='bbox 2229 4406 2318 4446; x_wconf 90' lang='lat' dir='ltr'><strong>sas</strong></span> <span class='ocrx_word' id='word_1_555' title='bbox 2354 4389 2688 4462; x_wconf 83' lang='lat' dir='ltr'><strong>frequentius</strong></span> <span class='ocrx_word' id='word_1_556' title='bbox 2713 4390 2900 4445; x_wconf 88' lang='lat' dir='ltr'><strong>audire</strong></span> <span class='ocrx_word' id='word_1_557' title='bbox 2941 4391 3211 4458; x_wconf 90' lang='lat' dir='ltr'><strong>studeant,</strong></span> <span class='ocrx_word' id='word_1_558' title='bbox 3241 4399 3298 4446; x_wconf 92' lang='lat' dir='ltr'><strong>et</strong></span> <span class='ocrx_word' id='word_1_559' title='bbox 3324 4390 3617 4446; x_wconf 88' lang='lat' dir='ltr'><strong>Dominicis</strong></span> <span class='ocrx_word' id='word_1_560' title='bbox 3644 4397 3809 4459; x_wconf 87' lang='lat' dir='ltr'><strong>atque</strong></span> 
     </span>
    </p>
   </div>
   <div class='ocr_carea' id='block_1_80' title="bbox 2229 4477 3809 4552">
    <p class='ocr_par' dir='ltr' id='par_1_80' title="bbox 2229 4477 3809 4552">
     <span class='ocr_line' id='line_1_80' title="bbox 2229 4477 3809 4552; baseline 0 -18"><span class='ocrx_word' id='word_1_561' title='bbox 2229 4480 2350 4535; x_wconf 90' lang='lat' dir='ltr'><strong>aliis</strong></span> <span class='ocrx_word' id='word_1_562' title='bbox 2376 4479 2562 4536; x_wconf 87' lang='lat' dir='ltr'><strong>diebus</strong></span> <span class='ocrx_word' id='word_1_563' title='bbox 2591 4480 2742 4537; x_wconf 79' lang='lat' dir='ltr'><strong>festis</strong></span> <span class='ocrx_word' id='word_1_564' title='bbox 2763 4494 3038 4552; x_wconf 90' lang='lat' dir='ltr'><strong>vesperas,</strong></span> <span class='ocrx_word' id='word_1_565' title='bbox 3063 4481 3375 4547; x_wconf 88' lang='lat' dir='ltr'><strong>matutinas,</strong></span> <span class='ocrx_word' id='word_1_566' title='bbox 3401 4488 3456 4537; x_wconf 91' lang='lat' dir='ltr'><strong>et</strong></span> <span class='ocrx_word' id='word_1_567' title='bbox 3479 4479 3671 4536; x_wconf 89' lang='lat' dir='ltr'><strong>missas</strong></span> <span class='ocrx_word' id='word_1_568' title='bbox 3699 4477 3809 4535; x_wconf 86' lang='lat' dir='ltr'><strong>fre-</strong></span> 
     </span>
    </p>
   </div>
   <div class='ocr_carea' id='block_1_81' title="bbox 555 4565 3109 4643">
    <p class='ocr_par' dir='ltr' id='par_1_81' title="bbox 555 4565 3109 4643">
     <span class='ocr_line' id='line_1_81' title="bbox 555 4565 3109 4643; baseline 0.001 -20"><span class='ocrx_word' id='word_1_569' title='bbox 555 4577 874 4634; x_wconf 85' lang='lat' dir='ltr'><strong>tenuerunt,</strong></span> <span class='ocrx_word' id='word_1_570' title='bbox 916 4577 972 4623; x_wconf 92' lang='lat' dir='ltr'><strong>et</strong></span> <span class='ocrx_word' id='word_1_571' title='bbox 1014 4568 1108 4622; x_wconf 87' lang='lat' dir='ltr'><strong>ﬁlii</strong></span> <span class='ocrx_word' id='word_1_572' title='bbox 1153 4582 1365 4638; x_wconf 91' lang='lat' dir='ltr'><strong>quoque</strong></span> <span class='ocrx_word' id='word_1_573' title='bbox 1399 4567 1579 4622; x_wconf 77' lang='lat' dir='ltr'><strong>Aaron</strong></span> <span class='ocrx_word' id='word_1_574' title='bbox 1608 4567 1838 4622; x_wconf 79' lang='lat' dir='ltr'><strong>cilicium</strong></span> <span class='ocrx_word' id='word_1_575' title='bbox 1869 4565 2118 4622; x_wconf 90' lang='lat' dir='ltr'><strong>sacerdo-</strong></span> <span class='ocrx_word' id='word_1_576' title='bbox 2151 4579 2204 4638; x_wconf 77' lang='grc' dir='ltr'><strong>Ι)</strong></span> <span class='ocrx_word' id='word_1_577' title='bbox 2230 4578 2494 4643; x_wconf 88' lang='lat' dir='ltr'><strong>queutare</strong></span> <span class='ocrx_word' id='word_1_578' title='bbox 2538 4586 2644 4625; x_wconf 91' lang='lat' dir='ltr'><strong>non</strong></span> <span class='ocrx_word' id='word_1_579' title='bbox 2677 4571 3109 4642; x_wconf 72' lang='lat' dir='ltr'><strong>prietermittant.</strong></span> 
     </span>
    </p>
   </div>
   <div class='ocr_carea' id='block_1_82' title="bbox 551 4653 2127 4727">
    <p class='ocr_par' dir='ltr' id='par_1_82' title="bbox 551 4653 2127 4727">
     <span class='ocr_line' id='line_1_82' title="bbox 551 4653 2127 4727; baseline -0.004 -14"><span class='ocrx_word' id='word_1_580' title='bbox 551 4659 656 4714; x_wconf 88' lang='lat' dir='ltr'><strong>tale</strong></span> <span class='ocrx_word' id='word_1_581' title='bbox 695 4659 747 4712; x_wconf 92' lang='lat' dir='ltr'><strong>in</strong></span> <span class='ocrx_word' id='word_1_582' title='bbox 775 4657 1011 4713; x_wconf 91' lang='lat' dir='ltr'><strong>secundo</strong></span> <span class='ocrx_word' id='word_1_583' title='bbox 1045 4655 1214 4727; x_wconf 84' lang='lat' dir='ltr'><strong>gradu</strong></span> <span class='ocrx_word' id='word_1_584' title='bbox 1241 4656 1416 4711; x_wconf 88' lang='lat' dir='ltr'><strong>sortiti</strong></span> <span class='ocrx_word' id='word_1_585' title='bbox 1448 4665 1592 4710; x_wconf 80' lang='lat' dir='ltr'><strong>sunt.</strong></span> <span class='ocrx_word' id='word_1_586' title='bbox 1624 4657 1704 4710; x_wconf 85' lang='lat' dir='ltr'><strong>Ad</strong></span> <span class='ocrx_word' id='word_1_587' title='bbox 1731 4670 1824 4710; x_wconf 90' lang='lat' dir='ltr'><strong>vos</strong></span> <span class='ocrx_word' id='word_1_588' title='bbox 1849 4656 1992 4710; x_wconf 90' lang='lat' dir='ltr'><strong>enim</strong></span> <span class='ocrx_word' id='word_1_589' title='bbox 2012 4653 2127 4725; x_wconf 89' lang='lat' dir='ltr'><strong>ple-</strong></span> 
     </span>
    </p>
   </div>
   <div class='ocr_carea' id='block_1_83' title="bbox 550 4746 2126 4819">
    <p class='ocr_par' dir='ltr' id='par_1_83' title="bbox 550 4746 2126 4819">
     <span class='ocr_line' id='line_1_83' title="bbox 550 4746 2126 4819; baseline 0 -15"><span class='ocrx_word' id='word_1_590' title='bbox 550 4750 696 4804; x_wconf 87' lang='lat' dir='ltr'><strong>bium</strong></span> <span class='ocrx_word' id='word_1_591' title='bbox 726 4750 959 4819; x_wconf 88' lang='lat' dir='ltr'><strong>pertinet</strong></span> <span class='ocrx_word' id='word_1_592' title='bbox 983 4755 1196 4804; x_wconf 84' lang='lat' dir='ltr'><strong>curaet</strong></span> <span class='ocrx_word' id='word_1_593' title='bbox 1223 4747 1546 4815; x_wconf 90' lang='lat' dir='ltr'><strong>sollicitudo,</strong></span> <span class='ocrx_word' id='word_1_594' title='bbox 1572 4755 1624 4804; x_wconf 89' lang='lat' dir='ltr'><strong>et</strong></span> <span class='ocrx_word' id='word_1_595' title='bbox 1648 4764 1713 4802; x_wconf 83' lang='lat' dir='ltr'><strong>ex</strong></span> <span class='ocrx_word' id='word_1_596' title='bbox 1744 4746 1895 4802; x_wconf 86' lang='lat' dir='ltr'><strong>vobis</strong></span> <span class='ocrx_word' id='word_1_597' title='bbox 1928 4748 2126 4818; x_wconf 90' lang='lat' dir='ltr'><strong>pendet</strong></span> 
     </span>
    </p>
   </div>
   <div class='ocr_carea' id='block_1_84' title="bbox 548 4837 2122 4911">
    <p class='ocr_par' dir='ltr' id='par_1_84' title="bbox 548 4837 2122 4911">
     <span class='ocr_line' id='line_1_84' title="bbox 548 4837 2122 4911; baseline 0.001 -18"><span class='ocrx_word' id='word_1_598' title='bbox 548 4854 733 4894; x_wconf 88' lang='lat' dir='ltr'><strong>eorum</strong></span> <span class='ocrx_word' id='word_1_599' title='bbox 761 4838 905 4894; x_wconf 84' lang='lat' dir='ltr'><strong>salus</strong></span> <span class='ocrx_word' id='word_1_600' title='bbox 929 4878 944 4905; x_wconf 92' lang='lat'><strong>,</strong></span> <span class='ocrx_word' id='word_1_601' title='bbox 973 4837 1208 4905; x_wconf 88' lang='lat' dir='ltr'><strong>utilitas,</strong></span> <span class='ocrx_word' id='word_1_602' title='bbox 1271 4847 1433 4909; x_wconf 90' lang='lat' dir='ltr'><strong>atque</strong></span> <span class='ocrx_word' id='word_1_603' title='bbox 1485 4838 1786 4894; x_wconf 87' lang='lat' dir='ltr'><strong>animarum</strong></span> <span class='ocrx_word' id='word_1_604' title='bbox 1815 4839 2122 4911; x_wconf 79' lang='lat' dir='ltr'><strong>profectus;</strong></span> 
     </span>
    </p>
   </div>
   <div class='ocr_carea' id='block_1_85' title="bbox 549 4931 2125 5002">
    <p class='ocr_par' dir='ltr' id='par_1_85' title="bbox 549 4931 2125 5002">
     <span class='ocr_line' id='line_1_85' title="bbox 549 4931 2125 5002; baseline -0.001 -16"><span class='ocrx_word' id='word_1_605' title='bbox 549 4933 808 5002; x_wconf 89' lang='lat' dir='ltr'><strong>scriptum</strong></span> <span class='ocrx_word' id='word_1_606' title='bbox 861 4947 1096 5002; x_wconf 90' lang='lat' dir='ltr'><strong>namque</strong></span> <span class='ocrx_word' id='word_1_607' title='bbox 1143 4939 1226 4986; x_wconf 90' lang='lat' dir='ltr'><strong>est</strong></span> <span class='ocrx_word' id='word_1_608' title='bbox 1276 4932 1341 4986; x_wconf 92' lang='lat' dir='ltr'><strong>de</strong></span> <span class='ocrx_word' id='word_1_609' title='bbox 1387 4931 1539 4987; x_wconf 87' lang='lat' dir='ltr'><strong>vobis</strong></span> <span class='ocrx_word' id='word_1_610' title='bbox 1576 4951 1588 4986; x_wconf 88' lang='lat'><strong>:</strong></span> <span class='ocrx_word' id='word_1_611' title='bbox 1622 4931 1786 4986; x_wconf 87' lang='lat' dir='ltr'><strong>Labia</strong></span> <span class='ocrx_word' id='word_1_612' title='bbox 1839 4931 2125 4986; x_wconf 77' lang='lat' dir='ltr'><strong>sacerdotis</strong></span> 
     </span>
    </p>
   </div>
   <div class='ocr_carea' id='block_1_86' title="bbox 548 5019 2122 5093">
    <p class='ocr_par' dir='ltr' id='par_1_86' title="bbox 548 5019 2122 5093">
     <span class='ocr_line' id='line_1_86' title="bbox 548 5019 2122 5093; baseline -0.003 -17"><span class='ocrx_word' id='word_1_613' title='bbox 548 5022 836 5076; x_wconf 66' lang='lat' dir='ltr'><strong>custodierit</strong></span> <span class='ocrx_word' id='word_1_614' title='bbox 871 5022 1170 5087; x_wconf 77' lang='lat' dir='ltr'><strong>scientiam,</strong></span> <span class='ocrx_word' id='word_1_615' title='bbox 1198 5031 1246 5076; x_wconf 85' lang='lat' dir='ltr'><strong>et</strong></span> <span class='ocrx_word' id='word_1_616' title='bbox 1268 5021 1428 5091; x_wconf 86' lang='lat' dir='ltr'><strong>legem</strong></span> <span class='ocrx_word' id='word_1_617' title='bbox 1463 5022 1721 5093; x_wconf 76' lang='lat' dir='ltr'><strong>requirent</strong></span> <span class='ocrx_word' id='word_1_618' title='bbox 1767 5035 1832 5073; x_wconf 78' lang='lat' dir='ltr'><strong>ex</strong></span> <span class='ocrx_word' id='word_1_619' title='bbox 1857 5035 1944 5073; x_wconf 90' lang='lat' dir='ltr'><strong>ore</strong></span> <span class='ocrx_word' id='word_1_620' title='bbox 1974 5019 2122 5088; x_wconf 75' lang='lat' dir='ltr'><strong>ejus:</strong></span> 
     </span>
    </p>
   </div>
   <div class='ocr_carea' id='block_1_87' title="bbox 549 5109 2123 5185">
    <p class='ocr_par' dir='ltr' id='par_1_87' title="bbox 549 5109 2123 5185">
     <span class='ocr_line' id='line_1_87' title="bbox 549 5109 2123 5185; baseline 0 -19"><span class='ocrx_word' id='word_1_621' title='bbox 549 5114 673 5183; x_wconf 82' lang='lat' dir='ltr'><strong>quia</strong></span> <span class='ocrx_word' id='word_1_622' title='bbox 708 5113 921 5185; x_wconf 79' lang='lat' dir='ltr'><strong>angelus</strong></span> <span class='ocrx_word' id='word_1_623' title='bbox 974 5112 1186 5167; x_wconf 84' lang='lat' dir='ltr'><strong>Domini</strong></span> <span class='ocrx_word' id='word_1_624' title='bbox 1233 5113 1551 5167; x_wconf 67' lang='lat' dir='ltr'><strong>exercituum</strong></span> <span class='ocrx_word' id='word_1_625' title='bbox 1595 5121 1670 5166; x_wconf 80' lang='lat' dir='ltr'><strong>ett</strong></span> <span class='ocrx_word' id='word_1_626' title='bbox 1713 5109 1977 5182; x_wconf 58' lang='lat' dir='ltr'><strong>(Malam.</strong></span> <span class='ocrx_word' id='word_1_627' title='bbox 2030 5109 2123 5181; x_wconf 85' lang='lat' dir='ltr'><strong>ti&#39;).</strong></span> 
     </span>
    </p>
   </div>
   <div class='ocr_carea' id='block_1_88' title="bbox 547 5200 2126 5276">
    <p class='ocr_par' dir='ltr' id='par_1_88' title="bbox 547 5200 2126 5276">
     <span class='ocr_line' id='line_1_88' title="bbox 547 5200 2126 5276; baseline -0.002 -17"><span class='ocrx_word' id='word_1_628' title='bbox 547 5204 780 5276; x_wconf 84' lang='lat' dir='ltr'><strong>Angelus</strong></span> <span class='ocrx_word' id='word_1_629' title='bbox 809 5218 1040 5274; x_wconf 89' lang='lat' dir='ltr'><strong>namque</strong></span> <span class='ocrx_word' id='word_1_630' title='bbox 1071 5203 1263 5258; x_wconf 90' lang='lat' dir='ltr'><strong>Latino</strong></span> <span class='ocrx_word' id='word_1_631' title='bbox 1291 5202 1504 5272; x_wconf 92' lang='lat' dir='ltr'><strong>eloquio</strong></span> <span class='ocrx_word' id='word_1_632' title='bbox 1547 5202 1760 5255; x_wconf 81' lang='lat' dir='ltr'><strong>nuntius</strong></span> <span class='ocrx_word' id='word_1_633' title='bbox 1800 5200 1998 5256; x_wconf 91' lang='lat' dir='ltr'><strong>dicitur</strong></span> <span class='ocrx_word' id='word_1_634' title='bbox 2026 5219 2039 5255; x_wconf 89' lang='lat'><strong>:</strong></span> <span class='ocrx_word' id='word_1_635' title='bbox 2070 5209 2126 5256; x_wconf 92' lang='lat' dir='ltr'><strong>et</strong></span> 
     </span>
    </p>
   </div>
   <div class='ocr_carea' id='block_1_89' title="bbox 550 5289 2127 5365">
    <p class='ocr_par' dir='ltr' id='par_1_89' title="bbox 550 5289 2127 5365">
     <span class='ocr_line' id='line_1_89' title="bbox 550 5289 2127 5365; baseline -0.001 -17"><span class='ocrx_word' id='word_1_636' title='bbox 550 5311 646 5349; x_wconf 90' lang='lat' dir='ltr'><strong>vos</strong></span> <span class='ocrx_word' id='word_1_637' title='bbox 665 5296 879 5365; x_wconf 91' lang='lat' dir='ltr'><strong>quidem</strong></span> <span class='ocrx_word' id='word_1_638' title='bbox 914 5293 1227 5365; x_wconf 87' lang='lat' dir='ltr'><strong>angelorum</strong></span> <span class='ocrx_word' id='word_1_639' title='bbox 1258 5292 1620 5346; x_wconf 90' lang='lat' dir='ltr'><strong>ministerium</strong></span> <span class='ocrx_word' id='word_1_640' title='bbox 1643 5289 1888 5360; x_wconf 83' lang='lat' dir='ltr'><strong>expletis,</strong></span> <span class='ocrx_word' id='word_1_641' title='bbox 1913 5290 2127 5362; x_wconf 88' lang='lat' dir='ltr'><strong>quando</strong></span> 
     </span>
    </p>
   </div>
   <div class='ocr_carea' id='block_1_90' title="bbox 553 5381 2125 5456">
    <p class='ocr_par' dir='ltr' id='par_1_90' title="bbox 553 5381 2125 5456">
     <span class='ocr_line' id='line_1_90' title="bbox 553 5381 2125 5456; baseline 0.001 -19"><span class='ocrx_word' id='word_1_642' title='bbox 553 5395 758 5440; x_wconf 88' lang='lat' dir='ltr'><strong>vestras</strong></span> <span class='ocrx_word' id='word_1_643' title='bbox 796 5384 975 5456; x_wconf 89' lang='lat' dir='ltr'><strong>plebes</strong></span> <span class='ocrx_word' id='word_1_644' title='bbox 1016 5383 1294 5444; x_wconf 26' lang='lat' dir='ltr'><strong>instruitis.</strong></span> <span class='ocrx_word' id='word_1_645' title='bbox 1328 5391 1488 5450; x_wconf 89' lang='lat' dir='ltr'><strong>atque</strong></span> <span class='ocrx_word' id='word_1_646' title='bbox 1531 5381 1765 5445; x_wconf 90' lang='lat' dir='ltr'><strong>docetis;</strong></span> <span class='ocrx_word' id='word_1_647' title='bbox 1815 5381 1908 5436; x_wconf 90' lang='lat' dir='ltr'><strong>sed</strong></span> <span class='ocrx_word' id='word_1_648' title='bbox 1951 5382 2125 5450; x_wconf 92' lang='lat' dir='ltr'><strong>primo</strong></span> 
     </span>
    </p>
   </div>
   <div class='ocr_carea' id='block_1_91' title="bbox 528 5459 2122 5543">
    <p class='ocr_par' dir='ltr' id='par_1_91' title="bbox 528 5459 2122 5543">
     <span class='ocr_line' id='line_1_91' title="bbox 528 5459 2122 5543; baseline -0.003 -13"><span class='ocrx_word' id='word_1_649' title='bbox 528 5459 909 5531; x_wconf 53' lang='lat' dir='ltr'><strong>necessarium</strong></span> <span class='ocrx_word' id='word_1_650' title='bbox 941 5482 1055 5539; x_wconf 90' lang='lat' dir='ltr'><strong>est,</strong></span> <span class='ocrx_word' id='word_1_651' title='bbox 1084 5482 1141 5526; x_wconf 88' lang='lat' dir='ltr'><strong>ut</strong></span> <span class='ocrx_word' id='word_1_652' title='bbox 1186 5473 1286 5542; x_wconf 88' lang='lat' dir='ltr'><strong>ipsi</strong></span> <span class='ocrx_word' id='word_1_653' title='bbox 1326 5472 1566 5543; x_wconf 83' lang='lat' dir='ltr'><strong>diligenti</strong></span> <span class='ocrx_word' id='word_1_654' title='bbox 1605 5472 1950 5527; x_wconf 87' lang='lat' dir='ltr'><strong>meditatione</strong></span> <span class='ocrx_word' id='word_1_655' title='bbox 1979 5471 2122 5526; x_wconf 90' lang='lat' dir='ltr'><strong>litte-</strong></span> 
     </span>
    </p>
   </div>
   <div class='ocr_carea' id='block_1_92' title="bbox 550 5547 2119 5632">
    <p class='ocr_par' dir='ltr' id='par_1_92' title="bbox 550 5547 2119 5632">
     <span class='ocr_line' id='line_1_92' title="bbox 550 5547 2119 5632; baseline -0.003 -13"><span class='ocrx_word' id='word_1_656' title='bbox 550 5581 730 5620; x_wconf 85' lang='lat' dir='ltr'><strong>rarum</strong></span> <span class='ocrx_word' id='word_1_657' title='bbox 762 5578 1039 5622; x_wconf 83' lang='lat' dir='ltr'><strong>sacrarum</strong></span> <span class='ocrx_word' id='word_1_658' title='bbox 1081 5547 1363 5627; x_wconf 79' lang='lat' dir='ltr'><strong>lectionem</strong></span> <span class='ocrx_word' id='word_1_659' title='bbox 1388 5562 1611 5619; x_wconf 87' lang='lat' dir='ltr'><strong>discatis</strong></span> <span class='ocrx_word' id='word_1_660' title='bbox 1634 5603 1648 5631; x_wconf 90' lang='lat'><strong>,</strong></span> <span class='ocrx_word' id='word_1_661' title='bbox 1687 5577 1848 5632; x_wconf 83' lang='lat' dir='ltr'><strong>quam</strong></span> <span class='ocrx_word' id='word_1_662' title='bbox 1880 5570 2119 5632; x_wconf 86' lang='lat' dir='ltr'><strong>postmo-</strong></span> 
     </span>
    </p>
   </div>
   <div class='ocr_carea' id='block_1_93' title="bbox 526 5675 1360 5746">
    <p class='ocr_par' dir='ltr' id='par_1_93' title="bbox 526 5675 1360 5746">
     <span class='ocr_line' id='line_1_93' title="bbox 526 5675 1360 5746; baseline 0.002 -17"><span class='ocrx_word' id='word_1_663' title='bbox 526 5675 536 5679; x_wconf 81' lang='grc'><em>’</em></span> <span class='ocrx_word' id='word_1_664' title='bbox 616 5697 637 5721; x_wconf 83' lang='grc' dir='ltr'><strong>ιι</strong></span> <span class='ocrx_word' id='word_1_665' title='bbox 681 5679 906 5746; x_wconf 74' lang='lat' dir='ltr'><strong>Capitul.</strong></span> <span class='ocrx_word' id='word_1_666' title='bbox 961 5693 1082 5742; x_wconf 79' lang='lat' dir='ltr'><strong>xvr,</strong></span> <span class='ocrx_word' id='word_1_667' title='bbox 1134 5693 1198 5731; x_wconf 90' lang='lat' dir='ltr'><strong>an</strong></span> <span class='ocrx_word' id='word_1_668' title='bbox 1242 5676 1360 5734; x_wconf 80' lang='lat'><strong>769.</strong></span> 
     </span>
    </p>
   </div>
   <div class='ocr_carea' id='block_1_94' title="bbox 541 5746 1124 5810">
    <p class='ocr_par' dir='ltr' id='par_1_94' title="bbox 541 5746 1124 5810">
     <span class='ocr_line' id='line_1_94' title="bbox 541 5746 1124 5810; baseline -0.002 -10"><span class='ocrx_word' id='word_1_669' title='bbox 541 5805 546 5810; x_wconf 53' lang='grc'><em>,</em></span> <span class='ocrx_word' id='word_1_670' title='bbox 615 5746 641 5784; x_wconf 68' lang='grc' dir='ltr'>δ</span> <span class='ocrx_word' id='word_1_671' title='bbox 684 5747 738 5804; x_wconf 85' lang='lat' dir='ltr'><strong>ld</strong></span> <span class='ocrx_word' id='word_1_672' title='bbox 772 5759 850 5802; x_wconf 83' lang='lat' dir='ltr'><strong>est</strong></span> <span class='ocrx_word' id='word_1_673' title='bbox 877 5747 1124 5802; x_wconf 84' lang='lat' dir='ltr'><strong>otliciuiu.</strong></span> 
     </span>
    </p>
   </div>
   <div class='ocr_carea' id='block_1_95' title="bbox 2303 4657 3808 4731">
    <p class='ocr_par' dir='ltr' id='par_1_95' title="bbox 2303 4657 3808 4731">
     <span class='ocr_line' id='line_1_95' title="bbox 2303 4657 3808 4731; baseline -0.003 -15"><span class='ocrx_word' id='word_1_674' title='bbox 2303 4660 2390 4716; x_wconf 84' lang='grc' dir='ltr'><strong>ιν.</strong></span> <span class='ocrx_word' id='word_1_675' title='bbox 2433 4659 2514 4715; x_wconf 80' lang='lat' dir='ltr'><strong>Ad</strong></span> <span class='ocrx_word' id='word_1_676' title='bbox 2555 4674 2651 4715; x_wconf 87' lang='lat' dir='ltr'><strong>vos</strong></span> <span class='ocrx_word' id='word_1_677' title='bbox 2703 4674 2832 4731; x_wconf 84' lang='lat' dir='ltr'><strong>ergo</strong></span> <span class='ocrx_word' id='word_1_678' title='bbox 2884 4660 3084 4714; x_wconf 88' lang='lat' dir='ltr'><strong>dictum</strong></span> <span class='ocrx_word' id='word_1_679' title='bbox 3140 4674 3260 4716; x_wconf 89' lang='lat' dir='ltr'><strong>esse</strong></span> <span class='ocrx_word' id='word_1_680' title='bbox 3308 4659 3545 4716; x_wconf 87' lang='lat' dir='ltr'><strong>scitote:</strong></span> <span class='ocrx_word' id='word_1_681' title='bbox 3576 4657 3808 4712; x_wconf 75' lang='lat' dir='ltr'><strong>Munda-</strong></span> 
     </span>
    </p>
   </div>
   <div class='ocr_carea' id='block_1_96' title="bbox 2232 4747 3808 4822">
    <p class='ocr_par' dir='ltr' id='par_1_96' title="bbox 2232 4747 3808 4822">
     <span class='ocr_line' id='line_1_96' title="bbox 2232 4747 3808 4822; baseline -0.003 -18"><span class='ocrx_word' id='word_1_682' title='bbox 2232 4752 2360 4805; x_wconf 83' lang='lat' dir='ltr'><strong>mini</strong></span> <span class='ocrx_word' id='word_1_683' title='bbox 2387 4792 2400 4815; x_wconf 90' lang='lat'><strong>,</strong></span> <span class='ocrx_word' id='word_1_684' title='bbox 2444 4752 2532 4821; x_wconf 85' lang='lat' dir='ltr'><strong>qui</strong></span> <span class='ocrx_word' id='word_1_685' title='bbox 2561 4751 2707 4820; x_wconf 77' lang='lat' dir='ltr'><strong>[erlis</strong></span> <span class='ocrx_word' id='word_1_686' title='bbox 2732 4767 2856 4804; x_wconf 80' lang='lat' dir='ltr'><strong>vasa</strong></span> <span class='ocrx_word' id='word_1_687' title='bbox 2877 4747 3088 4803; x_wconf 82' lang='lat' dir='ltr'><strong>Domini</strong></span> <span class='ocrx_word' id='word_1_688' title='bbox 3118 4748 3253 4822; x_wconf 70' lang='lat' dir='ltr'><strong>(lea.</strong></span> <span class='ocrx_word' id='word_1_689' title='bbox 3285 4749 3403 4819; x_wconf 81' lang='lat' dir='ltr'><strong>Lit).</strong></span> <span class='ocrx_word' id='word_1_690' title='bbox 3435 4747 3536 4805; x_wconf 83' lang='lat' dir='ltr'><strong>Ubi</strong></span> <span class='ocrx_word' id='word_1_691' title='bbox 3559 4762 3664 4802; x_wconf 85' lang='lat' dir='ltr'><strong>non</strong></span> <span class='ocrx_word' id='word_1_692' title='bbox 3690 4755 3808 4801; x_wconf 86' lang='lat' dir='ltr'><strong>tan-</strong></span> 
     </span>
    </p>
   </div>
   <div class='ocr_carea' id='block_1_97' title="bbox 2232 4835 3808 4912">
    <p class='ocr_par' dir='ltr' id='par_1_97' title="bbox 2232 4835 3808 4912">
     <span class='ocr_line' id='line_1_97' title="bbox 2232 4835 3808 4912; baseline -0.004 -14"><span class='ocrx_word' id='word_1_693' title='bbox 2232 4851 2343 4898; x_wconf 89' lang='lat' dir='ltr'><strong>tum</strong></span> <span class='ocrx_word' id='word_1_694' title='bbox 2388 4835 2790 4911; x_wconf 86' lang='lat' dir='ltr'><strong>intelligendum</strong></span> <span class='ocrx_word' id='word_1_695' title='bbox 2825 4854 2944 4895; x_wconf 89' lang='lat' dir='ltr'><strong>esse</strong></span> <span class='ocrx_word' id='word_1_696' title='bbox 2969 4841 3204 4910; x_wconf 90' lang='lat' dir='ltr'><strong>putetis,</strong></span> <span class='ocrx_word' id='word_1_697' title='bbox 3235 4841 3377 4912; x_wconf 89' lang='lat' dir='ltr'><strong>quod</strong></span> <span class='ocrx_word' id='word_1_698' title='bbox 3421 4839 3487 4895; x_wconf 92' lang='lat' dir='ltr'><strong>de</strong></span> <span class='ocrx_word' id='word_1_699' title='bbox 3534 4837 3704 4894; x_wconf 90' lang='lat' dir='ltr'><strong>calice</strong></span> <span class='ocrx_word' id='word_1_700' title='bbox 3750 4846 3808 4894; x_wconf 90' lang='lat' dir='ltr'><strong>et</strong></span> 
     </span>
    </p>
   </div>
   <div class='ocr_carea' id='block_1_98' title="bbox 2231 4929 3802 5005">
    <p class='ocr_par' dir='ltr' id='par_1_98' title="bbox 2231 4929 3802 5005">
     <span class='ocr_line' id='line_1_98' title="bbox 2231 4929 3802 5005; baseline -0.003 -18"><span class='ocrx_word' id='word_1_701' title='bbox 2231 4942 2422 5003; x_wconf 88' lang='lat' dir='ltr'><strong>patena</strong></span> <span class='ocrx_word' id='word_1_702' title='bbox 2457 4943 2507 4997; x_wconf 75' lang='grc' dir='ltr'><strong>ο,</strong></span> <span class='ocrx_word' id='word_1_703' title='bbox 2557 4932 2646 4987; x_wconf 90' lang='lat' dir='ltr'><strong>ubi</strong></span> <span class='ocrx_word' id='word_1_704' title='bbox 2674 4947 2871 5002; x_wconf 89' lang='lat' dir='ltr'><strong>corpus</strong></span> <span class='ocrx_word' id='word_1_705' title='bbox 2895 4941 2949 4988; x_wconf 89' lang='lat' dir='ltr'><strong>et</strong></span> <span class='ocrx_word' id='word_1_706' title='bbox 2977 4933 3198 5005; x_wconf 87' lang='lat' dir='ltr'><strong>sanguis</strong></span> <span class='ocrx_word' id='word_1_707' title='bbox 3243 4931 3451 4987; x_wconf 90' lang='lat' dir='ltr'><strong>Domini</strong></span> <span class='ocrx_word' id='word_1_708' title='bbox 3499 4929 3802 4996; x_wconf 78' lang='lat' dir='ltr'><strong>coniicitur,</strong></span> 
     </span>
    </p>
   </div>
   <div class='ocr_carea' id='block_1_99' title="bbox 2231 5020 3803 5093">
    <p class='ocr_par' dir='ltr' id='par_1_99' title="bbox 2231 5020 3803 5093">
     <span class='ocr_line' id='line_1_99' title="bbox 2231 5020 3803 5093; baseline -0.003 -15"><span class='ocrx_word' id='word_1_709' title='bbox 2231 5024 2431 5078; x_wconf 77' lang='lat' dir='ltr'><strong>dictum</strong></span> <span class='ocrx_word' id='word_1_710' title='bbox 2465 5023 2563 5088; x_wconf 89' lang='lat' dir='ltr'><strong>sit;</strong></span> <span class='ocrx_word' id='word_1_711' title='bbox 2596 5023 2688 5078; x_wconf 90' lang='lat' dir='ltr'><strong>sed</strong></span> <span class='ocrx_word' id='word_1_712' title='bbox 2718 5023 2784 5078; x_wconf 91' lang='lat' dir='ltr'><strong>de</strong></span> <span class='ocrx_word' id='word_1_713' title='bbox 2819 5023 3063 5093; x_wconf 89' lang='lat' dir='ltr'><strong>corporis</strong></span> <span class='ocrx_word' id='word_1_714' title='bbox 3089 5022 3348 5078; x_wconf 90' lang='lat' dir='ltr'><strong>munditia</strong></span> <span class='ocrx_word' id='word_1_715' title='bbox 3374 5062 3388 5086; x_wconf 95' lang='lat'><strong>,</strong></span> <span class='ocrx_word' id='word_1_716' title='bbox 3439 5029 3496 5075; x_wconf 93' lang='lat' dir='ltr'><strong>et</strong></span> <span class='ocrx_word' id='word_1_717' title='bbox 3543 5020 3803 5075; x_wconf 90' lang='lat' dir='ltr'><strong>mentium</strong></span> 
     </span>
    </p>
   </div>
   <div class='ocr_carea' id='block_1_100' title="bbox 2228 5108 3804 5183">
    <p class='ocr_par' dir='ltr' id='par_1_100' title="bbox 2228 5108 3804 5183">
     <span class='ocr_line' id='line_1_100' title="bbox 2228 5108 3804 5183; baseline -0.001 -18"><span class='ocrx_word' id='word_1_718' title='bbox 2228 5113 2482 5182; x_wconf 86' lang='lat' dir='ltr'><strong>puritate.</strong></span> <span class='ocrx_word' id='word_1_719' title='bbox 2530 5112 2598 5168; x_wconf 91' lang='lat' dir='ltr'><strong>Ut</strong></span> <span class='ocrx_word' id='word_1_720' title='bbox 2627 5112 2770 5167; x_wconf 90' lang='lat' dir='ltr'><strong>enim</strong></span> <span class='ocrx_word' id='word_1_721' title='bbox 2819 5113 3008 5169; x_wconf 88' lang='lat' dir='ltr'><strong>beatus</strong></span> <span class='ocrx_word' id='word_1_722' title='bbox 3045 5111 3337 5183; x_wconf 85' lang='lat' dir='ltr'><strong>Gregorius</strong></span> <span class='ocrx_word' id='word_1_723' title='bbox 3385 5110 3536 5174; x_wconf 88' lang='lat' dir='ltr'><strong>dicit,</strong></span> <span class='ocrx_word' id='word_1_724' title='bbox 3568 5123 3688 5164; x_wconf 92' lang='lat' dir='ltr'><strong>cum</strong></span> <span class='ocrx_word' id='word_1_725' title='bbox 3736 5108 3804 5163; x_wconf 92' lang='lat' dir='ltr'><strong>de</strong></span> 
     </span>
    </p>
   </div>
   <div class='ocr_carea' id='block_1_101' title="bbox 2230 5199 3803 5274">
    <p class='ocr_par' dir='ltr' id='par_1_101' title="bbox 2230 5199 3803 5274">
     <span class='ocr_line' id='line_1_101' title="bbox 2230 5199 3803 5274; baseline -0.002 -17"><span class='ocrx_word' id='word_1_726' title='bbox 2230 5203 2480 5273; x_wconf 87' lang='lat' dir='ltr'><strong>parabola</strong></span> <span class='ocrx_word' id='word_1_727' title='bbox 2505 5203 2687 5258; x_wconf 91' lang='lat' dir='ltr'><strong>decem</strong></span> <span class='ocrx_word' id='word_1_728' title='bbox 2714 5203 2980 5274; x_wconf 85' lang='lat' dir='ltr'><strong>virginum</strong></span> <span class='ocrx_word' id='word_1_729' title='bbox 3004 5211 3295 5258; x_wconf 89' lang='lat' dir='ltr'><strong>tractaret:</strong></span> <span class='ocrx_word' id='word_1_730' title='bbox 3325 5221 3344 5253; x_wconf 71' lang='grc' dir='ltr'><strong><em>ι</em></strong></span> <span class='ocrx_word' id='word_1_731' title='bbox 3366 5199 3594 5255; x_wconf 77' lang='lat' dir='ltr'><strong>Vaseula</strong></span> <span class='ocrx_word' id='word_1_732' title='bbox 3617 5208 3803 5254; x_wconf 90' lang='lat' dir='ltr'><strong>nostra</strong></span> 
     </span>
    </p>
   </div>
   <div class='ocr_carea' id='block_1_102' title="bbox 2229 5289 3800 5363">
    <p class='ocr_par' dir='ltr' id='par_1_102' title="bbox 2229 5289 3800 5363">
     <span class='ocr_line' id='line_1_102' title="bbox 2229 5289 3800 5363; baseline -0.003 -14"><span class='ocrx_word' id='word_1_733' title='bbox 2229 5304 2354 5349; x_wconf 84' lang='lat' dir='ltr'><strong>Sunt</strong></span> <span class='ocrx_word' id='word_1_734' title='bbox 2373 5293 2558 5358; x_wconf 86' lang='lat' dir='ltr'><strong>corda,</strong></span> <span class='ocrx_word' id='word_1_735' title='bbox 2584 5294 2634 5347; x_wconf 91' lang='lat' dir='ltr'><strong>in</strong></span> <span class='ocrx_word' id='word_1_736' title='bbox 2659 5294 2852 5363; x_wconf 89' lang='lat' dir='ltr'><strong>quibus</strong></span> <span class='ocrx_word' id='word_1_737' title='bbox 2876 5293 3098 5348; x_wconf 85' lang='lat' dir='ltr'><strong>ferimus</strong></span> <span class='ocrx_word' id='word_1_738' title='bbox 3119 5300 3314 5348; x_wconf 89' lang='lat' dir='ltr'><strong>cuncta</strong></span> <span class='ocrx_word' id='word_1_739' title='bbox 3339 5306 3458 5362; x_wconf 76' lang='lat' dir='ltr'><strong>qua:</strong></span> <span class='ocrx_word' id='word_1_740' title='bbox 3481 5289 3800 5360; x_wconf 84' lang='lat' dir='ltr'><strong>cogitamus.</strong></span> 
     </span>
    </p>
   </div>
   <div class='ocr_carea' id='block_1_103' title="bbox 2229 5383 3796 5460">
    <p class='ocr_par' dir='ltr' id='par_1_103' title="bbox 2229 5383 3796 5460">
     <span class='ocr_line' id='line_1_103' title="bbox 2229 5383 3796 5460; baseline -0.003 -22"><span class='ocrx_word' id='word_1_741' title='bbox 2229 5383 2500 5438; x_wconf 81' lang='lat' dir='ltr'><strong>Habemus</strong></span> <span class='ocrx_word' id='word_1_742' title='bbox 2532 5385 2713 5460; x_wconf 80' lang='lat' dir='ltr'><strong>itaque</strong></span> <span class='ocrx_word' id='word_1_743' title='bbox 2744 5383 2932 5454; x_wconf 81' lang='lat' dir='ltr'><strong>fragile</strong></span> <span class='ocrx_word' id='word_1_744' title='bbox 2970 5400 3082 5448; x_wconf 90' lang='lat' dir='ltr'><strong>vas,</strong></span> <span class='ocrx_word' id='word_1_745' title='bbox 3116 5385 3170 5439; x_wconf 85' lang='lat' dir='ltr'><strong>id</strong></span> <span class='ocrx_word' id='word_1_746' title='bbox 3197 5393 3280 5439; x_wconf 90' lang='lat' dir='ltr'><strong>est</strong></span> <span class='ocrx_word' id='word_1_747' title='bbox 3309 5397 3506 5451; x_wconf 89' lang='lat' dir='ltr'><strong>corpus</strong></span> <span class='ocrx_word' id='word_1_748' title='bbox 3532 5389 3796 5442; x_wconf 87' lang='lat' dir='ltr'><strong>nostrum,</strong></span> 
     </span>
    </p>
   </div>
   <div class='ocr_carea' id='block_1_104' title="bbox 2229 5469 3800 5543">
    <p class='ocr_par' dir='ltr' id='par_1_104' title="bbox 2229 5469 3800 5543">
     <span class='ocr_line' id='line_1_104' title="bbox 2229 5469 3800 5543; baseline -0.002 -20"><span class='ocrx_word' id='word_1_749' title='bbox 2229 5475 2369 5542; x_wconf 86' lang='lat' dir='ltr'><strong>quod</strong></span> <span class='ocrx_word' id='word_1_750' title='bbox 2394 5489 2604 5543; x_wconf 88' lang='lat' dir='ltr'><strong>semper</strong></span> <span class='ocrx_word' id='word_1_751' title='bbox 2628 5488 2965 5542; x_wconf 88' lang='lat' dir='ltr'><strong>summopere</strong></span> <span class='ocrx_word' id='word_1_752' title='bbox 3000 5473 3258 5528; x_wconf 89' lang='lat' dir='ltr'><strong>mundum</strong></span> <span class='ocrx_word' id='word_1_753' title='bbox 3287 5487 3501 5527; x_wconf 83' lang='lat' dir='ltr'><strong>servare</strong></span> <span class='ocrx_word' id='word_1_754' title='bbox 3519 5469 3800 5530; x_wconf 87' lang='lat' dir='ltr'><strong>debemus,</strong></span> 
     </span>
    </p>
   </div>
   <div class='ocr_carea' id='block_1_105' title="bbox 2229 5558 3800 5634">
    <p class='ocr_par' dir='ltr' id='par_1_105' title="bbox 2229 5558 3800 5634">
     <span class='ocr_line' id='line_1_105' title="bbox 2229 5558 3800 5634; baseline -0.003 -17"><span class='ocrx_word' id='word_1_755' title='bbox 2229 5573 2288 5617; x_wconf 92' lang='lat' dir='ltr'><strong>ut</strong></span> <span class='ocrx_word' id='word_1_756' title='bbox 2341 5563 2464 5618; x_wconf 88' lang='lat' dir='ltr'><strong>dum</strong></span> <span class='ocrx_word' id='word_1_757' title='bbox 2517 5563 2814 5619; x_wconf 89' lang='lat' dir='ltr'><strong>oblationes</strong></span> <span class='ocrx_word' id='word_1_758' title='bbox 2860 5563 3086 5619; x_wconf 89' lang='lat' dir='ltr'><strong>mundas</strong></span> <span class='ocrx_word' id='word_1_759' title='bbox 3137 5562 3247 5619; x_wconf 85' lang='lat' dir='ltr'><strong>Deo</strong></span> <span class='ocrx_word' id='word_1_760' title='bbox 3296 5562 3652 5634; x_wconf 86' lang='lat' dir='ltr'><strong>porrigimus,</strong></span> <span class='ocrx_word' id='word_1_761' title='bbox 3697 5558 3800 5630; x_wconf 88' lang='lat' dir='ltr'><strong>ipsi</strong></span> 
     </span>
    </p>
   </div>
   <div class='ocr_carea' id='block_1_106' title="bbox 2199 5676 2842 5748">
    <p class='ocr_par' dir='ltr' id='par_1_106' title="bbox 2199 5676 2842 5748">
     <span class='ocr_line' id='line_1_106' title="bbox 2199 5676 2842 5748; baseline 0.008 -19"><span class='ocrx_word' id='word_1_762' title='bbox 2199 5683 2206 5685; x_wconf 81' lang='grc'><strong>’</strong></span> <span class='ocrx_word' id='word_1_763' title='bbox 2282 5687 2304 5715; x_wconf 70' lang='grc' dir='ltr'><strong>ε</strong></span> <span class='ocrx_word' id='word_1_764' title='bbox 2347 5676 2399 5732; x_wconf 89' lang='lat' dir='ltr'><strong>Id</strong></span> <span class='ocrx_word' id='word_1_765' title='bbox 2428 5687 2506 5732; x_wconf 83' lang='lat' dir='ltr'><strong>est</strong></span> <span class='ocrx_word' id='word_1_766' title='bbox 2546 5693 2842 5748; x_wconf 77' lang='lat' dir='ltr'><strong>corporaie.</strong></span> 
     </span>
    </p>
   </div>
  </div>
