4026 6412
171 468 246 537 17
1645 460 1761 515 STA

1858 456 1984 512 ITA.
3381 451 3445 506 l8

184 605 397 660 quoque
420 594 548 641 ante
573 591 817 639 sanctum
843 580 1009 634 altare
1032 578 1170 633 illius
1194 577 1380 633 hostiae
1405 572 1764 642 acceptabiles
1796 576 1839 630 Α
1870 585 2007 624 mus.
2053 568 2131 622 Ad
2166 568 2381 623 missam
2410 582 2639 639 quoque,
2668 578 2725 625 et
2766 580 3041 639 vesperas,
3068 565 3113 621 si
3163 563 3436 628 sollicitis,

186 682 503 737 efﬁciamur.
538 698 558 732 ι

253 792 319 849 ν.
348 792 485 847 Item
514 803 827 853 monemus,
857 794 916 841 ut
945 785 1309 855 unusquisque
1336 791 1575 837 vestrum
1624 775 1765 847 psal-

184 900 321 951 mos,
347 894 409 939 et
437 896 743 938 sermonem
772 880 893 934 fidei
925 878 1203 934 catholica:
1228 890 1278 942 ο,
1307 873 1462 943 cujus
1505 871 1716 927 initium
1747 886 1758 921 :

184 977 496 1045 Quicunque
523 972 631 1028 vult
665 970 839 1026 salvus
874 987 1019 1035 esse;
1062 980 1118 1024 et
1157 983 1417 1024 canonem
1464 960 1669 1028 mi'ssze,
1703 976 1765 1016 ac

182 1076 429 1132 cantum,
457 1064 545 1119 vel
588 1071 896 1133 compotum
942 1060 1276 1125 memoriter,
1308 1067 1363 1113 et
1391 1057 1677 1122 veraciter,
1702 1068 1765 1110 ac

185 1167 431 1213 correcte
460 1167 648 1213 tenere
673 1156 906 1211 studeat.
934 1154 1409 1226 Consignationem
1432 1166 1561 1207 vero
1592 1148 1765 1203 infan-

185 1256 318 1311 tum,
358 1255 468 1301 tam
497 1245 858 1303 masculorum
904 1260 1063 1313 quam
1100 1243 1453 1306 feminarum,
1494 1236 1765 1294 unius‘vel

185 1336 461 1405 plurium,
511 1344 575 1405 et,
611 1335 1071 1391 consecrationem
1118 1334 1313 1400 fontis,
1355 1340 1408 1388 et
1462 1346 1615 1403 aquae
1670 1344 1765 1400 per

186 1427 371 1481 domos
395 1424 713 1496 spargenda:
737 1465 752 1491 ,
784 1432 837 1479 et
886 1425 1080 1479 anima:
1123 1421 1640 1478 commendationem
1665 1458 1680 1483 ,
1709 1424 1764 1471 et

185 1516 462 1570 orationes
520 1515 589 1569 ad
636 1522 906 1569 mortuum
961 1512 1325 1582 sepeliendum
1374 1508 1617 1564 habeatis
1672 1507 1763 1563 de-

189 1607 388 1675 scripta
417 1605 671 1661 distincte
715 1611 769 1659 et
812 1603 1115 1668 veraciter,
1156 1611 1210 1658 et
1257 1600 1524 1670 frequenti
1572 1614 1667 1654 usu
1697 1612 1759 1652 ea

184 1696 540 1760 meditemini,
562 1706 621 1752 ut
644 1702 886 1752 correcte
913 1704 967 1749 et
994 1679 1536 1764 irreprehcnsibiliter
1559 1704 1621 1745 ea
1651 1697 1759 1745 tam

185 1803 345 1857 super
406 1786 704 1842 masculum
762 1800 923 1856 quam
973 1799 1136 1855 super
1196 1783 1449 1839 feminam
1514 1779 1759 1851 proferre

184 1877 389 1932 sciatis.
420 1876 796 1947 Snpradictam
844 1890 969 1929 vero
1003 1874 1459 1946 consignationem
1494 1871 1755 1927 infantum

182 1967 428 2022 volumus
450 1974 511 2021 ut
534 1964 861 2037 quadrifarie
885 1964 1168 2021 scribendo
1191 1964 1455 2028 dividatis,
1482 1977 1643 2033 super
1656 1961 1769 2018 sin-

184 2055 425 2124 gularem
462 2057 670 2111 scilicet
707 2054 1003 2111 masculum
1034 2063 1089 2108 et
1114 2052 1440 2124 singularem
1470 2051 1721 2105 feminam
1748 2089 1764 2117 ,

186 2145 423 2215 itemque
460 2161 624 2216 super
663 2144 931 2200 masculos
960 2144 1142 2214 plures
1172 2150 1227 2197 et
1278 2142 1459 2213 plures
1496 2139 1723 2195 feminas
1747 2178 1764 2205 ,

187 2237 321 2289 sicut
370 2251 470 2291 nos
524 2235 715 2302 vobis,
765 2233 982 2290 Christo
1023 2231 1279 2306 propitio,
1328 2231 1596 2301 descripta
1650 2238 1763 2284 tra-

189 2326 399 2381 demus.

257 2413 343 2468 Vl.
385 2415 514 2469 ltem
546 2429 953 2485 promonemus,
1003 2422 1064 2468 ut
1090 2412 1461 2484 unusquisque
1497 2419 1761 2477 vestrum,

185 2504 452 2560 Missalcm
479 2546 495 2570 ,
545 2505 975 2569 Lectionarium,
1018 2503 1400 2576 Evangelium,
1450 2502 1767 2575 Martyrolo-

183 2599 325 2669 gium
347 2639 362 2662 ,
408 2597 895 2667 Antiphonarium,
924 2595 1279 2660 Psalterium,
1314 2604 1369 2650 et
1411 2594 1605 2649 librum
1633 2608 1766 2663 qua-

187 2688 434 2758 draginta
478 2686 827 2741 llomiliarum
876 2685 1016 2741 beati
1063 2684 1306 2756 Gregorii
1351 2692 1654 2739 correctum
1684 2691 1766 2738 at-

181 2793 285 2847 que
326 2777 645 2832 distinctum
677 2793 773 2849 per
807 2788 1021 2832 nostros
1049 2776 1294 2842 codices,
1334 2775 1529 2846 quibus
1558 2774 1611 2829 in
1641 2787 1763 2829 san-

183 2882 267 2926 eta
317 2878 500 2925 matre
548 2867 789 2924 Ecclesia
846 2868 1087 2933 utimur,
1144 2868 1345 2922 habere
1416 2866 1638 2922 laboret.
1698 2865 1766 2920 Et

186 2960 355 3016 libros
389 2962 607 3031 quidem
639 2960 850 3015 divinos
875 2968 931 3014 et
951 2957 1378 3024 ecclesiasticos,
1416 2969 1764 3028 quoscunque

181 3052 404 3122 potestis
438 3051 671 3117 habere,
707 3066 810 3106 non
842 3052 1106 3116 emittite;
1154 3064 1221 3105 ex
1256 3050 1387 3118 ipsis
1427 3048 1570 3105 enim
1613 3046 1764 3104 cibos

180 3154 231 3197 et
257 3143 663 3198 condimentum
692 3142 993 3197 animarum
1023 3140 1365 3212 percipietis,
1404 3140 1616 3195 dicente
1656 3140 1762 3194 Do-

182 3234 363 3287 mino:
400 3231 523 3286 Non
578 3232 629 3288 in
672 3231 783 3287 solo
838 3249 970 3301 pane
999 3231 1117 3286 vivit
1164 3232 1345 3294 homo,
1392 3231 1481 3286 sed
1515 3232 1570 3286 in
1612 3230 1755 3285 omni
1784 3251 1830 3317 α

182 3322 325 3375 verbo
352 3322 495 3392 quod
521 3321 754 3391 procedit
795 3322 858 3375 de
885 3338 971 3376 ore
1004 3320 1097 3375 Dci
1133 3321 1358 3394 (Matth.
1387 3322 1492 3391 tv).
1527 3320 1585 3377 Si
1634 3320 1756 3390 quis

183 3421 358 3465 autem
384 3426 576 3466 omnes
601 3410 811 3467 Veteris
858 3400 1189 3467 Testamenti
1235 3412 1403 3467 libros
1428 3412 1631 3466 habere
1671 3427 1759 3466 ne-

181 3500 445 3568 quiverit,
474 3492 661 3555 saltem
687 3501 791 3555 hoc
818 3500 1111 3558 studiosius
1138 3501 1410 3566 elaboret,
1438 3510 1495 3557 ut
1525 3502 1756 3571 primum

181 3591 341 3645 totius
372 3590 569 3645 divinae
615 3590 857 3646 historiae
911 3590 1141 3657 librum,
1178 3591 1428 3647 Genesim
1474 3591 1756 3656 videlicet,

180 3679 277 3732 sibi
301 3688 549 3734 correcte
574 3679 915 3746 transcribat,
943 3680 1095 3751 cujus
1122 3681 1357 3737 lectione
1388 3681 1549 3737 totius
1571 3681 1757 3737 mundi

179 3770 508 3824 creationem
540 3770 857 3841 dignoscere
883 3772 1079 3847 valeat.
1110 3844 1113 3847 ἢ

244 3877 358 3932 Vll.
402 3877 633 3935 Studere
654 3881 815 3936 etiam
839 3881 1064 3950 debetis,
1088 3894 1146 3938 ut
1167 3884 1325 3955 digne
1353 3894 1513 3955 atque
1535 3886 1761 3942 honeste

179 3974 355 4021 vestra
386 3967 753 4025 ecclesiastica
782 3973 1099 4027 vestimenta
1142 3984 1445 4051 praeparata
1490 3976 1756 4040 habeatis,

179 4056 356 4111 albam
390 4056 642 4115 videlicet
684 4061 749 4116 ad
793 4061 1030 4118 divinum
1082 4066 1393 4136 mysterium
1446 4082 1632 4134 unam,
1677 4066 1761 4122 vel

179 4148 310 4205 duas
339 4149 563 4216 nitidas,
593 4167 714 4208 cum
752 4154 968 4221 orariis,
1002 4155 1054 4211 id
1077 4164 1181 4223 est,
1210 4156 1359 4230 stolis
1387 4158 1597 4214 duabus
1630 4159 1758 4214 niti-

178 4240 281 4305 dis,
294 4250 348 4297 et
364 4243 580 4299 amictis
593 4244 796 4302 duobus
817 4246 1021 4315 nitidis,
1038 4250 1406 4320 corporalibus
1419 4267 1630 4323 quoque
1644 4254 1762 4309 toti-

180 4332 296 4385 dem
325 4333 537 4399 nitidis,
576 4334 705 4390 item
736 4337 889 4393 zonis
907 4339 1128 4405 duabus,
1159 4341 1213 4395 id
1240 4348 1344 4407 est,
1373 4342 1668 4408 cinctoriis,
1697 4358 1762 4401 ac

178 4421 466 4491 manipulis
482 4423 701 4480 totidem
725 4427 935 4493 nitidis;
958 4445 1021 4484 ac
1041 4429 1348 4487 linteamina
1364 4433 1550 4489 altaris
1565 4435 1760 4491 habea-

182 4511 245 4565 tis
270 4512 471 4579 nitida,
499 4524 554 4569 et
593 4516 826 4571 casulam
859 4520 1110 4587 sericam,
1151 4537 1272 4589 cum
1312 4540 1417 4594 qua
1444 4512 1606 4581 missa
1621 4525 1758 4582 cele-

177 4605 382 4660 bretur.
418 4605 533 4661 lloc
553 4618 735 4664 autem
755 4612 1079 4667 omnimodis
1113 4614 1480 4683 prohibemus,
1509 4626 1566 4673 ut
1596 4633 1753 4672 nemo
1782 4597 1830 4657 Ῐ)

177 4692 259 4746 illa
288 4693 409 4749 alba
438 4704 620 4750 utatur
650 4698 703 4751 in
725 4700 894 4754 sacris
918 4702 1208 4771 mysteriis,
1236 4704 1414 4772 quain
1445 4707 1754 4775 quotidiano

175 4783 255 4837 vel
284 4786 545 4841 exteriori
587 4803 683 4842 usu
721 4789 957 4844 induitur
978 4791 1027 4845 ι).
1063 4791 1203 4847 Loca
1230 4809 1441 4863 quoque
1482 4795 1676 4849 munda
1700 4807 1755 4851 et

175 4887 411 4942 congrue
440 4876 733 4945 composita
778 4877 1035 4942 habeatis,
1074 4880 1162 4934 ubi
1196 4890 1315 4950 post
1352 4890 1561 4952 sumpta
1600 4888 1752 4940 sacra

174 4962 451 5031 mysteria,
472 4980 660 5019 manus
686 4974 844 5021 etora
870 4976 1044 5022 vestra
1064 4970 1251 5025 lavetis
1276 4983 1411 5037 C,ct,
1436 4973 1480 5027 si
1504 4974 1753 5043 possibile

176 5048 360 5114 fuerit,
380 5054 745 5123 unusquisque
761 5056 981 5111 calicem
997 5073 1115 5113 cum
1130 5068 1323 5129 patena
1348 5072 1620 5131 argentea,
1640 5064 1752 5119 sive

172 5139 458 5208 cujuslibet
474 5144 669 5197 metalli
694 5147 961 5215 purissimi
979 5150 1191 5217 habeat;
1216 5160 1272 5207 ut
1288 5169 1407 5208 cum
1433 5155 1498 5209 ad
1515 5165 1749 5211 nostram

174 5231 436 5297 synodum
486 5249 920 5306 unumquemque
966 5249 1203 5296 vestrum
1250 5244 1437 5300 eadem
1481 5262 1632 5312 vasa,
1665 5245 1749 5303 vel

174 5329 367 5373 czrtera
413 5336 533 5390 qua:
575 5323 642 5377 ad
685 5326 1035 5383 ministerium
1081 5333 1413 5387 sacerdotale
1457 5337 1747 5408 pertinent,

177 5408 382 5464 deferre
406 5410 748 5480 jusserimus,
776 5417 857 5472 vel
884 5433 979 5488 per
1007 5430 1215 5477 vestras
1257 5426 1542 5492 parochias
1570 5436 1752 5484 trans-

178 5498 304 5554 itum
353 5501 661 5572 fecerimus,
696 5518 934 5563 nostram
964 5510 1158 5566 exinde
1203 5512 1549 5570 offensionem
1589 5519 1746 5573 mini-

180 5604 259 5644 tue
306 5592 619 5665 incurratis,
648 5599 691 5654 si
720 5600 834 5655 haec
859 5613 1155 5672 praeparata
1186 5604 1519 5664 inhonestius
1547 5609 1745 5666 videri-

244 5758 271 5855 :
305 5748 501 5855 ista:
526 5750 1272 5855 9.2?L'PM2.§:A"”“?S‘9
1294 5761 1547 5855 θεοτίριο-

270 5836 278 5896 χ
307 5819 501 5899 Agitur
526 5820 593 5875 de
611 5819 761 5903 veste
789 5819 1044 5891 clericali,
1074 5840 1209 5885 veste
1239 5830 1415 5898 talari,
1436 5819 1649 5899 casula,
1686 5833 1740 5889 in

182 5891 405 5956 antiquis
431 5891 727 5949 canonibus
749 5906 1062 5953 memorata.

1866 664 1990 717 thus
2016 661 2101 716 vel
2144 662 2418 716 incensum
2470 662 2522 716 in
2577 661 2849 716 thuribulo
2898 659 3008 715 Deo
3048 659 3260 713 offerte.
3310 656 3443 710 Illud

1865 753 2027 807 etiam
2069 767 2324 823 expresse
2353 753 2714 821 przecipimus,
2752 761 2813 805 ut
2847 754 3036 807 domos
3073 756 3283 803 vestras
3312 746 3440 801 niti-

1866 843 1961 898 das
1984 842 2176 897 etsine
2204 842 2453 897 sordibus
2484 853 2539 897 et
2564 842 2848 899 factoribus
2868 842 3134 908 habeatis,
3164 848 3226 896 ut
3247 839 3443 894 exinde

1862 933 2108 1004 puriores
2139 935 2205 990 ad
2232 934 2400 988 altare
2429 934 2637 989 Domini
2665 935 2991 1005 procedatis.

1935 1023 2067 1079 Vlll.
2106 1024 2373 1079 lnstanter
2400 1040 2612 1094 quoque
2637 1040 2938 1090 monemus,
2963 1032 3023 1078 ut
3044 1021 3307 1079 scrutinia
3340 1035 3437 1090 per

1864 1112 2213 1182 baptismales
2253 1113 2510 1168 ecclesias
2550 1121 2752 1169 statuto
2794 1115 2935 1169 intra
2965 1112 3443 1182 Quadragesimam

1864 1207 2105 1271 tempore
2149 1201 2473 1273 generaliter
2519 1202 2667 1255 fiant.
2701 1202 2769 1257 Et
2797 1211 2858 1257 ut
2882 1201 3141 1272 baptizati
3170 1215 3296 1254 mox
3324 1207 3446 1269 post

1862 1290 2207 1360 baptismum,
2272 1291 2689 1357 Eucharistiam,
2755 1292 2808 1348 id
2863 1301 2947 1349 est
3006 1289 3439 1346 communionem

1864 1388 2107 1434 sanctam
2154 1381 2475 1451 percipiant,
2520 1380 2751 1437 sollicite
2797 1396 2894 1436 vos
2948 1382 3164 1436 studere
3196 1376 3445 1447 principi-

1862 1485 2004 1525 mus.
2035 1470 2298 1539 Quoniam
2322 1472 2412 1541 qui
2450 1473 2620 1527 dixit:
2654 1472 2777 1526 Nisi
2796 1472 2913 1543 quis
2946 1481 3156 1526 renatus
3188 1470 3345 1539 fuerit
3374 1484 3441 1521 ea:

1864 1582 2000 1633 aqua
2036 1575 2083 1619 et
2113 1564 2314 1634 Spiritu
2343 1575 2547 1627 sancto,
2579 1580 2683 1619 non
2714 1564 2930 1619 intrabit
2955 1564 3011 1617 in
3040 1577 3254 1631 regnum
3285 1558 3443 1613 caelo-

1862 1671 1979 1709 rum
2003 1655 2194 1727 (Joan.
2219 1656 2297 1728 v),
2326 1656 2439 1726 ipse
2466 1656 2631 1711 dixit:
2665 1655 2782 1710 Nisi
2806 1652 3240 1709 manducaveritis
3261 1665 3457 1720 panem

1860 1744 1958 1811 ﬁlii
1986 1744 2231 1808 hominis,
2269 1754 2316 1797 et
2364 1744 2593 1797 biberitis
2628 1743 2742 1813 ejus
2778 1743 3104 1813 sanguinem,
3144 1755 3247 1793 non
3287 1736 3445 1791 liabe-

1861 1830 1979 1884 bitis
2023 1832 2181 1885 vitam
2202 1832 2257 1885 in
2282 1830 2420 1885 vobis
2449 1830 2658 1900 (ibid.).

1796 1910 1842 1969 Β
1938 1917 2029 1972 ιΧ.
2070 1917 2310 1974 Solerter
2334 1918 2659 1973 studendum
2681 1928 2766 1972 est
2790 1915 3140 1988 presbyteris,
3174 1923 3233 1967 ut
3256 1927 3445 1968 curam

1861 2006 2077 2077 publice
2113 2006 2487 2077 paenitentiam
2517 2006 2774 2071 habeant,
2800 2015 2854 2059 et
2895 2004 3169 2059 orationes
3196 2001 3264 2055 ad
3310 1999 3439 2053 visi-

1862 2098 2056 2155 tandos
2076 2096 2317 2154 inﬁmos
2338 2096 2419 2152 vel
2446 2095 2689 2151 infirmas
2711 2104 2955 2152 correcte
2980 2091 3221 2163 proferre
3247 2090 3443 2152 sciant,

1862 2194 1921 2244 et
1950 2186 2242 2242 maximam
2288 2201 2474 2242 curam
2516 2186 2831 2253 adhibeant,
2862 2193 2922 2239 ut
2956 2184 3093 2240 sicut
3132 2196 3291 2236 nemo
3330 2180 3446 2233 sine

1861 2276 2151 2348 baptismo,
2182 2276 2255 2331 ita
2274 2276 2435 2331 etiam
2466 2290 2625 2331 nemo
2647 2275 2849 2344 absque
2871 2272 3056 2328 viatici
3084 2272 3305 2325 munere
3331 2284 3447 2322 mo-

1860 2368 2073 2435 riatur;
2105 2368 2201 2425 sed
2238 2381 2413 2437 neque
2444 2366 2655 2438 publice
2701 2366 2988 2437 ptenitens,
3033 2363 3076 2419 si
3107 2362 3267 2416 fuerit
3299 2360 3447 2414 infir—

1862 2472 2022 2525 mus;
2073 2465 2130 2513 et
2174 2456 2359 2513 sedulo
2403 2456 2765 2522 considerent,
2821 2464 2981 2524 atque
3030 2453 3311 2523 diligenter
3356 2465 3446 2503 ca-

1861 2555 2045 2615 veant,
2070 2562 2140 2604 ne
2159 2562 2258 2621 pro
2280 2546 2585 2618 huiusmodi
2606 2546 2932 2618 negligentia
2962 2559 3125 2615 grave
3146 2540 3445 2612 periculum

1862 2638 2160 2693 incurrant.
2197 2635 2424 2692 Videant
2448 2649 2659 2705 quoque
2683 2650 2750 2691 ne
2784 2634 2990 2691 Simoni
3030 2648 3187 2702 mago
3212 2640 3265 2685 et
3293 2628 3444 2683 Judte

1862 2727 2111 2782 traditori
2130 2725 2431 2782 efficiantur
2453 2724 2677 2790 similes,
2701 2723 2745 2779 si
2770 2738 2867 2794 pro
2892 2722 3085 2794 pretio,
3127 2728 3215 2773 aut
3238 2733 3333 2788 pro
3364 2715 3443 2771 fa-

1861 2818 2171 2874 miliaritate
2194 2815 2276 2871 vel
2328 2815 2752 2885 propinquitate,
2782 2812 3107 2884 poenitentes
3140 2817 3266 2865 ante
3302 2817 3445 2861 tem-

1861 2925 1964 2980 pus
2018 2908 2089 2965 ad
2149 2906 2644 2963 reconciliationem
2705 2902 3045 2965 adduxerim,
3107 2909 3162 2954 et
3218 2898 3298 2954 eis
3346 2913 3455 2967 pro!

1861 2998 2298 3057 reconciliatione
2320 2996 2686 3052 testimonium
2710 2993 2974 3057 dederint,
3002 2989 3087 3045 vel
3114 2990 3158 3044 si
3186 3004 3305 3044 cum
3331 2986 3447 3041 fer-

1861 3105 1992 3145 vore
2037 3099 2093 3146 et
2141 3089 2414 3160 diligentia
2463 3087 2788 3158 poenitentes
2835 3083 3015 3152 aliqua
3062 3080 3446 3142 amaritudine,

1861 3182 1967 3251 vel,
2006 3183 2148 3253 quod
2171 3181 2331 3247 absit,
2360 3181 2506 3246 odio,
2539 3177 2771 3248 autquia
2800 3176 2931 3232 nihil
2959 3175 3025 3230 ab
3052 3174 3131 3229 eis
3152 3172 3442 3240 accipiunt,

1858 3289 1889 3328 a
1923 3272 2362 3329 reconciliatione
2388 3269 2639 3339 suspendi
2687 3267 2915 3324 fecerint
2940 3283 2954 3333 ;
2982 3266 3105 3335 quia
3131 3273 3189 3318 ut
3215 3262 3442 3316 commi-

1860 3363 2038 3427 nistri,
2070 3363 2144 3417 ita
2168 3362 2332 3417 etiam
2374 3367 2755 3429 cooperatores
2782 3355 3083 3427 presbyteri
3116 3354 3169 3407 in
3202 3351 3443 3406 ministe-

1860 3454 1942 3508 rio
1977 3452 2159 3507 divino
2189 3467 2220 3506 a
2256 3452 2365 3505 Deo
2395 3457 2521 3504 sunt
2560 3446 2837 3503 constituti
2888 3443 3173 3513 episcopis.
3216 3441 3271 3496 Si
3314 3455 3447 3494 vero

1859 3540 2068 3612 publice
2094 3540 2421 3613 poenitentes
2445 3553 2541 3608 pro
2565 3546 2712 3591 certa
2734 3534 3080 3597 necessitate,
3102 3530 3188 3587 vel
3208 3529 3440 3595 ratione,

1859 3641 1985 3688 ante
2008 3630 2259 3703 praeﬁxos
2285 3644 2315 3683 a
2336 3629 2633 3685 canonibus
2657 3641 2829 3681 annos
2843 3624 3042 3679 fuerint
3065 3620 3394 3677 reconciliati
3422 3638 3437 3672 :

1860 3720 2001 3777 sicut
2028 3728 2152 3775 ante
2182 3718 2676 3776 reconciliationem
2718 3716 3013 3772 secundum
3060 3712 3439 3784 poenitentium

1859 3812 2267 3884 possibilitatem
2314 3820 2367 3866 et
2397 3809 2733 3880 qualitatem,
2778 3806 2846 3862 de
2890 3819 3077 3860 eorum
3124 3801 3441 3874 pcenitentia

1860 3902 2276 3959 sollicitudinem
2317 3902 2650 3964 habuerunt;
2680 3898 2755 3952 ita
2793 3904 2847 3952 et
2888 3904 3009 3966 post
3046 3892 3441 3950 reconciliatio-

1859 4009 2004 4059 nem,
2033 3992 2197 4047 vitam
2234 4006 2421 4046 eorum
2462 3998 2516 4043 et
2544 3988 3027 4048 conversationem,
3061 3985 3231 4039 donec
3265 3981 3441 4051 praeﬁ-

1858 4098 1987 4138 xum
2023 4080 2353 4153 pmnitentim
2399 4088 2607 4148 tempus
2652 4076 2948 4147 expleatur,
2999 4089 3104 4128 non
3140 4071 3437 4141 negligant,

1859 4172 1955 4229 sed
1998 4172 2225 4229 solerter
2271 4169 2562 4225 discutiant
2602 4176 2658 4223 et
2711 4166 3011 4230 attendant,
3057 4162 3288 4218 scientes
3327 4176 3437 4214 non

1859 4265 2031 4321 solum
2056 4262 2341 4334 episcopis,
2379 4261 2471 4317 sed
2493 4260 2654 4315 etiam
2683 4259 2977 4315 secundum
3016 4255 3231 4310 modum
3256 4268 3434 4314 suum,

1859 4353 2189 4427 presbyteris
2232 4352 2521 4408 convenire
2566 4350 2709 4421 quod
2752 4348 2986 4404 dicitur:
3045 4344 3434 4415 Speculatorem

1860 4445 1980 4500 dedi
2005 4455 2052 4499 te
2089 4444 2267 4497 domui
2312 4440 2479 4497 Israel
2510 4439 2738 4513 (Ezech.
2765 4437 2899 4509 nt);
2933 4446 2988 4492 et
3014 4436 3079 4490 de
3109 4448 3433 4502 unoquoque

1862 4536 1962 4591 sibi
1993 4534 2281 4591 commisso
2310 4548 2495 4589 rursus
2530 4547 2625 4599 per
2666 4528 2978 4600 prophetam
3008 4524 3240 4578 dicitur:
3285 4522 3428 4577 Sau-

1856 4627 2063 4697 guinem
2092 4626 2205 4695 ejus
2233 4625 2296 4680 de
2319 4641 2476 4678 manu
2504 4632 2595 4677 tua
2629 4621 2906 4691 requiram.
2940 4618 3087 4690 (ibid.
3106 4616 3145 4683 ).

1928 4716 1995 4770 Χ.
2038 4714 2166 4770 Item
2210 4720 2422 4783 oportet
2450 4720 2509 4765 ut
2538 4708 2830 4781 presbyteri
2864 4709 3105 4761 infirmos
3144 4718 3268 4758 suos
3311 4713 3431 4772 post

1857 4804 2246 4861 confessionem
2276 4812 2330 4858 et
2356 4802 2845 4858 reconciliationem
2876 4799 2993 4854 oleo
3023 4804 3210 4852 sancto
3233 4810 3428 4862 peruu-

1857 4901 2003 4965 gant,
2031 4901 2089 4947 et
2122 4900 2246 4946 tunc
2269 4906 2362 4946 eos
2387 4888 2801 4945 communicent.
2831 4886 2981 4954 Quod
3008 4887 3052 4939 si
3074 4892 3194 4939 ante
3223 4883 3433 4935 adven-

1860 4993 1969 5039 tum
1995 4998 2179 5038 eorum
2205 4981 2449 5035 infirmus
2472 4978 2821 5043 obmutuerit,
2847 4988 2901 5032 et
2945 4977 3077 5031 certi
3116 4985 3277 5029 testes
3321 4974 3427 5027 siut

1856 5073 1997 5144 quod
2026 5074 2139 5144 ipse
2161 5073 2406 5128 infirmus
2433 5071 2537 5126 tale
2577 5071 2786 5141 signum
2814 5069 3127 5133 ostenderit,
3158 5068 3284 5136 quia
3309 5080 3425 5134 pte-
3469 5051 3483 5065 Χ

1855 5165 2133 5219 nitentiam
2160 5163 2333 5234 petiit,
2371 5177 2531 5232 quam
2562 5176 2711 5217 mora
2737 5158 3029 5215 sacerdotis
3059 5158 3125 5213 ab
3151 5174 3215 5213 eo
3244 5156 3429 5211 exelu-

1852 5254 1943 5317 sit,
1967 5254 2145 5309 viatici
2182 5254 2231 5308 ei
2256 5252 2550 5307 subsidium
2582 5250 2874 5321 praebeant.

1923 5342 2011 5396 Xl.
2050 5341 2143 5396 His
2194 5342 2455 5411 exceptis,
2508 5340 2647 5395 scire
2701 5339 2905 5394 debetis
2966 5339 3090 5408 quia
3141 5335 3421 5391 facultates

1852 5429 2108 5486 Ecclesiae
2164 5431 2215 5484 in
2276 5439 2508 5498 quatuor
2551 5439 2730 5500 partes
2790 5429 3045 5484 canonica
3102 5426 3427 5481 auctoritate

1849 5529 1975 5576 sunt
2001 5521 2202 5576 divisae.
2248 5520 2325 5575 Ex
2354 5521 2548 5591 quibus
2580 5535 2682 5574 una
2705 5528 2806 5586 est,
2849 5520 2893 5573 si
2932 5518 3175 5583 voluerit,
3206 5516 3423 5585 episco-

1846 5611 1899 5682 pi
1924 5629 1938 5678 ;
1970 5611 2070 5665 alia
2095 5611 2161 5666 ad
2186 5610 2470 5665 luminaria
2499 5618 2553 5665 et
2581 5619 2729 5665 sarta
2763 5618 2925 5676 tecta,
2952 5608 3005 5663 id
3029 5617 3112 5664 est
3142 5616 3423 5662 restauna-’

1920 5776 1942 5803 ο
1982 5762 2229 5834 EpiscOpi
2276 5772 2349 5829 et,
2395 5764 2447 5818 in
2476 5764 2710 5820 Ecclesia
2756 5764 3065 5829 Rhemensi,
3108 5765 3421 5819 sacerdotes

1850 5849 2009 5906 usum
2033 5836 2397 5906 _retinue_t§mt
2449 5835 2659 5906 lavandi
2712 5845 2831 5906 post
2880 5851 3087 5906 sacram
3146 5835 3425 5904 synaxim.

1860 5902 1987 5959 Vide
2026 5903 2233 5959 Statuta
2268 5902 2561 5959 llincmari.
2712 5902 2729 5906 ’
3014 5902 3021 5908 “
