3986 5374
564 405 641 463 ιν
1587 398 1858 457 RICULFI
1896 397 2429 466 SUESSIONENSIS
2462 401 2771 461 EPISCOPI

3751 398 3833 459 ΞΟ

562 523 765 577 tionem
805 506 1082 583 ecclesias;
1135 514 1293 572 tertia
1320 513 1635 586 presbytero
1672 523 1729 571 et
1760 504 1921 585 suis;
1945 522 2140 585 quarta
2166 520 2218 579 Α
2244 514 2438 581 locate,
2483 532 2552 574 ne
2588 516 2768 575 locum
2812 517 3101 575 Invenient
3130 526 3222 575 aut
3266 513 3381 590 se:
3417 517 3699 591 metandi.
3733 529 3835 579 aut

480 604 507 641 -’
561 606 867 679 hospitibus
895 605 1146 676 deputata
1180 602 1366 675 (Cone.
1401 604 1808 668 Worn‘tatiense,
1847 604 1974 659 anni
2009 603 2139 670 868,

561 708 683 755 can.
712 698 800 770 7).
850 696 1190 768 Quapropter
1237 711 1303 752 ex
1362 695 1483 766 ipsa
1530 704 1701 765 parte,
1756 710 1878 765 quae
1922 694 2142 752 fabricis

561 793 789 847 debetur
830 786 1096 853 ecclesias,
1123 786 1372 843 volumus
1400 794 1494 841 aut
1535 801 1633 857 per
1658 800 1759 841 nos
1788 795 1883 840 aut
1914 802 2012 857 per
2038 800 2139 842 no-

487 897 490 900 ’
560 889 702 935 stros
722 879 1128 935 comministros
1157 877 1354 932 rescire
1375 876 1504 946 quid
1530 875 1808 932 annuatim
1838 885 1949 931 tam
1980 876 2033 931 in
2059 874 2140 931 lu-

558 973 857 1026 mittat‘ibtls
899 969 1000 1024 olei
1034 969 1116 1023 vel
1159 984 1321 1033 ceras,
1351 982 1513 1037 quam
1556 969 1721 1022 etiam
1769 967 1824 1023 in
1870 976 2141 1023 restaura-

559 1062 705 1120 tione
747 1070 1036 1129 tectorum,
1065 1064 1147 1119 vel
1197 1060 1251 1120 in
1281 1063 1616 1120 Ornamentis
1661 1062 1782 1118 inde
1828 1062 1882 1118 in
1909 1061 2165 1119 ecclesia

556 1150 766 1228 parcat.
820 1156 1083 1211 Convenit
1127 1156 1291 1211 etiam
1333 1155 1492 1210 vobis
1537 1168 1700 1209 unum
1732 1153 1817 1208 vel
1855 1153 2009 1218 duos,
2054 1152 2142 1209 vel
2178 1182 2181 1185 π

560 1261 669 1305 tres
698 1246 926 1305 clericos
953 1251 1175 1314 habere,
1200 1251 1292 1320 qui
1318 1238 1592 1304 vobiscum
1626 1247 1821 1303 missas
1842 1244 2136 1310 celebrent,

556 1357 694 1409 quos
721 1340 989 1404 salutetis,
1021 1351 1076 1396 et
1106 1357 1135 1395 a
1157 1342 1352 1412 quibus
1383 1338 1772 1419 resalutemini,
1800 1340 1925 1409 quia
1958 1338 2139 1393 Domi-

555 1448 657 1486 nus
688 1433 740 1486 in
774 1431 1068 1505 Evangelia
1111 1433 1283 1488 dicit:
1316 1429 1419 1486 Ubi
1446 1431 1552 1485 duo
1580 1430 1660 1485 vel
1699 1441 1802 1485 tres
1842 1430 2140 1501 congregati

553 1518 748 1588 fuerint
801 1522 857 1576 in
909 1522 1120 1577 nomine
1165 1539 1300 1587 meo,
1338 1522 1411 1576 ibi
1450 1536 1565 1576 sum
1614 1522 1670 1576 in
1716 1521 1888 1576 medio
1935 1537 2136 1576 eorum.

552 1600 784 1682 (illrum.
824 1611 1011 1684 xvnt).
1045 1611 1205 1668 Solus
1251 1621 1428 1667 autem
1459 1627 1619 1667 nemo
1656 1621 1895 1667 vostrum
1946 1611 2140 1666 missas

550 1696 594 1757 ei
615 1703 825 1760 lebrare
851 1699 1160 1775 praesumat.
1193 1705 1250 1759 in
1281 1705 1490 1759 ratione
1530 1718 1663 1759 vero
1696 1719 1995 1769 sacrorum,
2033 1705 2139 1760 hoc

549 1796 800 1871 omnibus
824 1797 999 1852 modis
1043 1811 1264 1871 servare
1306 1796 1538 1861 debetis,
1563 1804 1624 1850 nt
1652 1796 1704 1850 in
1741 1794 1907 1850 calice
1937 1810 2134 1866 aquam

2242 607 2396 663 vobis
2425 609 2761 679 dispendium
2790 609 3079 665 inferendi.

2314 697 2446 752 Mil.
2492 699 2623 754 illud
2651 715 2867 773 quoque
2909 714 3254 771 summopere
3293 692 3592 756 cavendum
3641 714 3834 756 mone-

2240 805 2385 857 mus,
2416 799 2474 846 ιιι
2510 792 2809 863 presbyteri
2838 791 2923 846 vel
2953 791 3136 847 clerici
3170 789 3426 847 tabernas
3449 807 3614 847 causa
3636 793 3833 848 convi-

2240 885 2404 942 vandi
2437 901 2545 942 non
2572 885 2790 951 adeant,
2820 900 2997 957 neque
3021 887 3075 940 in
3106 883 3349 940 ecclesiis
3374 882 3576 943 vinum,
3600 891 3829 953 excepta

2240 995 2406 1045 causa
2440 970 2822 1045 'neCessitatis,
2859 979 3097 1039 vendere
3139 976 3466 1042 concedant;
3508 975 3604 1030 sed
3651 989 3833 1044 neque

2238 1071 2536 1147 vendentes
2560 1080 2655 1125 aut
2682 1078 2924 1124 ementes
2948 1068 3001 1122 in
3038 1067 3170 1141 ipsis
3196 1063 3440 1122 ecclesiis
3468 1076 3621 1119 more
3643 1063 3831 1117 convi-

2237 1161 2480 1219 vantinm
2504 1161 2780 1217 immorari
2810 1159 3152 1231 permittant,
3183 1157 3325 1228 quod
3356 1157 3409 1212 in
3439 1154 3675 1211 concilio
3696 1154 3829 1208 Car-

2239 1243 2541 1325 thaginensi
2564 1254 2637 1309 ita
2666 1253 2978 1307 inhibetur:
3014 1270 3033 1303 ι
3069 1249 3209 1304 Nulli
3235 1248 3507 1318 episcopi,
3532 1244 3827 1327 veleleriei

2239 1345 2293 1400 in
2324 1345 2553 1401 ecclesia
2575 1345 2960 1409 conviventur;
2989 1342 3091 1398 nisi
3114 1340 3252 1397 forte
3278 1337 3833 1406 transeuntes‘hospi-

2239 1438 2296 1492 tii
2324 1437 2648 1493 necessitate
2673 1437 2781 1492 illic
2811 1434 3092 1491 reficiant:
3123 1430 3300 1503 populi
3334 1437 3511 1484 autem
3545 1427 3613 1481 ab
3635 1424 3831 1495 hujus-

2238 1528 2383 1582 mozii
2444 1527 2706 1583 conviviis
2754 1534 3018 1595 quantum
3074 1527 3302 1594 possunt
3355 1518 3766 1590 prohibeantur.
3801 1532 3825 1566 s

2238 1615 2424 1691 (Cone.
2449 1617 2696 1688 Cartltag.
2726 1616 2853 1670 anni
2884 1614 3010 1679 597,
3042 1626 3165 1669 can.
3195 1610 3311 1673 50.)

2307 1708 2447 1764 XIV.
2480 1706 2891 1765 Observandum
2931 1718 3148 1776 quoque
3182 1714 3463 1757 monemus
3502 1706 3564 1754 ut
3603 1695 3829 1768 presby-

2240 1797 2340 1853 teri
2374 1796 2458 1852 vel
2480 1795 2663 1852 clerici
2692 1793 2911 1852 feminis
2939 1808 3044 1849 non
3068 1790 3414 1853 eohabitent,
3444 1800 3618 1869 neque
3646 1788 3829 1841 detra-

547 1869 675 1940 vino
715 1887 1010 1952 misceatis,
1057 1887 1184 1957 quia
1213 1876 1367 1956 panis
1410 1900 1632 1955 corpus,
1685 1885 1868 1939 vinum
1916 1884 2138 1955 sanguis
2166 1869 2214 1929 Β
2242 1884 2404 1949 bendi
2434 1899 2493 1940 se
2520 1883 2695 1940 locum
2726 1884 2945 1941 donent.
2987 1882 3064 1937 De
3088 1897 3195 1951 qua
3243 1895 3305 1936 re
3343 1878 3592 1935 Clemens
3622 1885 3828 1932 sanetae

547 1975 902 2048 intelligitur;
935 1992 1072 2046 aqua
1094 1990 1215 2046 qua:
1245 1976 1297 2029 in
1320 1990 1482 2031 cruce
1507 1975 1574 2029 de
1596 1974 1770 2030 latere
1788 1974 1999 2028 Domini
2024 1987 2141 2027 ma-

548 2068 697 2122 navit
726 2068 1031 2124 certissime
1080 2068 1290 2123 fidelem
1322 2066 1570 2138 designat
1593 2065 1848 2137 populum
1888 2064 2147 2134 junctum

547 2161 711 2230 capiti
770 2166 890 2226 suo,
955 2160 1098 2231 quod
1137 2167 1221 2217 est
1282 2158 1549 2215 Christus.
1601 2157 1807 2225 Quibus
1860 2156 2142 2214 devotissi-

544 2267 632 2305 me
694 2250 1017 2316 observatis,
1063 2233 1250 2314 verum
1300 2249 1511 2305 Domini
1553 2265 1749 2319 corpus
1808 2247 1999 2318 procul
2041 2247 2149 2304 du-

544 2341 636 2403 lio
676 2338 729 2394 in
788 2340 1017 2396 veritate
1062 2340 1363 2413 coniicitur.
1418 2340 1482 2395 Et
1515 2339 1760 2410 quisquis
1789 2324 1854 2394 ex
1885 2344 1953 2393 eo
1976 2338 2140 2394 cordo

542 2442 596 2486 et
641 2447 870 2504 corpore
920 2432 1254 2505 purificatus,
1312 2448 1435 2488 cum
1483 2431 1586 2487 fide
1633 2431 1791 2486 fuerit
1834 2436 2135 2495 recreatus,

544 2523 915 2585 remissionem
965 2532 1307 2595 peccatorum
1353 2524 1410 2580 in
1460 2523 1552 2580 illo
1589 2524 1706 2581 sine
1757 2522 1921 2580 dubio
1945 2535 2138 2593 opera.

540 2627 652 2683 tur.

617 2707 731 2764 XII.
763 2707 1016 2779 Hospites
1056 2709 1350 2779 secundum
1395 2706 1536 2780 quod
1566 2696 1821 2778 possibile
1865 2715 1949 2763 est
1990 2706 2139 2762 exci-

537 2812 688 2873 pere,
726 2806 782 2852 et
822 2798 927 2853 illis
951 2798 1103 2870 juxta
1132 2799 1276 2854 vires
1301 2814 1364 2854 ea
1390 2798 1585 2868 quibus
1615 2798 1857 2869 indigent
1888 2796 2136 2852 hilariter

540 2885 925 2957 administrare
962 2887 1194 2943 studete.
1240 2887 1308 2943 Et
1350 2887 1533 2957 plebes
1558 2897 1790 2951 vestras,
1816 2895 1875 2942 ut
1903 2887 2134 2955 idipsum

538 2974 742 3028 faciant
760 3015 774 3037 .
799 2984 855 3030 et
879 2977 1043 3045 pedes
1067 2991 1362 3047 pauperum
1392 2976 1602 3040 lavent,
1635 2976 1925 3031 instantius
1948 2975 2135 3030 admo-

539 3077 665 3123 nete
692 3084 706 3121 :
738 3067 1155 3138 scientes,quia'
1180 3067 1223 3123 si
1261 3067 1456 3140 aliquis
1498 3083 1797 3140 pauperum
1838 3068 2132 3140 hospitium

538 3148 914 3226 postulaverit,
960 3166 1014 3211 et
1046 3158 1337 3227 impetrare
1387 3173 1492 3212 non
1538 3158 1831 3224 meruerit,
1879 3169 1934 3215 et
1972 3164 2128 3214 extra

538 3219 756 3298 domum
779 3219 969 3318 jaceus
994 3246 1075 3301 vel
1106 3219 1137 3300 a
1169 3246 1356 3303 bestiis
1393 3247 1556 3303 fuerit
1595 3219 1888 3314 comestus,
1923 3249 2008 3305 vel
2034 3248 2128 3304 fri-
2153 3219 2200 3285 θ

536 3349 672 3409 gere
698 3345 792 3389 aut
814 3334 991 3406 aliqua
1019 3337 1164 3394 aeris
1192 3338 1484 3408 asperitate
1527 3348 1795 3406 mortuus,
1821 3341 1889 3395 ab
1920 3340 2013 3396 illo
2038 3355 2126 3396 re-

536 3425 831 3507 quirendus
853 3427 957 3481 erit
980 3427 1073 3498 qui
1112 3428 1465 3484 humanitatis
1491 3426 1792 3485 subsidium
1820 3430 1869 3485 ei
1897 3444 2128 3502 negave-

535 3513 627 3569 rit.
656 3513 724 3568 Et
743 3516 994 3572 sacerdos
1030 3517 1287 3574 immunis
1326 3521 1395 3574 ah
1423 3520 1527 3576 hac
1553 3520 1707 3590 culpa
1735 3536 1842 3577 non
1874 3522 1997 3586 erit,
2030 3520 2125 3592 qui

536 3603 811 3674 adjutores
837 3620 965 3661 suos
995 3614 1054 3660 ut
1081 3606 1503 3678 hospitalitatem
1542 3610 1830 3681 diligerent
1874 3627 1978 3666 non
2019 3612 2120 3666 ad-

536 3693 769 3777 monuit.
793 3692 1010 3750 Scimus
1038 3697 1181 3752 enim
1226 3699 1352 3768 quia
1393 3714 1584 3772 magna
1613 3708 1696 3756 est
1742 3701 2126 3772 hospitalitatis

533 3786 709 3842 virtus
731 3801 827 3856 per
861 3802 1022 3859 quam
1049 3789 1266 3860 plurimi
1314 3791 1425 3847 Deo
1462 3793 1800 3863 placuerunt,
1830 3802 1883 3849 et
1906 3795 2126 3866 angelos

532 3875 769 3948 hospitio
798 3878 1038 3948 recipere
1074 3888 1421 3949 meruerunt,
1457 3891 1516 3936 ut
1543 3882 1791 3947 Ahrahte,
1823 3881 1981 3949 Loth,
2020 3884 2123 3940 To-

532 3964 656 4049 biae,
686 3975 742 4021 et
766 3966 889 4022 aliis
914 3968 1329 4039 quamplurimis
1368 3970 1594 4042 legimus
1621 3972 1932 4045 contigisse.
1965 3974 2123 4033 Sem-

529 4069 734 4125 perque
760 4058 1071 4115 meminisse
1108 4060 1317 4116 debetis
1354 4071 1555 4132 quanta
1599 4064 1670 4118 sit
1698 4079 1907 4121 merces
1932 4066 2117 4136 hospi-

533 4142 779 4210 talitatis,
806 4147 1026 4203 dicente
1056 4149 1321 4207 Domino:
1357 4151 1560 4223 Hospes
1604 4153 1712 4223 fui,
1740 4165 1788 4209 et
1816 4157 2118 4226 suscepistis

530 4250 611 4287 me
634 4235 849 4307 (Matth.
894 4238 1043 4312 xxv).
1078 4241 1252 4297 Verba
1283 4258 1497 4314 quoque
1540 4244 1779 4316 Apostoii
1810 4249 1878 4304 ad
1919 4264 2118 4307 meme.

534 4325 666 4379 riam
701 4325 1036 4397 frequentius
1080 4326 1350 4409 revocate.
1383 4333 1612 4391 dicentis
1644 4335 2113 4410 :Ilospitalitatem

531 4414 690 4471 nolite
714 4416 944 4473 oblivisci
975 4419 1162 4492 (lIebr.
1194 4424 1336 4495 xm).
1368 4423 1437 4479 Et
1476 4433 1535 4479 ut
1561 4434 1684 4481 cum
1719 4426 1782 4481 B.
1811 4427 1912 4485 Job
1940 4431 2116 4501 possi-

531 4504 598 4557 tis
617 4502 799 4562 dicere
822 4525 835 4562 :
862 4506 1161 4580 Hospitium
1183 4527 1355 4566 meum
1378 4513 1565 4569 viatori
1583 4517 1751 4586 patuit
1772 4517 1894 4589 (Job
1932 4519 2108 4588 xxxx).

528 4593 862 4650 Sententiam
888 4613 1104 4668 quoque
1139 4599 1200 4656 S.
1223 4601 1469 4673 Gregorii
1499 4603 1553 4659 in
1581 4607 1920 4677 expositione
1945 4625 2111 4665 evan-

526 4685 696 4753 gelica
743 4685 1056 4758 frequenter
1097 4692 1357 4752 revolvite
1403 4695 1653 4764 dicentis,
1698 4699 1823 4767 quia
1869 4701 2112 4771 hospites

430 4838 437 4845 ς
526 4789 633 4830 non
660 4776 830 4832 solum
860 4778 1121 4853 invitandi
1144 4791 1288 4849 sum,
1313 4785 1408 4840 sed
1427 4786 1590 4841 etiam
1614 4789 1882 4845 trahendi.
1915 4790 2111 4848 Susce-

523 4867 633 4937 ptis
659 4877 838 4959 autem
870 4870 1170 4942 hospitibus
1190 4913 1206 4939 ,
1239 4875 1552 4959 secundum
1573 4879 1985 4948 possibilitatem
2014 4898 2109 4938 ve-

523 4967 693 5011 stram
735 4956 968 5016 oﬂicium
1027 4962 1378 5020 humanitatis
1420 4956 1749 5039 impendite,
1798 4968 1953 5038 juxta
2005 4972 2139 5027 hoc.

524 5047 668 5123 quod
700 5046 932 5120 legitur:
966 5050 1029 5107 Si
1062 5052 1284 5107 multum
1321 5055 1415 5110 tibi
1444 5055 1626 5125 fuerit,
1655 5058 1984 5115 abundanter
2019 5062 2113 5116 tri-

524 5136 657 5190 bue:
689 5137 736 5190 si
778 5154 893 5192 vero
917 5140 1163 5210 exiguum
1187 5181 1204 5207 ,
1243 5153 1290 5198 et
1326 5142 1460 5198 illud
1484 5144 1820 5203 libentissime
1850 5136 2111 5220 impertire

525 5224 680 5291 (Tob.
709 5228 807 5298 iv).
834 5228 1210 5303 Recogitantes
1237 5248 1453 5305 quoque
1473 5244 1529 5290 et
1546 5235 1676 5293 illud
1695 5240 2063 5311 evangelicum
2091 5258 2105 5296 :

527 5313 835 5366 Οιίαηηνδ
872 5320 1074 5372 άεάενίι
1116 5324 1334 5374 ηιΙὶηιη
1377 5343 1529 5374 unum
1576 5328 1783 5374 [finitima
1824 5340 2024 5374 tantum
2054 5334 2107 5374 in

2141 4569 2189 4630 D

2242 1974 2387 2032 sedis
2410 1973 2666 2030 Romanae
2683 1973 2935 2033 Ecclesite
2950 1972 3147 2044 praisul
3170 1973 3243 2028 ita
3256 1971 3444 2031 edocet
3471 1988 3486 2024 :
3516 1987 3536 2021 ι
3558 1967 3823 2032 Clericus,

2240 2054 2513 2136 inquiens,
2545 2067 2613 2123 ad
2644 2066 2856 2122 femina;
2882 2063 3285 2121 tabernaculum
3314 2078 3418 2118 non
3448 2062 3704 2125 accedat,
3733 2073 3826 2114 ne-

2240 2172 2347 2228 que
2370 2166 2642 2229 properet.
2677 2177 2696 2209 ι
2723 2156 2833 2213 Νεε
2857 2157 3142 2229 presbyter
3163 2153 3309 2210 solus
3338 2169 3458 2209 cum
3479 2150 3591 2207 sola
3621 2148 3822 2205 femina

2240 2246 2449 2304 fabulas
2478 2250 2727 2315 misceat,
2749 2248 3039 2305 definiente
3067 2256 3258 2303 sancto
3293 2245 3523 2302 concilio
3567 2242 3823 2308 Nicamo;

2239 2336 2426 2410 Neque
2446 2339 2722 2411 episcopo,
2755 2354 2932 2409 neque
2958 2338 3315 2410 presbytero,
3358 2351 3533 2406 neque
3574 2335 3825 2399 diacono,

2240 2446 2414 2501 neque
2450 2432 2557 2487 ullo
2586 2432 2783 2491 clerico
2813 2430 3034 2487 oumino
3060 2431 3221 2487 licere
3264 2429 3468 2485 habere
3497 2443 3680 2485 secum
3710 2444 3828 2482 mu-

2237 2518 2425 2574 lierem
2453 2531 2792 2575 extraneam.
2824 2519 2933 2575 Nos
2960 2535 3092 2576 vero
3124 2520 3286 2575 etiam
3318 2534 3350 2573 a
3379 2519 3661 2584 matribus,
3690 2519 3828 2573 ami-

2239 2611 2329 2677 tis,
2354 2612 2654 2678 sororibus,
2681 2600 2762 2667 vel
2792 2600 3107 2683 propinquis
3142 2612 3435 2667 cavendum
3463 2611 3693 2665 dicimus
3715 2650 3731 2675 ,
3758 2623 3826 2665 ne

2199 2692 2205 2697 ’
2237 2699 2377 2765 forte
2424 2701 2550 2757 illud
2583 2702 2795 2759 eveniat
2819 2703 2961 2773 quod
3006 2702 3058 2757 in
3100 2711 3288 2757 sancta
3319 2701 3597 2773 Scriptura
3626 2700 3823 2770 legitur

2237 2790 2304 2855 de
2332 2791 2776 2853 Thamarsorore
2795 2791 3053 2858 Absalon,
3080 2807 3240 2865 quam
3266 2792 3479 2848 Amnon
3501 2788 3673 2847 frater
3692 2802 3823 2848 suus

2235 2881 2376 2947 male
2420 2883 2852 2954 concupiscendo
2895 2881 3148 2949 violavit;
3198 2882 3265 2939 de
3308 2880 3446 2939 Loth
3483 2882 3680 2947 etiam,
3728 2882 3822 2955 qui

2236 2972 2377 3033 ﬁlias
2417 2988 2544 3029 suas
2591 2988 2688 3042 per
2727 2972 3006 3031 ebrietatis
3046 2973 3234 3028 vitium
3274 2973 3524 3031 similiter
3553 2975 3817 3043 corrupit.

2232 3059 2386 3138 Quod
2414 3060 2459 3119 si
2487 3060 2684 3134 aliquis
2723 3070 2966 3121 vestrum
2994 3072 3244 3129 matrem,
3273 3054 3537 3131 sororem,
3569 3064 3652 3120 vel
3684 3063 3821 3117 ami-

2232 3162 2342 3210 tam
2378 3154 2445 3211 ad
2478 3155 2910 3212 convcscendum
2941 3156 3249 3224 vocaverit,
3277 3157 3492 3227 expleto
3529 3158 3815 3217 convivio,

2231 3245 2299 3301 ad
2325 3245 2516 3301 domos
2556 3260 2684 3303 suas
2730 3244 2814 3302 vel
2857 3245 2923 3302 ad
2971 3247 3203 3319 hospitia
3236 3264 3267 3303 a
3304 3249 3465 3306 domo
3511 3246 3812 3321 presbyteri

2229 3347 2462 3403 remota,
2490 3354 2614 3395 cum
2642 3338 2761 3395 luce
2786 3337 2892 3401 diei
2927 3354 3020 3395 eas
3046 3337 3210 3395 faciat
3240 3353 3520 3396 remeare:
3545 3339 3814 3409 periculo-

2229 3442 2350 3484 sum
2375 3428 2576 3500 quippe
2602 3437 2687 3484 est
2716 3436 2775 3483 ut
2802 3428 3080 3485 vobiscum
3121 3429 3401 3495 habitent,
3425 3435 3481 3485 et
3512 3428 3630 3483 ideo
3673 3427 3817 3483 inhi-

2227 3516 2399 3572 bitum
2423 3526 2507 3572 est
2524 3532 2554 3571 a
2577 3517 2782 3573 sanctis
2805 3515 3058 3573 Patribus
3077 3535 3090 3571 :
3110 3519 3364 3588 quoniam
3383 3526 3604 3588 excepta
3628 3533 3817 3589 supra-

2227 3605 2371 3662 dicta
2407 3607 2697 3662 occasione
2735 3606 3032 3677 peccandi,
3061 3606 3260 3662 femina
3299 3622 3420 3676 qua:
3445 3622 3566 3661 cum
3595 3616 3771 3660 matre
3792 3646 3809 3671 ,

2225 3710 2436 3764 sorore,
2466 3697 2549 3754 vel
2576 3700 2742 3753 amita
2771 3710 2866 3755 aut
2892 3707 3050 3770 nepte
3072 3697 3393 3769 ingreditur,
3423 3714 3530 3753 non
3565 3707 3649 3752 est
3680 3714 3808 3771 pro-

2226 3790 2470 3863 pinqua;
2504 3807 2572 3847 ex
2599 3808 2709 3862 quo
2736 3793 2837 3849 nisi
2862 3788 3018 3849 caute
3052 3800 3231 3846 actum
3259 3789 3440 3855 fuerit,
3472 3789 3525 3845 in
3555 3790 3808 3861 laqueum

2223 3872 2423 3938 diaboli
2453 3884 2804 3959 sacerdotalis
2838 3885 2972 3940 ordo
3024 3883 3299 3939 incurrere
3343 3883 3559 3954 poterit.
3591 3881 3806 3936 invitati

2221 3971 2387 4028 etiam
2416 3974 2717 4046 presbyteri
2748 3989 2779 4028 a
2819 3973 3088 4045 religiosis
3123 3972 3427 4045 quibusque
3470 3986 3571 4045 pro
3614 3972 3808 4027 charoo

2221 4074 2342 4116 rum
2374 4078 2595 4119 suorum
2622 4065 2902 4120 memoriis
2916 4080 3032 4119 .non
3061 4079 3119 4119 se
3146 4063 3433 4129 inebrieut,
3462 4079 3637 4134 neque
3667 4064 3807 4117 inter

2219 4155 2414 4226 pocula
2452 4165 2673 4213 cantare
2715 4165 3075 4228 praesumant:
3103 4157 3197 4212 sed
3224 4171 3401 4226 neque
3428 4155 3643 4211 bibendi
3677 4172 3800 4227 pre-

2220 4246 2462 4302 cationes
2498 4244 2600 4302 sub
2629 4247 2937 4302 nominibus
2974 4254 3289 4301 sanctorum
3335 4257 3658 4308 exerceant;
3709 4247 3800 4300 sed

2217 4338 2398 4408 potius
2421 4352 2544 4394 cum
2594 4339 2856 4410 religione
2892 4339 3194 4408 prandeant
3236 4348 3293 4392 et
3337 4353 3460 4393 cum
3509 4339 3801 4394 sobrietate

2216 4430 2436 4495 bibant,
2467 4439 2520 4485 et
2550 4445 2671 4500 qua:
2715 4431 2782 4486 ad
2824 4429 3236 4486 tediiieationem
3280 4432 3552 4501 pertinent
3581 4432 3801 4501 loquan-

2217 4528 2327 4584 tur,
2378 4530 2432 4577 et
2469 4521 2538 4577 ad
2568 4529 2780 4591 tempus
2825 4537 2948 4577 cum
2988 4520 3107 4576 luce
3151 4521 3256 4576 diei
3295 4523 3362 4577 ad
3390 4523 3648 4578 ecclesias
3677 4537 3800 4577 suas

2219 4615 2459 4672 redeant.

2288 4707 2405 4765 XV.
2431 4706 2504 4764 Ut
2524 4706 2861 4780 presbyteri,
2890 4706 3084 4770 villici,
3114 4707 3167 4762 id
3201 4716 3284 4762 est
3315 4724 3620 4778 provisores
3649 4713 3799 4766 villa-

2217 4816 2362 4866 rum,
2404 4815 2509 4854 non
2552 4802 2703 4866 fiant,
2749 4810 2806 4857 et
2841 4810 3218 4871 procuratores
3241 4802 3524 4856 viduarum
3555 4821 3658 4857 non
3686 4806 3797 4859 exi-

2217 4900 2365 4946 stant
2395 4907 2410 4944 :
2437 4898 2494 4946 et
2528 4900 2587 4945 ut
2611 4892 2968 4949 conductores
3010 4909 3262 4963 agrorum
3306 4895 3641 4950 secularium
3690 4915 3791 4952 nun

2214 4981 2344 5046 sint,
2372 4995 2545 5052 neque
2570 4981 2659 5036 ulli
2690 4983 2830 5053 turpi
2854 4984 3069 5054 negotio
3094 4993 3150 5039 et
3173 4984 3458 5040 inhonesto
3487 4986 3684 5040 victum
3711 4987 3791 5041 vel

2212 5071 2424 5126 lucrum
2462 5083 2725 5142 quierant.
2758 5071 2869 5127 Nec
2896 5073 3060 5127 etiam
3091 5074 3159 5128 de
3188 5074 3473 5128 viduarmn
3506 5091 3797 5130 conversa-

2214 5154 2359 5217 tione
2383 5163 2463 5218 sic
2491 5155 2675 5218 curam
2702 5163 2966 5228 habeant,
2995 5173 3264 5234 quatenus
3306 5166 3608 5236 opinionem
3639 5182 3787 5221 suam

2211 5250 2496 5315 infament,
2525 5269 2625 5308 nec
2650 5252 2719 5309 de
2738 5268 2797 5307 se
2826 5252 3002 5337 locum
3029 5255 3352 5309 detractioni
3375 5257 3613 5312 ’donent.
3648 5256 3711 5311 Et
3736 5266 3791 5310 ιιι

2212 5356 2399 5374 nan-nm
2431 5344 2661 5374 I‘n‘lannnl
2692 5358 2757 5374 nn
2780 5342 3012 5374 m:n:nln:
3040 5344 3346 5374 -A:I\II'L':AM
3399 5349 3412 5374 :
