4026 6382
289 418 362 476 ιιι
659 461 661 464 .
1113 478 1121 481 ἤ
1279 453 1281 456 ‹
1760 413 2106 470 surum.
2251 427 2255 430 -
3484 412 3559 493 2'2

289 531 617 593 inserviant.
641 537 908 601 qtlltentts
933 528 1176 584 divinum
1197 525 1872 597 emcium-non-negligaut,
1904 544 1950 600 Λ
1979 529 2076 586 siis
2103 530 2488 600 sepelirentur.
2533 530 2626 594 bis,
2660 530 2838 587 verbis
2883 521 3162 601 respondit
3207 527 3402 600 (Epist.
3428 527 3515 595 55)
3542 545 3556 582 :

287 622 673 679 etscbolarios
708 635 836 677 suos
886 620 1126 676 modeste
1173 619 1518 691 distringant,
1575 628 1724 674 caste
1783 635 1881 674 uu-

287 714 482 773 triaut,
501 722 559 767 et
587 713 670 767 sic
695 712 892 766 litteris
920 711 1163 765 imbuant
1179 752 1194 774 ,
1220 720 1277 765 ut
1302 711 1438 766 mala
1469 710 1881 772 conversatione

287 821 396 859 non
427 805 749 870 destruant;
773 812 828 859 et
851 803 1056 874 puellas
1079 803 1148 856 ad
1169 803 1483 859 discendum
1519 819 1640 859 cum
1671 803 1881 861 schola-

288 899 385 954 riis
427 900 548 954 suis
578 899 632 953 in
676 898 859 954 schola
905 913 1000 953 sua
1040 912 1379 968 nequaquam
1410 898 1710 966 recipiant;
1743 905 1881 953 etut

286 990 430 1061 turpi
455 989 612 1045 luero
641 1000 698 1044 et
719 988 1171 1060 negotiationibus
1201 1005 1305 1044 non
1342 989 1657 1045 inserviant.

356 1079 525 1134 XVII.
560 1080 690 1135 lllu'd
715 1095 930 1151 quoque
953 1080 1352 1136 admonendum
1376 1095 1687 1148 censemus,
1722 1091 1782 1137 ιιι
1809 1096 1876 1136 an

283 1172 467 1225 usuris
500 1186 696 1228 omnes
739 1186 798 1227 se
843 1172 1161 1234 subtraham
1188 1187 1203 1225 :
1231 1173 1274 1228 si
1301 1173 1468 1239 enim,
1495 1173 1645 1243 juxta
1677 1189 1879 1242 praece-

282 1267 431 1329 ptum
466 1261 706 1328 Domini,
736 1263 941 1319 amicos
986 1265 1037 1318 in
1085 1264 1218 1330 Deo,
1251 1274 1306 1320 et
1331 1265 1580 1321 inimicos
1619 1265 1879 1321 debemus

277 1350 508 1423 diligere
532 1363 752 1424 propter
778 1355 969 1419 Deum,
993 1363 1048 1409 et
1069 1355 1150 1410 eis
1179 1365 1364 1410 nostra
1397 1358 1534 1412 bona
1555 1398 1568 1421 ,
1596 1372 1718 1427 quae
1762 1359 1876 1428 ipse

280 1443 440 1496 nobis
471 1443 758 1518 muneritis
786 1445 1036 1510 contulit,
1061 1447 1234 1515 gratis
1261 1447 1442 1514 largiri
1468 1461 1483 1500 :
1517 1463 1622 1518 qua
1668 1448 1878 1503 ratione

279 1517 571 1607 possumus
599 1538 668 1593 ab
698 1537 780 1593 eis
825 1537 917 1608 qui
949 1538 1120 1594 nostri
1152 1539 1207 1594 in
1247 1539 1466 1594 Christo
1490 1517 1617 1594 sunt
1641 1538 1839 1595 fratres
1859 1580 1874 1606 ,

279 1638 337 1684 ut
365 1631 509 1685 idem
531 1631 608 1685 ait
631 1649 645 1685 :
675 1630 828 1686 Unus
855 1642 929 1686 est
955 1634 1090 1686 enim
1117 1631 1277 1688 Pater
1293 1643 1476 1700 vester,
1500 1651 1674 1689 omnes
1701 1645 1874 1689 autem

283 1737 366 1776 eos
396 1721 596 1791 fratres
635 1725 762 1778 estis
797 1723 1014 1794 (Matth.
1042 1725 1220 1796 χχιιι),
1251 1727 1466 1797 exigere
1491 1742 1612 1796 quas
1645 1741 1749 1781 non
1782 1741 1875 1781 ac-

279 1813 852 1879 commodavimus,et
877 1825 1122 1886 repetere
1165 1833 1286 1887 qute
1324 1819 1874 1887 non-priestitimus?

1987 643 2005 676 ι
2041 623 2175 683 Cum
2204 625 2384 694 gravia
2414 632 2632 694 peccata
2680 640 2784 679 nou
2815 624 3145 694 deprimunt,
3191 623 3295 676 lioc
3341 622 3559 691 prodest

1981 716 2212 776 mortuis
2230 717 2288 773 .si
2313 717 2378 774 in
2401 716 2644 772 ecclesiis
2669 717 3021 787 sepeliantur,
3044 715 3184 786 quod
3215 730 3400 768 eorum
3427 730 3556 783 pro-

1979 806 2133 871 ximi,
2165 807 2377 876 quoties
2404 808 2470 862 ad
2499 809 2684 864 eadem
2713 823 2864 861 sacra
2906 808 3021 863 loca
3054 807 3401 866 conveniunt,
3431 820 3559 875 suo-

1980 912 2098 952 rum
2128 914 2357 967 quorum
2387 901 2634 970 sepulcra
2663 901 2934 970 aspiciunt
2968 902 3343 962 rccordantur,
3373 907 3424 952 et
3457 914 3555 966 pro

1978 989 2058 1043 eis
2084 989 2310 1044 Domino
2339 1007 2526 1061 preces
2552 976 2800 1053 fundunt.
2831 992 2964 1046 Nam
3006 1008 3144 1062 quos
3190 998 3408 1061 peccata
3437 1006 3559 1060 gra-

1978 1082 2064 1136 via
2102 1082 2428 1152 deprimunt,
2456 1099 2562 1139 non
2609 1084 2673 1138 ad
2716 1085 3036 1141 solutionem
3083 1083 3260 1152 potius
3299 1096 3459 1150 quam
3488 1080 3555 1132 ad

1979 1172 2238 1243 majorem
2270 1173 2630 1229 damnationis
2668 1174 2938 1228 cumulum
2986 1189 3173 1227 eorum
3227 1165 3453 1242 corpora
3505 1171 3556 1224 in

1975 1264 2221 1320 ecclesiis
2242 1276 2533 1334 ponuntur.
2557 1266 2710 1332 Quod
2736 1266 2947 1330 melius,
2965 1265 3158 1332 inquit,
3187 1262 3557 1324 ostendemus,

1976 1357 2019 1412 si
2051 1371 2113 1411 ea
2145 1373 2264 1426 qua:
2291 1357 2480 1413 diebus
2511 1358 2710 1414 nostris
2741 1366 2887 1428 gesta
2921 1366 3046 1412 sunt
3075 1355 3312 1410 breviter
3339 1367 3560 1408 enarre-

1975 1449 2115 1499 mus.
2149 1445 2245 1500 Vir
2269 1463 2498 1514 namque
2528 1447 2652 1500 vitae
2691 1447 3012 1501 venerabilis
3042 1445 3214 1508 Felix,
3245 1445 3568 1499 PortuenSts

1973 1536 2279 1606 episcopus,
2308 1539 2358 1592 in
2403 1537 2707 1593 Sabiniensi
2753 1537 3026 1606 provincia
3059 1546 3210 1592 ortus
3239 1547 3398 1606 atque
3414 1550 3566 1591 cuii-

1977 1628 2133 1683 tritus
2156 1637 2256 1693 est,
2280 1630 2368 1698 qui
2397 1631 2683 1699 quamdam
2725 1629 3190 1685 sanctimonialem
3222 1628 3476 1682 feminam
3505 1628 3572 1680 itr

1974 1715 2092 1772 loco
2119 1719 2306 1773 eodem
2352 1718 2517 1774 fuisse
2554 1729 2801 1783 testatur,
2833 1737 2953 1790 quae
2979 1720 3160 1774 carnis
3187 1719 3399 1788 quidem
3431 1734 3557 1772 con«

1977 1807 2256 1864 tinentiam
2305 1811 2529 1875 habuit,
2579 1814 2669 1867 sed
2721 1812 2914 1882 lingua:
2962 1812 3344 1883 procacitatem
3397 1819 3562 1879 atque

280 1903 665 1978 Unusquisque
710 1907 874 1979 igitur
897 1918 1156 1978 quamam
1187 1895 1504 1980 ρηυείῑιει-ίί
1529 1919 1738 1965 tantum
1784 1926 1868 1966 re.
1898 1897 1945 1958 B
1975 1898 2365 1968 stultiloquium
2405 1917 2510 1956 non
2556 1902 2859 1957 declinavit.
2894 1902 3016 1956 lliec
3058 1901 3218 1972 igitur
3262 1899 3509 1954 defuncta
3541 1941 3556 1964 ,

277 1999 464 2068 cipiat,
499 2008 552 2054 et
596 2001 839 2056 eamdem
887 2001 1122 2072 speciem
1165 2013 1220 2057 et
1261 2019 1568 2059 mensuram
1616 2018 1864 2070 annonae,

276 2097 369 2140 aut
394 2088 507 2142 viui
526 2129 542 2154 ,
576 2099 671 2144 aut
700 2092 942 2160 argenti,
986 2101 1080 2147 aut
1109 2102 1258 2148 certe
1287 2093 1518 2165 alicujus
1547 2095 1705 2163 pretii
1732 2110 1866 2150 con-

277 2180 526 2246 valentis,
558 2190 718 2252 prout
760 2184 903 2239 inter
929 2199 1022 2239 eos
1067 2187 1424 2258 convenerit:
1460 2186 1535 2239 ita
1587 2195 1766 2240 tamen
1808 2193 1869 2240 ut

277 2285 380 2325 non
435 2272 821 2342 multiplicetur
889 2289 1064 2344 neque
1133 2286 1581 2348 superaugcatur.
1636 2277 1711 2331 De
1767 2276 1869 2331 iter

276 2363 560 2432 agentibus
583 2364 832 2419 similiter
843 2366 1240 2421 observandum
1265 2367 1627 2429 decernimus,
1646 2375 1705 2420 ιιι
1724 2367 1867 2421 nulla

273 2453 351 2508 eis
395 2454 502 2508 alia
537 2471 787 2510 mensura
833 2458 885 2511 in
933 2460 1294 2514 venundando
1341 2461 1612 2516 tribuatur
1640 2460 1739 2514 nisi
1777 2459 1863 2514 illa

273 2560 376 2615 qua
414 2546 572 2601 vobis
615 2557 796 2602 vestra
828 2549 912 2604 vel
944 2549 1188 2620 accipitis
1216 2551 1300 2606 vel
1341 2552 1709 2622 comparatis;
1739 2553 1864 2621 quia

272 2634 535 2704 scriptum
567 2643 649 2689 est
673 2653 688 2690 :
721 2635 905 2708 Neque
933 2626 1309 2694 circumvenias
1329 2641 1384 2694 iu
1413 2643 1620 2711 negotio
1647 2642 1864 2711 fratrem

272 2733 418 2775 tuum
464 2721 518 2794 (I
546 2722 725 2778 Thess.
764 2725 859 2796 tv).
895 2725 996 2779 Et:
1027 2725 1226 2780 Eadem
1263 2744 1509 2784 mensura
1547 2746 1670 2799 qua.
1702 2732 1865 2785 mensi

271 2814 499 2881 fueritis,
535 2814 836 2868 remetielur
867 2816 1006 2870 vobis
1034 2814 1184 2886 (Luc.
1209 2817 1314 2888 vr).
1353 2818 1419 2878 Et
1449 2837 1460 2873 :
1501 2817 1862 2880 Non/tabebis

270 2904 474 2956 diversa
503 2904 736 2973 pondera
756 2943 771 2970 ,
794 2905 969 2975 majus
1002 2916 1092 2960 aut
1129 2908 1332 2973 minus,
1364 2909 1454 2963 sed
1481 2909 1548 2963 sit
1576 2908 1668 2963 tibi
1683 2908 1862 2978 justus

268 2994 477 3072 modius
496 3035 510 3057 ,
535 3012 816 3066 (equusque
837 2999 1098 3052 sextarius
1127 2999 1301 3070 (Deut.
1330 3003 1479 3071 xxv).

336 3085 527 3142 XVIII.
559 3087 915 3145 .‘llercationes
943 3107 1089 3151 vero.
1119 3109 1239 3162 qua:
1283 3094 1482 3148 divinis
1523 3105 1576 3149 et
1607 3095 1860 3151 humanis

266 3176 479 3250 legibus
504 3181 798 3250 prohibita
820 3193 944 3236 sunt
963 3226 977 3248 ,
1005 3193 1059 3239 et
1089 3201 1232 3240 nunc
1255 3186 1431 3242 denuo
1459 3187 1651 3243 diebus
1681 3189 1859 3242 Domi-

1969 1998 2131 2058 atquc
2179 1991 2232 2045 in
2275 1991 2502 2046 ecclesia
2549 1994 2753 2062 sepulta
2801 1985 2922 2047 est."
2953 1991 3120 2052 Nocte
3159 2000 3338 2044 autem
3369 1986 3568 2045 eadem.

1967 2079 2207 2150 ejusdem
2233 2083 2476 2138 ecclesiae
2507 2098 2688 2139 custos
2714 2101 2812 2156 per
2853 2084 3231 2139 revelatioucm
3263 2085 3394 2138 vidit
3431 2085 3565 2154 quia-

1966 2171 2194 2228 deducta
2225 2183 2350 2229 ante
2379 2191 2590 2230 sacrum
2635 2177 2808 2232 altare
2849 2193 2944 2247 per
2987 2177 3220 2231 medium
3250 2176 3562 2242 secabatur,

1967 2272 2026 2317 et-
2048 2278 2173 2333 pars
2203 2279 2306 2318 una
2332 2265 2472 2320 illius
2497 2266 2616 2337 igne
2639 2267 3006 2332 cremabatur,
3032 2282 3159 2337 pars
3183 2275 3361 2320 autem
3385 2266 3554 2320 altera

1967 2352 2168 2409 intacta
2199 2357 2532 2411 remanebat.
2576 2357 2833 2429 Cumque
2863 2358 2962 2412 hoc
2996 2372 3220 2427 surgens
3260 2349 3416 2411 mane
3443 2355 3556 2410 fra-

1967 2443 2139 2498 tribus
2186 2454 2452 2511 narraret,
2505 2454 2560 2500 et
2603 2446 2781 2501 locum
2829 2447 2989 2502 vellet
3035 2447 3321 2519 ostendere
3359 2447 3409 2499 in
3448 2462 3556 2516 qua

1964 2531 2141 2588 fuerat
2175 2535 2294 2606 igne
2331 2547 2667 2607 consumpta,
2704 2539 2817 2608 ipsa
2859 2538 3090 2594 Ilammm
3133 2540 3435 2601 combustio
3477 2540 3552 2594 ita

1965 2631 2088 2676 ante
2130 2623 2296 2678 altare
2333 2625 2382 2679 in
2418 2627 2774 2682 marmoribus
2805 2617 3079 2698 apparuit,
3129 2644 3192 2684 ac
3239 2629 3282 2684 si
3327 2629 3435 2683 illic
3462 2643 3558 2684 ca-

1965 2714 2084 2768 dem
2112 2713 2308 2768 femina
2335 2732 2560 2786 corpore
2584 2717 2772 2773 fuisset
2800 2719 2920 2790 igne
2944 2728 3307 2774 concremata.
3337 2720 3416 2774 Ex
3445 2735 3555 2791 qua

1964 2819 2022 2857 re
2053 2814 2237 2873 aperte
2266 2806 2425 2859 datur
2453 2800 2672 2878 intelligi
2692 2849 2706 2873 ,
2735 2810 2859 2879 quia
2903 2810 2955 2863 in
2986 2811 3180 2878 quibus
3213 2811 3299 2864 hic
3329 2821 3550 2879 peccata

1963 2897 2182 2952 dimissa
2214 2914 2317 2952 non
2353 2898 2574 2965 fuerint,
2603 2901 2668 2954 ad
2698 2901 3031 2972 evadendum
3071 2899 3334 2968 judicium
3380 2902 3553 2956 sacris

1961 2987 2095 3042 locis
2151 2997 2272 3057 post
2326 3000 2552 3043 mortem
2617 3007 2721 3044 non
2769 2989 2948 3045 valent
3003 2991 3266 3061 adjuvari.
3318 2988 3558 3046 Joannes

1962 3095 2176 3148 quoque
2198 3071 2279 3133 vir
2303 3080 2620 3150 magniﬁcus
2651 3081 2703 3136 iu
2750 3082 2850 3137 hac
2896 3083 3026 3137 urbe
3066 3083 3241 3137 locum
3272 3083 3565 3152 prtefecto-

1963 3187 2082 3226 rum
2107 3187 2350 3239 servans,
2379 3174 2530 3243 cujus
2558 3175 2800 3231 veritatis
2820 3184 2994 3244 atque
3024 3177 3305 3244 gravitatis
3350 3177 3420 3229 sit
3460 3191 3554 3229 no-

269 3270 408 3324 nicis
439 3284 469 3324 τι
500 3271 821 3339 quibusdam
852 3273 1116 3342 [mprobis-
1137 3285 1480 3341 exercenwr,
1531 3278 1706 3332 modis
1739 3293 1858 3332 om-
1885 3255 1928 3316 C
1962 3263 2168 3328 vimus;
2213 3263 2303 3334 qui
2335 3264 2464 3319 mihi
2497 3274 2721 3318 testatus
2750 3275 2834 3320 est
2879 3264 3222 3320 Valerianum
3251 3264 3548 3319 Patricium

266 3359 428 3413 nibus
471 3358 798 3424 inbiliemus,
839 3369 894 3415 et
931 3362 1085 3416 vobis
1116 3363 1440 3420 inbibendas
1485 3365 1631 3420 omni
1678 3367 1856 3420 studio

266 3450 532 3504 canonica
568 3450 893 3505 auctoritate
919 3451 1284 3512 decernimus.
1328 3453 1574 3523 Ineptum
1619 3470 1855 3525 namque

265 3548 350 3592 est
374 3550 438 3593 ut
459 3539 800 3596 Christianus
820 3541 1049 3611 quilibet
1076 3558 1139 3599 ea
1170 3545 1279 3609 die,
1304 3559 1412 3614 qua
1443 3547 1856 3604 resurrectionis

264 3628 565 3686 Dominicrc
608 3642 916 3704 nostrzeque
957 3635 1342 3706 redemptionis
1364 3638 1629 3697 memoria
1664 3655 1856 3695 recen-

265 3729 436 3783 setur,
480 3720 629 3775 lucra
687 3723 968 3777 stecularia
1019 3725 1102 3778 vel
1161 3727 1520 3781 mercationes
1568 3737 1853 3794 exerceat,

263 3826 428 3880 quam
463 3821 630 3868 totam
665 3814 832 3869 debet
863 3815 916 3869 in
960 3817 1156 3874 divinis
1185 3817 1432 3876 laudibus
1461 3829 1517 3878 et
1558 3821 1767 3885 olliciis,
1802 3831 1857 3878 et

262 3900 665 3967 oblationibus,
693 3919 794 3974 pro
833 3919 932 3960 sua
959 3914 1014 3960 ct
1044 3916 1366 3969 cunctorum,
1395 3906 1460 3965 ad
1489 3927 1549 3966 se
1581 3913 1857 3980 pertinen-

263 3992 399 4045 tium
432 3991 636 4059 salute,
665 4003 831 4065 atque
869 3997 1034 4054 totius
1066 3998 1322 4055 Ecclesiae
1364 4001 1656 4056 stabilitate
1693 4017 1856 4057 occu-

259 4095 414 4151 pare.

330 4169 478 4226 XIX.
511 4172 830 4244 Sepulturas
883 4186 1220 4234 mortuorum
1262 4179 1632 4237 ecclesiastica
1683 4183 1854 4246 Itone-

260 4271 402 4317 state
425 4273 482 4318 et
503 4265 704 4334 pietate
736 4268 1108 4338 unusquisque
1150 4272 1434 4340 presbyter
1474 4271 1754 4341 disponat,
1801 4281 1855 4327 ct

262 4367 332 4407 ne
379 4369 477 4424 pro
523 4356 847 4424 sepeliendis
894 4360 1124 4414 mortuis
1181 4361 1337 4416 xenia
1381 4361 1654 4430 exquirat.
1702 4363 1854 4420 Unde

261 4441 455 4501 beatus
498 4444 792 4517 Gregorius
841 4448 912 4502 ita
965 4453 1419 4518 prmsumentibus
1448 4453 1574 4508 talia
1614 4453 1853 4523 loquitur

259 4534 455 4604 (Epist.
480 4537 551 4590 ad
578 4537 830 4610 Ianuar.)
856 4553 871 4592 :
897 4557 914 4589 ι
947 4539 1123 4595 Grave
1155 4541 1337 4608 nimis,
1365 4543 1556 4614 inquit,
1581 4552 1636 4599 et
1660 4545 1848 4614 procul

1961 3350 2013 3405 iu
2061 3352 2294 3415 civitate,
2343 3367 2463 3422 qua:
2507 3351 2685 3406 Brixia
2735 3354 2954 3421 dicitur,
2996 3353 3164 3408 fuisse
3211 3353 3545 3408 defunctum.

1959 3442 2055 3496 Cui
2073 3440 2312 3510 ejusdem
2331 3443 2562 3498 civitatis
2578 3445 2883 3515 episcopus,
2903 3455 3123 3514 accepto
3146 3447 3336 3515 pretio,
3362 3447 3542 3501 locum

1960 3532 2014 3586 in
2056 3533 2280 3588 ecclesia
2328 3534 2589 3603 praebuit,
2622 3535 2672 3588 in
2721 3551 2827 3606 quo
2867 3537 3081 3608 sepeliri
3119 3537 3409 3602 debuisset.
3441 3528 3551 3605 Qui

1958 3622 2208 3678 videlicet
2251 3622 2569 3678 Valerianus
2615 3640 2786 3694 usque
2829 3625 2895 3680 ad
2945 3635 3160 3681 mtatem
3217 3628 3553 3697 decrepitam

1959 3714 2091 3769 levis
2115 3730 2179 3769 ac
2202 3713 2439 3768 lubricus
2462 3715 2693 3782 exstitit,
2710 3717 3033 3787 modumque
3061 3719 3172 3772 suis
3193 3721 3560 3787 pravitatibus-

1957 3823 2158 3882 ponere
2184 3810 2524 3880 contempsit.
2571 3811 2769 3866 Eadem
2814 3828 2942 3872 vero
2981 3823 3137 3868 nocte
3165 3830 3266 3883 qua
3308 3815 3551 3883 sepultus

1959 3910 2063 3966 est,
2091 3901 2280 3966 beatus
2307 3899 2600 3956 Faustinus
2626 3911 2850 3974 martyr,
2885 3904 2936 3958 in
2969 3903 3123 3973 cujus
3162 3904 3391 3959 ecclesia
3421 3920 3543 3958 cor-

1958 4005 2060 4060 pus
2089 3989 2230 4043 illius
2277 3989 2454 4044 fuerat
2498 3990 2798 4057 humatum,
2855 3994 3061 4048 custodi
3116 4009 3212 4047 suo
3260 3995 3540 4063 apparuit,

1957 4081 2181 4135 dicens:
2217 4079 2388 4144 Vade,
2421 4089 2474 4136 et
2501 4081 2586 4136 dic
2614 4083 2867 4152 epiScopo
2897 4083 3142 4154 projiciat
3170 4084 3295 4138 hinc
3329 4086 3425 4146 bas
3468 4084 3546 4138 fc-

1957 4178 2136 4226 tentes
2161 4186 2386 4238 carnes,
2416 4187 2550 4242 quas
2578 4171 2665 4227 hic
2694 4174 2893 4243 posuit,
2936 4175 3061 4244 quia
3105 4175 3150 4230 si
3198 4191 3301 4229 non
3334 4171 3542 4235 fecerit,

1958 4259 2044 4314 die
2070 4259 2344 4330 trigesimo
2372 4260 2486 4330 ipse
2515 4261 2795 4315 morietur.
2844 4262 3013 4330 Quam
3056 4263 3316 4318 visionem
3359 4272 3545 4318 custos

1957 4350 2210 4419 episcopo
2245 4350 2424 4405 timuit
2468 4351 2737 4407 conﬁteri.
2781 4351 2847 4406 Et
2895 4369 3082 4408 rursus
3119 4352 3423 4408 admonitus
3450 4338 3543 4408 de-

1955 4440 2196 4494 clinavit.
2230 4441 2326 4497 Die
2368 4451 2550 4495 autem
2582 4442 2856 4514 trigesimo
2890 4441 3130 4511 ejusdem
3169 4444 3402 4497 civitatis
3427 4445 3540 4513 epi-

1955 4547 2151 4603 scopus
2185 4549 2310 4589 cum
2343 4517 2650 4603 vespertina
2689 4534 2819 4588 liora
2857 4550 3024 4590 sanus
3060 4542 3222 4603 atque
3259 4535 3545 4591 incolumis

258 4637 342 4682 es],
365 4643 396 4682 a
424 4630 725 4684 sacerdotis
751 4629 961 4694 ofﬁcio,
1005 4633 1236 4701 ρι-ριίιιη]
1287 4634 1352 4688 de
1403 4613 1546 4688 [érra
1588 4613 1845 4690 concessa
1877 4613 1925 4674 D
1954 4627 2022 4680 ad
2055 4628 2248 4680 lilClllIII
2297 4626 2575 4691 rediisset,
2607 4627 2781 4682 SUlllliI
2813 4636 2866 4682 Cl
2910 4628 3180 4696 ἰιιορὶιιιιιιι
3229 4636 3400 4682 morte
3444 4631 3542 4682 de-

260 4720 527 4791 pntrediui
560 4735 826 4789 qumrere,
870 4733 925 4777 et
957 4723 1022 4777 de
1068 4723 1246 4776 alieno
1294 4724 1425 4778 velle
1473 4725 1651 4780 facere
1697 4726 1842 4782 luctu

259 4817 658 4883 compendium.
695 4815 807 4871 IIoc
842 4826 1020 4871 autem
1066 4818 1253 4872 vitium
1300 4829 1356 4873 et
1389 4834 1507 4883 nos,
1531 4827 1840 4890 postquam,

257 4905 370 4960 Deo
399 4915 644 4971 auctore,
673 4907 739 4961 ad
768 4908 1108 4977 episcopatus
1131 4910 1390 4962 honorem
1420 4907 1678 4963 Romana;
1700 4910 1846 4965 sedis

255 4995 626 5060 accessimus,
674 4997 740 5050 de
775 4997 1012 5052 Ecclesia
1051 5008 1231 5052 nostra
1278 4999 1499 5052 omnino
1543 4989 1857 5068 exstirpare

255 5086 598 5142 decrevimus
615 5127 629 5150 ,
655 5096 710 5142 et
733 5103 952 5156 pravam
977 5089 1153 5144 denuo
1172 5091 1614 5145 consuetudinem
1645 5074 1842 5160 nequa-

255 5189 422 5246 quam
453 5178 703 5247 usurpari
731 5179 1116 5248 permittimus.
1155 5179 1212 5235 Si
1249 5191 1427 5248 autem
1453 5198 1481 5234 a
1507 5183 1716 5238 devotis
1749 5197 1845 5252 pro

258 5270 374 5324 suis
401 5269 627 5324 mortuis
652 5269 908 5339 quiddam
935 5271 1178 5327 ecclesiae
1200 5271 1281 5327 vel
1304 5273 1632 5352 presbyteris
1655 5282 1847 5343 sponte

175 5361 179 5364 ’
261 5358 506 5423 offertur,
568 5375 598 5414 a
657 5361 987 5431 presbyteris
1029 5361 1198 5430 accipi
1244 5379 1348 5416 non
1401 5363 1770 5431 prohibemus.
1822 5383 1840 5416 ι

259 5447 412 5514 Quod
443 5460 623 5503 autem
657 5448 794 5504 infra
819 5450 1105 5506 ecclesiam
1135 5453 1405 5508 neminem
1437 5454 1666 5524 sepelire
1685 5456 1846 5511 debe-

261 5540 353 5604 tis,
401 5540 586 5595 multis
628 5542 1042 5597 auctoritatibus
1083 5543 1471 5612 perdocemus,‘
1514 5554 1568 5600 et
1610 5547 1845 5604 maxime

253 5627 671 5702 licati'Gregorii
694 5641 900 5686 sancta:
930 5631 1184 5687 Romanae
1212 5633 1356 5688 sedis
1377 5634 1654 5690 antistitis.
1677 5635 1844 5692 Inter.-

255 5728 480 5788 rogatus
507 5721 650 5775 enim
682 5736 712 5776 a
739 5721 900 5777 Petro
927 5722 1189 5793 discipulo
1235 5738 1334 5778 suo
1355 5765 1370 5789 ,
1416 5732 1598 5781 utrum
1630 5729 1839 5784 anima-

251 5801 360 5866 bas
378 5808 580 5880 aliquid
609 5813 887 5882 prodesset
916 5813 961 5868 si
983 5821 1318 5869 mortuorum
1345 5830 1569 5887 corpora
1599 5816 1650 5873 in
1673 5817 1844 5874 cccle-

1954 4720 2171 4776 functus
2203 4729 2307 4775 est.
2333 4719 2413 4775 Ex
2443 4735 2547 4790 qua
2576 4735 2656 4786 re,
2687 4720 2848 4776 Petre
2871 4762 2884 4789 ,
2931 4719 3118 4791 collige
3164 4721 3288 4790 quia
3319 4721 3370 4774 lii
3402 4735 3541 4789 quos

1949 4820 2172 4880 peccata
2215 4812 2402 4882 gravia
2448 4813 2786 4882 deprimunt,
2818 4813 2862 4868 si
2897 4812 2947 4867 in
2980 4828 3136 4868 sacro
3176 4812 3292 4873 loco
3319 4811 3540 4881 sepeliri

1951 4920 2011 4959 se
2038 4904 2256 4972 faciant,
2295 4913 2464 4959 restat
2496 4913 2552 4958 ut
2585 4904 2744 4960 etiam
2777 4905 2841 4959 de
2876 4919 2972 4958 sua
3014 4904 3427 4973 praesumptione
3449 4902 3551 4970 ju-

1956 4997 2187 5062 dicetur,
2211 5007 2478 5066 quatenus
2507 5013 2600 5052 eos
2638 5012 2789 5052 sacra
2825 4995 2938 5050 loca
2988 5013 3091 5049 non
3136 4995 3397 5056 liberent,
3439 4997 3534 5050 sed

1952 5090 2116 5144 etiam
2143 5090 2299 5159 culpa
2332 5090 2650 5144 temeritatis
2677 5097 2912 5145 accuset.
2944 5107 2962 5140 ι
2995 5087 3088 5144 llis
3120 5088 3538 5144 auctoritatibus

1952 5181 2216 5247 roborati,
2247 5189 2360 5235 uta
2390 5182 2541 5237 vobis
2572 5196 2786 5252 quoque
2830 5181 3132 5251 bujusmodi
3184 5179 3534 5249 prmsumptio

1953 5279 2210 5326 caveatur
2253 5270 2516 5326 instanter
2537 5271 2899 5340 judicavimus
2930 5270 3325 5326 admonendum
3353 5287 3366 5334 ;
3390 5280 3445 5325 et
3476 5283 3536 5326 ut

1954 5359 2078 5414 talia
2136 5359 2577 5416 irrationabiliter
2629 5363 3063 5431 postulantibus,
3117 5361 3545 5427 rationabiliter,

1952 5454 2039 5511 his
2065 5455 2287 5523 prolatis
2309 5456 2740 5522 auctoritatibus,
2774 5458 3039 5524 denegare
3072 5455 3289 5509 curetis.
3314 5474 3349 5514 ,ι

2024 5547 2143 5604 XX.
2182 5548 2400 5604 Rationi
2432 5565 2644 5620 quoque
2669 5551 2970 5620 proximum
3004 5563 3122 5603 esse
3150 5548 3428 5604 sanximus
3473 5553 3536 5604 ut

1949 5639 2006 5695 in
2035 5657 2360 5713 unoquoque
2389 5657 2596 5706 mense,
2623 5650 2822 5698 statuta
2854 5639 2962 5707 die,
2989 5640 3044 5694 id
3068 5649 3152 5695 est
3193 5641 3251 5700 in,
3279 5638 3536 5694 Kalendis

1949 5731 2372 5802 uniuscujusque
2417 5732 2650 5796 mensis,
2697 5747 2792 5801 per
2833 5730 3070 5800 singulas
3108 5729 3379 5786 dccauias.
3407 5743 3556 5798 pre--

1947 5815 2152 5892 Shyteri
2181 5821 2338 5878 simul
2367 5822 2709 5888 conveniant,
2739 5832 2793 5878 et
2813 5820 3325 5878 convcuicutcsuon
3356 5827 3534 5889 pastis
