3986 5612
876 250 911 283 Α

447 365 521 422 25
1222 357 1696 418 MARTINIANUS
1733 350 2198 413 MONACHUS.-
2234 349 2501 408 NOTITIA
2543 358 2924 422 HlSTORlCA.
3623 375 3696 432 2t

451 478 555 547 vel~
581 476 947 555 potationibus
988 483 1207 544 vacent,
1245 476 1343 533 sed
1385 475 1455 532 de
1482 490 1580 533 suo
1621 474 1923 532 ministerio
1965 482 2022 532 et
2050 477 2100 540 Α
2125 474 2271 532 diam
2299 487 2549 537 revocate
2573 497 2588 533 :
2616 479 2665 535 si
2685 494 2815 536 vero
2834 481 3001 538 semel
3040 490 3097 538 et
3141 482 3224 539 bis
3251 498 3283 539 a
3312 485 3464 542 vobis
3506 487 3696 546 admo—

454 568 1166 642 religiosa'convcrsatione,
1192 577 1352 639 atque
1376 568 1444 625 de
1467 569 1554 625 bis
1593 581 1713 638 qua:
1738 569 1793 624 in
1834 582 2022 626 eorum
2129 572 2229 629 nitl
2252 572 2441 629 audire
2466 571 2782 644 refogerint,
2821 573 3115 630 secundum
3143 566 3518 633 auctoritatem
3551 579 3697 649 Aga-

454 661 725 731 parochiis
766 659 1019 716 accidunt
1043 672 1352 716 sermonem
1378 658 1647 727 habeant,
1692 667 1751 715 et
1791 659 2031 730 qualiter
2128 662 2337 719 thensis
2376 662 2592 718 concilii
2634 662 2705 718 ab
2754 662 2995 718 Ecclesia
3029 667 3580 722 excommunicentur.
3612 668 3694 724 Ita

453 767 551 822 pro
590 765 716 822 rege
757 749 842 807 vel
887 749 1187 808 rectoribus
1231 748 1496 818 ecclesiae,
1543 756 1706 820 atque
1732 764 1831 820 pro
1868 749 2025 805 fami-

454 840 681 897 liaribus
728 841 842 896 suis
867 880 884 906 ,
936 847 1046 895 tam
1079 839 1221 896 vivis
1244 853 1406 910 quam
1443 847 1500 896 et
1546 838 1830 906 defunctis,
1861 853 2022 897 orare

447 931 698 997 debeant,
739 931 905 986 simul
936 930 1301 987 considerent.
1916 930 1919 931 ⁷

518 1019 657 1076 XXI.
698 1023 895 1078 Docete
929 1022 1095 1078 etiam
1135 1023 1497 1094 parochianos
1521 1030 1737 1081 vestros
1756 1031 1817 1080 ut
1841 1038 2016 1096 quan-

2125 755 2269 812 enim
2313 756 2367 811 in
2396 755 2621 827 praefato
2662 753 2889 811 concilio
2915 755 2983 810 de
3009 756 3094 812 his
3138 757 3231 828 qui
3272 773 3372 828 per
3399 757 3580 814 odium
3616 756 3695 817 ad

2127 860 2314 916 pacem
2337 859 2443 901 non
2466 853 2812 901 revertuntur
2833 844 3008 916 capite
3047 846 3320 916 trigesimo
3361 846 3536 918 primo
3558 846 3695 904 acria

2126 945 2276 1006 ptum
2322 933 2669 990 continetur:
2712 952 2734 988 ε
2776 932 2929 1001 Quod
2976 934 3023 991 si
3070 934 3381 991 inimicitias
3425 937 3695 1009 deponere

2122 1025 2422 1097 perniciosa
2444 1025 2757 1082 intentione
2792 1024 3102 1093 noluerint,
3152 1028 3219 1081 de
3241 1025 3497 1082 Ecclesia:
3544 1031 3689 1080 emta

447 1112 516 1166 do
562 1114 629 1169 ad
667 1114 951 1171 ecclesiam
979 1115 1331 1181 conveniunt,
1361 1130 1521 1172 orare
1540 1130 1642 1186 pro
1706 1129 1766 1172 se
1811 1128 2018 1186 proque
2119 1115 2420 1188 justissima
2466 1116 3025 1173 excommunicatione
3065 1117 3352 1188 pellantur.
3394 1136 3416 1171 ι
3453 1116 3588 1173 Item
3620 1117 3692 1171 in

453 1201 572 1258 aliis
610 1219 733 1259 cum
778 1205 1066 1277 gemitibus
1093 1215 1150 1262 et
1173 1206 1426 1279 lacrymis
1458 1207 1732 1273 studeant,
1760 1215 1817 1263 et
1843 1220 1875 1260 a
1899 1203 2024 1262 ver-

449 1294 534 1349 bis
579 1294 768 1350 otiosis
812 1311 872 1352 se
910 1297 1267 1363 subtrahant;
1318 1297 1445 1368 quia
1492 1295 1741 1353 Salvator
1792 1306 2018 1365 noster,

447 1385 662 1454 quando
693 1386 968 1456 ingressus
994 1395 1079 1443 est
1112 1384 1396 1459 templum,
1425 1395 1480 1442 et
1508 1386 1803 1443 vendentes
1840 1386 1896 1443 in
1926 1385 2019 1443 illo

445 1482 500 1527 ct
527 1484 767 1531 ementes
795 1476 1114 1543 eliminavit,
1143 1479 1388 1548 protinus
1426 1477 1600 1534 dixit:
1627 1477 1897 1550 Scriptum
1920 1486 2019 1545 est,
2078 1475 2091 1489 '

442 1566 567 1633 quia
614 1569 801 1623 domus
847 1584 962 1625 mea
1011 1568 1197 1625 domus
1219 1570 1468 1625 orationis
1507 1568 1771 1624 vocabitur
1803 1568 2020 1637 (Matth.

446 1657 582 1727 χχι).
628 1658 765 1716 Etsi
801 1660 999 1717 ibidem
1025 1660 1189 1732 aiiqui
1221 1669 1348 1718 sunt
1375 1661 1672 1730 discordes,
1703 1661 1793 1732 pia
1826 1663 2015 1717 admo-

2124 1207 2354 1265 concilio
2375 1205 2830 1278 Carthaginiensi,
2877 1206 3053 1277 capite
3095 1206 3443 1278 nonagesimo
3483 1205 3687 1261 tertio:

2129 1315 2150 1351 ι
2189 1296 2500 1356 Oblationes
2548 1297 2920 1354 dissidentium
2962 1296 3192 1352 fratrum
3216 1336 3230 1361 ,
3278 1309 3457 1365 neque
3501 1295 3555 1350 in
3598 1309 3699 1350 sa-

2124 1387 2324 1453 crario,
2372 1403 2547 1459 neque
2583 1388 2637 1443 in
2686 1385 3070 1460 gazophylacio
3109 1384 3455 1456 recipiantur.
3499 1402 3519 1437 »
3684 1440 3689 1445 ,

2196 1478 2359 1533 XXII.
2394 1478 2621 1547 Quando
2685 1486 2862 1557 autem
2914 1476 3067 1533 vobis
3117 1491 3151 1533 a
3188 1484 3371 1533 nostra
3416 1476 3696 1546 parvitate

2125 1568 2210 1624 vel
2267 1583 2299 1623 a
2360 1568 2749 1626 comministris
2807 1567 3008 1624 nostris
3069 1565 3330 1638 jejunium
3387 1565 3691 1622 faciendum

2127 1659 2442 1730 iniungitur,
2491 1658 2676 1731 plebes
2703 1659 2772 1714 ad
2821 1657 3106 1713 ecclesiam
3164 1657 3348 1713 venire
3393 1664 3597 1726 rogate,
3639 1661 3696 1710 et

447 1749 651 1806 nitione
683 1758 739 1806 et
779 1751 1099 1807 sacerdotali
1138 1752 1517 1808 exhortatione
1550 1765 1646 1808 eos
1685 1751 1755 1807 ad
1793 1765 2019 1807 concor-
2047 1741 2092 1800 B
2120 1748 2261 1807 facta
2304 1749 2516 1814 litania,
2555 1759 2614 1803 et
2644 1747 2827 1804 missis
2852 1746 3172 1803 celebratis.
3201 1784 3217 1801 .
3260 1784 3277 1800 .
3315 1784 3333 1801 .
3374 1783 3392 1799 .
3432 1780 3457 1803 ε
3490 1783 3506 1798 .
3551 1783 3568 1798 .
3617 1779 3631 1795 .
3672 1778 3690 1797 .

444 1848 3688 1915 W

3655 1875 3694 1906 υ

1707 1964 1875 2011 ANNO
1918 1965 2145 2009 DOMINI
2187 1963 2458 2009 DCCCC".

1540 2081 2590 2247 ΜΑΝΤΙΟ

1050 2330 2205 2456 CATALAUNENSIS
2284 2327 3085 2447 EPISCOPUS.

1866 2503 2272 2528 ﬂ

1136 2560 2065 2738 'MA‘NTIONIS
2174 2600 2940 2731 EPISTOLA

1006 2824 1142 2902 AD
1199 2816 1752 2900 FULCONEM
1806 2813 2441 2894 BHEMENSEM
2499 2809 3116 2910 EPISCOPUM.

1712 2963 1951 3018 Province
1971 2964 2034 3016 de
2056 2961 2231 3025 Reims,
2253 2970 2369 3017 tom.
2394 2963 2462 3028 ῐ.)

513 3131 742 3202 Domino
778 3140 924 3198 Patri
968 3140 1200 3197 Fomozu
1243 3135 1538 3194 venerabili
1586 3128 2011 3207 archiepiscopo,
2046 3141 2092 3204 C
2123 3137 2236 3193 alii.
2263 3136 2435 3206 Quam
2466 3136 2732 3193 actionem
2756 3148 2885 3192 cum
2908 3134 3002 3191 diu
3045 3147 3237 3191 omnes
3262 3132 3464 3204 pariter
3488 3131 3697 3189 dolere-

444 3247 500 3293 ct
542 3234 792 3292 omnibus
837 3231 1104 3304 episcopis
1144 3228 1261 3299 ejus
1305 3227 1658 3299 suil‘raganeis
1683 3266 1699 3294 ,
1733 3235 1791 3282 et
1823 3237 2018 3283 cuncto

445 3329 592 3385 clero
634 3338 859 3391 eorum,
904 3320 1274 3396 presbyteris,
1318 3318 1630 3375 diaconibus
1655 3358 1670 3385 ,
1710 3327 1765 3375 et
1810 3320 2018 3376 cunctis

446 3420 742 3486 ordinibus,
796 3425 904 3473 tam
949 3414 1227 3472 canonicis
1255 3428 1417 3484 quam
1457 3418 1513 3468 et
1541 3412 1842 3477 monachis,
1873 3411 2022 3468 MAN-

446 3528 541 3570 τιο
577 3511 799 3568 humilis
835 3508 1245 3565 Catalaunensis
1287 3506 1571 3577 episcopus
1593 3545 1609 3571 ,
1666 3504 1823 3561 fidele
1861 3505 2020 3561 obse-

445 3605 633 3675 quium
663 3612 720 3660 et
742 3602 965 3659 devotas
1008 3599 1303 3657 orationes.

520 3696 720 3752 Notum
759 3693 1128 3751 sanctimoniae
1172 3700 1368 3748 vestra:
1402 3705 1688 3761 precamur
1729 3689 1853 3759 quia
1898 3704 2022 3760 pre-

452 3789 639 3860 sbyter
672 3787 914 3858 quidam,
931 3785 1149 3842 nomine
1173 3783 1507 3854 Angelricus,
1534 3783 1602 3838 de
1632 3781 1756 3837 villa
1777 3780 2015 3837 Wasnau

446 3880 515 3934 «lc
544 3877 779 3934 ecclesia
800 3875 971 3932 sancti
1019 3873 1175 3946 Lupi,
1204 3873 1352 3930 venit
1376 3880 1501 3927 ante
1544 3870 1887 3941 prmsentiam
1920 3884 2017 3924 no-

448 3979 616 4023 slram
648 3982 829 4023 coram
871 3966 1077 4038 synodo
1118 3970 1304 4020 nostra
1345 3961 1654 4018 Catalaunis
1681 3958 1847 4015 Nonis
1893 3958 2020 4014 Maii

450 4056 670 4123 habita;
722 4064 777 4110 et
801 4055 1078 4112 convich
1098 4052 1316 4124 proprio
1340 4058 1425 4107 est
1449 4063 1546 4106 ore
1579 4046 1859 4105 confessus
1886 4063 2020 4118 qua-

449 4148 573 4203 liter
609 4162 732 4202 cum
756 4143 1101 4216 parochianis
1121 4143 1233 4199 suis
1254 4140 1594 4212 desponderit
1618 4137 1703 4195 vel
1721 4138 2018 4208 desponsa-

450 4236 592 4292 verit
633 4235 920 4305 quamdam
951 4232 1229 4295 feminam,
1261 4228 1480 4285 nomine
1519 4226 1840 4292 Grimmam,
1889 4240 2019 4281 con-

455 4324 811 4381 sentientibus
838 4321 1153 4395 propinquis
1194 4318 1313 4390 eius
1344 4332 1394 4374 ι.
1442 4320 1615 4389 Quam
1646 4330 1770 4373 cum
1816 4315 2018 4372 ducere

450 4427 712 4490 pergeret,
741 4427 985 4490 respectu
1011 4417 1312 4475 clementia:
1332 4415 1425 4473 Dei
1453 4414 1769 4472 restiterunt
1795 4411 2015 4485 nequis-

447 4510 588 4571 simo
633 4510 847 4566 conatui
901 4508 1016 4579 eius
1056 4508 1184 4566 boni
1224 4518 1281 4566 et
1310 4508 1385 4579 pii
1438 4506 1731 4577 ﬁdelesque
1769 4503 2017 4561 homines
2049 4494 2103 4554 Ι)

2125 3244 2267 3294 mus,
2297 3227 2622 3285 contulimus
2662 3240 2827 3297 super
2855 3226 2958 3282 hoc
2995 3224 3132 3280 nihil
3170 3223 3470 3280 deliberare
3516 3222 3701 3292 prius-

2124 3332 2293 3389 quam
2331 3319 2400 3375 ad
2445 3326 2680 3373 vestram
2733 3315 3109 3387 paternitatem
3149 3327 3248 3384 per
3285 3311 3531 3368 eumdem
3573 3326 3700 3382 pre-

2124 3411 2403 3483 sbyterum
2434 3409 2838 3475 scriberemus,
2884 3404 3245 3477 supplicantes
3302 3400 3497 3458 instrui
3556 3399 3692 3471 quid
3768 3472 3772 3475 γ

2123 3502 2280 3558 nobis
2307 3500 2576 3572 agendum
2608 3497 2766 3565 foret,
2803 3511 2903 3553 nec
2921 3494 3264 3565 correptione
3284 3490 3473 3548 ulcisci
3494 3488 3691 3544 malam

2121 3591 2617 3664 praesumptionem,
2644 3604 2807 3662 quam
2844 3602 2946 3659 per
2984 3601 3082 3641 vos
3106 3583 3397 3664 quaerimus
3422 3581 3696 3637 insinuan-

2096 3662 2266 3739 -dam.
2299 3662 2501 3737 omnes
2538 3693 2669 3749 ergo
2714 3692 2815 3735 nos
2866 3683 3108 3732 sanctam
3169 3662 3554 3744 paternitatem
3593 3683 3691 3724 ve-

2123 3785 2292 3831 stram
2321 3787 2542 3829 oramus
2576 3779 2637 3827 ut
2664 3769 2913 3827 eumdem
2947 3765 3170 3821 fratrem
3214 3763 3315 3819 has
3353 3761 3567 3816 litteras
3612 3757 3694 3814 fe-

2121 3873 2332 3923 rentem
2366 3866 2420 3921 in
2461 3863 2688 3920 Domino
2728 3859 3067 3931 suscipiatis,
3096 3865 3154 3913 ct
3194 3870 3295 3927 per
3339 3869 3463 3910 eum
3493 3851 3691 3908 litteris

2124 3956 2568 4014 desiderabilibus
2585 3954 2783 4011 vestris
2807 3949 3169 4023 insipientiam
3191 3955 3432 4003 nostram
3455 3943 3696 3999 instrua-

2125 4048 2216 4113 tis,
2257 4055 2313 4102 et
2347 4044 2578 4116 qualiter
2600 4043 2716 4098 haec
2760 4037 3110 4112 praesumptio
3157 4036 3227 4091 ab
3279 4032 3520 4090 Ecclesia
3580 4030 3699 4102 pel:

2126 4136 2267 4191 lalur
2315 4134 2548 4190 sollicite
2606 4128 2972 4203 perpendatis.
3022 4123 3279 4182 Constitit
3325 4124 3509 4193 itaque
3552 4120 3697 4176 inter

2124 4241 2224 4283 nos
2265 4239 2297 4280 a
2324 4232 2510 4280 nostro
2542 4234 2787 4279 seorsum
2829 4232 2971 4275 esse.
2992 4215 3240 4286 collegio,
3278 4224 3557 4284 quousque
3603 4225 3696 4266 ve-

2124 4324 2240 4373 stro
2266 4312 2606 4372 consolemur
2634 4310 2919 4382 rescripto.
2948 4307 3134 4364 Valete
3154 4344 3173 4374 ,
3215 4318 3315 4376 pro
3340 4303 3503 4360 nobis
3534 4300 3696 4358 obse-

2125 4426 2343 4467 eramus
2367 4417 2605 4468 orantes.

462 4656 463 4659 η
518 4633 546 4662 ι
585 4620 800 4676 Primus
825 4619 914 4675 hic
954 4627 1170 4675 notatur
1213 4617 1333 4689 qui,
1369 4614 1729 4673 sacerdotium
1770 4611 2011 4678 indutus,
2048 4608 2117 4665 de
2144 4605 2377 4662 ineundo
2404 4599 2750 4659 matrimonio
2788 4592 3105 4668 cogitaverit

1705 4867 1874 4912 ANNO
1917 4865 2144 4909 DOMINI
2190 4861 2472 4906 DCCCCVI.

1038 4857 2165 5205 MARTINiKiii
2190 4861 3107 5200 “ibimus

1543 5283 1981 5364 NOTlTIA
2048 5279 2621 5357 HISTORICA.

1453 5416 1616 5480 (Apud
1656 5415 1837 5467 Mabill.
1862 5414 2113 5463 Annalium
2133 5417 2248 5461 tom.
2275 5409 2361 5472 lli,
2385 5423 2498 5473 pag.
2532 5409 2671 5469 εει.)

1853 5524 2192 5540 _-—

2820 5583 2993 5612 κωκυ..
3037 5576 3158 5612 ιιιιρς
3241 5588 3435 5612 ποηιιω
3481 5554 3590 5612 mm
3628 5568 3698 5612 ad

2121 5603 2219 5612 ......
2230 5596 2242 5612 ι
2253 5601 2349 5612 ﬂ-..
2388 5584 2498 5612 Α...
2559 5582 2814 5612 Πυραμιηι
