3986 5346
268 456 342 515 25
968 461 1365 519 MARTINIANI
1406 461 1705 520 MONACIII
1744 464 2109 523 PROLOGUS
2147 465 2210 547 lii
2252 465 2495 522 LIBROS
2535 466 2877 528 MOIHLES.
3434 465 3509 527 Ξϐ

270 574 469 649 missos
497 581 563 626 ad
596 574 859 649 quoddam
905 576 1483 649 monasteriumyinde
1525 577 1708 645 jussus
1738 587 1839 649 est
1871 583 1914 641 Α
1942 591 2145 642 sancta.
2169 579 2371 633 silentio
2389 580 2755 649 perpelualiter
2788 580 3268 649 dedicata,fubttlis
3309 578 3511 647 pollue-

271 644 336 695 ab
363 644 550 696 abbate
583 652 630 697 et
661 646 919 709 prioribus
948 648 1055 699 suis
1083 656 1139 698 ut
1178 649 1246 699 ad
1275 647 1422 699 aliud
1461 644 1837 700 monasterium

274 714 694 780 transmigraret,
726 716 863 783 quod
890 716 1059 783 fertur
1096 717 1160 769 ab
1206 718 1548 769 anteriorihus
1579 717 1704 768 viris
1737 720 1839 783 [io-

272 783 437 833 ruisse
466 782 749 849 antiquitus
778 782 1157 850 opulentissime
1190 784 1367 851 opibus
1391 785 1579 838 scilicet
1609 799 1652 839 et
1678 782 1843 849 terra,

270 866 503 914 auroque
538 861 584 902 rt
622 863 863 919 argento,
914 871 1001 906 seu
1051 856 1286 907 omnibus
1321 858 1639 908 ornamentis
1686 856 1845 908 innu-

271 922 446 993 meris.
484 919 707 993 Deqebat
733 933 902 993 autem
932 924 1063 976 illud
1099 926 1466 977 monasterium
1492 925 1586 978 sub
1613 924 1841 993 regulari

270 988 475 1063 abbate,
509 991 592 1042 cui
621 990 917 1063 obediebaut
944 994 1070 1063 inibi
1100 993 1287 1063 fratres
1311 994 1517 1047 ducenti
1546 988 1836 1063 sexaginta.

273 1054 353 1130 lbi
379 1060 528 1130 enim
553 1075 669 1111 cum
712 1060 829 1130 aliis
856 1054 1125 1130 fratribus,
1167 1062 1338 1130 inquit
1377 1064 1485 1126 ille,
1512 1064 1638 1117 mihi
1673 1054 1839 1118 iubti-

174 1124 179 1157 θ
272 1126 487 1201 ﬁoribus
543 1138 590 1180 et
618 1124 995 1201 mobilior-ibus.
1044 1132 1113 1201 ad
1155 1124 1553 1185 resiaumndum
1608 1134 1709 1201 (sic
1748 1149 1842 1188 v0-

180 1224 181 1231 η
272 1211 385 1268 rem
420 1198 559 1268 hanc
614 1195 726 1251 fere
770 1199 1021 1255 detritam
1071 1200 1209 1267 lego)
1257 1202 1443 1255 missus
1499 1195 1836 1268 advenissem,

272 1264 435 1339 multa
464 1267 683 1339 adversa
714 1269 781 1339 ab
810 1270 996 1323 invidis
1024 1281 1071 1323 et
1125 1264 1274 1337 falsas
1329 1270 1578 1338 fratribus
1628 1264 1837 1339 pertuli.

272 1335 627 1409 Quamobrem
646 1338 689 1391 is
713 1336 829 1409 loco
855 1340 1044 1394 cedere
1066 1335 1394 1409 compulsus,
1425 1341 1477 1392 in
1499 1335 1839 1397 solitudinem

272 1406 514 1467 secessit,
556 1404 733 1474 ibique
764 1408 895 1463 duos
946 1404 1836 1464 monasticarum’Exercitationum

272 1476 823 1547 seuexhqrtatiouum
859 1480 1156 1547 composuit
1203 1479 1381 1539 libros.
1428 1494 1563 1547 quos
1605 1496 1839 1535 reveren-

272 1546 470 1596 tissimo
493 1542 649 1615 Patri
673 1546 883 1601 domino
904 1547 952 1603 ι.
982 1542 1330 1615 nuncupavit,
1360 1542 1512 1615 cuius
1559 1549 1611 1602 in
1654 1565 1839 1603 mona-

272 1615 435 1666 sterio
458 1613 764 1679 aliquandiu
789 1618 1123 1681 substiterat,
1156 1613 1292 1673 forte
1325 1613 1502 1673 abbati
1536 1618 1839 1674 Resbacen-

273 1684 354 1756 sis
376 1684 707 1756 monasterii,
739 1684 789 1737 in
820 1702 926 1752 quo
955 1687 1041 1741 hic
1068 1688 1255 1748 codex,
1288 1703 1445 1756 quem
1470 1687 1681 1741 unicum
1722 1704 1841 1743 esse

1944 649 2029 709 rit,
2055 649 2130 720 uel
2167 651 2219 703 in
2260 664 2580 720 quocumque
2628 651 2742 704 loco
2789 663 2968 705 contra
3006 662 3259 719 pra'eepta
3315 650 3505 717 regula:

1940 719 2206 785 quippiam
2247 719 2424 786 egerit,
2459 736 2562 788 non
2600 730 2765 787 potest
2806 723 3008 785 expiari
3051 723 3148 778 nisi
3184 736 3275 788 per
3302 720 3506 788 veniant

1942 799 1997 855 et
2012 789 2438 855 satisfactionem.
2467 786 2547 843 Ob
2586 789 2723 843 hanc
2762 806 2977 845 causam
3029 791 3169 845 inter
3185 786 3506 842 tuonasterii

1941 852 2181 980 sgnum
2208 856 2581 980 [afulalorium
2611 858 2912 915 institutum
2943 860 3035 923 ait,
3070 858 3159 914 ubi
3208 858 3505 912 necessaria

1998 942 2045 979 Cl
2079 942 2257 980 possm
2290 966 2304 979 .

1979 936 2045 979 tci
2079 936 2304 981 DOSSitIl.

2012 995 2172 1051 Liber
2212 998 2399 1052 tertius
2443 996 2884 1052 Exercitationem
2916 1007 3097 1051 contra
3144 996 3507 1064 transgressio-

1949 1082 2064 1119 nem
2095 1066 2401 1119 clericorum
2430 1068 2599 1121 editus
2640 1083 2670 1120 a
2720 1066 3059 1131 Martiniano,
3097 1066 3385 1134 inscriptus
3429 1072 3512 1115 est

1947 1133 2001 1188 in
2054 1135 2195 1189 hunc
2249 1138 2510 1190 modum:
2565 1134 2916 1204 Nobilissintis
2962 1153 3025 1189 ac
3094 1133 3505 1204 pra’clarissimis

1945 1205 2169 1258 dominis
2203 1206 2351 1269 meis,
2390 1204 2580 1259 scilicet
2610 1207 2774 1259 sancti
2816 1203 3031 1259 Martini
3068 1202 3311 1263 alumnis,
3352 1202 3511 1269 frater

1946 1272 2303 1328 Martinianus
2324 1276 2554 1329 omnium
2596 1276 2965 1329 monachorum
3008 1286 3287 1334 extremus,
3324 1273 3376 1324 in
3409 1270 3509 1324 Re-

1944 1342 2204 1412 demptore
2230 1344 2312 1412 pio
2339 1344 2402 1397 de
2426 1343 2637 1412 occultis
2664 1344 2893 1397 hostibus
2920 1344 3136 1397 nobilem
3171 1342 3508 1412 triumphum.

1945 1409 1999 1464 In
2027 1409 2211 1483 primis
2231 1409 2419 1483 arguit
2457 1410 2701 1476 clericos,
2728 1413 2866 1483 quod
2903 1430 3005 1466 non
3029 1410 3326 1483 clericalem
3355 1410 3509 1483 babi-

1941 1478 2052 1534 tum
2076 1481 2167 1535 sed
2198 1478 2347 1535 arm'a
2382 1490 2688 1550 gestarent;
2723 1478 2862 1550 quod
2901 1498 3020 1535 cum
3057 1480 3267 1535 feminis
3294 1478 3510 1550 cohabi-

1941 1557 2138 1631 tarent,
2162 1552 2250 1631 ad.
2266 1549 2577 1631 venationes
2618 1549 2921 1631 pergerent,
2954 1559 3240 1631 essentque
3256 1549 3511 1631 negotia-

1940 1628 2108 1675 tores.
2161 1621 2290 1675 Dein
2327 1636 2419 1675 eos
2471 1621 2537 1674 ad
2587 1618 2824 1675 officium
2859 1622 3047 1676 mortis
3085 1618 3514 1674 consideratione

1941 1698 2178 1760 revocat.
2230 1690 2464 1757 Denique
2512 1689 2612 1743 tria
2654 1690 2706 1760 in
2756 1691 2835 1745 eis
2872 1688 3302 1760 prtecipuaivitia
3341 1695 3511 1760 notat,

272 1753 521 1834 opiuor,a
542 1754 693 1834 nobis
708 1766 1061 1834 repertuscst.
1078 1756 1133 1810 ln
1152 1753 1473 1834 p-rintolibro
1496 1757 1764 1811 invehitur
1786 1759 1837 1811 iu
1871 1775 1915 1834 Β
1943 1759 2268 1826 superbiam,
2293 1753 2570 1834 avaritiam
2590 1753 2969 1834 et-luxuriarn;
2998 1753 3362 1834 quzeipsamet
3385 1754 3513 1834 vitia
3540 1778 3543 1783 -

274 1824 563 1876 monachos
588 1823 676 1890 qtti
723 1825 1035 1892 pretiosiora
1061 1823 1378 1880 vestimenta
1412 1836 1613 1887 amant,
1652 1837 1837 1881 contra

270 1906 439 1964 quam
459 1903 673 1947 sanctus
698 1893 1014 1949 Benedictus
1042 1896 1283 1964 pnecipit
1306 1906 1507 1950 vestem
1528 1906 1769 1950 sanctam
1788 1907 1844 1952 et

274 1960 550 2022 humilem,
576 1978 733 2031 quam
762 1965 928 2017 sancti
955 1960 1142 2020 Patres
1156 1960 1221 2017 ad
1245 1964 1613 2019 iusinnandam
1638 1964 1845 2019 humili-

274 2040 442 2103 tatem
467 2032 829 2103 instituerunt,
846 2036 1083 2087 tineturis
1113 2045 1160 2088 et
1182 2034 1462 2103 forcipibus
1492 2034 1845 2089 tle-honestan-

275 2110 373 2173 tes.
408 2102 607 2155 Deinde
651 2102 748 2173 hos
776 2104 976 2173 arguit,
1020 2104 1160 2172 quod
1184 2102 1339 2173 apud
1379 2118 1472 2157 eos
1500 2104 1717 2158 omnino
1746 2120 1841 2160 ne-

274 2169 507 2241 gligatttr
550 2172 742 2233 oratio,
776 2169 1004 2241 et'quod
1038 2169 1527 2241 'specie'doctriute
1569 2183 1762 2227 exeant
1811 2190 1843 2229 e

275 2238 528 2313 claustro,
560 2241 861 2313 ambientes
884 2238 1032 2313 :esse
1076 2238 1317 2313 magistri
1389 2252 1675 2313 antequam
1732 2244 1845 2299 siut

275 2309 496 2382 perfecti
542 2309 806 2382 discipuli.
830 2312 907 2375 Ad
938 2312 1069 2382 huic,
1098 2309 1239 2382 quod
1266 2313 1511 2382 ambiant
1536 2309 1767 2366 honores
1789 2324 1845 2368 et

275 2378 580 2441 dignitates.
612 2379 666 2432 lu
682 2378 926 2435 Secundo
950 2381 1089 2436 libro
1117 2378 1283 2435 'vitam
1309 2381 1682 2437 coenobiticam
1721 2396 1843 2435 ere-

277 2448 471 2501 mitica:
505 2448 891 2518 pneferendam
922 2452 1109 2516 docet;
1137 2458 1247 2503 tum
1273 2451 1558 2506 cmnobitis
1583 2452 1729 2504 varia
1754 2454 1843 2506 dat

276 2518 497 2569 monita.
547 2518 737 2571 Postea
779 2519 989 2588 inducit
1031 2519 1224 2575 fratres
1252 2521 1511 2588 quosdam
1566 2521 1637 2574 ita
1672 2522 1737 2577 de
1784 2538 1845 2577 se

273 2597 705 2659 conquerentes:
755 2587 1177 2659 Quarercogitur
1229 2587 1372 2643 nobis
1425 2590 1507 2643 hic
1558 2590 1843 2659 observatio

274 2663 485 2721 regutre,
516 2656 789 2725 plusquam
818 2658 870 2708 in
906 2658 1024 2711 aliis
1040 2656 1185 2713 'locis
1210 2672 1229 2710 :
1270 2676 1391 2713 nam
1428 2660 1482 2713 in
1519 2657 1624 2712 alio
1659 2676 1841 2714 mona-

271 2725 429 2777 sterio
460 2726 535 2777 sic
565 2727 766 2788 vivitur,
799 2737 846 2779 et
876 2727 928 2780 in
965 2728 1056 2780 illo
1090 2729 1163 2782 sic
1219 2728 1435 2794 vivitur;
1490 2738 1537 2781 et
1585 2738 1702 2781 sunt
1731 2731 1842 2784 sine

273 2795 696 2867 numnuratione
725 2805 772 2849 et
797 2797 1135 2867 dissensione,
1179 2798 1309 2850 sicut
1355 2797 1588 2867 prtecipit
1629 2811 1840 2852 sanctus

274 2859 605 2935 Benedictus.
648 2863 795 2935 "(re
820 2866 956 2935 enim
1006 2859 1365 2935 superstitiosa
1406 2859 1547 2931 sani,
1580 2883 1697 2935 qua:
1746 2869 1842 2922 iste

272 2931 523 3005 imposror
543 2934 677 3005 cogit
708 2933 854 2987 nobis
886 2931 1080 3002 facere.
1106 2936 1185 2989 Ad
1223 2951 1358 3005 quos
1402 2936 1489 2990 ille
1533 2931 1839 3003 respondet,

271 3014 330 3052 se
355 3001 489 3073 nihil
514 3001 742 3072 amplius
768 3005 1002 3072 exigere,
1032 3020 1190 3072 quam
1214 3001 1355 3073 quod
1379 3006 1431 3059 in
1457 3001 1761 3073 Evangelia,
1788 3008 1840 3061 in

270 3071 526 3143 apostolis
545 3071 676 3143 etin
713 3071 893 3143 regula
939 3071 1147 3143 legitur.
1181 3071 1258 3128 Ad
1308 3076 1419 3129 haec
1468 3071 1738 3130 silentium
1787 3077 1841 3131 in

273 3140 521 3214 ca'clesia,
548 3140 884 3214 dormitorio,
909 3140 1190 3214 refeCtorio
1216 3152 1269 3198 et
1292 3145 1343 3197 in
1374 3146 1603 3214 coquina
1623 3159 1843 3199 servan-

274 3210 399 3262 dmu
439 3211 610 3266 docet.
644 3211 931 3282 Propterea
961 3213 1007 3266 si
1046 3212 1164 3283 quis
1191 3230 1256 3269 ex
1285 3210 1472 3281 nobis,'
1501 3214 1691 3285 inquit,
1725 3215 1840 3270 loca

1949 1825 2075 1881 sunt
2102 1844 2219 1896 qua)
2259 1844 2313 1882 In
2360 1828 2542 1883 saaculi
2589 1828 2669 1881 sui
2714 1825 3191 1882 hominibus‘Abho
3222 1825 3516 1896 monachus

1949 1894 2242 1959 Pratensis,
2266 1907 2325 1951 ut
2353 1913 2412 1951 su
2453 1898 2598 1952 erius
2622 1897 2869 1959 vidimus,
2898 1897 3255 1966 reprehendit.
3280 1894 3516 1960 Quartus

1949 1965 2251 2019 Martiniaui
2288 1913 2497 2019 libellits
2522 1965 2588 2019 ad
2621 1966 2785 2019 laicos
2811 1980 2876 2019 eo
2896 1974 3124 2019 snectat.
3155 1975 3213 2017 ut
3239 1979 3333 2018 eos
3362 1978 3391 2016 a
3417 1963 3515 2014 de-

1949 1965 2251 2034 Martiniaui
2288 1963 2497 2021 libellus
2522 1965 2588 2020 ad
2621 1966 2785 2020 laicos
2811 1980 2876 2020 eo
2896 1963 3124 2034 spectat,
3155 1975 3213 2017 ut
3239 1979 3333 2018 eos
3362 1978 3391 2016 a
3417 1963 3515 2014 de-

1948 2033 2282 2089 lectamentis
2310 2036 2637 2099 carnalibus,
2666 2036 2734 2090 ab
2765 2033 2947 2089 amore
2990 2034 3337 2104 principatus,
3387 2039 3516 2104 et__a
3572 2036 3579 2041 '

1948 2119 2084 2180 vana
2110 2119 2203 2172 spe
2226 2106 2510 2180 deterreat.
2549 2104 2727 2180 Hujus
2758 2120 2918 2180 porro
2946 2099 3338 2180 auctoris-etas
3361 2099 3515 2180 colli:

1947 2173 2090 2243 gitur
2123 2170 2234 2227 tum
2264 2190 2329 2229 ex
2381 2170 2644 2243 scriptura
2693 2170 3043 2229 Resbaeensis
3091 2172 3290 2227 codicis
3331 2170 3515 2238 scripti

1947 2252 2071 2298 ante
2113 2258 2282 2313 annos
2311 2244 2696 2313 septingentos,
2729 2255 2839 2313 tum
2874 2258 2941 2297 ex
2987 2243 3205 2313 raritate
3250 2249 3518 2313 monaste-

1946 2313 2147 2367 riorum
2176 2312 2227 2367 in
2257 2309 2450 2382 quibus
2480 2309 2604 2367 tunc
2642 2312 2924 2380 disciplina
2966 2311 3259 2382 monastica
3282 2309 3518 2382 viguisse

1946 2382 2171 2447 dicitur;
2202 2378 2311 2436 tum
2341 2399 2408 2437 ex
2432 2397 2582 2436 more
2602 2378 2845 2449 gestan‘di
2866 2396 3036 2441 arma,
3056 2396 3214 2450 quem
3236 2380 3290 2434 in
3306 2378 3518 2450 clericis

1945 2452 2141 2521 arguit,
2170 2452 2235 2505 ad
2273 2453 2430 2506 linem
2458 2452 2636 2506 δωρειιί
2670 2449 3101 2521 nonieonsueto’;
3141 2459 3255 2521 tum
3287 2449 3518 2521 denique

1945 2518 2103 2576 ex'co
2123 2524 2262 2586 quod
2291 2521 2593 2576 Martiniani
2623 2520 2846 2585 alumni,
2871 2521 2923 2574 id
2961 2530 3046 2574 est
3090 2519 3261 2573 sancti
3305 2518 3516 2571 Martini

1946 2593 2084 2659 apud
2115 2590 2359 2647 Turonos
2385 2591 2649 2655 canonici,
2675 2590 2868 2659 quibus
2910 2588 3105 2644 librum
3130 2589 3421 2659 secundum
3450 2587 3517 2659 de

1947 2654 2159 2715 clericis
2192 2669 2480 2731 nuncupat,
2524 2654 2643 2731 jam?
2673 2654 2940 2714 cucullum
2989 2658 3313 2731 abiecerant.
3365 2654 3518 2731 Unde

1947 2724 2388 2785 verisimillimuln
2438 2724 2936 2785 est'Martiniauum
2982 2724 3081 2782 sub
3133 2728 3282 2782 initia
3336 2724 3517 2780 smculi

1944 2798 2135 2853 decimi
2183 2800 2481 2869 scripsisse,
2524 2800 2817 2868 etquidem
2846 2808 2969 2853 ante
3003 2806 3183 2869 natam
3222 2810 3517 2869 congrega—

1949 2869 2147 2923 tionem
2174 2864 2734 2937 Cluuiacensem,‘per
2756 2882 2917 2937 quam
2942 2866 3204 2937 regularis
3214 2864 3513 2937 _disciplina

1946 2938 1998 2991 in
2021 2938 2201 2993 multis
2228 2938 2566 2992 monasteriis
2596 2933 2660 2989 eo
2686 2933 2878 2992 sacculo
2912 2936 3170 2991 refloruit.
3214 2933 3373 2988 Forte
3397 2946 3517 2985 mo-

1945 3008 2240 3062 nasterium
2267 3008 2417 3073 illud,
2444 3007 2509 3061 ad
2550 3007 2691 3075 quod
2732 3007 3141 3061 restaurandum
3168 3005 3363 3075 missus
3406 3010 3511 3065 est,

1943 3086 2063 3131 erat
2083 3072 2656 3144 Majus—Monasterium
2686 3076 2812 3130 olim
2859 3076 3187 3146 percelebre,
3224 3072 3366 3146 quod
3399 3086 3515 3146 Δδειξ-

1942 3147 2063 3200 culo
2091 3142 2298 3201 decimo
2326 3146 2439 3203 fere
2464 3146 2516 3201 in
2541 3142 2881 3202 solitudinem
2910 3154 2964 3201 et
2983 3147 3049 3200 ad
3070 3142 3271 3216 paucos
3286 3142 3515 3198 clericos

1942 3216 2220 3272 redactum
2244 3224 2383 3272 erat.

304 3381 3507 3407 ——————-——————_———_———————-—-—

1312 3515 2470 3629 MARTINIANI

631 3708 1457 3842 PROLOGUS
1517 3710 1676 3834 IN
1733 3708 2293 3873 LIBROS
2351 3704 3133 3840 MORALES.

1294 3923 1458 3987 (Apud
1483 3918 1664 3973 lsbtll.
1686 3918 1939 3972 Annalium
1964 3926 2080 3969 tom.
2106 3919 2193 3983 ill,
2221 3918 2469 3984 Append.)

327 4138 804 4197 Reverentlssimo
858 4134 1004 4190 Patri
1051 4133 1267 4188 domino
1316 4130 1650 4188 scilicet]...
1680 4131 1844 4186 frater

264 4232 627 4286 Martinianus
669 4227 905 4281 omnium
944 4225 1323 4277 monachorum
1363 4223 1575 4277 infimus
1614 4222 1667 4276 in
1691 4222 1848 4275 Chri-

274 4330 353 4374 sto
379 4320 528 4383 Jesu,
570 4318 773 4372 donum
812 4314 979 4369 felicis
1010 4313 1443 4383 perseverantius,
1489 4327 1554 4367 ac
1600 4312 1845 4367 bravium

278 4405 732 4463 remunerationis
758 4413 992 4458 :eternrc.

1946 4129 2089 4200 pomi
2114 4126 2317 4198 expulit
2335 4128 2400 4182 de
2421 4127 2689 4198 paradiso,
2715 4126 3135 4185 immissionibus
3156 4130 3267 4185 suis
3290 4132 3518 4202 turpiter

1949 4237 2035 4276 me
2079 4235 2145 4275 ac
2190 4219 2569 4274 miserabiliter
2620 4218 2897 4285 illudebat,
2945 4220 3080 4276 adeo
3117 4229 3171 4274 ut
3207 4221 3518 4293 plerumque

1947 4311 2100 4379 quasi
2149 4310 2334 4365 ebrius
2375 4308 2646 4372 incedens,
2691 4324 2810 4379 qua:
2847 4318 3032 4363 sancta
3076 4320 3233 4365 erant
3255 4310 3515 4377 fastidire,

1947 4412 2109 4471 atque
2162 4401 2369 4455 lubrica
2430 4400 2670 4469 cogitare
2735 4397 3031 4468 diligerem.
3081 4397 3356 4464 Tandem,
3408 4400 3517 4453 Deo

343 4498 703 4567 Posteaquam
743 4511 773 4549 a
825 4505 897 4558 te,
940 4494 1011 4548 mi
1052 4493 1228 4557 Pater,
1268 4492 1447 4547 infelix
1483 4500 1538 4546 et
1581 4490 1839 4560 insipiens
1876 4532 1923 4592 θ
1948 4491 2126 4553 dante,
2152 4506 2273 4543 cum
2313 4490 2379 4543 ad
2406 4504 2492 4543 me
2519 4487 2848 4553 revertebar,
2877 4487 3240 4543 exclamabam
3274 4503 3289 4542 :
3319 4489 3517 4543 Exsur-

274 4606 465 4645 sensus
492 4604 649 4644 meus
675 4602 761 4642 me
786 4602 1013 4654 corpore
1041 4585 1325 4654 separavit,
1351 4585 1494 4653 quod
1523 4592 1701 4637 mente
1736 4599 1842 4637 non

271 4680 466 4749 potuit,
490 4680 621 4734 etin
654 4686 835 4734 vestro
860 4676 1183 4731 monasterio
1210 4674 1428 4744 perveni
1465 4680 1623 4742 atque
1657 4687 1850 4727 secun-

270 4769 401 4821 dum
426 4768 754 4836 propositum
783 4765 1100 4821 monachilis
1126 4764 1328 4820 ordinis
1355 4764 1407 4817 iu
1437 4763 1623 4817 eodem
1654 4762 1847 4831 degere

270 4866 330 4911 ct
368 4858 595 4913 militare
633 4856 1017 4927 disposuissem
1045 4894 1061 4919 ,
1115 4856 1325 4909 modico
1378 4852 1659 4907 intervallo
1704 4851 1846 4906 facto

266 4955 562 5002 tractatum
605 4955 688 5004 est
734 4948 806 5003 ab
852 4945 1045 5001 abbate
1093 4953 1147 5000 et
1194 4943 1459 5014 prioribus
1484 4943 1656 5010 jmeis,
1690 4950 1748 4997 ut
1778 4941 1843 4996 ad

269 5037 424 5092 aliud
463 5037 847 5094 monasterium
900 5035 1363 5106 transmigrarem,
1402 5032 1542 5103 quod
1583 5031 1756 5088 fertur
1781 5032 1847 5087 ab

269 5129 634 5185 auterioribus
659 5129 793 5184 viris
823 5126 1068 5182 floruisse
1096 5127 1391 5197 antiquitus
1416 5125 1846 5197 epuleutissime,

266 5218 466 5288 opibus
509 5221 713 5276 scilicet
766 5226 824 5274 et
865 5225 1028 5279 terra,
1083 5230 1319 5287 auroque
1359 5225 1413 5269 et
1458 5229 1682 5269 arae-un
1753 5228 1844 5240 M"

1949 4591 2036 4651 gat
2067 4582 2205 4636 Deus
2230 4593 2276 4635 et
2301 4580 2617 4650 dissipentur
2635 4578 2833 4633 inimici
2856 4579 2970 4648 ejus
2998 4577 3169 4648 (Psal.
3200 4584 3387 4645 uvn),
3410 4591 3515 4635 etc.

1950 4672 2102 4727 Tune
2147 4672 2504 4742 ingemiscens
2549 4670 2789 4725 dicebam
2833 4687 2846 4722 :
2890 4669 3013 4723 Nisi
3063 4669 3316 4725 Dominus
3370 4672 3520 4741 adjru

1950 4774 2112 4816 vasset
2141 4779 2242 4827 me,
2282 4761 2439 4832 paulo
2486 4763 2658 4815 minus
2698 4762 2975 4815 habitasset
3015 4760 3071 4815 in
3102 4761 3304 4831 inferno
3343 4763 3518 4816 animo

1950 4866 2063 4903 mea
2094 4849 2264 4919 (Psal.
2294 4850 2471 4921 xcm).
2506 4849 2650 4905 Istud
2690 4850 2833 4903 enim
2872 4849 3068 4905 bellum
3100 4864 3255 4904 nemo
3283 4851 3518 4913 videbat,

1950 4943 2051 4999 nisi
2082 4945 2222 4999 Deus
2249 4943 2506 4999 liberator
2551 4959 2721 4999 meus.
2764 4942 2916 5008 Quod
2956 4944 3002 4998 si
3041 4942 3299 4997 vidissent
3334 4944 3517 5005 invidi,

1951 5033 2042 5103 qui
2084 5032 2283 5103 aliquid
2325 5048 2413 5089 me
2451 5034 2805 5096 aestimabant,
2856 5042 2910 5087 et
2951 5033 3016 5088 de
3066 5048 3154 5088 me
3182 5032 3311 5086 nihil
3345 5034 3522 5087 facere

1952 5125 2365 5193 contendebant,
2411 5124 2537 5193 quid
2587 5124 2785 5196 putatis
2822 5124 3106 5180 adversum
3150 5138 3237 5178 me
3264 5124 3522 5191 agerent?
