3986 5302
488 422 556 478 17
1809 415 2088 482 JOANNIS
2128 425 2324 480 MM.
2366 425 2433 480 IX
3661 435 3732 493 es

483 553 672 602 causa,
710 544 772 592 ut
809 507 1142 607 frequentius
1186 537 1298 594 visa
1335 547 1389 596 et
1425 538 1561 596 lecta
1613 541 1874 597 auxilium
1925 541 2056 598 milii
2087 548 2130 603 Λ

483 631 750 702 pmbemt
787 629 901 699 ipsa
941 633 1228 698 scriptura,
1257 632 1505 701 quamvis
1540 631 1732 704 exigua
1773 643 1827 688 et
1867 632 2058 688 illucu-

485 719 660 773 brata.
693 718 786 772 Sic
811 717 1013 788 itaque,
1039 719 1109 772 mi
1139 718 1320 783 Pater,
1345 719 1602 776 inchoavi
1615 721 1716 776 hoc
1737 721 2055 792 epusculum

482 817 538 862 et
567 805 788 877 perfeci.
815 806 926 861 Hoc
949 808 1148 862 etenim
1176 823 1206 862 a
1238 816 1292 864 te
1313 809 1559 866 desidero
1581 812 1771 880 accipi,
1803 826 1832 865 a
1859 819 1911 865 te
1933 825 2058 866 con-

483 897 702 966 cupisco
724 895 848 967 legi,
877 907 930 951 et
970 897 1151 968 ﬂagito
1177 900 1474 965 emendari,
1502 917 1533 955 a
1568 910 1618 957 te
1641 902 1851 972 postulo
1871 918 2056 960 corro-

484 987 666 1043 borari
693 1006 710 1042 :
742 997 1008 1058 quatenus
1053 990 1098 1044 si
1152 990 1345 1060 aliquis
1383 993 1488 1048 mei
1525 993 1715 1050 similis
1741 1004 1864 1064 post
1890 995 2053 1050 finem

485 1093 662 1136 meum
707 1079 993 1158 invenerit,
1026 1090 1079 1135 et
1107 1082 1286 1154 legere
1323 1076 1718 1155 atqueexinde
1764 1086 1818 1141 in
1861 1086 2056 1143 melius

484 1183 769 1240 assurgere
813 1168 1083 1237 maluerit,
1125 1173 1267 1228 illius
1307 1173 1576 1244 profectus
1609 1176 1853 1247 proficiat
1895 1179 2054 1244 milii,

483 1273 677 1330 meque
689 1269 920 1326 mortuo,
935 1262 1015 1323 vel
1041 1262 1304 1318 tantillum
1333 1279 1468 1333 opus
1492 1279 1668 1320 meum
1691 1266 1836 1322 vivat
1868 1277 2054 1338 atque,

485 1363 572 1404 me
598 1359 828 1416 tacente,
857 1353 1052 1408 clamet
1075 1355 1413 1424 pauperrima
1434 1355 1629 1412 locutio
1652 1372 1766 1412 mea
1787 1359 1838 1413 in
1861 1359 2059 1417 Condi-

485 1442 620 1496 toris
655 1445 894 1498 servitio.
928 1445 1002 1499 De
1030 1453 1227 1501 cadere
1249 1457 1428 1502 autem
1459 1455 1581 1519 pcto
1613 1465 1720 1520 quo
1745 1467 1850 1506 non
1885 1460 2056 1507 atten-

483 1530 642 1586 datur
666 1533 732 1586 ad
762 1532 1076 1588 vilissimam
1115 1534 1344 1590 formam
1378 1537 1612 1602 arboris,
1644 1541 1737 1594 sed
1776 1541 1842 1594 ad
1876 1541 2055 1596 melli-

483 1619 648 1674 finium
675 1630 888 1692 gustum
913 1624 1054 1692 pomi
1084 1626 1270 1695 optimi
1303 1626 1534 1695 generis,
1569 1628 1708 1683 illius
1732 1630 1936 1685 scilicet
1959 1645 2055 1699 per

461 1709 625 1778 ,quod
673 1721 967 1766 evacuatur
1017 1714 1098 1773 vis
1142 1713 1334 1770 mortis
1374 1714 1655 1786 prepinata
1699 1731 1797 1787 per
1839 1727 2051 1790 gustum

481 1800 634 1855 vetiti
661 1799 891 1856 arboris.

2691 542 2923 616 Explica.
2943 543 3206 616 profugus.

2231 637 2472 706 Quadam
2505 638 2667 708 igitur
2689 639 2798 702 die,
2826 639 2958 693 dum.
2979 653 3042 694 ex
3072 637 3305 708 capitulo
3334 638 3496 694 nimis
3518 637 3736 696 affecta-

2163 738 2252 783 tus
2272 730 2464 784 rixosis
2496 745 2560 785 ac
2599 729 2836 791 tumidis,
2864 729 2977 784 sive
3002 729 3344 785 saecularibus
3374 730 3732 787 locutionibus
3783 783 3788 790 ,

2160 817 2384 885 fratrum
2403 819 2672 888 quondam
2701 819 2954 884 exissem,
2979 820 3216 875 occurrit
3239 820 3418 874 animo
3446 829 3522 882 ut,
3540 820 3732 876 dimis-

2159 909 2234 964 sis
2279 909 2756 965 exercitationibus
2808 909 2947 976 illis,
2997 925 3157 964 causa
3202 909 3531 979 quietudinis
3573 909 3734 964 villas

2160 996 2364 1052 adirem
2407 1013 2420 1050 :
2465 1011 2572 1066 quo
2619 995 2795 1062 facto,
2845 997 2971 1053 dum
3014 998 3305 1052 residerem
3360 995 3729 1066 tranquillius,

2160 1087 2396 1156 acceptis
2425 1087 2618 1142 tabulis
2637 1096 2693 1142 et
2719 1087 2858 1158 stylo
2876 1127 2890 1151 ,
2911 1087 3056 1156 ἐωρί
3088 1087 3293 1143 dictare
3321 1085 3424 1142 isto
3446 1087 3624 1141 modo.

2198 1221 2200 1223 .
2230 1177 2378 1244 Seio,
2405 1187 2460 1233 et
2489 1177 2752 1234 veraciter
2782 1179 2918 1245 scio,
2946 1166 3070 1250 quia
3097 1193 3282 1234 verum
3313 1187 3397 1237 est
3423 1177 3563 1248 quod
3595 1177 3730 1232 milii

2159 1267 2414 1338 objiciunt
2443 1269 2640 1325 fratres
2659 1269 2786 1330 mei.
2817 1269 2911 1324 sed
2933 1276 2987 1324 et
3012 1267 3326 1338 deceptores
3353 1268 3433 1322 sui
3461 1268 3584 1337 quia
3613 1281 3733 1321 vcr-

2160 1359 2309 1424 bum,
2338 1360 2477 1430 quod
2517 1360 2568 1413 in
2607 1360 2830 1415 auribus
2857 1358 3070 1414 illorum
3096 1359 3161 1414 de
3190 1358 3385 1414 divinis
3411 1357 3730 1412 lectionibus

2159 1451 2356 1519 refero,
2381 1468 2486 1508 non
2516 1452 2690 1515 dulce,
2719 1467 2822 1506 non
2850 1449 3060 1515 leniter,
3085 1450 3178 1506 sed
3195 1459 3581 1519 exasperanter
3607 1463 3733 1517 pro-

2158 1541 2275 1596 fero
2296 1559 2312 1606 ;
2332 1551 2389 1596 et
2421 1555 2521 1612 ego
2542 1540 2724 1609 judico
2750 1542 2873 1610 quia
2897 1540 2978 1594 sic
3004 1547 3108 1604 est,
3135 1541 3229 1596 sed
3275 1539 3478 1609 quare?
3506 1539 3630 1608 quia
3676 1538 3746 1591 in.

2158 1631 2460 1687 malivolam
2491 1632 2744 1696 animam,
2785 1630 2836 1684 id
2875 1638 2961 1684 est
3003 1629 3055 1683 in
3094 1628 3334 1684 sarculari
3379 1629 3577 1698 animo,
3623 1641 3727 1679 non

2157 1730 2333 1793 potest
2363 1721 2584 1777 introire
2613 1720 2824 1776 divinus
2855 1734 3055 1784 sermo,
3094 1728 3225 1786 etc.,
3251 1732 3356 1774 non
3381 1717 3447 1772 de
3481 1715 3730 1771 omnibus

2156 1811 2300 1877 dico,
2327 1819 2434 1868 etc.

1740 2162 1910 2207 ANNO
1954 2130 2180 2222 υοωκί
2227 2163 2483 2208 nccccv.

1003 2258 2070 2431 JOANNES
2157 2258 2778 2422 PAPA
2860 2221 3196 2419 IX.

1587 2632 2024 2710 NOTITIA
2088 2631 2660 2710 HISTORICA.

1391 2763 1555 2829 (Apud
1591 2763 1762 2826 Mansi,
1787 2763 2105 2815 Conciliorum
2143 2762 2444 2824 generalium
2466 2769 2593 2816 tomo
2610 2762 2809 2828 XVIII.)

502 3037 506 3043 ,
559 2977 906 3059 Joannes_lX,_
927 2979 1103 3048 patria
1135 2977 1480 3059 Tiburtinus,
1514 2987 1688 3059 patre
1724 2951 2058 3059 Rampoaldo
2089 2985 2131 3044 Β
2160 2993 2280 3059 esse
2323 2975 2666 3059 habendam.
2696 2973 2810 3059 liae
2850 2974 3132 3059 opeasione
3174 2975 3443 3049 principes
3488 2979 3653 3059 italia}
3696 2996 3728 3036 a

486 3060 668 3115 natus,
684 3047 1013 3119 professione
1029 3050 1344 3113 monachus,
1358 3059 1410 3103 et
1431 3047 1616 3119 ordine
1639 3047 1916 3119 diaconus,
1937 3057 2061 3119 post

485 3116 700 3174 obitum
733 3117 998 3173 Theodori
1047 3119 1220 3173 factus
1250 3127 1333 3174 est
1377 3116 1614 3186 pontifex
1660 3132 1801 3172 anno
1846 3116 2062 3174 Domini

385 3221 396 3228 -
484 3189 585 3244 901
619 3201 669 3252 ι,
694 3187 1086 3258 ευῢνῌλυάονίοο
1124 3187 1566 3258 Ιν,ἰιηρθνίιιοι“ρ.
1607 3187 1742 3256 Cum
1785 3187 2057 3258 Berenga-

488 3261 602 3313 rius
636 3258 752 3327 dux
795 3257 1178 3324 Forojulieusis
1218 3252 1434 3327 captum
1475 3252 1851 3325 imperatorem
1890 3252 2059 3311 oculis

490 3326 648 3382 simul
677 3337 730 3380 et
757 3328 982 3396 imperio
1021 3326 1315 3395 privasset’,
1346 3335 1400 3381 et
1430 3341 1549 3396 cum
1577 3335 1783 3380 armato
1817 3327 2057 3396 exercitu

492 3396 717 3450 Romam
755 3395 1026 3465 prefectus
1054 3411 1306 3451 coronam
1342 3395 1546 3464 imperii
1577 3396 1645 3450 ab
1676 3397 1777 3450 hoc
1806 3395 2060 3465 pontifice

489 3465 748 3536 violenter
773 3466 1105 3529 extorsisset,
1138 3480 1436 3536 nomenque
1466 3466 1807 3536 imperatoris
1834 3467 1934 3536 sibi
1967 3475 2052 3536 ty-

488 3535 710 3605 rannice
737 3535 1096 3605 vindicasset:
1136 3545 1256 3605 post
1301 3535 1505 3605 obitum
1542 3534 1680 3605 ejus
1708 3534 2057 3588 Lambertum

490 3602 736 3656 Widouis
761 3603 948 3666 filium,
978 3615 1102 3658 ame
1124 3602 1292 3658 annos
1315 3603 1558 3660 undecim
1589 3602 1619 3656 a
1642 3604 1899 3657 Formoso
1920 3618 2060 3672 papa

492 3672 836 3738 imperatoria
873 3688 1070 3727 corona
1100 3675 1376 3736 donatum,
1420 3672 1644 3726 Romam
1673 3674 1914 3738 vocavit,
1962 3673 2061 3726 ibi—

492 3741 868 3812 queeynodali
906 3741 1106 3809 judicio
1146 3741 1407 3812 declarari
1448 3742 1720 3795 mandavit
1754 3740 2064 3812 Rerengarii

493 3819 550 3864 et
591 3810 851 3878 Arnulplii
894 3813 1269 3865 eoronationes
1303 3810 1476 3865 nullas
1512 3826 1632 3866 esse
1656 3819 1710 3866 et
1738 3810 2060 3880 illegitimas,

494 3888 678 3952 utpote
699 3895 816 3948 quae
839 3880 887 3952 vi
915 3880 1374 3952 extorta:_penitus
1403 3882 1511 3933 sint
1532 3880 1878 3952 abrogandam
1905 3880 2064 3934 Lam-

493 3947 630 4001 berti
659 3947 806 4017 vero,
842 3947 895 4002 in
928 3965 1084 4017 quem
1119 3947 1360 4002 Formosi
1407 3963 1559 4017 papae
1595 3957 1649 4003 et
1670 3947 2060 4003 'successorum

492 4016 608 4086 ejus
650 4015 817 4072 libera
863 4015 985 4072 vota
1027 4015 1446 4087 conspirassent,
1483 4015 1775 4088 legitimam
1807 4027 1863 4073 et
1891 4027 2061 4072 ratam

567 4161 595 4191 ι
623 4149 840 4208 Rectius
868 4151 990 4206 808.
1024 4150 1156 4207 Vide
1186 4151 1406 4221 Pa'gium
1439 4151 1504 4207 ad
1531 4153 1674 4208 hunc
1704 4168 1791 4208 an.

2149 3045 2484 3116 Bereugario
2517 3046 2847 3109 deficientes,
2878 3045 3362 3170 Lamberturnlpro'
3382 3064 3504 3118 rege
3539 3061 3594 3106 et
3628 3049 3730 3106 im-

2158 3127 2408 3170 neratore
2439 3126 2789 3170 aunoveruut.
2837 3117 3078 3170 Cumuue
3123 3131 3186 3170 ex
3282 3119 3490 3170 omanis
3515 3122 3728 3170 nluriml

2158 3127 2408 3189 peratore
2433 3126 2789 3189 agnoverunt.
2827 3117 3078 3189 ‘Cumque
3123 3131 3196 3189 ex_
3233 3117 3490 3189 Romanis
3515 3122 3728 3189 plurimi

2159 3185 2496 3257 Berengario'
2509 3186 2772 3250 faverent,
2793 3185 2948 3254 eique
2967 3195 3153 3257 contra
3176 3185 3527 3243 Lambertum'
3547 3191 3726 3244 adhae-

2163 3255 2363 3326 rerent',
2393 3255 2627 3310 Joannes
2655 3270 2787 3326 papa
2816 3271 2918 3308 non
2955 3255 3087 3326 satis
3115 3264 3284 3310 tutum
3313 3272 3369 3311 se
3391 3257 3640 3326 judicans
3679 3260 3722 3314 si

2160 3323 2343 3396 Romae
2368 3333 2632 3396 maneret,
2657 3323 2927 3396 profectus
2951 3333 3031 3378 est
3055 3323 3586 3396 Ravennam,ibique
3609 3339 3726 3383 acta

2161 3393 2418 3465 Stephani
2450 3404 2634 3449 contra
2661 3393 2974 3465 Formosum
3013 3408 3111 3462 per
3144 3396 3400 3465 synodum
3427 3393 3575 3450 irrita
3606 3398 3728 3449 red-

2162 3463 2317 3536 didit,
2347 3463 2536 3536 bisque
2583 3463 3052 3536 turbulentissimis
3078 3463 3403 3536 temporibus
3430 3467 3572 3520 velut
3594 3467 3728 3519 alter

2159 3530 2424 3587 Jeremias
2447 3530 2476 3585 ξι
2503 3533 2612 3588 Deo
2635 3533 2851 3598 missus,
2881 3533 3092 3597 evulsit,
3133 3530 3412 3602 dissipavit
3435 3545 3490 3589 et
3518 3537 3729 3590 destru-

2163 3602 2242 3673 xit
2275 3615 2340 3656 ea
2386 3602 2565 3656 omnia
2606 3617 2724 3669 qua:
2760 3617 2794 3673 a
2840 3603 3230 3673 praedecessore
3277 3603 3548 3673 Stephano
3593 3604 3729 3658 male

2162 3670 2401 3741 plantata
2435 3680 2596 3741 atque
2635 3670 2862 3740 pessime
2895 3670 3414 3741 adificataqfueran't.
3450 3673 3599 3726 Sedit
3637 3689 3730 3725 au-

2171 3739 2268 3795 nos
2307 3749 2450 3812 tres,
2478 3739 2552 3812 ‘e‘t
2595 3739 2709 3812 dies
2751 3741 3052 3812 quindecim
3098 3739 3224 3809 [al.,
3256 3741 3560 3812 quinque]:
3598 3743 3733 3812 obiit

2168 3824 2312 3864 anno
2339 3809 2552 3865 Domini
2589 3809 2712 3865 905.
2762 3809 3011 3880 Sepultus
3038 3821 3121 3863 est.
3152 3810 3302 3880 apud
3339 3809 3592 3880 Sanctum
3635 3811 3735 3864 Pe-

2167 3886 2308 3948 trum
2346 3894 2455 3947 pra:
2483 3880 2685 3934 foribus
2720 3875 2851 3948 ante
2884 3887 3093 3948 portam
3134 3875 3332 3932 dictam
3375 3878 3729 3940 Guidoncam,

2166 3947 2225 4004 ln
2265 3949 2418 4020 cujus
2455 3948 2699 4020 sepulcro
2740 3947 3005 4020 setilpftum
3049 3954 3166 4004 erat
3205 3949 3559 4020 epitaphium,
3592 3950 3732 4020 quod

2169 4016 2361 4073 reeitat
2384 4016 2648 4074 Baronius
2670 4031 2812 4072 anno
2836 4016 2958 4072 905.

503 4335 3726 4368 W

966 4502 1619 4635 JOANNIS
1677 4504 2116 4634 PAPZE
2177 4509 2352 4634 IX
2407 4506 3254 4636 EPISTOLAE.

1942 4736 2115 4801 (uana
2149 4737 2292 4803 ibid.)

2005 4864 2230 4881 __

989 4963 1320 5020 EPISTOLA
1357 4963 1588 5021 PRIMA.

679 5075 746 5114 ΑΒ
766 5073 1038 5116 “RIVEUI
1075 5076 1522 5116 ARCRIEPISCOPUI
1561 5075 1895 5117 RREIENSEI.

515 5155 581 5178 η,
674 5158 686 5170 ο

2095 4970 2142 5032 C
2244 4965 2450 5022 Vestrzc
2475 4963 2846 5029 fr.:ternitatis,
2875 4971 3178 5034 vestrarque
3204 4963 3511 5018 reverendae
3540 4965 3736 5019 sancti-

2175 5055 2300 5110 tatis
2329 5053 2606 5109 mellifluas
2643 5053 2849 5108 litteras
2878 5053 3230 5108 libentissime
3269 5053 3651 5122 suscipientes,
3678 5069 3740 5109 ac

1985 5161 1997 5174 .
2061 5163 2074 5176 .
2175 5143 2582 5198 diligentissime
2624 5150 3048 5196 nertractantes:
3088 5151 3144 5190 et
3193 5143 3373 5188 ιιιῖςιρς
3420 5143 3740 5209 admodum,
