  <div class='ocr_page' id='page_1' title='image "/cluster/home/n/w/nwhite01/storage/ocr_20150623/131/hvd.32044015471725/020.png"; bbox 0 0 4026 6408; ppageno 0'>
   <div class='ocr_carea' id='block_1_1' title="bbox 295 456 1893 531">
    <p class='ocr_par' dir='ltr' id='par_1_1' title="bbox 295 460 1893 519">
     <span class='ocr_line' id='line_1_1' title="bbox 295 460 1893 519; baseline 0.001 -2"><span class='ocrx_word' id='word_1_1' title='bbox 295 460 375 517; x_wconf 66' lang='lat'><strong>2&#39;;</strong></span> <span class='ocrx_word' id='word_1_2' title='bbox 1648 498 1655 503; x_wconf 63' lang='grc' dir='ltr'><strong><em>ο</em></strong></span> <span class='ocrx_word' id='word_1_3' title='bbox 1740 461 1893 519; x_wconf 69' lang='lat' dir='ltr'><strong>EPIS‘</strong></span> 
     </span>
    </p>
   </div>
   <div class='ocr_carea' id='block_1_2' title="bbox 1996 456 3573 531">
    <p class='ocr_par' dir='ltr' id='par_1_2' title="bbox 1996 456 3573 515">
     <span class='ocr_line' id='line_1_2' title="bbox 1996 456 3573 515; baseline 0 0"><span class='ocrx_word' id='word_1_4' title='bbox 1996 460 2117 515; x_wconf 65' lang='lat' dir='ltr'><strong>UE.</strong></span> <span class='ocrx_word' id='word_1_5' title='bbox 2764 492 2767 495; x_wconf 63' lang='grc'><strong>»</strong></span> <span class='ocrx_word' id='word_1_6' title='bbox 3494 456 3573 515; x_wconf 75' lang='lat'><strong>30</strong></span> 
     </span>
    </p>
   </div>
   <div class='ocr_carea' id='block_1_3' title="bbox 296 550 3573 629">
    <p class='ocr_par' dir='ltr' id='par_1_3' title="bbox 296 550 3573 629">
     <span class='ocr_line' id='line_1_3' title="bbox 296 550 3573 629; baseline -0.002 -18"><span class='ocrx_word' id='word_1_7' title='bbox 296 556 538 611; x_wconf 80' lang='lat' dir='ltr'><strong>humano</strong></span> <span class='ocrx_word' id='word_1_8' title='bbox 561 555 825 629; x_wconf 88' lang='lat' dir='ltr'><strong>sanguine</strong></span> <span class='ocrx_word' id='word_1_9' title='bbox 844 565 1086 627; x_wconf 77' lang='lat' dir='ltr'><strong>grassata</strong></span> <span class='ocrx_word' id='word_1_10' title='bbox 1114 556 1430 622; x_wconf 61' lang='lat' dir='ltr'><strong>laetabatur;</strong></span> <span class='ocrx_word' id='word_1_11' title='bbox 1460 572 1604 612; x_wconf 89' lang='lat' dir='ltr'><strong>nunc</strong></span> <span class='ocrx_word' id='word_1_12' title='bbox 1632 572 1761 611; x_wconf 91' lang='lat' dir='ltr'><strong>vero</strong></span> <span class='ocrx_word' id='word_1_13' title='bbox 1790 571 1882 611; x_wconf 82' lang='lat' dir='ltr'><strong>ve-</strong></span> <span class='ocrx_word' id='word_1_14' title='bbox 1910 561 1957 620; x_wconf 74' lang='grc' dir='ltr'><strong>Α</strong></span> <span class='ocrx_word' id='word_1_15' title='bbox 1987 556 2150 610; x_wconf 90' lang='lat' dir='ltr'><strong>etiam</strong></span> <span class='ocrx_word' id='word_1_16' title='bbox 2196 556 2475 626; x_wconf 81' lang='lat' dir='ltr'><strong>hucusque</strong></span> <span class='ocrx_word' id='word_1_17' title='bbox 2526 555 2849 625; x_wconf 84' lang='lat' dir='ltr'><strong>rcprohasti,</strong></span> <span class='ocrx_word' id='word_1_18' title='bbox 2884 565 2939 611; x_wconf 91' lang='lat' dir='ltr'><strong>et</strong></span> <span class='ocrx_word' id='word_1_19' title='bbox 2976 569 3098 624; x_wconf 68' lang='lat' dir='ltr'><strong>quae</strong></span> <span class='ocrx_word' id='word_1_20' title='bbox 3144 551 3232 607; x_wconf 89' lang='lat' dir='ltr'><strong>illa</strong></span> <span class='ocrx_word' id='word_1_21' title='bbox 3259 550 3573 622; x_wconf 76' lang='lat' dir='ltr'><strong>approbavit</strong></span> 
     </span>
    </p>
   </div>
   <div class='ocr_carea' id='block_1_4' title="bbox 294 647 1885 721">
    <p class='ocr_par' dir='ltr' id='par_1_4' title="bbox 294 647 1885 721">
     <span class='ocr_line' id='line_1_4' title="bbox 294 647 1885 721; baseline 0.001 -19"><span class='ocrx_word' id='word_1_22' title='bbox 294 647 433 703; x_wconf 73' lang='lat' dir='ltr'><strong>suis</strong></span> <span class='ocrx_word' id='word_1_23' title='bbox 456 649 943 715; x_wconf 68' lang='lat' dir='ltr'><strong>exhortationibus,</strong></span> <span class='ocrx_word' id='word_1_24' title='bbox 973 651 1200 705; x_wconf 88' lang='lat' dir='ltr'><strong>Domino</strong></span> <span class='ocrx_word' id='word_1_25' title='bbox 1222 660 1575 721; x_wconf 67' lang='lat' dir='ltr'><strong>cooperante,</strong></span> <span class='ocrx_word' id='word_1_26' title='bbox 1611 649 1885 704; x_wconf 87' lang='lat' dir='ltr'><strong>ambrosio</strong></span> 
     </span>
    </p>
   </div>
   <div class='ocr_carea' id='block_1_5' title="bbox 295 734 1886 811">
    <p class='ocr_par' dir='ltr' id='par_1_5' title="bbox 295 734 1886 811">
     <span class='ocr_line' id='line_1_5' title="bbox 295 734 1886 811; baseline 0.002 -21"><span class='ocrx_word' id='word_1_27' title='bbox 295 734 499 791; x_wconf 77' lang='lat' dir='ltr'><strong>Christi</strong></span> <span class='ocrx_word' id='word_1_28' title='bbox 547 738 811 809; x_wconf 86' lang='lat' dir='ltr'><strong>sanguine</strong></span> <span class='ocrx_word' id='word_1_29' title='bbox 840 753 900 794; x_wconf 87' lang='lat' dir='ltr'><strong>se</strong></span> <span class='ocrx_word' id='word_1_30' title='bbox 944 740 1142 807; x_wconf 89' lang='lat' dir='ltr'><strong>gaudet</strong></span> <span class='ocrx_word' id='word_1_31' title='bbox 1182 739 1297 794; x_wconf 86' lang='lat' dir='ltr'><strong>fore</strong></span> <span class='ocrx_word' id='word_1_32' title='bbox 1343 740 1673 811; x_wconf 84' lang='lat' dir='ltr'><strong>redemptam</strong></span> <span class='ocrx_word' id='word_1_33' title='bbox 1722 748 1886 808; x_wconf 85' lang='lat' dir='ltr'><strong>atque</strong></span> 
     </span>
    </p>
   </div>
   <div class='ocr_carea' id='block_1_6' title="bbox 294 826 1885 900">
    <p class='ocr_par' dir='ltr' id='par_1_6' title="bbox 294 826 1885 900">
     <span class='ocr_line' id='line_1_6' title="bbox 294 826 1885 900; baseline 0.004 -22"><span class='ocrx_word' id='word_1_34' title='bbox 294 834 560 894; x_wconf 82' lang='lat' dir='ltr'><strong>potatam.</strong></span> <span class='ocrx_word' id='word_1_35' title='bbox 593 826 746 883; x_wconf 89' lang='lat' dir='ltr'><strong>Unde</strong></span> <span class='ocrx_word' id='word_1_36' title='bbox 769 829 1141 900; x_wconf 84' lang='lat' dir='ltr'><strong>multipliciter</strong></span> <span class='ocrx_word' id='word_1_37' title='bbox 1164 830 1236 892; x_wconf 90' lang='lat' dir='ltr'><strong>ei,</strong></span> <span class='ocrx_word' id='word_1_38' title='bbox 1261 846 1291 884; x_wconf 93' lang='lat' dir='ltr'><strong>a</strong></span> <span class='ocrx_word' id='word_1_39' title='bbox 1315 846 1423 900; x_wconf 90' lang='lat' dir='ltr'><strong>quo</strong></span> <span class='ocrx_word' id='word_1_40' title='bbox 1455 831 1700 900; x_wconf 76' lang='lat' dir='ltr'><strong>procedit</strong></span> <span class='ocrx_word' id='word_1_41' title='bbox 1723 845 1885 885; x_wconf 89' lang='lat' dir='ltr'><strong>omne</strong></span> 
     </span>
    </p>
   </div>
   <div class='ocr_carea' id='block_1_7' title="bbox 295 916 1891 989">
    <p class='ocr_par' dir='ltr' id='par_1_7' title="bbox 295 916 1891 989">
     <span class='ocr_line' id='line_1_7' title="bbox 295 916 1891 989; baseline 0.003 -21"><span class='ocrx_word' id='word_1_42' title='bbox 295 917 441 985; x_wconf 79' lang='lat' dir='ltr'><strong>quod</strong></span> <span class='ocrx_word' id='word_1_43' title='bbox 473 916 674 972; x_wconf 89' lang='lat' dir='ltr'><strong>bonum</strong></span> <span class='ocrx_word' id='word_1_44' title='bbox 704 930 811 981; x_wconf 87' lang='lat' dir='ltr'><strong>est,</strong></span> <span class='ocrx_word' id='word_1_45' title='bbox 850 919 1145 976; x_wconf 88' lang='lat' dir='ltr'><strong>immensas</strong></span> <span class='ocrx_word' id='word_1_46' title='bbox 1185 921 1483 989; x_wconf 80' lang='lat' dir='ltr'><strong>gratiarum</strong></span> <span class='ocrx_word' id='word_1_47' title='bbox 1528 921 1771 976; x_wconf 82' lang='lat' dir='ltr'><strong>actiones</strong></span> <span class='ocrx_word' id='word_1_48' title='bbox 1804 935 1891 973; x_wconf 86' lang='lat' dir='ltr'><strong>re-</strong></span> 
     </span>
    </p>
   </div>
   <div class='ocr_carea' id='block_1_8' title="bbox 293 1008 1890 1080">
    <p class='ocr_par' dir='ltr' id='par_1_8' title="bbox 293 1008 1890 1080">
     <span class='ocr_line' id='line_1_8' title="bbox 293 1008 1890 1080; baseline 0.002 -20"><span class='ocrx_word' id='word_1_49' title='bbox 293 1008 609 1075; x_wconf 86' lang='lat' dir='ltr'><strong>pendimus,</strong></span> <span class='ocrx_word' id='word_1_50' title='bbox 643 1009 958 1080; x_wconf 87' lang='lat' dir='ltr'><strong>suppliciter</strong></span> <span class='ocrx_word' id='word_1_51' title='bbox 996 1011 1350 1066; x_wconf 92' lang='lat' dir='ltr'><strong>obsecrantes</strong></span> <span class='ocrx_word' id='word_1_52' title='bbox 1387 1020 1446 1065; x_wconf 91' lang='lat' dir='ltr'><strong>ut</strong></span> <span class='ocrx_word' id='word_1_53' title='bbox 1482 1026 1577 1066; x_wconf 92' lang='lat' dir='ltr'><strong>eos</strong></span> <span class='ocrx_word' id='word_1_54' title='bbox 1619 1010 1890 1065; x_wconf 82' lang='lat' dir='ltr'><strong>soliditate</strong></span> 
     </span>
    </p>
   </div>
   <div class='ocr_carea' id='block_1_9' title="bbox 301 1099 1887 1171">
    <p class='ocr_par' dir='ltr' id='par_1_9' title="bbox 301 1099 1887 1171">
     <span class='ocr_line' id='line_1_9' title="bbox 301 1099 1887 1171; baseline 0.004 -24"><span class='ocrx_word' id='word_1_55' title='bbox 301 1108 446 1153; x_wconf 78' lang='lat' dir='ltr'><strong>vera:</strong></span> <span class='ocrx_word' id='word_1_56' title='bbox 478 1099 604 1154; x_wconf 87' lang='lat' dir='ltr'><strong>ﬁdei</strong></span> <span class='ocrx_word' id='word_1_57' title='bbox 634 1099 960 1155; x_wconf 90' lang='lat' dir='ltr'><strong>conﬁrmare</strong></span> <span class='ocrx_word' id='word_1_58' title='bbox 1000 1110 1055 1154; x_wconf 91' lang='lat' dir='ltr'><strong>ct</strong></span> <span class='ocrx_word' id='word_1_59' title='bbox 1099 1110 1315 1154; x_wconf 68' lang='lat' dir='ltr'><strong>aeternae</strong></span> <span class='ocrx_word' id='word_1_60' title='bbox 1352 1100 1634 1154; x_wconf 88' lang='lat' dir='ltr'><strong>Trinitatis</strong></span> <span class='ocrx_word' id='word_1_61' title='bbox 1660 1099 1887 1171; x_wconf 85' lang='lat' dir='ltr'><strong>gloriam</strong></span> 
     </span>
    </p>
   </div>
   <div class='ocr_carea' id='block_1_10' title="bbox 299 1190 1890 1260">
    <p class='ocr_par' dir='ltr' id='par_1_10' title="bbox 299 1190 1890 1260">
     <span class='ocr_line' id='line_1_10' title="bbox 299 1190 1890 1260; baseline 0.004 -19"><span class='ocrx_word' id='word_1_62' title='bbox 299 1202 600 1258; x_wconf 75' lang='lat' dir='ltr'><strong>agnoscere</strong></span> <span class='ocrx_word' id='word_1_63' title='bbox 624 1190 804 1255; x_wconf 77' lang='lat' dir='ltr'><strong>faciat,</strong></span> <span class='ocrx_word' id='word_1_64' title='bbox 836 1201 999 1260; x_wconf 88' lang='lat' dir='ltr'><strong>atque</strong></span> <span class='ocrx_word' id='word_1_65' title='bbox 1025 1191 1091 1245; x_wconf 91' lang='lat' dir='ltr'><strong>ad</strong></span> <span class='ocrx_word' id='word_1_66' title='bbox 1118 1204 1242 1245; x_wconf 68' lang='lat' dir='ltr'><strong>sua:</strong></span> <span class='ocrx_word' id='word_1_67' title='bbox 1275 1191 1497 1246; x_wconf 79' lang='lat' dir='ltr'><strong>visionis</strong></span> <span class='ocrx_word' id='word_1_68' title='bbox 1526 1190 1890 1247; x_wconf 84' lang='lat' dir='ltr'><strong>inenarrabile</strong></span> 
     </span>
    </p>
   </div>
   <div class='ocr_carea' id='block_1_11' title="bbox 293 1282 1887 1353">
    <p class='ocr_par' dir='ltr' id='par_1_11' title="bbox 293 1282 1887 1353">
     <span class='ocr_line' id='line_1_11' title="bbox 293 1282 1887 1353; baseline 0.001 -18"><span class='ocrx_word' id='word_1_69' title='bbox 293 1282 554 1352; x_wconf 76' lang='lat' dir='ltr'><strong>gaudium</strong></span> <span class='ocrx_word' id='word_1_70' title='bbox 595 1283 920 1338; x_wconf 90' lang='lat' dir='ltr'><strong>introducat.</strong></span> <span class='ocrx_word' id='word_1_71' title='bbox 952 1282 1087 1337; x_wconf 89' lang='lat' dir='ltr'><strong>Nam</strong></span> <span class='ocrx_word' id='word_1_72' title='bbox 1125 1283 1268 1353; x_wconf 88' lang='lat' dir='ltr'><strong>quod</strong></span> <span class='ocrx_word' id='word_1_73' title='bbox 1308 1283 1374 1339; x_wconf 91' lang='lat' dir='ltr'><strong>de</strong></span> <span class='ocrx_word' id='word_1_74' title='bbox 1403 1283 1487 1338; x_wconf 90' lang='lat' dir='ltr'><strong>his</strong></span> <span class='ocrx_word' id='word_1_75' title='bbox 1515 1291 1693 1337; x_wconf 85' lang='lat' dir='ltr'><strong>vestra</strong></span> <span class='ocrx_word' id='word_1_76' title='bbox 1733 1282 1887 1337; x_wconf 89' lang='lat' dir='ltr'><strong>nobis</strong></span> 
     </span>
    </p>
   </div>
   <div class='ocr_carea' id='block_1_12' title="bbox 296 1371 1890 1444">
    <p class='ocr_par' dir='ltr' id='par_1_12' title="bbox 296 1371 1890 1444">
     <span class='ocr_line' id='line_1_12' title="bbox 296 1371 1890 1444; baseline 0.001 -18"><span class='ocrx_word' id='word_1_77' title='bbox 296 1373 533 1426; x_wconf 92' lang='lat' dir='ltr'><strong>innotuit</strong></span> <span class='ocrx_word' id='word_1_78' title='bbox 567 1371 899 1438; x_wconf 85' lang='lat' dir='ltr'><strong>fraternitas,</strong></span> <span class='ocrx_word' id='word_1_79' title='bbox 932 1373 1060 1442; x_wconf 90' lang='lat' dir='ltr'><strong>quid</strong></span> <span class='ocrx_word' id='word_1_80' title='bbox 1099 1372 1365 1444; x_wconf 86' lang='lat' dir='ltr'><strong>agendum</strong></span> <span class='ocrx_word' id='word_1_81' title='bbox 1406 1372 1475 1429; x_wconf 89' lang='lat' dir='ltr'><strong>sit</strong></span> <span class='ocrx_word' id='word_1_82' title='bbox 1516 1371 1657 1443; x_wconf 87' lang='lat' dir='ltr'><strong>quod</strong></span> <span class='ocrx_word' id='word_1_83' title='bbox 1686 1371 1890 1428; x_wconf 76' lang='lat' dir='ltr'><strong>iuerint</strong></span> 
     </span>
    </p>
   </div>
   <div class='ocr_carea' id='block_1_13' title="bbox 296 1463 1889 1536">
    <p class='ocr_par' dir='ltr' id='par_1_13' title="bbox 296 1463 1889 1536">
     <span class='ocr_line' id='line_1_13' title="bbox 296 1463 1889 1536; baseline 0.001 -19"><span class='ocrx_word' id='word_1_84' title='bbox 296 1463 561 1532; x_wconf 82' lang='lat' dir='ltr'><strong>baptizati</strong></span> <span class='ocrx_word' id='word_1_85' title='bbox 589 1473 644 1519; x_wconf 94' lang='lat' dir='ltr'><strong>et</strong></span> <span class='ocrx_word' id='word_1_86' title='bbox 670 1465 1013 1535; x_wconf 87' lang='lat' dir='ltr'><strong>rebaptizati,</strong></span> <span class='ocrx_word' id='word_1_87' title='bbox 1036 1475 1089 1521; x_wconf 92' lang='lat' dir='ltr'><strong>et</strong></span> <span class='ocrx_word' id='word_1_88' title='bbox 1117 1473 1240 1535; x_wconf 88' lang='lat' dir='ltr'><strong>post</strong></span> <span class='ocrx_word' id='word_1_89' title='bbox 1262 1464 1588 1535; x_wconf 89' lang='lat' dir='ltr'><strong>baptismum</strong></span> <span class='ocrx_word' id='word_1_90' title='bbox 1618 1464 1889 1536; x_wconf 79' lang='lat' dir='ltr'><strong>gentiliter</strong></span> 
     </span>
    </p>
   </div>
   <div class='ocr_carea' id='block_1_14' title="bbox 296 1555 1887 1627">
    <p class='ocr_par' dir='ltr' id='par_1_14' title="bbox 296 1555 1887 1627">
     <span class='ocr_line' id='line_1_14' title="bbox 296 1555 1887 1627; baseline 0.002 -20"><span class='ocrx_word' id='word_1_91' title='bbox 296 1555 554 1618; x_wconf 76' lang='lat' dir='ltr'><strong>vixerint,</strong></span> <span class='ocrx_word' id='word_1_92' title='bbox 594 1564 756 1624; x_wconf 88' lang='lat' dir='ltr'><strong>atque</strong></span> <span class='ocrx_word' id='word_1_93' title='bbox 792 1572 1122 1627; x_wconf 85' lang='lat' dir='ltr'><strong>paganorum</strong></span> <span class='ocrx_word' id='word_1_94' title='bbox 1159 1572 1311 1611; x_wconf 90' lang='lat' dir='ltr'><strong>more</strong></span> <span class='ocrx_word' id='word_1_95' title='bbox 1347 1557 1686 1613; x_wconf 78' lang='lat' dir='ltr'><strong>Christianos</strong></span> <span class='ocrx_word' id='word_1_96' title='bbox 1715 1556 1887 1611; x_wconf 89' lang='lat' dir='ltr'><strong>inter-</strong></span> 
     </span>
    </p>
   </div>
   <div class='ocr_carea' id='block_1_15' title="bbox 296 1644 1888 1717">
    <p class='ocr_par' dir='ltr' id='par_1_15' title="bbox 296 1644 1888 1717">
     <span class='ocr_line' id='line_1_15' title="bbox 296 1644 1888 1717; baseline 0.003 -20"><span class='ocrx_word' id='word_1_97' title='bbox 296 1644 549 1709; x_wconf 81' lang='lat' dir='ltr'><strong>fecerint,</strong></span> <span class='ocrx_word' id='word_1_98' title='bbox 590 1648 902 1702; x_wconf 87' lang='lat' dir='ltr'><strong>sacerdotes</strong></span> <span class='ocrx_word' id='word_1_99' title='bbox 930 1647 1353 1713; x_wconf 88' lang='lat' dir='ltr'><strong>trucidaverint,</strong></span> <span class='ocrx_word' id='word_1_100' title='bbox 1395 1656 1557 1717; x_wconf 91' lang='lat' dir='ltr'><strong>atque</strong></span> <span class='ocrx_word' id='word_1_101' title='bbox 1582 1646 1888 1702; x_wconf 90' lang='lat' dir='ltr'><strong>simulacris</strong></span> 
     </span>
    </p>
   </div>
   <div class='ocr_carea' id='block_1_16' title="bbox 295 1736 1888 1812">
    <p class='ocr_par' dir='ltr' id='par_1_16' title="bbox 295 1736 1888 1812">
     <span class='ocr_line' id='line_1_16' title="bbox 295 1736 1888 1812; baseline 0.003 -23"><span class='ocrx_word' id='word_1_102' title='bbox 295 1736 642 1791; x_wconf 89' lang='lat' dir='ltr'><strong>immolantes</strong></span> <span class='ocrx_word' id='word_1_103' title='bbox 667 1737 958 1809; x_wconf 83' lang='lat' dir='ltr'><strong>idolothyta</strong></span> <span class='ocrx_word' id='word_1_104' title='bbox 983 1740 1357 1795; x_wconf 88' lang='lat' dir='ltr'><strong>comederint:</strong></span> <span class='ocrx_word' id='word_1_105' title='bbox 1394 1740 1642 1809; x_wconf 88' lang='lat' dir='ltr'><strong>equidem</strong></span> <span class='ocrx_word' id='word_1_106' title='bbox 1675 1739 1770 1812; x_wconf 82' lang='lat' dir='ltr'><strong>[aL</strong></span> <span class='ocrx_word' id='word_1_107' title='bbox 1790 1779 1806 1803; x_wconf 95' lang='lat'><strong>,</strong></span> <span class='ocrx_word' id='word_1_108' title='bbox 1834 1748 1888 1794; x_wconf 91' lang='lat' dir='ltr'><strong>et</strong></span> 
     </span>
    </p>
   </div>
   <div class='ocr_carea' id='block_1_17' title="bbox 294 1826 1885 1898">
    <p class='ocr_par' dir='ltr' id='par_1_17' title="bbox 294 1826 1885 1898">
     <span class='ocr_line' id='line_1_17' title="bbox 294 1826 1885 1898; baseline 0.003 -19"><span class='ocrx_word' id='word_1_109' title='bbox 294 1829 540 1897; x_wconf 84' lang='lat' dir='ltr'><strong>quidem.</strong></span> <span class='ocrx_word' id='word_1_110' title='bbox 580 1826 779 1898; x_wconf 61' lang='lat' dir='ltr'><strong>illam]</strong></span> <span class='ocrx_word' id='word_1_111' title='bbox 805 1831 847 1884; x_wconf 91' lang='lat' dir='ltr'><strong>si</strong></span> <span class='ocrx_word' id='word_1_112' title='bbox 884 1831 1088 1884; x_wconf 88' lang='lat' dir='ltr'><strong>tirones</strong></span> <span class='ocrx_word' id='word_1_113' title='bbox 1111 1831 1177 1884; x_wconf 90' lang='lat' dir='ltr'><strong>ad</strong></span> <span class='ocrx_word' id='word_1_114' title='bbox 1221 1831 1379 1885; x_wconf 90' lang='lat' dir='ltr'><strong>ﬁdem</strong></span> <span class='ocrx_word' id='word_1_115' title='bbox 1404 1845 1511 1885; x_wconf 90' lang='lat' dir='ltr'><strong>non</strong></span> <span class='ocrx_word' id='word_1_116' title='bbox 1542 1829 1753 1895; x_wconf 82' lang='lat' dir='ltr'><strong>forent,</strong></span> <span class='ocrx_word' id='word_1_117' title='bbox 1791 1844 1885 1884; x_wconf 84' lang='lat' dir='ltr'><strong>ca-</strong></span> 
     </span>
    </p>
   </div>
   <div class='ocr_carea' id='block_1_18' title="bbox 296 1902 1961 1994">
    <p class='ocr_par' dir='ltr' id='par_1_18' title="bbox 296 1902 1961 1994">
     <span class='ocr_line' id='line_1_18' title="bbox 296 1902 1961 1994; baseline 0.001 -19"><span class='ocrx_word' id='word_1_118' title='bbox 296 1923 491 1977; x_wconf 77' lang='lat' dir='ltr'><strong>nonica</strong></span> <span class='ocrx_word' id='word_1_119' title='bbox 517 1924 1136 1993; x_wconf 77' lang='lat' dir='ltr'><strong>experirenturjmlicia.</strong></span> <span class='ocrx_word' id='word_1_120' title='bbox 1174 1924 1322 1983; x_wconf 86' lang='lat' dir='ltr'><strong>Unde</strong></span> <span class='ocrx_word' id='word_1_121' title='bbox 1342 1924 1465 1994; x_wconf 84' lang='lat' dir='ltr'><strong>quia</strong></span> <span class='ocrx_word' id='word_1_122' title='bbox 1493 1923 1560 1978; x_wconf 89' lang='lat' dir='ltr'><strong>ad</strong></span> <span class='ocrx_word' id='word_1_123' title='bbox 1597 1923 1755 1978; x_wconf 88' lang='lat' dir='ltr'><strong>ﬁdem</strong></span> <span class='ocrx_word' id='word_1_124' title='bbox 1792 1938 1884 1977; x_wconf 89' lang='lat' dir='ltr'><strong>ru-</strong></span> <span class='ocrx_word' id='word_1_125' title='bbox 1918 1902 1961 1961; x_wconf 77' lang='grc' dir='ltr'><strong><em>Β</em></strong></span> 
     </span>
    </p>
   </div>
   <div class='ocr_carea' id='block_1_19' title="bbox 293 2014 1887 2086">
    <p class='ocr_par' dir='ltr' id='par_1_19' title="bbox 293 2014 1887 2086">
     <span class='ocr_line' id='line_1_19' title="bbox 293 2014 1887 2086; baseline 0.001 -20"><span class='ocrx_word' id='word_1_126' title='bbox 293 2014 389 2069; x_wconf 88' lang='lat' dir='ltr'><strong>des</strong></span> <span class='ocrx_word' id='word_1_127' title='bbox 418 2024 571 2078; x_wconf 85' lang='lat' dir='ltr'><strong>sunt,</strong></span> <span class='ocrx_word' id='word_1_128' title='bbox 594 2024 775 2070; x_wconf 88' lang='lat' dir='ltr'><strong>vestro</strong></span> <span class='ocrx_word' id='word_1_129' title='bbox 797 2015 983 2085; x_wconf 90' lang='lat' dir='ltr'><strong>utique</strong></span> <span class='ocrx_word' id='word_1_130' title='bbox 1006 2015 1276 2070; x_wconf 87' lang='lat' dir='ltr'><strong>libramini</strong></span> <span class='ocrx_word' id='word_1_131' title='bbox 1310 2024 1611 2086; x_wconf 67' lang='lat' dir='ltr'><strong>vestrarque</strong></span> <span class='ocrx_word' id='word_1_132' title='bbox 1646 2028 1887 2069; x_wconf 79' lang='lat' dir='ltr'><strong>censura:</strong></span> 
     </span>
    </p>
   </div>
   <div class='ocr_carea' id='block_1_20' title="bbox 294 2105 1889 2179">
    <p class='ocr_par' dir='ltr' id='par_1_20' title="bbox 294 2105 1889 2179">
     <span class='ocr_line' id='line_1_20' title="bbox 294 2105 1889 2179; baseline 0 -19"><span class='ocrx_word' id='word_1_133' title='bbox 294 2106 689 2162; x_wconf 84' lang='lat' dir='ltr'><strong>committimus</strong></span> <span class='ocrx_word' id='word_1_134' title='bbox 711 2107 1102 2177; x_wconf 80' lang='lat' dir='ltr'><strong>experiendos,</strong></span> <span class='ocrx_word' id='word_1_135' title='bbox 1141 2107 1233 2179; x_wconf 90' lang='lat' dir='ltr'><strong>qui</strong></span> <span class='ocrx_word' id='word_1_136' title='bbox 1272 2106 1414 2162; x_wconf 91' lang='lat' dir='ltr'><strong>illam</strong></span> <span class='ocrx_word' id='word_1_137' title='bbox 1456 2115 1670 2179; x_wconf 86' lang='lat' dir='ltr'><strong>gentem</strong></span> <span class='ocrx_word' id='word_1_138' title='bbox 1693 2105 1889 2160; x_wconf 83' lang='lat' dir='ltr'><strong>vestris</strong></span> 
     </span>
    </p>
   </div>
   <div class='ocr_carea' id='block_1_21' title="bbox 295 2198 1892 2266">
    <p class='ocr_par' dir='ltr' id='par_1_21' title="bbox 295 2198 1892 2266">
     <span class='ocr_line' id='line_1_21' title="bbox 295 2198 1892 2266; baseline 0.001 -15"><span class='ocrx_word' id='word_1_139' title='bbox 295 2198 556 2254; x_wconf 79' lang='lat' dir='ltr'><strong>confiniis</strong></span> <span class='ocrx_word' id='word_1_140' title='bbox 586 2200 820 2255; x_wconf 85' lang='lat' dir='ltr'><strong>vicinam</strong></span> <span class='ocrx_word' id='word_1_141' title='bbox 857 2200 1153 2266; x_wconf 78' lang='lat' dir='ltr'><strong>habentes,</strong></span> <span class='ocrx_word' id='word_1_142' title='bbox 1200 2201 1438 2256; x_wconf 88' lang='lat' dir='ltr'><strong>studiose</strong></span> <span class='ocrx_word' id='word_1_143' title='bbox 1484 2200 1799 2263; x_wconf 86' lang='lat' dir='ltr'><strong>advertere,</strong></span> <span class='ocrx_word' id='word_1_144' title='bbox 1835 2204 1892 2253; x_wconf 90' lang='lat' dir='ltr'><strong>et</strong></span> 
     </span>
    </p>
   </div>
   <div class='ocr_carea' id='block_1_22' title="bbox 256 2290 1890 2363">
    <p class='ocr_par' dir='ltr' id='par_1_22' title="bbox 256 2290 1890 2363">
     <span class='ocr_line' id='line_1_22' title="bbox 256 2290 1890 2363; baseline -0.001 -18"><span class='ocrx_word' id='word_1_145' title='bbox 256 2305 264 2313; x_wconf 72' lang='lat'>‘</span> <span class='ocrx_word' id='word_1_146' title='bbox 296 2290 438 2345; x_wconf 90' lang='lat' dir='ltr'><strong>illius</strong></span> <span class='ocrx_word' id='word_1_147' title='bbox 484 2307 694 2356; x_wconf 84' lang='lat' dir='ltr'><strong>mores,</strong></span> <span class='ocrx_word' id='word_1_148' title='bbox 742 2300 1004 2363; x_wconf 88' lang='lat' dir='ltr'><strong>actusque</strong></span> <span class='ocrx_word' id='word_1_149' title='bbox 1041 2307 1235 2348; x_wconf 89' lang='lat' dir='ltr'><strong>omnes</strong></span> <span class='ocrx_word' id='word_1_150' title='bbox 1265 2292 1473 2363; x_wconf 87' lang='lat' dir='ltr'><strong>pariter</strong></span> <span class='ocrx_word' id='word_1_151' title='bbox 1506 2301 1573 2346; x_wconf 89' lang='lat' dir='ltr'><strong>et</strong></span> <span class='ocrx_word' id='word_1_152' title='bbox 1597 2303 1890 2345; x_wconf 88' lang='lat' dir='ltr'><strong>conversa-</strong></span> 
     </span>
    </p>
   </div>
   <div class='ocr_carea' id='block_1_23' title="bbox 297 2380 1889 2454">
    <p class='ocr_par' dir='ltr' id='par_1_23' title="bbox 297 2380 1889 2454">
     <span class='ocr_line' id='line_1_23' title="bbox 297 2380 1889 2454; baseline -0.002 -18"><span class='ocrx_word' id='word_1_153' title='bbox 297 2383 503 2437; x_wconf 80' lang='lat' dir='ltr'><strong>tionem</strong></span> <span class='ocrx_word' id='word_1_154' title='bbox 533 2399 825 2451; x_wconf 78' lang='lat' dir='ltr'><strong>agnoscere</strong></span> <span class='ocrx_word' id='word_1_155' title='bbox 867 2398 980 2454; x_wconf 72' lang='lat' dir='ltr'><strong>pne</strong></span> <span class='ocrx_word' id='word_1_156' title='bbox 1016 2385 1231 2441; x_wconf 73' lang='lat' dir='ltr'><strong>czeteris</strong></span> <span class='ocrx_word' id='word_1_157' title='bbox 1269 2385 1515 2440; x_wconf 84' lang='lat' dir='ltr'><strong>valeatis.</strong></span> <span class='ocrx_word' id='word_1_158' title='bbox 1552 2380 1889 2452; x_wconf 32' lang='lat' dir='ltr'><strong>Quod&#39;enim</strong></span> 
     </span>
    </p>
   </div>
   <div class='ocr_carea' id='block_1_24' title="bbox 298 2475 1893 2546">
    <p class='ocr_par' dir='ltr' id='par_1_24' title="bbox 298 2475 1893 2546">
     <span class='ocr_line' id='line_1_24' title="bbox 298 2475 1893 2546; baseline -0.001 -17"><span class='ocrx_word' id='word_1_159' title='bbox 298 2475 485 2529; x_wconf 88' lang='lat' dir='ltr'><strong>mitius</strong></span> <span class='ocrx_word' id='word_1_160' title='bbox 519 2475 786 2546; x_wconf 82' lang='lat' dir='ltr'><strong>agendum</strong></span> <span class='ocrx_word' id='word_1_161' title='bbox 834 2477 905 2531; x_wconf 90' lang='lat' dir='ltr'><strong>sit</strong></span> <span class='ocrx_word' id='word_1_162' title='bbox 951 2492 1073 2531; x_wconf 91' lang='lat' dir='ltr'><strong>cum</strong></span> <span class='ocrx_word' id='word_1_163' title='bbox 1119 2478 1200 2531; x_wconf 90' lang='lat' dir='ltr'><strong>eis</strong></span> <span class='ocrx_word' id='word_1_164' title='bbox 1243 2492 1403 2546; x_wconf 92' lang='lat' dir='ltr'><strong>quam</strong></span> <span class='ocrx_word' id='word_1_165' title='bbox 1448 2477 1587 2532; x_wconf 84' lang='lat' dir='ltr'><strong>sacri</strong></span> <span class='ocrx_word' id='word_1_166' title='bbox 1636 2481 1893 2531; x_wconf 88' lang='lat' dir='ltr'><strong>censeant</strong></span> 
     </span>
    </p>
   </div>
   <div class='ocr_carea' id='block_1_25' title="bbox 298 2566 1893 2639">
    <p class='ocr_par' dir='ltr' id='par_1_25' title="bbox 298 2566 1893 2639">
     <span class='ocr_line' id='line_1_25' title="bbox 298 2566 1893 2639; baseline 0 -19"><span class='ocrx_word' id='word_1_167' title='bbox 298 2583 542 2621; x_wconf 83' lang='lat' dir='ltr'><strong>canones</strong></span> <span class='ocrx_word' id='word_1_168' title='bbox 568 2576 747 2622; x_wconf 88' lang='lat' dir='ltr'><strong>vestra</strong></span> <span class='ocrx_word' id='word_1_169' title='bbox 779 2568 913 2623; x_wconf 88' lang='lat' dir='ltr'><strong>satis</strong></span> <span class='ocrx_word' id='word_1_170' title='bbox 942 2568 1215 2639; x_wconf 79' lang='lat' dir='ltr'><strong>cognoscit</strong></span> <span class='ocrx_word' id='word_1_171' title='bbox 1240 2569 1521 2629; x_wconf 90' lang='lat' dir='ltr'><strong>industria,</strong></span> <span class='ocrx_word' id='word_1_172' title='bbox 1554 2584 1620 2624; x_wconf 90' lang='lat' dir='ltr'><strong>ne</strong></span> <span class='ocrx_word' id='word_1_173' title='bbox 1644 2566 1782 2623; x_wconf 90' lang='lat' dir='ltr'><strong>forte</strong></span> <span class='ocrx_word' id='word_1_174' title='bbox 1812 2566 1893 2620; x_wconf 87' lang='lat' dir='ltr'><strong>in-</strong></span> 
     </span>
    </p>
   </div>
   <div class='ocr_carea' id='block_1_26' title="bbox 298 2657 1891 2730">
    <p class='ocr_par' dir='ltr' id='par_1_26' title="bbox 298 2657 1891 2730">
     <span class='ocr_line' id='line_1_26' title="bbox 298 2657 1891 2730; baseline -0.001 -19"><span class='ocrx_word' id='word_1_175' title='bbox 298 2668 449 2713; x_wconf 85' lang='lat' dir='ltr'><strong>sueta</strong></span> <span class='ocrx_word' id='word_1_176' title='bbox 484 2673 649 2712; x_wconf 87' lang='lat' dir='ltr'><strong>onera</strong></span> <span class='ocrx_word' id='word_1_177' title='bbox 688 2668 988 2728; x_wconf 85' lang='lat' dir='ltr'><strong>portantes,</strong></span> <span class='ocrx_word' id='word_1_178' title='bbox 1023 2660 1385 2730; x_wconf 89' lang='lat' dir='ltr'><strong>importabilia</strong></span> <span class='ocrx_word' id='word_1_179' title='bbox 1426 2660 1531 2714; x_wconf 90' lang='lat' dir='ltr'><strong>illis</strong></span> <span class='ocrx_word' id='word_1_180' title='bbox 1558 2659 1704 2721; x_wconf 90' lang='lat' dir='ltr'><strong>fore,</strong></span> <span class='ocrx_word' id='word_1_181' title='bbox 1749 2657 1891 2727; x_wconf 91' lang='lat' dir='ltr'><strong>quod</strong></span> 
     </span>
    </p>
   </div>
   <div class='ocr_carea' id='block_1_27' title="bbox 298 2749 1891 2820">
    <p class='ocr_par' dir='ltr' id='par_1_27' title="bbox 298 2749 1891 2820">
     <span class='ocr_line' id='line_1_27' title="bbox 298 2749 1891 2820; baseline -0.001 -20"><span class='ocrx_word' id='word_1_182' title='bbox 298 2750 471 2813; x_wconf 86' lang='lat' dir='ltr'><strong>absit,</strong></span> <span class='ocrx_word' id='word_1_183' title='bbox 515 2749 830 2815; x_wconf 88' lang='lat' dir='ltr'><strong>videantur,</strong></span> <span class='ocrx_word' id='word_1_184' title='bbox 881 2750 941 2803; x_wconf 82' lang='lat' dir='ltr'><strong>et</strong></span> <span class='ocrx_word' id='word_1_185' title='bbox 977 2750 1041 2803; x_wconf 90' lang='lat' dir='ltr'><strong>ad</strong></span> <span class='ocrx_word' id='word_1_186' title='bbox 1074 2750 1268 2820; x_wconf 83' lang='lat' dir='ltr'><strong>prioris</strong></span> <span class='ocrx_word' id='word_1_187' title='bbox 1294 2751 1417 2804; x_wconf 78' lang='lat' dir='ltr'><strong>vit-.e</strong></span> <span class='ocrx_word' id='word_1_188' title='bbox 1447 2760 1684 2803; x_wconf 87' lang='lat' dir='ltr'><strong>veterem</strong></span> <span class='ocrx_word' id='word_1_189' title='bbox 1730 2760 1891 2817; x_wconf 86' lang='lat' dir='ltr'><strong>quem</strong></span> 
     </span>
    </p>
   </div>
   <div class='ocr_carea' id='block_1_28' title="bbox 297 2840 1890 2911">
    <p class='ocr_par' dir='ltr' id='par_1_28' title="bbox 297 2840 1890 2911">
     <span class='ocr_line' id='line_1_28' title="bbox 297 2840 1890 2911; baseline -0.001 -18"><span class='ocrx_word' id='word_1_190' title='bbox 297 2841 739 2908; x_wconf 78' lang='lat' dir='ltr'><strong>exspoliavetunt</strong></span> <span class='ocrx_word' id='word_1_191' title='bbox 763 2840 1053 2905; x_wconf 84' lang='lat' dir='ltr'><strong>hominem,</strong></span> <span class='ocrx_word' id='word_1_192' title='bbox 1080 2843 1303 2911; x_wconf 80' lang='lat' dir='ltr'><strong>antiquo</strong></span> <span class='ocrx_word' id='word_1_193' title='bbox 1332 2841 1617 2896; x_wconf 87' lang='lat' dir='ltr'><strong>insidiante</strong></span> <span class='ocrx_word' id='word_1_194' title='bbox 1639 2840 1890 2895; x_wconf 80' lang='lat' dir='ltr'><strong>adversa-</strong></span> 
     </span>
    </p>
   </div>
   <div class='ocr_carea' id='block_1_29' title="bbox 302 2931 1891 3002">
    <p class='ocr_par' dir='ltr' id='par_1_29' title="bbox 302 2931 1891 3002">
     <span class='ocr_line' id='line_1_29' title="bbox 302 2931 1891 3002; baseline -0.001 -16"><span class='ocrx_word' id='word_1_195' title='bbox 302 2933 400 2995; x_wconf 84' lang='lat' dir='ltr'><strong>rio,</strong></span> <span class='ocrx_word' id='word_1_196' title='bbox 430 2932 767 2987; x_wconf 74' lang='lat' dir='ltr'><strong>relabantur.</strong></span> <span class='ocrx_word' id='word_1_197' title='bbox 806 2932 868 2988; x_wconf 86' lang='lat' dir='ltr'><strong>Et</strong></span> <span class='ocrx_word' id='word_1_198' title='bbox 914 2933 1130 3002; x_wconf 89' lang='lat' dir='ltr'><strong>quidem</strong></span> <span class='ocrx_word' id='word_1_199' title='bbox 1160 2934 1204 2987; x_wconf 92' lang='lat' dir='ltr'><strong>si</strong></span> <span class='ocrx_word' id='word_1_200' title='bbox 1236 2934 1377 2988; x_wconf 87' lang='lat' dir='ltr'><strong>inter</strong></span> <span class='ocrx_word' id='word_1_201' title='bbox 1404 2948 1499 2988; x_wconf 86' lang='lat' dir='ltr'><strong>eos</strong></span> <span class='ocrx_word' id='word_1_202' title='bbox 1527 2933 1661 2988; x_wconf 86' lang='lat' dir='ltr'><strong>tales</strong></span> <span class='ocrx_word' id='word_1_203' title='bbox 1688 2931 1891 2987; x_wconf 81' lang='lat' dir='ltr'><strong>inventi</strong></span> 
     </span>
    </p>
   </div>
   <div class='ocr_carea' id='block_1_30' title="bbox 300 3020 1892 3093">
    <p class='ocr_par' dir='ltr' id='par_1_30' title="bbox 300 3020 1892 3093">
     <span class='ocr_line' id='line_1_30' title="bbox 300 3020 1892 3093; baseline 0.002 -19"><span class='ocrx_word' id='word_1_204' title='bbox 300 3020 530 3082; x_wconf 79' lang='lat' dir='ltr'><strong>fuerint,</strong></span> <span class='ocrx_word' id='word_1_205' title='bbox 556 3022 645 3092; x_wconf 88' lang='lat' dir='ltr'><strong>qui</strong></span> <span class='ocrx_word' id='word_1_206' title='bbox 676 3024 969 3077; x_wconf 90' lang='lat' dir='ltr'><strong>secundum</strong></span> <span class='ocrx_word' id='word_1_207' title='bbox 996 3023 1253 3078; x_wconf 90' lang='lat' dir='ltr'><strong>canonica</strong></span> <span class='ocrx_word' id='word_1_208' title='bbox 1292 3024 1537 3078; x_wconf 88' lang='lat' dir='ltr'><strong>instituta</strong></span> <span class='ocrx_word' id='word_1_209' title='bbox 1565 3039 1622 3079; x_wconf 89' lang='lat' dir='ltr'><strong>se</strong></span> <span class='ocrx_word' id='word_1_210' title='bbox 1649 3039 1745 3093; x_wconf 89' lang='lat' dir='ltr'><strong>per</strong></span> <span class='ocrx_word' id='word_1_211' title='bbox 1778 3036 1892 3093; x_wconf 50' lang='lat' dir='ltr'><strong>p02.</strong></span> 
     </span>
    </p>
   </div>
   <div class='ocr_carea' id='block_1_31' title="bbox 300 3113 1893 3184">
    <p class='ocr_par' dir='ltr' id='par_1_31' title="bbox 300 3113 1893 3184">
     <span class='ocr_line' id='line_1_31' title="bbox 300 3113 1893 3184; baseline 0.003 -19"><span class='ocrx_word' id='word_1_212' title='bbox 300 3113 590 3167; x_wconf 85' lang='lat' dir='ltr'><strong>nitentiam</strong></span> <span class='ocrx_word' id='word_1_213' title='bbox 614 3129 911 3179; x_wconf 89' lang='lat' dir='ltr'><strong>macerare,</strong></span> <span class='ocrx_word' id='word_1_214' title='bbox 932 3125 987 3169; x_wconf 89' lang='lat' dir='ltr'><strong>et</strong></span> <span class='ocrx_word' id='word_1_215' title='bbox 1011 3124 1154 3169; x_wconf 88' lang='lat' dir='ltr'><strong>tanta</strong></span> <span class='ocrx_word' id='word_1_216' title='bbox 1176 3116 1462 3170; x_wconf 87' lang='lat' dir='ltr'><strong>commissa</strong></span> <span class='ocrx_word' id='word_1_217' title='bbox 1486 3113 1688 3169; x_wconf 86' lang='lat' dir='ltr'><strong>scelera</strong></span> <span class='ocrx_word' id='word_1_218' title='bbox 1715 3113 1893 3184; x_wconf 83' lang='lat' dir='ltr'><strong>dignis</strong></span> 
     </span>
    </p>
   </div>
   <div class='ocr_carea' id='block_1_32' title="bbox 302 3202 1889 3274">
    <p class='ocr_par' dir='ltr' id='par_1_32' title="bbox 302 3202 1889 3274">
     <span class='ocr_line' id='line_1_32' title="bbox 302 3202 1889 3274; baseline 0.001 -18"><span class='ocrx_word' id='word_1_219' title='bbox 302 3203 781 3259; x_wconf 83' lang='lat' dir='ltr'><strong>lamentationibus</strong></span> <span class='ocrx_word' id='word_1_220' title='bbox 809 3206 1032 3274; x_wconf 76' lang='lat' dir='ltr'><strong>expiare</strong></span> <span class='ocrx_word' id='word_1_221' title='bbox 1069 3206 1381 3271; x_wconf 84' lang='lat' dir='ltr'><strong>maluerint,</strong></span> <span class='ocrx_word' id='word_1_222' title='bbox 1406 3221 1498 3261; x_wconf 90' lang='lat' dir='ltr'><strong>eos</strong></span> <span class='ocrx_word' id='word_1_223' title='bbox 1528 3202 1889 3273; x_wconf 85' lang='lat' dir='ltr'><strong>eanoniceju-</strong></span> 
     </span>
    </p>
   </div>
   <div class='ocr_carea' id='block_1_33' title="bbox 303 3295 1891 3367">
    <p class='ocr_par' dir='ltr' id='par_1_33' title="bbox 303 3295 1891 3367">
     <span class='ocr_line' id='line_1_33' title="bbox 303 3295 1891 3367; baseline 0.001 -21"><span class='ocrx_word' id='word_1_224' title='bbox 303 3295 488 3349; x_wconf 82' lang='lat' dir='ltr'><strong>dicare</strong></span> <span class='ocrx_word' id='word_1_225' title='bbox 532 3312 638 3351; x_wconf 91' lang='lat' dir='ltr'><strong>non</strong></span> <span class='ocrx_word' id='word_1_226' title='bbox 687 3299 989 3367; x_wconf 87' lang='lat' dir='ltr'><strong>respuatis;</strong></span> <span class='ocrx_word' id='word_1_227' title='bbox 1035 3298 1106 3351; x_wconf 88' lang='lat' dir='ltr'><strong>ita</strong></span> <span class='ocrx_word' id='word_1_228' title='bbox 1154 3307 1214 3351; x_wconf 92' lang='lat' dir='ltr'><strong>ut</strong></span> <span class='ocrx_word' id='word_1_229' title='bbox 1260 3299 1309 3353; x_wconf 92' lang='lat' dir='ltr'><strong>in</strong></span> <span class='ocrx_word' id='word_1_230' title='bbox 1342 3298 1593 3351; x_wconf 87' lang='lat' dir='ltr'><strong>omnibus</strong></span> <span class='ocrx_word' id='word_1_231' title='bbox 1634 3311 1759 3365; x_wconf 86' lang='lat' dir='ltr'><strong>erga</strong></span> <span class='ocrx_word' id='word_1_232' title='bbox 1797 3309 1891 3348; x_wconf 83' lang='lat' dir='ltr'><strong>eos</strong></span> 
     </span>
    </p>
   </div>
   <div class='ocr_carea' id='block_1_34' title="bbox 304 3383 1895 3458">
    <p class='ocr_par' dir='ltr' id='par_1_34' title="bbox 304 3383 1895 3458">
     <span class='ocr_line' id='line_1_34' title="bbox 304 3383 1895 3458; baseline -0.001 -19"><span class='ocrx_word' id='word_1_233' title='bbox 304 3386 599 3458; x_wconf 86' lang='lat' dir='ltr'><strong>pervigiles</strong></span> <span class='ocrx_word' id='word_1_234' title='bbox 627 3386 911 3450; x_wconf 79' lang='lat' dir='ltr'><strong>existatis,</strong></span> <span class='ocrx_word' id='word_1_235' title='bbox 948 3397 1008 3441; x_wconf 93' lang='lat' dir='ltr'><strong>ut</strong></span> <span class='ocrx_word' id='word_1_236' title='bbox 1046 3396 1170 3443; x_wconf 88' lang='lat' dir='ltr'><strong>ante</strong></span> <span class='ocrx_word' id='word_1_237' title='bbox 1201 3385 1433 3442; x_wconf 79' lang='lat' dir='ltr'><strong>tribunal</strong></span> <span class='ocrx_word' id='word_1_238' title='bbox 1480 3386 1668 3441; x_wconf 79' lang='lat' dir='ltr'><strong>:cterni</strong></span> <span class='ocrx_word' id='word_1_239' title='bbox 1697 3383 1895 3455; x_wconf 87' lang='lat' dir='ltr'><strong>judicis</strong></span> 
     </span>
    </p>
   </div>
   <div class='ocr_carea' id='block_1_35' title="bbox 304 3473 1893 3547">
    <p class='ocr_par' dir='ltr' id='par_1_35' title="bbox 304 3473 1893 3547">
     <span class='ocr_line' id='line_1_35' title="bbox 304 3473 1893 3547; baseline -0.003 -15"><span class='ocrx_word' id='word_1_240' title='bbox 304 3492 429 3533; x_wconf 88' lang='lat' dir='ltr'><strong>cum</strong></span> <span class='ocrx_word' id='word_1_241' title='bbox 481 3477 766 3547; x_wconf 87' lang='lat' dir='ltr'><strong>multiplici</strong></span> <span class='ocrx_word' id='word_1_242' title='bbox 811 3478 1111 3532; x_wconf 89' lang='lat' dir='ltr'><strong>animarum</strong></span> <span class='ocrx_word' id='word_1_243' title='bbox 1165 3475 1341 3533; x_wconf 75' lang='lat' dir='ltr'><strong>fructu</strong></span> <span class='ocrx_word' id='word_1_244' title='bbox 1384 3478 1664 3533; x_wconf 90' lang='lat' dir='ltr'><strong>venientes</strong></span> <span class='ocrx_word' id='word_1_245' title='bbox 1700 3473 1893 3543; x_wconf 88' lang='lat' dir='ltr'><strong>gaudia</strong></span> 
     </span>
    </p>
   </div>
   <div class='ocr_carea' id='block_1_36' title="bbox 306 3561 1897 3636">
    <p class='ocr_par' dir='ltr' id='par_1_36' title="bbox 306 3561 1897 3636">
     <span class='ocr_line' id='line_1_36' title="bbox 306 3561 1897 3636; baseline -0.003 -16"><span class='ocrx_word' id='word_1_246' title='bbox 306 3573 509 3621; x_wconf 73' lang='lat' dir='ltr'><strong>teterna</strong></span> <span class='ocrx_word' id='word_1_247' title='bbox 534 3580 657 3620; x_wconf 90' lang='lat' dir='ltr'><strong>cum</strong></span> <span class='ocrx_word' id='word_1_248' title='bbox 688 3565 850 3622; x_wconf 89' lang='lat' dir='ltr'><strong>beato</strong></span> <span class='ocrx_word' id='word_1_249' title='bbox 877 3565 1121 3635; x_wconf 77' lang='lat' dir='ltr'><strong>Remigio</strong></span> <span class='ocrx_word' id='word_1_250' title='bbox 1151 3565 1374 3636; x_wconf 78' lang='lat' dir='ltr'><strong>adipisci</strong></span> <span class='ocrx_word' id='word_1_251' title='bbox 1412 3564 1748 3620; x_wconf 89' lang='lat' dir='ltr'><strong>mereamini.</strong></span> <span class='ocrx_word' id='word_1_252' title='bbox 1782 3561 1897 3615; x_wconf 85' lang='lat' dir='ltr'><strong>Mu-</strong></span> 
     </span>
    </p>
   </div>
   <div class='ocr_carea' id='block_1_37' title="bbox 307 3654 1895 3727">
    <p class='ocr_par' dir='ltr' id='par_1_37' title="bbox 307 3654 1895 3727">
     <span class='ocr_line' id='line_1_37' title="bbox 307 3654 1895 3727; baseline -0.002 -18"><span class='ocrx_word' id='word_1_253' title='bbox 307 3671 408 3711; x_wconf 83' lang='lat' dir='ltr'><strong>nus</strong></span> <span class='ocrx_word' id='word_1_254' title='bbox 438 3671 571 3711; x_wconf 90' lang='lat' dir='ltr'><strong>vero</strong></span> <span class='ocrx_word' id='word_1_255' title='bbox 591 3656 734 3726; x_wconf 85' lang='lat' dir='ltr'><strong>quod</strong></span> <span class='ocrx_word' id='word_1_256' title='bbox 760 3658 915 3711; x_wconf 86' lang='lat' dir='ltr'><strong>nobis</strong></span> <span class='ocrx_word' id='word_1_257' title='bbox 938 3667 1116 3712; x_wconf 81' lang='lat' dir='ltr'><strong>vestra</strong></span> <span class='ocrx_word' id='word_1_258' title='bbox 1138 3658 1401 3713; x_wconf 89' lang='lat' dir='ltr'><strong>sanctitas</strong></span> <span class='ocrx_word' id='word_1_259' title='bbox 1422 3657 1656 3727; x_wconf 88' lang='lat' dir='ltr'><strong>dirigere</strong></span> <span class='ocrx_word' id='word_1_260' title='bbox 1677 3654 1895 3725; x_wconf 85' lang='lat' dir='ltr'><strong>dignata</strong></span> 
     </span>
    </p>
   </div>
   <div class='ocr_carea' id='block_1_38' title="bbox 306 3728 1897 3817">
    <p class='ocr_par' dir='ltr' id='par_1_38' title="bbox 306 3728 1897 3817">
     <span class='ocr_line' id='line_1_38' title="bbox 306 3728 1897 3817; baseline -0.006 -14"><span class='ocrx_word' id='word_1_261' title='bbox 306 3754 409 3811; x_wconf 83' lang='lat' dir='ltr'><strong>est,</strong></span> <span class='ocrx_word' id='word_1_262' title='bbox 437 3760 506 3801; x_wconf 91' lang='lat' dir='ltr'><strong>eo</strong></span> <span class='ocrx_word' id='word_1_263' title='bbox 528 3745 832 3801; x_wconf 88' lang='lat' dir='ltr'><strong>dilectionis</strong></span> <span class='ocrx_word' id='word_1_264' title='bbox 858 3762 1044 3800; x_wconf 90' lang='lat' dir='ltr'><strong>amore</strong></span> <span class='ocrx_word' id='word_1_265' title='bbox 1067 3747 1403 3817; x_wconf 85' lang='lat' dir='ltr'><strong>suscepimus</strong></span> <span class='ocrx_word' id='word_1_266' title='bbox 1432 3761 1538 3815; x_wconf 91' lang='lat' dir='ltr'><strong>quo</strong></span> <span class='ocrx_word' id='word_1_267' title='bbox 1568 3728 1600 3798; x_wconf 86' lang='lat' dir='ltr'><strong>a</strong></span> <span class='ocrx_word' id='word_1_268' title='bbox 1622 3744 1773 3798; x_wconf 88' lang='lat' dir='ltr'><strong>vobis</strong></span> <span class='ocrx_word' id='word_1_269' title='bbox 1798 3742 1897 3795; x_wconf 84' lang='lat' dir='ltr'><strong>fuit</strong></span> 
     </span>
    </p>
   </div>
   <div class='ocr_carea' id='block_1_39' title="bbox 306 3836 1897 3907">
    <p class='ocr_par' dir='ltr' id='par_1_39' title="bbox 306 3836 1897 3907">
     <span class='ocr_line' id='line_1_39' title="bbox 306 3836 1897 3907; baseline -0.001 -19"><span class='ocrx_word' id='word_1_270' title='bbox 306 3836 658 3891; x_wconf 73' lang='lat' dir='ltr'><strong>destinatam.</strong></span> <span class='ocrx_word' id='word_1_271' title='bbox 710 3838 898 3892; x_wconf 90' lang='lat' dir='ltr'><strong>Divina</strong></span> <span class='ocrx_word' id='word_1_272' title='bbox 956 3837 1211 3907; x_wconf 86' lang='lat' dir='ltr'><strong>majestas</strong></span> <span class='ocrx_word' id='word_1_273' title='bbox 1266 3852 1360 3892; x_wconf 85' lang='lat' dir='ltr'><strong>vos</strong></span> <span class='ocrx_word' id='word_1_274' title='bbox 1406 3836 1663 3906; x_wconf 78' lang='lat' dir='ltr'><strong>vobisque</strong></span> <span class='ocrx_word' id='word_1_275' title='bbox 1707 3848 1897 3887; x_wconf 89' lang='lat' dir='ltr'><strong>omnes</strong></span> 
     </span>
    </p>
   </div>
   <div class='ocr_carea' id='block_1_40' title="bbox 307 3926 1899 3998">
    <p class='ocr_par' dir='ltr' id='par_1_40' title="bbox 307 3926 1899 3998">
     <span class='ocr_line' id='line_1_40' title="bbox 307 3926 1899 3998; baseline -0.002 -17"><span class='ocrx_word' id='word_1_276' title='bbox 307 3926 581 3994; x_wconf 85' lang='lat' dir='ltr'><strong>subjectos</strong></span> <span class='ocrx_word' id='word_1_277' title='bbox 604 3927 677 3983; x_wconf 87' lang='lat' dir='ltr'><strong>ita</strong></span> <span class='ocrx_word' id='word_1_278' title='bbox 704 3929 969 3983; x_wconf 90' lang='lat' dir='ltr'><strong>concedat</strong></span> <span class='ocrx_word' id='word_1_279' title='bbox 997 3928 1365 3998; x_wconf 89' lang='lat' dir='ltr'><strong>temporaliter</strong></span> <span class='ocrx_word' id='word_1_280' title='bbox 1391 3929 1602 3990; x_wconf 83' lang='lat' dir='ltr'><strong>vivere,</strong></span> <span class='ocrx_word' id='word_1_281' title='bbox 1640 3935 1698 3980; x_wconf 90' lang='lat' dir='ltr'><strong>ut</strong></span> <span class='ocrx_word' id='word_1_282' title='bbox 1730 3926 1899 3979; x_wconf 83' lang='lat' dir='ltr'><strong>inter-</strong></span> 
     </span>
    </p>
   </div>
   <div class='ocr_carea' id='block_1_41' title="bbox 308 4017 1897 4091">
    <p class='ocr_par' dir='ltr' id='par_1_41' title="bbox 308 4017 1897 4091">
     <span class='ocr_line' id='line_1_41' title="bbox 308 4017 1897 4091; baseline -0.001 -19"><span class='ocrx_word' id='word_1_283' title='bbox 308 4021 534 4074; x_wconf 89' lang='lat' dir='ltr'><strong>cedente</strong></span> <span class='ocrx_word' id='word_1_284' title='bbox 574 4020 732 4074; x_wconf 88' lang='lat' dir='ltr'><strong>beato</strong></span> <span class='ocrx_word' id='word_1_285' title='bbox 764 4020 926 4076; x_wconf 86' lang='lat' dir='ltr'><strong>Petro</strong></span> <span class='ocrx_word' id='word_1_286' title='bbox 949 4021 1314 4091; x_wconf 87' lang='lat' dir='ltr'><strong>apostolorum</strong></span> <span class='ocrx_word' id='word_1_287' title='bbox 1350 4020 1618 4090; x_wconf 83' lang='lat' dir='ltr'><strong>principe,</strong></span> <span class='ocrx_word' id='word_1_288' title='bbox 1654 4017 1897 4073; x_wconf 91' lang='lat' dir='ltr'><strong>omnium</strong></span> 
     </span>
    </p>
   </div>
   <div class='ocr_carea' id='block_1_42' title="bbox 308 4110 1898 4181">
    <p class='ocr_par' dir='ltr' id='par_1_42' title="bbox 308 4110 1898 4181">
     <span class='ocr_line' id='line_1_42' title="bbox 308 4110 1898 4181; baseline -0.002 -16"><span class='ocrx_word' id='word_1_289' title='bbox 308 4119 654 4181; x_wconf 87' lang='lat' dir='ltr'><strong>peccatorum</strong></span> <span class='ocrx_word' id='word_1_290' title='bbox 684 4123 990 4168; x_wconf 89' lang='lat' dir='ltr'><strong>vestrorum</strong></span> <span class='ocrx_word' id='word_1_291' title='bbox 1022 4115 1232 4168; x_wconf 88' lang='lat' dir='ltr'><strong>vincula</strong></span> <span class='ocrx_word' id='word_1_292' title='bbox 1263 4114 1455 4180; x_wconf 89' lang='lat' dir='ltr'><strong>solvat,</strong></span> <span class='ocrx_word' id='word_1_293' title='bbox 1484 4121 1539 4168; x_wconf 87' lang='lat' dir='ltr'><strong>et</strong></span> <span class='ocrx_word' id='word_1_294' title='bbox 1566 4113 1632 4165; x_wconf 92' lang='lat' dir='ltr'><strong>ad</strong></span> <span class='ocrx_word' id='word_1_295' title='bbox 1660 4110 1898 4167; x_wconf 83' lang='lat' dir='ltr'><strong>caelestis</strong></span> 
     </span>
    </p>
   </div>
   <div class='ocr_carea' id='block_1_43' title="bbox 308 4201 1899 4276">
    <p class='ocr_par' dir='ltr' id='par_1_43' title="bbox 308 4201 1899 4276">
     <span class='ocr_line' id='line_1_43' title="bbox 308 4201 1899 4276; baseline -0.002 -17"><span class='ocrx_word' id='word_1_296' title='bbox 308 4206 461 4275; x_wconf 83' lang='lat' dir='ltr'><strong>regni</strong></span> <span class='ocrx_word' id='word_1_297' title='bbox 506 4205 730 4276; x_wconf 83' lang='lat' dir='ltr'><strong>gloriam</strong></span> <span class='ocrx_word' id='word_1_298' title='bbox 774 4206 890 4261; x_wconf 91' lang='lat' dir='ltr'><strong>sine</strong></span> <span class='ocrx_word' id='word_1_299' title='bbox 926 4205 1030 4259; x_wconf 89' lang='lat' dir='ltr'><strong>ulla</strong></span> <span class='ocrx_word' id='word_1_300' title='bbox 1074 4203 1370 4260; x_wconf 87' lang='lat' dir='ltr'><strong>oll‘ensione</strong></span> <span class='ocrx_word' id='word_1_301' title='bbox 1410 4204 1688 4275; x_wconf 90' lang='lat' dir='ltr'><strong>perducat.</strong></span> <span class='ocrx_word' id='word_1_302' title='bbox 1734 4201 1899 4271; x_wconf 87' lang='lat' dir='ltr'><strong>Opta-</strong></span> 
     </span>
    </p>
   </div>
   <div class='ocr_carea' id='block_1_44' title="bbox 311 4291 1898 4362">
    <p class='ocr_par' dir='ltr' id='par_1_44' title="bbox 311 4291 1898 4362">
     <span class='ocr_line' id='line_1_44' title="bbox 311 4291 1898 4362; baseline -0.004 -11"><span class='ocrx_word' id='word_1_303' title='bbox 311 4313 431 4352; x_wconf 87' lang='lat' dir='ltr'><strong>nms</strong></span> <span class='ocrx_word' id='word_1_304' title='bbox 455 4298 796 4353; x_wconf 88' lang='lat' dir='ltr'><strong>sanctitatem</strong></span> <span class='ocrx_word' id='word_1_305' title='bbox 829 4305 1058 4351; x_wconf 88' lang='lat' dir='ltr'><strong>vestram</strong></span> <span class='ocrx_word' id='word_1_306' title='bbox 1104 4296 1240 4349; x_wconf 89' lang='lat' dir='ltr'><strong>bene</strong></span> <span class='ocrx_word' id='word_1_307' title='bbox 1280 4295 1481 4360; x_wconf 87' lang='lat' dir='ltr'><strong>valere,</strong></span> <span class='ocrx_word' id='word_1_308' title='bbox 1507 4301 1561 4348; x_wconf 93' lang='lat' dir='ltr'><strong>et</strong></span> <span class='ocrx_word' id='word_1_309' title='bbox 1588 4292 1727 4362; x_wconf 90' lang='lat' dir='ltr'><strong>apud</strong></span> <span class='ocrx_word' id='word_1_310' title='bbox 1767 4291 1898 4361; x_wconf 89' lang='lat' dir='ltr'><strong>piis-</strong></span> 
     </span>
    </p>
   </div>
   <div class='ocr_carea' id='block_1_45' title="bbox 310 4382 1895 4459">
    <p class='ocr_par' dir='ltr' id='par_1_45' title="bbox 310 4382 1895 4459">
     <span class='ocr_line' id='line_1_45' title="bbox 310 4382 1895 4459; baseline -0.004 -18"><span class='ocrx_word' id='word_1_311' title='bbox 310 4390 508 4443; x_wconf 89' lang='lat' dir='ltr'><strong>simum</strong></span> <span class='ocrx_word' id='word_1_312' title='bbox 534 4389 819 4443; x_wconf 87' lang='lat' dir='ltr'><strong>Dominum</strong></span> <span class='ocrx_word' id='word_1_313' title='bbox 855 4403 952 4459; x_wconf 88' lang='lat' dir='ltr'><strong>pro</strong></span> <span class='ocrx_word' id='word_1_314' title='bbox 983 4386 1139 4442; x_wconf 85' lang='lat' dir='ltr'><strong>nobis</strong></span> <span class='ocrx_word' id='word_1_315' title='bbox 1165 4387 1269 4455; x_wconf 91' lang='lat' dir='ltr'><strong>piis</strong></span> <span class='ocrx_word' id='word_1_316' title='bbox 1297 4383 1780 4456; x_wconf 88' lang='lat' dir='ltr'><strong>supplicationibus</strong></span> <span class='ocrx_word' id='word_1_317' title='bbox 1810 4382 1895 4436; x_wconf 92' lang='lat' dir='ltr'><strong>in-</strong></span> 
     </span>
    </p>
   </div>
   <div class='ocr_carea' id='block_1_46' title="bbox 314 4480 612 4535">
    <p class='ocr_par' dir='ltr' id='par_1_46' title="bbox 314 4480 612 4535">
     <span class='ocr_line' id='line_1_46' title="bbox 314 4480 612 4535; baseline 0 -2"><span class='ocrx_word' id='word_1_318' title='bbox 314 4480 612 4535; x_wconf 86' lang='lat' dir='ltr'><strong>tercedere.</strong></span> 
     </span>
    </p>
   </div>
   <div class='ocr_carea' id='block_1_47' title="bbox 879 4582 1311 4641">
    <p class='ocr_par' dir='ltr' id='par_1_47' title="bbox 879 4582 1311 4641">
     <span class='ocr_line' id='line_1_47' title="bbox 879 4582 1311 4641; baseline -0.007 0"><span class='ocrx_word' id='word_1_319' title='bbox 879 4583 1207 4641; x_wconf 71' lang='lat' dir='ltr'><strong>EPISTOLA</strong></span> <span class='ocrx_word' id='word_1_320' title='bbox 1248 4582 1311 4639; x_wconf 87' lang='lat' dir='ltr'><strong>ll.</strong></span> 
     </span>
    </p>
   </div>
   <div class='ocr_carea' id='block_1_48' title="bbox 454 4691 1750 4738">
    <p class='ocr_par' dir='ltr' id='par_1_48' title="bbox 454 4691 1750 4738">
     <span class='ocr_line' id='line_1_48' title="bbox 454 4691 1750 4738; baseline -0.005 -2"><span class='ocrx_word' id='word_1_321' title='bbox 454 4699 521 4736; x_wconf 75' lang='grc' dir='ltr'><strong>Αἰ)</strong></span> <span class='ocrx_word' id='word_1_322' title='bbox 550 4696 883 4738; x_wconf 66' lang='grc' dir='ltr'><strong>ετῖιιιιΑΝωι</strong></span> <span class='ocrx_word' id='word_1_323' title='bbox 916 4694 1202 4733; x_wconf 69' lang='grc' dir='ltr'><strong>Ειιιεεορωι</strong></span> <span class='ocrx_word' id='word_1_324' title='bbox 1236 4691 1750 4732; x_wconf 61' lang='grc' dir='ltr'><strong>Νεοεβελιιεεκεεκ.</strong></span> 
     </span>
    </p>
   </div>
   <div class='ocr_carea' id='block_1_49' title="bbox 315 4767 1894 4846">
    <p class='ocr_par' dir='ltr' id='par_1_49' title="bbox 315 4767 1894 4846">
     <span class='ocr_line' id='line_1_49' title="bbox 315 4767 1894 4846; baseline -0.006 -16"><span class='ocrx_word' id='word_1_325' title='bbox 315 4774 484 4846; x_wconf 67' lang='lat' dir='ltr'><strong>Negat</strong></span> <span class='ocrx_word' id='word_1_326' title='bbox 515 4773 594 4827; x_wconf 92' lang='lat' dir='ltr'><strong>illi</strong></span> <span class='ocrx_word' id='word_1_327' title='bbox 622 4773 821 4846; x_wconf 73' lang='lat' dir='ltr'><strong>veniam</strong></span> <span class='ocrx_word' id='word_1_328' title='bbox 852 4767 1740 4846; x_wconf 64' lang='lat' dir='ltr'><strong>quampetiverat__communicandi</strong></span> <span class='ocrx_word' id='word_1_329' title='bbox 1776 4782 1894 4821; x_wconf 88' lang='lat' dir='ltr'><strong>cum</strong></span> 
     </span>
    </p>
   </div>
   <div class='ocr_carea' id='block_1_50' title="bbox 656 4838 1555 4911">
    <p class='ocr_par' dir='ltr' id='par_1_50' title="bbox 656 4838 1555 4911">
     <span class='ocr_line' id='line_1_50' title="bbox 656 4838 1555 4911; baseline -0.007 -16"><span class='ocrx_word' id='word_1_330' title='bbox 656 4842 762 4895; x_wconf 80' lang='lat' dir='ltr'><strong>illis</strong></span> <span class='ocrx_word' id='word_1_331' title='bbox 788 4838 917 4911; x_wconf 79' lang='lat' dir='ltr'><strong>quos</strong></span> <span class='ocrx_word' id='word_1_332' title='bbox 950 4838 1171 4892; x_wconf 70' lang='lat' dir='ltr'><strong>Plautius</strong></span> <span class='ocrx_word' id='word_1_333' title='bbox 1204 4839 1555 4891; x_wconf 78' lang='lat' dir='ltr'><strong>ordinaverat.</strong></span> 
     </span>
    </p>
   </div>
   <div class='ocr_carea' id='block_1_51' title="bbox 382 4926 1891 5005">
    <p class='ocr_par' dir='ltr' id='par_1_51' title="bbox 382 4926 1891 5005">
     <span class='ocr_line' id='line_1_51' title="bbox 382 4926 1891 5005; baseline -0.005 -16"><span class='ocrx_word' id='word_1_334' title='bbox 382 4936 489 4990; x_wconf 82' lang='lat' dir='ltr'><strong>Eas</strong></span> <span class='ocrx_word' id='word_1_335' title='bbox 521 4950 657 5005; x_wconf 90' lang='lat' dir='ltr'><strong>quas</strong></span> <span class='ocrx_word' id='word_1_336' title='bbox 697 4948 798 5003; x_wconf 79' lang='lat' dir='ltr'><strong>par</strong></span> <span class='ocrx_word' id='word_1_337' title='bbox 838 4940 922 4985; x_wconf 89' lang='lat' dir='ltr'><strong>cst</strong></span> <span class='ocrx_word' id='word_1_338' title='bbox 962 4928 1230 4985; x_wconf 85' lang='lat' dir='ltr'><strong>dilectioni</strong></span> <span class='ocrx_word' id='word_1_339' title='bbox 1277 4936 1379 4982; x_wconf 65' lang='lat' dir='ltr'><strong>tua:</strong></span> <span class='ocrx_word' id='word_1_340' title='bbox 1416 4926 1620 4997; x_wconf 85' lang='lat' dir='ltr'><strong>gratias</strong></span> <span class='ocrx_word' id='word_1_341' title='bbox 1661 4926 1891 4997; x_wconf 81' lang='lat' dir='ltr'><strong>agimus,</strong></span> 
     </span>
    </p>
   </div>
   <div class='ocr_carea' id='block_1_52' title="bbox 313 5024 1896 5095">
    <p class='ocr_par' dir='ltr' id='par_1_52' title="bbox 313 5024 1896 5095">
     <span class='ocr_line' id='line_1_52' title="bbox 313 5024 1896 5095; baseline -0.006 -11"><span class='ocrx_word' id='word_1_342' title='bbox 313 5029 625 5084; x_wconf 88' lang='lat' dir='ltr'><strong>honorande</strong></span> <span class='ocrx_word' id='word_1_343' title='bbox 652 5027 838 5090; x_wconf 88' lang='lat' dir='ltr'><strong>frater,</strong></span> <span class='ocrx_word' id='word_1_344' title='bbox 866 5024 1008 5095; x_wconf 90' lang='lat' dir='ltr'><strong>quod</strong></span> <span class='ocrx_word' id='word_1_345' title='bbox 1040 5038 1311 5092; x_wconf 89' lang='lat' dir='ltr'><strong>mmquam</strong></span> <span class='ocrx_word' id='word_1_346' title='bbox 1335 5036 1364 5074; x_wconf 89' lang='lat' dir='ltr'><strong>a</strong></span> <span class='ocrx_word' id='word_1_347' title='bbox 1397 5029 1571 5076; x_wconf 90' lang='lat' dir='ltr'><strong>matre</strong></span> <span class='ocrx_word' id='word_1_348' title='bbox 1593 5029 1681 5075; x_wconf 90' lang='lat' dir='ltr'><strong>tua</strong></span> <span class='ocrx_word' id='word_1_349' title='bbox 1708 5030 1896 5076; x_wconf 88' lang='lat' dir='ltr'><strong>sancta</strong></span> 
     </span>
    </p>
   </div>
   <div class='ocr_carea' id='block_1_53' title="bbox 312 5110 1895 5187">
    <p class='ocr_par' dir='ltr' id='par_1_53' title="bbox 312 5110 1895 5187">
     <span class='ocr_line' id='line_1_53' title="bbox 312 5110 1895 5187; baseline -0.008 -12"><span class='ocrx_word' id='word_1_350' title='bbox 312 5120 575 5175; x_wconf 85' lang='lat' dir='ltr'><strong>catholica</strong></span> <span class='ocrx_word' id='word_1_351' title='bbox 617 5126 674 5173; x_wconf 94' lang='lat' dir='ltr'><strong>et</strong></span> <span class='ocrx_word' id='word_1_352' title='bbox 708 5115 998 5187; x_wconf 85' lang='lat' dir='ltr'><strong>apostolica</strong></span> <span class='ocrx_word' id='word_1_353' title='bbox 1048 5112 1291 5167; x_wconf 81' lang='lat' dir='ltr'><strong>Ecclesia</strong></span> <span class='ocrx_word' id='word_1_354' title='bbox 1334 5111 1576 5165; x_wconf 83' lang='lat' dir='ltr'><strong>Romana</strong></span> <span class='ocrx_word' id='word_1_355' title='bbox 1623 5110 1895 5166; x_wconf 83' lang='lat' dir='ltr'><strong>declinare</strong></span> 
     </span>
    </p>
   </div>
   <div class='ocr_carea' id='block_1_54' title="bbox 312 5200 1892 5279">
    <p class='ocr_par' dir='ltr' id='par_1_54' title="bbox 312 5200 1892 5279">
     <span class='ocr_line' id='line_1_54' title="bbox 312 5200 1892 5279; baseline -0.006 -16"><span class='ocrx_word' id='word_1_356' title='bbox 312 5210 551 5266; x_wconf 86' lang='lat' dir='ltr'><strong>voluisti.</strong></span> <span class='ocrx_word' id='word_1_357' title='bbox 585 5207 770 5279; x_wconf 89' lang='lat' dir='ltr'><strong>Neque</strong></span> <span class='ocrx_word' id='word_1_358' title='bbox 807 5206 950 5261; x_wconf 91' lang='lat' dir='ltr'><strong>enim</strong></span> <span class='ocrx_word' id='word_1_359' title='bbox 994 5214 1259 5259; x_wconf 87' lang='lat' dir='ltr'><strong>tormenta</strong></span> <span class='ocrx_word' id='word_1_360' title='bbox 1299 5202 1429 5266; x_wconf 89' lang='lat' dir='ltr'><strong>ulla,</strong></span> <span class='ocrx_word' id='word_1_361' title='bbox 1462 5215 1637 5270; x_wconf 85' lang='lat' dir='ltr'><strong>neque</strong></span> <span class='ocrx_word' id='word_1_362' title='bbox 1683 5200 1892 5264; x_wconf 80' lang='lat' dir='ltr'><strong>exsilia,</strong></span> 
     </span>
    </p>
   </div>
   <div class='ocr_carea' id='block_1_55' title="bbox 315 5298 1896 5371">
    <p class='ocr_par' dir='ltr' id='par_1_55' title="bbox 315 5298 1896 5371">
     <span class='ocr_line' id='line_1_55' title="bbox 315 5298 1896 5371; baseline -0.005 -15"><span class='ocrx_word' id='word_1_363' title='bbox 315 5318 490 5371; x_wconf 89' lang='lat' dir='ltr'><strong>neque</strong></span> <span class='ocrx_word' id='word_1_364' title='bbox 518 5301 735 5361; x_wconf 80' lang='lat' dir='ltr'><strong>fraudes</strong></span> <span class='ocrx_word' id='word_1_365' title='bbox 762 5299 1128 5353; x_wconf 88' lang='lat' dir='ltr'><strong>adulterorum</strong></span> <span class='ocrx_word' id='word_1_366' title='bbox 1163 5298 1436 5351; x_wconf 85' lang='lat' dir='ltr'><strong>hominum</strong></span> <span class='ocrx_word' id='word_1_367' title='bbox 1461 5311 1491 5349; x_wconf 91' lang='lat' dir='ltr'><strong>a</strong></span> <span class='ocrx_word' id='word_1_368' title='bbox 1521 5303 1695 5349; x_wconf 87' lang='lat' dir='ltr'><strong>matre</strong></span> <span class='ocrx_word' id='word_1_369' title='bbox 1721 5302 1809 5347; x_wconf 91' lang='lat' dir='ltr'><strong>tua</strong></span> <span class='ocrx_word' id='word_1_370' title='bbox 1843 5302 1896 5348; x_wconf 93' lang='lat' dir='ltr'><strong>te</strong></span> 
     </span>
    </p>
   </div>
   <div class='ocr_carea' id='block_1_56' title="bbox 315 5387 1894 5462">
    <p class='ocr_par' dir='ltr' id='par_1_56' title="bbox 315 5387 1894 5462">
     <span class='ocr_line' id='line_1_56' title="bbox 315 5387 1894 5462; baseline -0.007 -13"><span class='ocrx_word' id='word_1_371' title='bbox 315 5394 571 5450; x_wconf 89' lang='lat' dir='ltr'><strong>divellere</strong></span> <span class='ocrx_word' id='word_1_372' title='bbox 621 5398 929 5462; x_wconf 89' lang='lat' dir='ltr'><strong>potuerunt.</strong></span> <span class='ocrx_word' id='word_1_373' title='bbox 973 5387 1145 5457; x_wconf 89' lang='lat' dir='ltr'><strong>Spero</strong></span> <span class='ocrx_word' id='word_1_374' title='bbox 1187 5398 1367 5442; x_wconf 86' lang='lat' dir='ltr'><strong>tamen</strong></span> <span class='ocrx_word' id='word_1_375' title='bbox 1414 5394 1628 5440; x_wconf 90' lang='lat' dir='ltr'><strong>tuarum</strong></span> <span class='ocrx_word' id='word_1_376' title='bbox 1674 5400 1894 5455; x_wconf 88' lang='lat' dir='ltr'><strong>precum</strong></span> 
     </span>
    </p>
   </div>
   <div class='ocr_carea' id='block_1_57' title="bbox 316 5478 1895 5549">
    <p class='ocr_par' dir='ltr' id='par_1_57' title="bbox 316 5478 1895 5549">
     <span class='ocr_line' id='line_1_57' title="bbox 316 5478 1895 5549; baseline -0.008 -7"><span class='ocrx_word' id='word_1_377' title='bbox 316 5487 556 5542; x_wconf 80' lang='lat' dir='ltr'><strong>favorem</strong></span> <span class='ocrx_word' id='word_1_378' title='bbox 590 5485 843 5540; x_wconf 88' lang='lat' dir='ltr'><strong>duritiem</strong></span> <span class='ocrx_word' id='word_1_379' title='bbox 874 5482 1053 5539; x_wconf 87' lang='lat' dir='ltr'><strong>cordis</strong></span> <span class='ocrx_word' id='word_1_380' title='bbox 1082 5497 1266 5535; x_wconf 89' lang='lat' dir='ltr'><strong>eorum</strong></span> <span class='ocrx_word' id='word_1_381' title='bbox 1285 5521 1300 5547; x_wconf 93' lang='lat'><strong>,</strong></span> <span class='ocrx_word' id='word_1_382' title='bbox 1328 5480 1419 5549; x_wconf 90' lang='lat' dir='ltr'><strong>qui</strong></span> <span class='ocrx_word' id='word_1_383' title='bbox 1453 5478 1649 5533; x_wconf 87' lang='lat' dir='ltr'><strong>salvari</strong></span> <span class='ocrx_word' id='word_1_384' title='bbox 1676 5479 1895 5545; x_wconf 91' lang='lat' dir='ltr'><strong>debent,</strong></span> 
     </span>
    </p>
   </div>
   <div class='ocr_carea' id='block_1_58' title="bbox 318 5568 1898 5645">
    <p class='ocr_par' dir='ltr' id='par_1_58' title="bbox 318 5568 1898 5645">
     <span class='ocr_line' id='line_1_58' title="bbox 318 5568 1898 5645; baseline -0.008 -11"><span class='ocrx_word' id='word_1_385' title='bbox 318 5577 660 5641; x_wconf 70' lang='lat' dir='ltr'><strong>lenie:tdam,</strong></span> <span class='ocrx_word' id='word_1_386' title='bbox 712 5584 769 5631; x_wconf 92' lang='lat' dir='ltr'><strong>et</strong></span> <span class='ocrx_word' id='word_1_387' title='bbox 812 5583 1053 5645; x_wconf 81' lang='lat' dir='ltr'><strong>Optatam</strong></span> <span class='ocrx_word' id='word_1_388' title='bbox 1106 5586 1292 5642; x_wconf 91' lang='lat' dir='ltr'><strong>pacem</strong></span> <span class='ocrx_word' id='word_1_389' title='bbox 1349 5570 1644 5626; x_wconf 87' lang='lat' dir='ltr'><strong>redituram</strong></span> <span class='ocrx_word' id='word_1_390' title='bbox 1690 5585 1704 5623; x_wconf 90' lang='lat'>:</span> <span class='ocrx_word' id='word_1_391' title='bbox 1754 5568 1898 5639; x_wconf 87' lang='lat' dir='ltr'><strong>quod</strong></span> 
     </span>
    </p>
   </div>
   <div class='ocr_carea' id='block_1_59' title="bbox 317 5660 1901 5739">
    <p class='ocr_par' dir='ltr' id='par_1_59' title="bbox 317 5660 1901 5739">
     <span class='ocr_line' id='line_1_59' title="bbox 317 5660 1901 5739; baseline -0.006 -18"><span class='ocrx_word' id='word_1_392' title='bbox 317 5669 516 5739; x_wconf 86' lang='lat' dir='ltr'><strong>apertis</strong></span> <span class='ocrx_word' id='word_1_393' title='bbox 564 5667 896 5738; x_wconf 87' lang='lat' dir='ltr'><strong>argumentis</strong></span> <span class='ocrx_word' id='word_1_394' title='bbox 950 5665 1186 5719; x_wconf 92' lang='lat' dir='ltr'><strong>futurum</strong></span> <span class='ocrx_word' id='word_1_395' title='bbox 1248 5669 1499 5734; x_wconf 89' lang='lat' dir='ltr'><strong>apparet,</strong></span> <span class='ocrx_word' id='word_1_396' title='bbox 1554 5667 1610 5715; x_wconf 91' lang='lat' dir='ltr'><strong>et</strong></span> <span class='ocrx_word' id='word_1_397' title='bbox 1665 5660 1901 5715; x_wconf 91' lang='lat' dir='ltr'><strong>schisma</strong></span> 
     </span>
    </p>
   </div>
   <div class='ocr_carea' id='block_1_60' title="bbox 320 5750 1900 5827">
    <p class='ocr_par' dir='ltr' id='par_1_60' title="bbox 320 5750 1900 5827">
     <span class='ocr_line' id='line_1_60' title="bbox 320 5750 1900 5827; baseline -0.003 -20"><span class='ocrx_word' id='word_1_398' title='bbox 320 5757 673 5827; x_wconf 78' lang='lat' dir='ltr'><strong>quadraginta</strong></span> <span class='ocrx_word' id='word_1_399' title='bbox 719 5756 832 5811; x_wconf 89' lang='lat' dir='ltr'><strong>fere</strong></span> <span class='ocrx_word' id='word_1_400' title='bbox 882 5768 1146 5809; x_wconf 89' lang='lat' dir='ltr'><strong>annorum</strong></span> <span class='ocrx_word' id='word_1_401' title='bbox 1196 5752 1263 5807; x_wconf 93' lang='lat' dir='ltr'><strong>ad</strong></span> <span class='ocrx_word' id='word_1_402' title='bbox 1325 5751 1561 5821; x_wconf 89' lang='lat' dir='ltr'><strong>priorem</strong></span> <span class='ocrx_word' id='word_1_403' title='bbox 1614 5750 1900 5805; x_wconf 87' lang='lat' dir='ltr'><strong>sanitatem</strong></span> 
     </span>
    </p>
   </div>
   <div class='ocr_carea' id='block_1_61' title="bbox 323 5843 1902 5916">
    <p class='ocr_par' dir='ltr' id='par_1_61' title="bbox 323 5843 1902 5916">
     <span class='ocr_line' id='line_1_61' title="bbox 323 5843 1902 5916; baseline -0.006 -10"><span class='ocrx_word' id='word_1_404' title='bbox 323 5866 684 5907; x_wconf 82' lang='lat' dir='ltr'><strong>reversurum.</strong></span> <span class='ocrx_word' id='word_1_405' title='bbox 746 5849 873 5916; x_wconf 67' lang='lat' dir='ltr'><strong>Qttzt‘</strong></span> <span class='ocrx_word' id='word_1_406' title='bbox 926 5848 1067 5903; x_wconf 89' lang='lat' dir='ltr'><strong>enim</strong></span> <span class='ocrx_word' id='word_1_407' title='bbox 1119 5858 1206 5901; x_wconf 87' lang='lat' dir='ltr'><strong>tua</strong></span> <span class='ocrx_word' id='word_1_408' title='bbox 1264 5855 1436 5902; x_wconf 86' lang='lat' dir='ltr'><strong>mater</strong></span> <span class='ocrx_word' id='word_1_409' title='bbox 1491 5843 1800 5915; x_wconf 86' lang='lat' dir='ltr'><strong>reprobavit</strong></span> <span class='ocrx_word' id='word_1_410' title='bbox 1847 5852 1902 5897; x_wconf 88' lang='lat' dir='ltr'><strong>tu</strong></span> 
     </span>
    </p>
   </div>
   <div class='ocr_carea' id='block_1_62' title="bbox 1987 640 3574 716">
    <p class='ocr_par' dir='ltr' id='par_1_62' title="bbox 1987 640 3574 716">
     <span class='ocr_line' id='line_1_62' title="bbox 1987 640 3574 716; baseline -0.003 -17"><span class='ocrx_word' id='word_1_411' title='bbox 1987 646 2151 699; x_wconf 89' lang='lat' dir='ltr'><strong>etiam</strong></span> <span class='ocrx_word' id='word_1_412' title='bbox 2206 656 2260 699; x_wconf 91' lang='lat' dir='ltr'><strong>tu</strong></span> <span class='ocrx_word' id='word_1_413' title='bbox 2293 648 2621 716; x_wconf 85' lang='lat' dir='ltr'><strong>approbasti.</strong></span> <span class='ocrx_word' id='word_1_414' title='bbox 2652 644 2909 699; x_wconf 83' lang='lat' dir='ltr'><strong>Volumus</strong></span> <span class='ocrx_word' id='word_1_415' title='bbox 2944 644 3106 714; x_wconf 86' lang='lat' dir='ltr'><strong>igitur</strong></span> <span class='ocrx_word' id='word_1_416' title='bbox 3151 651 3209 695; x_wconf 91' lang='lat' dir='ltr'><strong>ut</strong></span> <span class='ocrx_word' id='word_1_417' title='bbox 3242 640 3403 695; x_wconf 85' lang='lat' dir='ltr'><strong>etiam</strong></span> <span class='ocrx_word' id='word_1_418' title='bbox 3430 653 3574 694; x_wconf 85' lang='lat' dir='ltr'><strong>nunc</strong></span> 
     </span>
    </p>
   </div>
   <div class='ocr_carea' id='block_1_63' title="bbox 1987 730 3575 806">
    <p class='ocr_par' dir='ltr' id='par_1_63' title="bbox 1987 730 3575 806">
     <span class='ocr_line' id='line_1_63' title="bbox 1987 730 3575 806; baseline -0.006 -15"><span class='ocrx_word' id='word_1_419' title='bbox 1987 739 2283 791; x_wconf 87' lang='lat' dir='ltr'><strong>secundum</strong></span> <span class='ocrx_word' id='word_1_420' title='bbox 2311 739 2558 791; x_wconf 88' lang='lat' dir='ltr'><strong>eamdem</strong></span> <span class='ocrx_word' id='word_1_421' title='bbox 2595 734 2833 805; x_wconf 89' lang='lat' dir='ltr'><strong>regulam</strong></span> <span class='ocrx_word' id='word_1_422' title='bbox 2865 730 3575 806; x_wconf 86' lang='lat' dir='ltr'><strong>decretasanctissimorum</strong></span> 
     </span>
    </p>
   </div>
   <div class='ocr_carea' id='block_1_64' title="bbox 1987 822 3575 900">
    <p class='ocr_par' dir='ltr' id='par_1_64' title="bbox 1987 822 3575 900">
     <span class='ocr_line' id='line_1_64' title="bbox 1987 822 3575 900; baseline -0.007 -15"><span class='ocrx_word' id='word_1_423' title='bbox 1987 830 2301 900; x_wconf 90' lang='lat' dir='ltr'><strong>pontiﬁcum</strong></span> <span class='ocrx_word' id='word_1_424' title='bbox 2357 829 2815 898; x_wconf 71' lang='lat' dir='ltr'><strong>prtedecessorum</strong></span> <span class='ocrx_word' id='word_1_425' title='bbox 2882 834 3188 881; x_wconf 89' lang='lat' dir='ltr'><strong>nostrorum</strong></span> <span class='ocrx_word' id='word_1_426' title='bbox 3254 822 3575 875; x_wconf 83' lang='lat' dir='ltr'><strong>inconcussa</strong></span> 
     </span>
    </p>
   </div>
   <div class='ocr_carea' id='block_1_65' title="bbox 1987 909 3582 990">
    <p class='ocr_par' dir='ltr' id='par_1_65' title="bbox 1987 909 3582 990">
     <span class='ocr_line' id='line_1_65' title="bbox 1987 909 3582 990; baseline -0.008 -13"><span class='ocrx_word' id='word_1_427' title='bbox 1987 932 2261 978; x_wconf 90' lang='lat' dir='ltr'><strong>maneant.</strong></span> <span class='ocrx_word' id='word_1_428' title='bbox 2290 923 2630 990; x_wconf 86' lang='lat' dir='ltr'><strong>Quapropter</strong></span> <span class='ocrx_word' id='word_1_429' title='bbox 2663 918 2949 989; x_wconf 87' lang='lat' dir='ltr'><strong>lgnatium,</strong></span> <span class='ocrx_word' id='word_1_430' title='bbox 2980 925 3033 971; x_wconf 92' lang='lat' dir='ltr'><strong>ct</strong></span> <span class='ocrx_word' id='word_1_431' title='bbox 3059 913 3330 977; x_wconf 76' lang='lat' dir='ltr'><strong>Photium,</strong></span> <span class='ocrx_word' id='word_1_432' title='bbox 3359 921 3413 965; x_wconf 88' lang='lat' dir='ltr'><strong>et</strong></span> <span class='ocrx_word' id='word_1_433' title='bbox 3451 909 3582 965; x_wconf 74' lang='lat' dir='ltr'><strong>Stc-</strong></span> 
     </span>
    </p>
   </div>
   <div class='ocr_carea' id='block_1_66' title="bbox 1989 1000 3573 1087">
    <p class='ocr_par' dir='ltr' id='par_1_66' title="bbox 1989 1000 3573 1087">
     <span class='ocr_line' id='line_1_66' title="bbox 1989 1000 3573 1087; baseline -0.008 -19"><span class='ocrx_word' id='word_1_434' title='bbox 1989 1016 2245 1084; x_wconf 90' lang='lat' dir='ltr'><strong>phanum,</strong></span> <span class='ocrx_word' id='word_1_435' title='bbox 2277 1022 2331 1069; x_wconf 89' lang='lat' dir='ltr'><strong>et</strong></span> <span class='ocrx_word' id='word_1_436' title='bbox 2356 1013 2671 1076; x_wconf 87' lang='lat' dir='ltr'><strong>Antonium,</strong></span> <span class='ocrx_word' id='word_1_437' title='bbox 2708 1011 2848 1065; x_wconf 90' lang='lat' dir='ltr'><strong>sicut</strong></span> <span class='ocrx_word' id='word_1_438' title='bbox 2876 1007 3248 1063; x_wconf 88' lang='lat' dir='ltr'><strong>sanctissimus</strong></span> <span class='ocrx_word' id='word_1_439' title='bbox 3293 1018 3427 1087; x_wconf 86' lang='lat' dir='ltr'><strong>papa</strong></span> <span class='ocrx_word' id='word_1_440' title='bbox 3475 1000 3573 1056; x_wconf 81' lang='lat' dir='ltr'><strong>Ni-</strong></span> 
     </span>
    </p>
   </div>
   <div class='ocr_carea' id='block_1_67' title="bbox 1989 1092 3575 1171">
    <p class='ocr_par' dir='ltr' id='par_1_67' title="bbox 1989 1092 3575 1171">
     <span class='ocr_line' id='line_1_67' title="bbox 1989 1092 3575 1171; baseline -0.009 -10"><span class='ocrx_word' id='word_1_441' title='bbox 1989 1104 2194 1169; x_wconf 87' lang='lat' dir='ltr'><strong>colaus,</strong></span> <span class='ocrx_word' id='word_1_442' title='bbox 2224 1113 2279 1160; x_wconf 86' lang='lat' dir='ltr'><strong>et</strong></span> <span class='ocrx_word' id='word_1_443' title='bbox 2304 1102 2559 1166; x_wconf 81' lang='lat' dir='ltr'><strong>Joannes,</strong></span> <span class='ocrx_word' id='word_1_444' title='bbox 2591 1110 2646 1154; x_wconf 90' lang='lat' dir='ltr'><strong>et</strong></span> <span class='ocrx_word' id='word_1_445' title='bbox 2673 1108 2861 1155; x_wconf 76' lang='lat' dir='ltr'><strong>sextus</strong></span> <span class='ocrx_word' id='word_1_446' title='bbox 2886 1098 3212 1171; x_wconf 82' lang='lat' dir='ltr'><strong>Stephanus,</strong></span> <span class='ocrx_word' id='word_1_447' title='bbox 3238 1104 3298 1149; x_wconf 82' lang='lat' dir='ltr'><strong>et</strong></span> <span class='ocrx_word' id='word_1_448' title='bbox 3326 1092 3575 1147; x_wconf 89' lang='lat' dir='ltr'><strong>universa</strong></span> 
     </span>
    </p>
   </div>
   <div class='ocr_carea' id='block_1_68' title="bbox 1987 1182 3572 1261">
    <p class='ocr_par' dir='ltr' id='par_1_68' title="bbox 1987 1182 3572 1261">
     <span class='ocr_line' id='line_1_68' title="bbox 1987 1182 3572 1261; baseline -0.011 -8"><span class='ocrx_word' id='word_1_449' title='bbox 1987 1197 2229 1253; x_wconf 81' lang='lat' dir='ltr'><strong>Romana</strong></span> <span class='ocrx_word' id='word_1_450' title='bbox 2260 1195 2499 1251; x_wconf 88' lang='lat' dir='ltr'><strong>Ecclesia</strong></span> <span class='ocrx_word' id='word_1_451' title='bbox 2529 1194 2808 1261; x_wconf 88' lang='lat' dir='ltr'><strong>hucusque</strong></span> <span class='ocrx_word' id='word_1_452' title='bbox 2842 1190 3038 1253; x_wconf 87' lang='lat' dir='ltr'><strong>tenuit,</strong></span> <span class='ocrx_word' id='word_1_453' title='bbox 3060 1187 3222 1241; x_wconf 91' lang='lat' dir='ltr'><strong>etiam</strong></span> <span class='ocrx_word' id='word_1_454' title='bbox 3255 1199 3354 1238; x_wconf 87' lang='lat' dir='ltr'><strong>nos</strong></span> <span class='ocrx_word' id='word_1_455' title='bbox 3383 1182 3572 1236; x_wconf 88' lang='lat' dir='ltr'><strong>eodem</strong></span> 
     </span>
    </p>
   </div>
   <div class='ocr_carea' id='block_1_69' title="bbox 1986 1273 3578 1355">
    <p class='ocr_par' dir='ltr' id='par_1_69' title="bbox 1986 1273 3578 1355">
     <span class='ocr_line' id='line_1_69' title="bbox 1986 1273 3578 1355; baseline -0.01 -12"><span class='ocrx_word' id='word_1_456' title='bbox 1986 1288 2176 1343; x_wconf 90' lang='lat' dir='ltr'><strong>ordine</strong></span> <span class='ocrx_word' id='word_1_457' title='bbox 2211 1287 2332 1347; x_wconf 88' lang='lat' dir='ltr'><strong>illos</strong></span> <span class='ocrx_word' id='word_1_458' title='bbox 2371 1285 2661 1355; x_wconf 90' lang='lat' dir='ltr'><strong>recipimus</strong></span> <span class='ocrx_word' id='word_1_459' title='bbox 2702 1291 2757 1339; x_wconf 90' lang='lat' dir='ltr'><strong>et</strong></span> <span class='ocrx_word' id='word_1_460' title='bbox 2802 1291 3077 1346; x_wconf 89' lang='lat' dir='ltr'><strong>tenemus,</strong></span> <span class='ocrx_word' id='word_1_461' title='bbox 3111 1286 3164 1333; x_wconf 91' lang='lat' dir='ltr'><strong>et</strong></span> <span class='ocrx_word' id='word_1_462' title='bbox 3202 1276 3308 1330; x_wconf 88' lang='lat' dir='ltr'><strong>illis</strong></span> <span class='ocrx_word' id='word_1_463' title='bbox 3337 1273 3414 1345; x_wconf 81' lang='grc' dir='ltr'><strong>[Ῑ.</strong></span> <span class='ocrx_word' id='word_1_464' title='bbox 3444 1281 3578 1327; x_wconf 88' lang='lat' dir='ltr'><strong>utet</strong></span> 
     </span>
    </p>
   </div>
   <div class='ocr_carea' id='block_1_70' title="bbox 1988 1365 3572 1449">
    <p class='ocr_par' dir='ltr' id='par_1_70' title="bbox 1988 1365 3572 1449">
     <span class='ocr_line' id='line_1_70' title="bbox 1988 1365 3572 1449; baseline -0.011 -15"><span class='ocrx_word' id='word_1_465' title='bbox 1988 1379 2117 1435; x_wconf 87' lang='lat' dir='ltr'><strong>illis.</strong></span> <span class='ocrx_word' id='word_1_466' title='bbox 2154 1375 2365 1449; x_wconf 75' lang='lat' dir='ltr'><strong>HARD.]</strong></span> <span class='ocrx_word' id='word_1_467' title='bbox 2395 1376 2486 1447; x_wconf 93' lang='lat' dir='ltr'><strong>qui</strong></span> <span class='ocrx_word' id='word_1_468' title='bbox 2511 1382 2800 1444; x_wconf 90' lang='lat' dir='ltr'><strong>supersunt</strong></span> <span class='ocrx_word' id='word_1_469' title='bbox 2825 1389 2890 1428; x_wconf 78' lang='lat' dir='ltr'><strong>ex</strong></span> <span class='ocrx_word' id='word_1_470' title='bbox 2922 1385 3107 1425; x_wconf 88' lang='lat' dir='ltr'><strong>eorum</strong></span> <span class='ocrx_word' id='word_1_471' title='bbox 3138 1368 3348 1432; x_wconf 88' lang='lat' dir='ltr'><strong>ordine,</strong></span> <span class='ocrx_word' id='word_1_472' title='bbox 3380 1365 3572 1420; x_wconf 88' lang='lat' dir='ltr'><strong>eodem</strong></span> 
     </span>
    </p>
   </div>
   <div class='ocr_carea' id='block_1_71' title="bbox 1986 1454 3578 1541">
    <p class='ocr_par' dir='ltr' id='par_1_71' title="bbox 1986 1454 3578 1541">
     <span class='ocr_line' id='line_1_71' title="bbox 1986 1454 3578 1541; baseline -0.01 -16"><span class='ocrx_word' id='word_1_473' title='bbox 1986 1479 2145 1541; x_wconf 92' lang='lat' dir='ltr'><strong>pacto</strong></span> <span class='ocrx_word' id='word_1_474' title='bbox 2172 1469 2452 1525; x_wconf 91' lang='lat' dir='ltr'><strong>nobiscum</strong></span> <span class='ocrx_word' id='word_1_475' title='bbox 2492 1481 2687 1522; x_wconf 90' lang='lat' dir='ltr'><strong>manus</strong></span> <span class='ocrx_word' id='word_1_476' title='bbox 2721 1465 2965 1535; x_wconf 55' lang='lat' dir='ltr'><strong>praebeas</strong></span> <span class='ocrx_word' id='word_1_477' title='bbox 2992 1463 3274 1517; x_wconf 90' lang='lat' dir='ltr'><strong>hortamur</strong></span> <span class='ocrx_word' id='word_1_478' title='bbox 3298 1475 3313 1512; x_wconf 90' lang='lat'>:</span> <span class='ocrx_word' id='word_1_479' title='bbox 3342 1466 3395 1513; x_wconf 88' lang='lat' dir='ltr'><strong>et</strong></span> <span class='ocrx_word' id='word_1_480' title='bbox 3424 1454 3578 1525; x_wconf 86' lang='lat' dir='ltr'><strong>pacis</strong></span> 
     </span>
    </p>
   </div>
   <div class='ocr_carea' id='block_1_72' title="bbox 1988 1544 3577 1619">
    <p class='ocr_par' dir='ltr' id='par_1_72' title="bbox 1988 1544 3577 1619">
     <span class='ocr_line' id='line_1_72' title="bbox 1988 1544 3577 1619; baseline -0.012 -1"><span class='ocrx_word' id='word_1_481' title='bbox 1988 1571 2042 1619; x_wconf 85' lang='lat' dir='ltr'><strong>et</strong></span> <span class='ocrx_word' id='word_1_482' title='bbox 2061 1560 2457 1617; x_wconf 88' lang='lat' dir='ltr'><strong>communionis</strong></span> <span class='ocrx_word' id='word_1_483' title='bbox 2494 1558 2597 1612; x_wconf 88' lang='lat' dir='ltr'><strong>illis</strong></span> <span class='ocrx_word' id='word_1_484' title='bbox 2636 1555 2986 1612; x_wconf 87' lang='lat' dir='ltr'><strong>concedimus</strong></span> <span class='ocrx_word' id='word_1_485' title='bbox 3015 1552 3300 1613; x_wconf 87' lang='lat' dir='ltr'><strong>unitatem,</strong></span> <span class='ocrx_word' id='word_1_486' title='bbox 3324 1547 3450 1600; x_wconf 89' lang='lat' dir='ltr'><strong>dum</strong></span> <span class='ocrx_word' id='word_1_487' title='bbox 3476 1544 3577 1614; x_wconf 85' lang='lat' dir='ltr'><strong>ipsi</strong></span> 
     </span>
    </p>
   </div>
   <div class='ocr_carea' id='block_1_73' title="bbox 1987 1636 3578 1723">
    <p class='ocr_par' dir='ltr' id='par_1_73' title="bbox 1987 1636 3578 1723">
     <span class='ocr_line' id='line_1_73' title="bbox 1987 1636 3578 1723; baseline -0.013 -12"><span class='ocrx_word' id='word_1_488' title='bbox 1987 1654 2176 1712; x_wconf 90' lang='lat' dir='ltr'><strong>eodem</strong></span> <span class='ocrx_word' id='word_1_489' title='bbox 2199 1664 2357 1723; x_wconf 90' lang='lat' dir='ltr'><strong>pacto</strong></span> <span class='ocrx_word' id='word_1_490' title='bbox 2395 1649 2604 1719; x_wconf 71' lang='lat' dir='ltr'><strong>regulas</strong></span> <span class='ocrx_word' id='word_1_491' title='bbox 2638 1648 2990 1704; x_wconf 82' lang='lat' dir='ltr'><strong>servaverint.</strong></span> <span class='ocrx_word' id='word_1_492' title='bbox 3032 1642 3205 1698; x_wconf 86' lang='lat' dir='ltr'><strong>Tuum</strong></span> <span class='ocrx_word' id='word_1_493' title='bbox 3238 1654 3367 1694; x_wconf 87' lang='lat' dir='ltr'><strong>vero</strong></span> <span class='ocrx_word' id='word_1_494' title='bbox 3392 1636 3578 1692; x_wconf 90' lang='lat' dir='ltr'><strong>chiro-</strong></span> 
     </span>
    </p>
   </div>
   <div class='ocr_carea' id='block_1_74' title="bbox 1990 1731 3579 1817">
    <p class='ocr_par' dir='ltr' id='par_1_74' title="bbox 1990 1731 3579 1817">
     <span class='ocr_line' id='line_1_74' title="bbox 1990 1731 3579 1817; baseline -0.013 -16"><span class='ocrx_word' id='word_1_495' title='bbox 1990 1747 2276 1817; x_wconf 86' lang='lat' dir='ltr'><strong>graphum,</strong></span> <span class='ocrx_word' id='word_1_496' title='bbox 2302 1742 2445 1814; x_wconf 89' lang='lat' dir='ltr'><strong>quod</strong></span> <span class='ocrx_word' id='word_1_497' title='bbox 2474 1743 2629 1797; x_wconf 88' lang='lat' dir='ltr'><strong>nobis</strong></span> <span class='ocrx_word' id='word_1_498' title='bbox 2669 1740 2863 1803; x_wconf 81' lang='lat' dir='ltr'><strong>fecisti,</strong></span> <span class='ocrx_word' id='word_1_499' title='bbox 2907 1735 3153 1808; x_wconf 82' lang='lat' dir='ltr'><strong>quamvis</strong></span> <span class='ocrx_word' id='word_1_500' title='bbox 3185 1731 3409 1786; x_wconf 90' lang='lat' dir='ltr'><strong>multum</strong></span> <span class='ocrx_word' id='word_1_501' title='bbox 3432 1742 3579 1798; x_wconf 76' lang='lat' dir='ltr'><strong>qua:-</strong></span> 
     </span>
    </p>
   </div>
   <div class='ocr_carea' id='block_1_75' title="bbox 1991 1824 3321 1902">
    <p class='ocr_par' dir='ltr' id='par_1_75' title="bbox 1991 1824 3321 1902">
     <span class='ocr_line' id='line_1_75' title="bbox 1991 1824 3321 1902; baseline -0.015 -8"><span class='ocrx_word' id='word_1_502' title='bbox 1991 1837 2266 1902; x_wconf 87' lang='lat' dir='ltr'><strong>sierimus,</strong></span> <span class='ocrx_word' id='word_1_503' title='bbox 2302 1833 2547 1890; x_wconf 89' lang='lat' dir='ltr'><strong>invenire</strong></span> <span class='ocrx_word' id='word_1_504' title='bbox 2575 1841 2752 1886; x_wconf 90' lang='lat' dir='ltr'><strong>tamen</strong></span> <span class='ocrx_word' id='word_1_505' title='bbox 2785 1829 3006 1884; x_wconf 90' lang='lat' dir='ltr'><strong>minime</strong></span> <span class='ocrx_word' id='word_1_506' title='bbox 3027 1824 3321 1896; x_wconf 89' lang='lat' dir='ltr'><strong>potuimus.</strong></span> 
     </span>
    </p>
   </div>
   <div class='ocr_carea' id='block_1_76' title="bbox 2543 1954 3011 2016">
    <p class='ocr_par' dir='ltr' id='par_1_76' title="bbox 2543 1954 3011 2016">
     <span class='ocr_line' id='line_1_76' title="bbox 2543 1954 3011 2016; baseline -0.015 0"><span class='ocrx_word' id='word_1_507' title='bbox 2543 1956 2882 2016; x_wconf 79' lang='lat' dir='ltr'><strong>EPISTULA</strong></span> <span class='ocrx_word' id='word_1_508' title='bbox 2927 1954 3011 2010; x_wconf 87' lang='grc'><strong>111.</strong></span> 
     </span>
    </p>
   </div>
   <div class='ocr_carea' id='block_1_77' title="bbox 2213 2066 3359 2134">
    <p class='ocr_par' dir='ltr' id='par_1_77' title="bbox 2213 2066 3359 2134">
     <span class='ocr_line' id='line_1_77' title="bbox 2213 2066 3359 2134; baseline -0.018 1"><span class='ocrx_word' id='word_1_509' title='bbox 2213 2094 2282 2134; x_wconf 72' lang='lat' dir='ltr'><strong>AD</strong></span> <span class='ocrx_word' id='word_1_510' title='bbox 2319 2091 2530 2133; x_wconf 73' lang='grc' dir='ltr'><strong>οιειιωι</strong></span> <span class='ocrx_word' id='word_1_511' title='bbox 2567 2090 2638 2129; x_wconf 77' lang='lat' dir='ltr'><strong>ET</strong></span> <span class='ocrx_word' id='word_1_512' title='bbox 2676 2084 2920 2127; x_wconf 69' lang='lat' dir='ltr'><strong>POPULUM</strong></span> <span class='ocrx_word' id='word_1_513' title='bbox 2959 2066 3359 2122; x_wconf 19' lang='lat' dir='ltr'><strong>LINGONENSEI.‘</strong></span> 
     </span>
    </p>
   </div>
   <div class='ocr_carea' id='block_1_78' title="bbox 2268 2162 3261 2267">
    <p class='ocr_par' dir='ltr' id='par_1_78' title="bbox 2268 2162 3261 2267">
     <span class='ocr_line' id='line_1_78' title="bbox 2268 2162 3261 2267; baseline -0.016 -22"><span class='ocrx_word' id='word_1_514' title='bbox 2268 2189 2554 2261; x_wconf 80' lang='lat' dir='ltr'><strong>Argrinum</strong></span> <span class='ocrx_word' id='word_1_515' title='bbox 2578 2185 2873 2267; x_wconf 78' lang='lat' dir='ltr'><strong>episcopum</strong></span> <span class='ocrx_word' id='word_1_516' title='bbox 2908 2181 2974 2236; x_wconf 77' lang='lat' dir='ltr'><strong>iis</strong></span> <span class='ocrx_word' id='word_1_517' title='bbox 3016 2175 3261 2234; x_wconf 79' lang='lat' dir='ltr'><strong>restituit.</strong></span> 
     </span>
    </p>
   </div>
   <div class='ocr_carea' id='block_1_79' title="bbox 2059 2281 3584 2371">
    <p class='ocr_par' dir='ltr' id='par_1_79' title="bbox 2059 2281 3584 2371">
     <span class='ocr_line' id='line_1_79' title="bbox 2059 2281 3584 2371; baseline -0.018 -10"><span class='ocrx_word' id='word_1_518' title='bbox 2059 2304 2293 2362; x_wconf 59' lang='grc' dir='ltr'><strong>πολυεπεῖς</strong></span> <span class='ocrx_word' id='word_1_519' title='bbox 2320 2300 2624 2371; x_wconf 87' lang='lat' dir='ltr'><strong>episcopus,</strong></span> <span class='ocrx_word' id='word_1_520' title='bbox 2652 2309 2843 2351; x_wconf 88' lang='lat' dir='ltr'><strong>servus</strong></span> <span class='ocrx_word' id='word_1_521' title='bbox 2877 2304 3156 2348; x_wconf 86' lang='lat' dir='ltr'><strong>servorum</strong></span> <span class='ocrx_word' id='word_1_522' title='bbox 3194 2284 3290 2342; x_wconf 88' lang='lat' dir='ltr'><strong>Dei</strong></span> <span class='ocrx_word' id='word_1_523' title='bbox 3307 2323 3324 2348; x_wconf 90' lang='lat'><strong>,</strong></span> <span class='ocrx_word' id='word_1_524' title='bbox 3351 2281 3497 2343; x_wconf 84' lang='lat' dir='ltr'><strong>clero</strong></span> <span class='ocrx_word' id='word_1_525' title='bbox 3524 2286 3584 2339; x_wconf 82' lang='lat' dir='ltr'><strong>et</strong></span> 
     </span>
    </p>
   </div>
   <div class='ocr_carea' id='block_1_80' title="bbox 1990 2374 3480 2471">
    <p class='ocr_par' dir='ltr' id='par_1_80' title="bbox 1990 2374 3480 2471">
     <span class='ocr_line' id='line_1_80' title="bbox 1990 2374 3480 2471; baseline -0.017 -19"><span class='ocrx_word' id='word_1_526' title='bbox 1990 2397 2188 2471; x_wconf 92' lang='lat' dir='ltr'><strong>popqu</strong></span> <span class='ocrx_word' id='word_1_527' title='bbox 2216 2394 2387 2450; x_wconf 58' lang='lat' dir='ltr'><strong>sacra}</strong></span> <span class='ocrx_word' id='word_1_528' title='bbox 2404 2388 2763 2463; x_wconf 85' lang='lat' dir='ltr'><strong>Lingonensis</strong></span> <span class='ocrx_word' id='word_1_529' title='bbox 2786 2383 3065 2446; x_wconf 77' lang='lat' dir='ltr'><strong>Ecclesize,</strong></span> <span class='ocrx_word' id='word_1_530' title='bbox 3092 2378 3303 2436; x_wconf 90' lang='lat' dir='ltr'><strong>dilectis</strong></span> <span class='ocrx_word' id='word_1_531' title='bbox 3334 2374 3480 2430; x_wconf 89' lang='lat' dir='ltr'><strong>ﬁliis.</strong></span> 
     </span>
    </p>
   </div>
   <div class='ocr_carea' id='block_1_81' title="bbox 2063 2464 3584 2550">
    <p class='ocr_par' dir='ltr' id='par_1_81' title="bbox 2063 2464 3584 2550">
     <span class='ocr_line' id='line_1_81' title="bbox 2063 2464 3584 2550; baseline -0.014 -8"><span class='ocrx_word' id='word_1_532' title='bbox 2063 2464 2289 2543; x_wconf 61' lang='lat' dir='ltr'><strong>Tantam</strong></span> <span class='ocrx_word' id='word_1_533' title='bbox 2319 2500 2348 2537; x_wconf 94' lang='lat' dir='ltr'><strong>a</strong></span> <span class='ocrx_word' id='word_1_534' title='bbox 2369 2482 2596 2537; x_wconf 90' lang='lat' dir='ltr'><strong>Domino</strong></span> <span class='ocrx_word' id='word_1_535' title='bbox 2618 2479 2781 2550; x_wconf 83' lang='lat' dir='ltr'><strong>hujus</strong></span> <span class='ocrx_word' id='word_1_536' title='bbox 2796 2485 2996 2532; x_wconf 75' lang='lat' dir='ltr'><strong>sancta:</strong></span> <span class='ocrx_word' id='word_1_537' title='bbox 3023 2472 3167 2528; x_wconf 91' lang='lat' dir='ltr'><strong>sedis</strong></span> <span class='ocrx_word' id='word_1_538' title='bbox 3192 2478 3248 2526; x_wconf 90' lang='lat' dir='ltr'><strong>et</strong></span> <span class='ocrx_word' id='word_1_539' title='bbox 3275 2464 3584 2537; x_wconf 65' lang='lat' dir='ltr'><strong>apostolica</strong></span> 
     </span>
    </p>
   </div>
   <div class='ocr_carea' id='block_1_82' title="bbox 1992 2558 3582 2639">
    <p class='ocr_par' dir='ltr' id='par_1_82' title="bbox 1992 2558 3582 2639">
     <span class='ocr_line' id='line_1_82' title="bbox 1992 2558 3582 2639; baseline -0.015 -4"><span class='ocrx_word' id='word_1_540' title='bbox 1992 2578 2248 2635; x_wconf 61' lang='lat' dir='ltr'><strong>Ecclesiae</strong></span> <span class='ocrx_word' id='word_1_541' title='bbox 2302 2575 2627 2639; x_wconf 86' lang='lat' dir='ltr'><strong>fundatore,</strong></span> <span class='ocrx_word' id='word_1_542' title='bbox 2685 2580 2739 2626; x_wconf 90' lang='lat' dir='ltr'><strong>et</strong></span> <span class='ocrx_word' id='word_1_543' title='bbox 2787 2571 2947 2625; x_wconf 89' lang='lat' dir='ltr'><strong>beato</strong></span> <span class='ocrx_word' id='word_1_544' title='bbox 3007 2565 3167 2620; x_wconf 86' lang='lat' dir='ltr'><strong>Petro</strong></span> <span class='ocrx_word' id='word_1_545' title='bbox 3216 2558 3582 2631; x_wconf 86' lang='lat' dir='ltr'><strong>apostolorum</strong></span> 
     </span>
    </p>
   </div>
   <div class='ocr_carea' id='block_1_83' title="bbox 1992 2646 3585 2743">
    <p class='ocr_par' dir='ltr' id='par_1_83' title="bbox 1992 2646 3585 2743">
     <span class='ocr_line' id='line_1_83' title="bbox 1992 2646 3585 2743; baseline -0.017 -17"><span class='ocrx_word' id='word_1_546' title='bbox 1992 2670 2235 2743; x_wconf 89' lang='lat' dir='ltr'><strong>principe</strong></span> <span class='ocrx_word' id='word_1_547' title='bbox 2261 2665 2569 2736; x_wconf 90' lang='lat' dir='ltr'><strong>accepimus</strong></span> <span class='ocrx_word' id='word_1_548' title='bbox 2604 2661 2874 2723; x_wconf 90' lang='lat' dir='ltr'><strong>ﬁduciam,</strong></span> <span class='ocrx_word' id='word_1_549' title='bbox 2901 2666 2959 2711; x_wconf 91' lang='lat' dir='ltr'><strong>ut</strong></span> <span class='ocrx_word' id='word_1_550' title='bbox 2985 2672 3082 2727; x_wconf 88' lang='lat' dir='ltr'><strong>pro</strong></span> <span class='ocrx_word' id='word_1_551' title='bbox 3106 2649 3397 2708; x_wconf 85' lang='lat' dir='ltr'><strong>universali</strong></span> <span class='ocrx_word' id='word_1_552' title='bbox 3426 2646 3585 2703; x_wconf 81' lang='lat' dir='ltr'><strong>Chri-</strong></span> 
     </span>
    </p>
   </div>
   <div class='ocr_carea' id='block_1_84' title="bbox 1993 2740 3586 2829">
    <p class='ocr_par' dir='ltr' id='par_1_84' title="bbox 1993 2740 3586 2829">
     <span class='ocr_line' id='line_1_84' title="bbox 1993 2740 3586 2829; baseline -0.016 -13"><span class='ocrx_word' id='word_1_553' title='bbox 1993 2740 2059 2817; x_wconf 77' lang='lat' dir='ltr'><strong>sti</strong></span> <span class='ocrx_word' id='word_1_554' title='bbox 2107 2757 2369 2829; x_wconf 82' lang='lat' dir='ltr'><strong>sanguine</strong></span> <span class='ocrx_word' id='word_1_555' title='bbox 2413 2749 2973 2822; x_wconf 77' lang='lat' dir='ltr'><strong>redemptaEcclesia</strong></span> <span class='ocrx_word' id='word_1_556' title='bbox 3025 2744 3253 2813; x_wconf 78' lang='lat' dir='ltr'><strong>impigro</strong></span> <span class='ocrx_word' id='word_1_557' title='bbox 3277 2740 3586 2794; x_wconf 83' lang='lat' dir='ltr'><strong>laboremus</strong></span> 
     </span>
    </p>
   </div>
   <div class='ocr_carea' id='block_1_85' title="bbox 1993 2836 3586 2913">
    <p class='ocr_par' dir='ltr' id='par_1_85' title="bbox 1993 2836 3586 2913">
     <span class='ocr_line' id='line_1_85' title="bbox 1993 2836 3586 2913; baseline -0.017 -6"><span class='ocrx_word' id='word_1_558' title='bbox 1993 2850 2209 2913; x_wconf 77' lang='lat' dir='ltr'><strong>allecto,</strong></span> <span class='ocrx_word' id='word_1_559' title='bbox 2248 2855 2304 2901; x_wconf 92' lang='lat' dir='ltr'><strong>et</strong></span> <span class='ocrx_word' id='word_1_560' title='bbox 2341 2844 2593 2901; x_wconf 83' lang='lat' dir='ltr'><strong>omnibus</strong></span> <span class='ocrx_word' id='word_1_561' title='bbox 2623 2840 2851 2898; x_wconf 89' lang='lat' dir='ltr'><strong>Domino</strong></span> <span class='ocrx_word' id='word_1_562' title='bbox 2879 2836 3262 2898; x_wconf 79' lang='lat' dir='ltr'><strong>famulantibus</strong></span> <span class='ocrx_word' id='word_1_563' title='bbox 3296 2844 3586 2887; x_wconf 83' lang='lat' dir='ltr'><strong>succurra-</strong></span> 
     </span>
    </p>
   </div>
   <div class='ocr_carea' id='block_1_86' title="bbox 1993 2921 3581 3009">
    <p class='ocr_par' dir='ltr' id='par_1_86' title="bbox 1993 2921 3581 3009">
     <span class='ocr_line' id='line_1_86' title="bbox 1993 2921 3581 3009; baseline -0.016 -10"><span class='ocrx_word' id='word_1_564' title='bbox 1993 2959 2147 3009; x_wconf 90' lang='lat' dir='ltr'><strong>mus;</strong></span> <span class='ocrx_word' id='word_1_565' title='bbox 2187 2947 2242 2997; x_wconf 88' lang='lat' dir='ltr'><strong>et</strong></span> <span class='ocrx_word' id='word_1_566' title='bbox 2282 2938 2496 2994; x_wconf 90' lang='lat' dir='ltr'><strong>cunctis</strong></span> <span class='ocrx_word' id='word_1_567' title='bbox 2532 2936 2620 3006; x_wconf 90' lang='lat' dir='ltr'><strong>pie</strong></span> <span class='ocrx_word' id='word_1_568' title='bbox 2667 2932 2975 2987; x_wconf 89' lang='lat' dir='ltr'><strong>viventibus</strong></span> <span class='ocrx_word' id='word_1_569' title='bbox 3015 2921 3581 2997; x_wconf 76' lang='lat' dir='ltr'><strong>apostolicaauctot&#39;i-</strong></span> 
     </span>
    </p>
   </div>
   <div class='ocr_carea' id='block_1_87' title="bbox 1996 3010 3584 3102">
    <p class='ocr_par' dir='ltr' id='par_1_87' title="bbox 1996 3010 3584 3102">
     <span class='ocr_line' id='line_1_87' title="bbox 1996 3010 3584 3102; baseline -0.014 -14"><span class='ocrx_word' id='word_1_570' title='bbox 1996 3044 2107 3089; x_wconf 89' lang='lat' dir='ltr'><strong>tate</strong></span> <span class='ocrx_word' id='word_1_571' title='bbox 2140 3048 2294 3102; x_wconf 90' lang='lat' dir='ltr'><strong>opem</strong></span> <span class='ocrx_word' id='word_1_572' title='bbox 2327 3030 2599 3093; x_wconf 89' lang='lat' dir='ltr'><strong>feramus;</strong></span> <span class='ocrx_word' id='word_1_573' title='bbox 2636 3034 2689 3082; x_wconf 88' lang='lat' dir='ltr'><strong>et</strong></span> <span class='ocrx_word' id='word_1_574' title='bbox 2718 3020 2977 3093; x_wconf 90' lang='lat' dir='ltr'><strong>quidquid</strong></span> <span class='ocrx_word' id='word_1_575' title='bbox 3008 3018 3254 3074; x_wconf 79' lang='lat' dir='ltr'><strong>nocivum</strong></span> <span class='ocrx_word' id='word_1_576' title='bbox 3278 3024 3381 3073; x_wconf 87' lang='lat' dir='ltr'><strong>est,</strong></span> <span class='ocrx_word' id='word_1_577' title='bbox 3425 3010 3584 3065; x_wconf 78' lang='lat' dir='ltr'><strong>auxi-</strong></span> 
     </span>
    </p>
   </div>
   <div class='ocr_carea' id='block_1_88' title="bbox 1994 3105 3583 3188">
    <p class='ocr_par' dir='ltr' id='par_1_88' title="bbox 1994 3105 3583 3188">
     <span class='ocr_line' id='line_1_88' title="bbox 1994 3105 3583 3188; baseline -0.015 -11"><span class='ocrx_word' id='word_1_578' title='bbox 1994 3124 2159 3179; x_wconf 90' lang='lat' dir='ltr'><strong>liante</strong></span> <span class='ocrx_word' id='word_1_579' title='bbox 2180 3122 2428 3188; x_wconf 89' lang='lat' dir='ltr'><strong>Domino,</strong></span> <span class='ocrx_word' id='word_1_580' title='bbox 2456 3118 2726 3188; x_wconf 79' lang='lat' dir='ltr'><strong>corrigere</strong></span> <span class='ocrx_word' id='word_1_581' title='bbox 2746 3124 2798 3173; x_wconf 85' lang='lat' dir='ltr'><strong>et</strong></span> <span class='ocrx_word' id='word_1_582' title='bbox 2812 3112 3101 3170; x_wconf 85' lang='lat' dir='ltr'><strong>emendare</strong></span> <span class='ocrx_word' id='word_1_583' title='bbox 3122 3125 3228 3170; x_wconf 87' lang='lat' dir='ltr'><strong>non</strong></span> <span class='ocrx_word' id='word_1_584' title='bbox 3250 3105 3583 3163; x_wconf 80' lang='lat' dir='ltr'><strong>dili&#39;eramus.</strong></span> 
     </span>
    </p>
   </div>
   <div class='ocr_carea' id='block_1_89' title="bbox 1993 3192 3589 3274">
    <p class='ocr_par' dir='ltr' id='par_1_89' title="bbox 1993 3192 3589 3274">
     <span class='ocr_line' id='line_1_89' title="bbox 1993 3192 3589 3274; baseline -0.016 -3"><span class='ocrx_word' id='word_1_585' title='bbox 1993 3215 2075 3271; x_wconf 82' lang='lat' dir='ltr'><strong>Ad</strong></span> <span class='ocrx_word' id='word_1_586' title='bbox 2108 3216 2211 3270; x_wconf 86' lang='lat' dir='ltr'><strong>hoc</strong></span> <span class='ocrx_word' id='word_1_587' title='bbox 2253 3213 2396 3269; x_wconf 89' lang='lat' dir='ltr'><strong>enim</strong></span> <span class='ocrx_word' id='word_1_588' title='bbox 2435 3210 2630 3265; x_wconf 76' lang='lat' dir='ltr'><strong>divinze</strong></span> <span class='ocrx_word' id='word_1_589' title='bbox 2665 3201 3083 3274; x_wconf 85' lang='lat' dir='ltr'><strong>dispensationis</strong></span> <span class='ocrx_word' id='word_1_590' title='bbox 3113 3196 3352 3268; x_wconf 85' lang='lat' dir='ltr'><strong>provisio</strong></span> <span class='ocrx_word' id='word_1_591' title='bbox 3390 3192 3589 3263; x_wconf 82' lang='lat' dir='ltr'><strong>gradus</strong></span> 
     </span>
    </p>
   </div>
   <div class='ocr_carea' id='block_1_90' title="bbox 1995 3284 3585 3363">
    <p class='ocr_par' dir='ltr' id='par_1_90' title="bbox 1995 3284 3585 3363">
     <span class='ocr_line' id='line_1_90' title="bbox 1995 3284 3585 3363; baseline -0.018 0"><span class='ocrx_word' id='word_1_592' title='bbox 1995 3317 2051 3363; x_wconf 88' lang='lat' dir='ltr'><strong>et</strong></span> <span class='ocrx_word' id='word_1_593' title='bbox 2077 3309 2319 3361; x_wconf 75' lang='lat' dir='ltr'><strong>diversos</strong></span> <span class='ocrx_word' id='word_1_594' title='bbox 2350 3302 2629 3359; x_wconf 89' lang='lat' dir='ltr'><strong>constituit</strong></span> <span class='ocrx_word' id='word_1_595' title='bbox 2651 3300 2870 3363; x_wconf 81' lang='lat' dir='ltr'><strong>ordines</strong></span> <span class='ocrx_word' id='word_1_596' title='bbox 2898 3309 3017 3348; x_wconf 87' lang='lat' dir='ltr'><strong>esse</strong></span> <span class='ocrx_word' id='word_1_597' title='bbox 3049 3291 3347 3349; x_wconf 80' lang='lat' dir='ltr'><strong>distinctos,</strong></span> <span class='ocrx_word' id='word_1_598' title='bbox 3376 3294 3435 3338; x_wconf 92' lang='lat' dir='ltr'><strong>ut</strong></span> <span class='ocrx_word' id='word_1_599' title='bbox 3459 3284 3585 3336; x_wconf 90' lang='lat' dir='ltr'><strong>dum</strong></span> 
     </span>
    </p>
   </div>
   <div class='ocr_carea' id='block_1_91' title="bbox 1997 3380 3587 3457">
    <p class='ocr_par' dir='ltr' id='par_1_91' title="bbox 1997 3380 3587 3457">
     <span class='ocr_line' id='line_1_91' title="bbox 1997 3380 3587 3457; baseline -0.018 -4"><span class='ocrx_word' id='word_1_600' title='bbox 1997 3396 2354 3453; x_wconf 88' lang='lat' dir='ltr'><strong>reverentiam</strong></span> <span class='ocrx_word' id='word_1_601' title='bbox 2397 3393 2635 3446; x_wconf 85' lang='lat' dir='ltr'><strong>minores</strong></span> <span class='ocrx_word' id='word_1_602' title='bbox 2688 3385 2989 3457; x_wconf 87' lang='lat' dir='ltr'><strong>potioribus</strong></span> <span class='ocrx_word' id='word_1_603' title='bbox 3033 3380 3373 3439; x_wconf 78' lang='lat' dir='ltr'><strong>exhiberem,</strong></span> <span class='ocrx_word' id='word_1_604' title='bbox 3410 3382 3463 3427; x_wconf 91' lang='lat' dir='ltr'><strong>et</strong></span> <span class='ocrx_word' id='word_1_605' title='bbox 3493 3388 3587 3442; x_wconf 82' lang='lat' dir='ltr'><strong>po-</strong></span> 
     </span>
    </p>
   </div>
   <div class='ocr_carea' id='block_1_92' title="bbox 1995 3464 3587 3544">
    <p class='ocr_par' dir='ltr' id='par_1_92' title="bbox 1995 3464 3587 3544">
     <span class='ocr_line' id='line_1_92' title="bbox 1995 3464 3587 3544; baseline -0.018 -1"><span class='ocrx_word' id='word_1_606' title='bbox 1995 3489 2161 3544; x_wconf 87' lang='lat' dir='ltr'><strong>tiures</strong></span> <span class='ocrx_word' id='word_1_607' title='bbox 2202 3483 2502 3539; x_wconf 87' lang='lat' dir='ltr'><strong>minoribus</strong></span> <span class='ocrx_word' id='word_1_608' title='bbox 2537 3477 2880 3533; x_wconf 88' lang='lat' dir='ltr'><strong>dilectionem</strong></span> <span class='ocrx_word' id='word_1_609' title='bbox 2919 3481 2973 3525; x_wconf 86' lang='lat' dir='ltr'><strong>et</strong></span> <span class='ocrx_word' id='word_1_610' title='bbox 3009 3468 3335 3535; x_wconf 74' lang='lat' dir='ltr'><strong>adiutorium</strong></span> <span class='ocrx_word' id='word_1_611' title='bbox 3382 3464 3587 3532; x_wconf 85' lang='lat' dir='ltr'><strong>impen-</strong></span> 
     </span>
    </p>
   </div>
   <div class='ocr_carea' id='block_1_93' title="bbox 1994 3550 3583 3642">
    <p class='ocr_par' dir='ltr' id='par_1_93' title="bbox 1994 3550 3583 3642">
     <span class='ocr_line' id='line_1_93' title="bbox 1994 3550 3583 3642; baseline -0.02 -10"><span class='ocrx_word' id='word_1_612' title='bbox 1994 3578 2204 3642; x_wconf 89' lang='lat' dir='ltr'><strong>derent,</strong></span> <span class='ocrx_word' id='word_1_613' title='bbox 2227 3590 2332 3629; x_wconf 89' lang='lat' dir='ltr'><strong>una</strong></span> <span class='ocrx_word' id='word_1_614' title='bbox 2356 3568 2657 3627; x_wconf 65' lang='lat' dir='ltr'><strong>concordiae</strong></span> <span class='ocrx_word' id='word_1_615' title='bbox 2690 3567 2844 3620; x_wconf 85' lang='lat' dir='ltr'><strong>ﬁeret</strong></span> <span class='ocrx_word' id='word_1_616' title='bbox 2871 3578 2937 3616; x_wconf 80' lang='lat' dir='ltr'><strong>ex</strong></span> <span class='ocrx_word' id='word_1_617' title='bbox 2962 3558 3274 3614; x_wconf 86' lang='lat' dir='ltr'><strong>diversitate</strong></span> <span class='ocrx_word' id='word_1_618' title='bbox 3296 3550 3583 3609; x_wconf 76' lang='lat' dir='ltr'><strong>connexio,</strong></span> 
     </span>
    </p>
   </div>
   <div class='ocr_carea' id='block_1_94' title="bbox 1995 3643 3588 3732">
    <p class='ocr_par' dir='ltr' id='par_1_94' title="bbox 1995 3643 3588 3732">
     <span class='ocr_line' id='line_1_94' title="bbox 1995 3643 3588 3732; baseline -0.021 -6"><span class='ocrx_word' id='word_1_619' title='bbox 1995 3680 2048 3726; x_wconf 92' lang='lat' dir='ltr'><strong>et</strong></span> <span class='ocrx_word' id='word_1_620' title='bbox 2086 3678 2232 3726; x_wconf 88' lang='lat' dir='ltr'><strong>recte</strong></span> <span class='ocrx_word' id='word_1_621' title='bbox 2266 3666 2563 3722; x_wconf 85' lang='lat' dir='ltr'><strong>oliiciorum</strong></span> <span class='ocrx_word' id='word_1_622' title='bbox 2594 3667 2877 3732; x_wconf 84' lang='lat' dir='ltr'><strong>gereretur</strong></span> <span class='ocrx_word' id='word_1_623' title='bbox 2913 3649 3315 3708; x_wconf 86' lang='lat' dir='ltr'><strong>administratio</strong></span> <span class='ocrx_word' id='word_1_624' title='bbox 3352 3643 3588 3713; x_wconf 82' lang='lat' dir='ltr'><strong>singulo-</strong></span> 
     </span>
    </p>
   </div>
   <div class='ocr_carea' id='block_1_95' title="bbox 1998 3732 3585 3814">
    <p class='ocr_par' dir='ltr' id='par_1_95' title="bbox 1998 3732 3585 3814">
     <span class='ocr_line' id='line_1_95' title="bbox 1998 3732 3585 3814; baseline -0.019 0"><span class='ocrx_word' id='word_1_625' title='bbox 1998 3775 2138 3814; x_wconf 90' lang='lat' dir='ltr'><strong>rum.</strong></span> <span class='ocrx_word' id='word_1_626' title='bbox 2174 3758 2403 3811; x_wconf 88' lang='lat' dir='ltr'><strong>Litteras</strong></span> <span class='ocrx_word' id='word_1_627' title='bbox 2447 3766 2575 3807; x_wconf 89' lang='lat' dir='ltr'><strong>sane</strong></span> <span class='ocrx_word' id='word_1_628' title='bbox 2603 3746 2906 3805; x_wconf 89' lang='lat' dir='ltr'><strong>dilectionis</strong></span> <span class='ocrx_word' id='word_1_629' title='bbox 2935 3750 3146 3804; x_wconf 69' lang='lat' dir='ltr'><strong>vestrm,</strong></span> <span class='ocrx_word' id='word_1_630' title='bbox 3172 3752 3310 3807; x_wconf 88' lang='lat' dir='ltr'><strong>quas</strong></span> <span class='ocrx_word' id='word_1_631' title='bbox 3348 3735 3414 3788; x_wconf 89' lang='lat' dir='ltr'><strong>ad</strong></span> <span class='ocrx_word' id='word_1_632' title='bbox 3440 3732 3585 3788; x_wconf 87' lang='lat' dir='ltr'><strong>beati</strong></span> 
     </span>
    </p>
   </div>
   <div class='ocr_carea' id='block_1_96' title="bbox 1997 3827 3584 3919">
    <p class='ocr_par' dir='ltr' id='par_1_96' title="bbox 1997 3827 3584 3919">
     <span class='ocr_line' id='line_1_96' title="bbox 1997 3827 3584 3919; baseline -0.019 -13"><span class='ocrx_word' id='word_1_633' title='bbox 1997 3849 2222 3919; x_wconf 89' lang='lat' dir='ltr'><strong>apostoli</strong></span> <span class='ocrx_word' id='word_1_634' title='bbox 2264 3845 2408 3901; x_wconf 79' lang='lat' dir='ltr'><strong>Petri</strong></span> <span class='ocrx_word' id='word_1_635' title='bbox 2443 3843 2626 3899; x_wconf 88' lang='lat' dir='ltr'><strong>sedem</strong></span> <span class='ocrx_word' id='word_1_636' title='bbox 2670 3856 2769 3911; x_wconf 90' lang='lat' dir='ltr'><strong>pro</strong></span> <span class='ocrx_word' id='word_1_637' title='bbox 2821 3835 2987 3892; x_wconf 88' lang='lat' dir='ltr'><strong>vestri</strong></span> <span class='ocrx_word' id='word_1_638' title='bbox 3025 3847 3186 3889; x_wconf 89' lang='lat' dir='ltr'><strong>causa</strong></span> <span class='ocrx_word' id='word_1_639' title='bbox 3232 3827 3429 3898; x_wconf 83' lang='lat' dir='ltr'><strong>negotii</strong></span> <span class='ocrx_word' id='word_1_640' title='bbox 3480 3839 3584 3877; x_wconf 90' lang='lat' dir='ltr'><strong>non</strong></span> 
     </span>
    </p>
   </div>
   <div class='ocr_carea' id='block_1_97' title="bbox 1997 3916 3588 3997">
    <p class='ocr_par' dir='ltr' id='par_1_97' title="bbox 1997 3916 3588 3997">
     <span class='ocr_line' id='line_1_97' title="bbox 1997 3916 3588 3997; baseline -0.021 0"><span class='ocrx_word' id='word_1_641' title='bbox 1997 3916 2169 3997; x_wconf 82' lang='lat' dir='ltr'><strong>solum</strong></span> <span class='ocrx_word' id='word_1_642' title='bbox 2223 3936 2389 3994; x_wconf 87' lang='lat' dir='ltr'><strong>semel</strong></span> <span class='ocrx_word' id='word_1_643' title='bbox 2444 3935 2539 3991; x_wconf 90' lang='lat' dir='ltr'><strong>sed</strong></span> <span class='ocrx_word' id='word_1_644' title='bbox 2589 3941 2644 3988; x_wconf 87' lang='lat' dir='ltr'><strong>et</strong></span> <span class='ocrx_word' id='word_1_645' title='bbox 2690 3931 2776 3987; x_wconf 86' lang='lat' dir='ltr'><strong>bis</strong></span> <span class='ocrx_word' id='word_1_646' title='bbox 2817 3937 2871 3984; x_wconf 91' lang='lat' dir='ltr'><strong>et</strong></span> <span class='ocrx_word' id='word_1_647' title='bbox 2926 3936 3007 3981; x_wconf 88' lang='lat' dir='ltr'><strong>ter</strong></span> <span class='ocrx_word' id='word_1_648' title='bbox 3054 3920 3298 3980; x_wconf 87' lang='lat' dir='ltr'><strong>misistis,</strong></span> <span class='ocrx_word' id='word_1_649' title='bbox 3356 3916 3588 3968; x_wconf 86' lang='lat' dir='ltr'><strong>libenter</strong></span> 
     </span>
    </p>
   </div>
   <div class='ocr_carea' id='block_1_98' title="bbox 1999 4003 3586 4101">
    <p class='ocr_par' dir='ltr' id='par_1_98' title="bbox 1999 4003 3586 4101">
     <span class='ocr_line' id='line_1_98' title="bbox 1999 4003 3586 4101; baseline -0.021 -13"><span class='ocrx_word' id='word_1_650' title='bbox 1999 4032 2360 4101; x_wconf 88' lang='lat' dir='ltr'><strong>suscepimus,</strong></span> <span class='ocrx_word' id='word_1_651' title='bbox 2389 4042 2496 4082; x_wconf 90' lang='lat' dir='ltr'><strong>una</strong></span> <span class='ocrx_word' id='word_1_652' title='bbox 2537 4039 2658 4079; x_wconf 93' lang='lat' dir='ltr'><strong>cum</strong></span> <span class='ocrx_word' id='word_1_653' title='bbox 2699 4018 2880 4077; x_wconf 91' lang='lat' dir='ltr'><strong>dilecti</strong></span> <span class='ocrx_word' id='word_1_654' title='bbox 2924 4016 3015 4070; x_wconf 91' lang='lat' dir='ltr'><strong>ﬁlii</strong></span> <span class='ocrx_word' id='word_1_655' title='bbox 3062 4011 3229 4068; x_wconf 88' lang='lat' dir='ltr'><strong>nostri</strong></span> <span class='ocrx_word' id='word_1_656' title='bbox 3274 4003 3586 4074; x_wconf 87' lang='lat' dir='ltr'><strong>Berengarii</strong></span> 
     </span>
    </p>
   </div>
   <div class='ocr_carea' id='block_1_99' title="bbox 2000 4098 3593 4190">
    <p class='ocr_par' dir='ltr' id='par_1_99' title="bbox 2000 4098 3593 4190">
     <span class='ocr_line' id='line_1_99' title="bbox 2000 4098 3593 4190; baseline -0.019 -14"><span class='ocrx_word' id='word_1_657' title='bbox 2000 4121 2142 4190; x_wconf 79' lang='lat' dir='ltr'><strong>regis</strong></span> <span class='ocrx_word' id='word_1_658' title='bbox 2159 4098 2441 4189; x_wconf 78' lang='lat' dir='ltr'><strong>apicibus;</strong></span> <span class='ocrx_word' id='word_1_659' title='bbox 2476 4115 2569 4169; x_wconf 90' lang='lat' dir='ltr'><strong>sed</strong></span> <span class='ocrx_word' id='word_1_660' title='bbox 2589 4115 2654 4168; x_wconf 89' lang='lat' dir='ltr'><strong>de</strong></span> <span class='ocrx_word' id='word_1_661' title='bbox 2679 4110 2877 4166; x_wconf 89' lang='lat' dir='ltr'><strong>vestris</strong></span> <span class='ocrx_word' id='word_1_662' title='bbox 2900 4103 3277 4160; x_wconf 84' lang='lat' dir='ltr'><strong>amictionibus</strong></span> <span class='ocrx_word' id='word_1_663' title='bbox 3299 4108 3354 4152; x_wconf 91' lang='lat' dir='ltr'><strong>et</strong></span> <span class='ocrx_word' id='word_1_664' title='bbox 3381 4098 3593 4150; x_wconf 81' lang='lat' dir='ltr'><strong>incom-</strong></span> 
     </span>
    </p>
   </div>
   <div class='ocr_carea' id='block_1_100' title="bbox 1999 4186 3589 4275">
    <p class='ocr_par' dir='ltr' id='par_1_100' title="bbox 1999 4186 3589 4275">
     <span class='ocr_line' id='line_1_100' title="bbox 1999 4186 3589 4275; baseline -0.02 -9"><span class='ocrx_word' id='word_1_665' title='bbox 1999 4186 2369 4272; x_wconf 82' lang='lat' dir='ltr'><strong>moditatibus,</strong></span> <span class='ocrx_word' id='word_1_666' title='bbox 2393 4221 2529 4275; x_wconf 92' lang='lat' dir='ltr'><strong>quas</strong></span> <span class='ocrx_word' id='word_1_667' title='bbox 2550 4218 2646 4258; x_wconf 92' lang='lat' dir='ltr'><strong>vos</strong></span> <span class='ocrx_word' id='word_1_668' title='bbox 2676 4208 2825 4255; x_wconf 90' lang='lat' dir='ltr'><strong>tanto</strong></span> <span class='ocrx_word' id='word_1_669' title='bbox 2848 4209 3088 4265; x_wconf 86' lang='lat' dir='ltr'><strong>tempore</strong></span> <span class='ocrx_word' id='word_1_670' title='bbox 3111 4201 3392 4260; x_wconf 87' lang='lat' dir='ltr'><strong>perpessos</strong></span> <span class='ocrx_word' id='word_1_671' title='bbox 3416 4186 3589 4255; x_wconf 83' lang='lat' dir='ltr'><strong>lacry-</strong></span> 
     </span>
    </p>
   </div>
   <div class='ocr_carea' id='block_1_101' title="bbox 2000 4277 3587 4367">
    <p class='ocr_par' dir='ltr' id='par_1_101' title="bbox 2000 4277 3587 4367">
     <span class='ocr_line' id='line_1_101' title="bbox 2000 4277 3587 4367; baseline -0.017 -10"><span class='ocrx_word' id='word_1_672' title='bbox 2000 4300 2269 4357; x_wconf 86' lang='lat' dir='ltr'><strong>mabiliter</strong></span> <span class='ocrx_word' id='word_1_673' title='bbox 2319 4295 2597 4367; x_wconf 90' lang='lat' dir='ltr'><strong>conquesti</strong></span> <span class='ocrx_word' id='word_1_674' title='bbox 2648 4293 2799 4356; x_wconf 88' lang='lat' dir='ltr'><strong>estis,</strong></span> <span class='ocrx_word' id='word_1_675' title='bbox 2854 4305 2961 4343; x_wconf 88' lang='lat' dir='ltr'><strong>non</strong></span> <span class='ocrx_word' id='word_1_676' title='bbox 3022 4285 3233 4341; x_wconf 83' lang='lat' dir='ltr'><strong>modice</strong></span> <span class='ocrx_word' id='word_1_677' title='bbox 3280 4277 3587 4335; x_wconf 83' lang='lat' dir='ltr'><strong>contristati</strong></span> 
     </span>
    </p>
   </div>
   <div class='ocr_carea' id='block_1_102' title="bbox 1997 4367 3654 4452">
    <p class='ocr_par' dir='ltr' id='par_1_102' title="bbox 1997 4367 3654 4452">
     <span class='ocr_line' id='line_1_102' title="bbox 1997 4367 3654 4452; baseline -0.018 -7"><span class='ocrx_word' id='word_1_678' title='bbox 1997 4404 2208 4452; x_wconf 84' lang='lat' dir='ltr'><strong>sumus,</strong></span> <span class='ocrx_word' id='word_1_679' title='bbox 2241 4385 2445 4441; x_wconf 91' lang='lat' dir='ltr'><strong>scilicet</strong></span> <span class='ocrx_word' id='word_1_680' title='bbox 2484 4382 2624 4452; x_wconf 87' lang='lat' dir='ltr'><strong>quod</strong></span> <span class='ocrx_word' id='word_1_681' title='bbox 2677 4377 2918 4434; x_wconf 89' lang='lat' dir='ltr'><strong>Ecclesia</strong></span> <span class='ocrx_word' id='word_1_682' title='bbox 2958 4385 3132 4428; x_wconf 89' lang='lat' dir='ltr'><strong>vestra</strong></span> <span class='ocrx_word' id='word_1_683' title='bbox 3176 4369 3356 4425; x_wconf 89' lang='lat' dir='ltr'><strong>multis</strong></span> <span class='ocrx_word' id='word_1_684' title='bbox 3402 4367 3587 4420; x_wconf 86' lang='lat' dir='ltr'><strong>attrita</strong></span> <span class='ocrx_word' id='word_1_685' title='bbox 3645 4439 3654 4443; x_wconf 72' lang='lat'>_</span> 
     </span>
    </p>
   </div>
   <div class='ocr_carea' id='block_1_103' title="bbox 1988 4458 3584 4540">
    <p class='ocr_par' dir='ltr' id='par_1_103' title="bbox 1988 4458 3584 4540">
     <span class='ocr_line' id='line_1_103' title="bbox 1988 4458 3584 4540; baseline -0.014 -9"><span class='ocrx_word' id='word_1_686' title='bbox 1988 4477 2418 4539; x_wconf 88' lang='lat' dir='ltr'><strong>calamitatibus,</strong></span> <span class='ocrx_word' id='word_1_687' title='bbox 2448 4472 2595 4528; x_wconf 93' lang='lat' dir='ltr'><strong>omni</strong></span> <span class='ocrx_word' id='word_1_688' title='bbox 2620 4468 2875 4540; x_wconf 87' lang='lat' dir='ltr'><strong>pastorali</strong></span> <span class='ocrx_word' id='word_1_689' title='bbox 2906 4466 2975 4521; x_wconf 89' lang='lat' dir='ltr'><strong>sit</strong></span> <span class='ocrx_word' id='word_1_690' title='bbox 3000 4464 3254 4518; x_wconf 89' lang='lat' dir='ltr'><strong>destituta</strong></span> <span class='ocrx_word' id='word_1_691' title='bbox 3281 4458 3495 4519; x_wconf 88' lang='lat' dir='ltr'><strong>solatio,</strong></span> <span class='ocrx_word' id='word_1_692' title='bbox 3519 4471 3584 4510; x_wconf 75' lang='lat' dir='ltr'><strong>ex</strong></span> 
     </span>
    </p>
   </div>
   <div class='ocr_carea' id='block_1_104' title="bbox 1918 4546 3564 4668">
    <p class='ocr_par' dir='ltr' id='par_1_104' title="bbox 1918 4546 3564 4668">
     <span class='ocr_line' id='line_1_104' title="bbox 1918 4546 3564 4668; baseline -0.018 -39"><span class='ocrx_word' id='word_1_693' title='bbox 1918 4608 1972 4668; x_wconf 66' lang='grc' dir='ltr'>Β</span> <span class='ocrx_word' id='word_1_694' title='bbox 1999 4588 2107 4643; x_wconf 88' lang='lat' dir='ltr'><strong>quo</strong></span> <span class='ocrx_word' id='word_1_695' title='bbox 2135 4570 2399 4640; x_wconf 82' lang='lat' dir='ltr'><strong>Argrinus</strong></span> <span class='ocrx_word' id='word_1_696' title='bbox 2433 4560 2756 4619; x_wconf 88' lang='lat' dir='ltr'><strong>venerabilis</strong></span> <span class='ocrx_word' id='word_1_697' title='bbox 2785 4557 3069 4628; x_wconf 88' lang='lat' dir='ltr'><strong>cpiscopus</strong></span> <span class='ocrx_word' id='word_1_698' title='bbox 3098 4554 3166 4615; x_wconf 88' lang='lat' dir='ltr'><strong>ab</strong></span> <span class='ocrx_word' id='word_1_699' title='bbox 3197 4554 3310 4620; x_wconf 87' lang='lat' dir='ltr'><strong>ipsa</strong></span> <span class='ocrx_word' id='word_1_700' title='bbox 3332 4564 3426 4617; x_wconf 86' lang='lat' dir='ltr'><strong>per</strong></span> <span class='ocrx_word' id='word_1_701' title='bbox 3457 4546 3564 4601; x_wconf 86' lang='lat' dir='ltr'><strong>sub</strong></span> 
     </span>
     <span class='ocr_line' id='line_1_105' title="bbox 2121 4644 3557 4668; baseline -0.01 14"><span class='ocrx_word' id='word_1_702' title='bbox 2121 4661 2133 4668; x_wconf 91' lang='lat'><strong><em>-</em></strong></span> <span class='ocrx_word' id='word_1_703' title='bbox 2576 4653 2588 4668; x_wconf 81' lang='grc' dir='ltr'>ι</span> <span class='ocrx_word' id='word_1_704' title='bbox 2730 4666 2762 4668; x_wconf 51' lang='lat'><strong>,_</strong></span> <span class='ocrx_word' id='word_1_705' title='bbox 2784 4666 2818 4668; x_wconf 37' lang='grc' dir='ltr'>μ</span> <span class='ocrx_word' id='word_1_706' title='bbox 2844 4648 2930 4668; x_wconf 51' lang='grc' dir='ltr'><strong>ης.</strong></span> <span class='ocrx_word' id='word_1_707' title='bbox 2968 4644 3201 4668; x_wconf 69' lang='lat' dir='ltr'><strong>v-_t....:..</strong></span> <span class='ocrx_word' id='word_1_708' title='bbox 3239 4660 3251 4668; x_wconf 92' lang='lat'><strong>.</strong></span> <span class='ocrx_word' id='word_1_709' title='bbox 3287 4656 3442 4668; x_wconf 64' lang='lat' dir='ltr'><strong>mm...</strong></span> <span class='ocrx_word' id='word_1_710' title='bbox 3473 4657 3557 4668; x_wconf 75' lang='grc' dir='ltr'><strong>η...</strong></span> 
     </span>
    </p>
   </div>
   <div class='ocr_carea' id='block_1_105' title="bbox 1999 4644 3558 4733">
    <p class='ocr_par' dir='ltr' id='par_1_105' title="bbox 1999 4644 3558 4733">
     <span class='ocr_line' id='line_1_106' title="bbox 1999 4644 3558 4733; baseline -0.017 -15"><span class='ocrx_word' id='word_1_711' title='bbox 1999 4661 2296 4733; x_wconf 88' lang='lat' dir='ltr'><strong>reptionem</strong></span> <span class='ocrx_word' id='word_1_712' title='bbox 2324 4653 2678 4727; x_wconf 88' lang='lat' dir='ltr'><strong>quorumdam</strong></span> <span class='ocrx_word' id='word_1_713' title='bbox 2713 4648 2937 4705; x_wconf 87' lang='lat' dir='ltr'><strong>recessit</strong></span> <span class='ocrx_word' id='word_1_714' title='bbox 2968 4644 3204 4701; x_wconf 86' lang='lat' dir='ltr'><strong>Ecclesia</strong></span> <span class='ocrx_word' id='word_1_715' title='bbox 3238 4660 3252 4698; x_wconf 90' lang='lat'><strong>:</strong></span> <span class='ocrx_word' id='word_1_716' title='bbox 3285 4656 3443 4710; x_wconf 89' lang='lat' dir='ltr'><strong>quem</strong></span> <span class='ocrx_word' id='word_1_717' title='bbox 3471 4657 3558 4693; x_wconf 93' lang='lat' dir='ltr'><strong>om</strong></span> 
     </span>
    </p>
   </div>
   <div class='ocr_carea' id='block_1_106' title="bbox 2000 4731 3616 4810">
    <p class='ocr_par' dir='ltr' id='par_1_106' title="bbox 2000 4731 3616 4810">
     <span class='ocr_line' id='line_1_107' title="bbox 2000 4731 3616 4810; baseline -0.015 -3"><span class='ocrx_word' id='word_1_718' title='bbox 2000 4731 2100 4806; x_wconf 78' lang='lat' dir='ltr'><strong>nes</strong></span> <span class='ocrx_word' id='word_1_719' title='bbox 2125 4745 2465 4804; x_wconf 89' lang='lat' dir='ltr'><strong>concorditer</strong></span> <span class='ocrx_word' id='word_1_720' title='bbox 2488 4757 2583 4795; x_wconf 87' lang='lat' dir='ltr'><strong>vos</strong></span> <span class='ocrx_word' id='word_1_721' title='bbox 2603 4740 2847 4810; x_wconf 87' lang='lat' dir='ltr'><strong>elegisse,</strong></span> <span class='ocrx_word' id='word_1_722' title='bbox 2874 4736 3154 4805; x_wconf 78' lang='lat' dir='ltr'><strong>excepisse</strong></span> <span class='ocrx_word' id='word_1_723' title='bbox 3176 4742 3230 4787; x_wconf 90' lang='lat' dir='ltr'><strong>et</strong></span> <span class='ocrx_word' id='word_1_724' title='bbox 3257 4731 3616 4785; x_wconf 82' lang='lat' dir='ltr'><strong>acclamasse-</strong></span> 
     </span>
    </p>
   </div>
   <div class='ocr_carea' id='block_1_107' title="bbox 2000 4824 3581 4901">
    <p class='ocr_par' dir='ltr' id='par_1_107' title="bbox 2000 4824 3581 4901">
     <span class='ocr_line' id='line_1_108' title="bbox 2000 4824 3581 4901; baseline -0.015 -4"><span class='ocrx_word' id='word_1_725' title='bbox 2000 4837 2400 4901; x_wconf 88' lang='lat' dir='ltr'><strong>testiﬁcamini;</strong></span> <span class='ocrx_word' id='word_1_726' title='bbox 2449 4834 2762 4901; x_wconf 89' lang='lat' dir='ltr'><strong>nullumque</strong></span> <span class='ocrx_word' id='word_1_727' title='bbox 2802 4838 2923 4899; x_wconf 89' lang='lat' dir='ltr'><strong>post</strong></span> <span class='ocrx_word' id='word_1_728' title='bbox 2972 4829 3146 4897; x_wconf 91' lang='lat' dir='ltr'><strong>ipsum</strong></span> <span class='ocrx_word' id='word_1_729' title='bbox 3201 4824 3366 4876; x_wconf 88' lang='lat' dir='ltr'><strong>alimn</strong></span> <span class='ocrx_word' id='word_1_730' title='bbox 3396 4830 3581 4890; x_wconf 71' lang='lat' dir='ltr'><strong>sponte</strong></span> 
     </span>
    </p>
   </div>
   <div class='ocr_carea' id='block_1_108' title="bbox 2000 4911 3590 5000">
    <p class='ocr_par' dir='ltr' id='par_1_108' title="bbox 2000 4911 3590 5000">
     <span class='ocr_line' id='line_1_109' title="bbox 2000 4911 3590 5000; baseline -0.016 -13"><span class='ocrx_word' id='word_1_731' title='bbox 2000 4930 2270 5000; x_wconf 88' lang='lat' dir='ltr'><strong>recepisse</strong></span> <span class='ocrx_word' id='word_1_732' title='bbox 2308 4925 2640 4995; x_wconf 89' lang='lat' dir='ltr'><strong>episcopum,</strong></span> <span class='ocrx_word' id='word_1_733' title='bbox 2680 4921 2823 4975; x_wconf 91' lang='lat' dir='ltr'><strong>sicut</strong></span> <span class='ocrx_word' id='word_1_734' title='bbox 2865 4916 3043 4973; x_wconf 90' lang='lat' dir='ltr'><strong>libello</strong></span> <span class='ocrx_word' id='word_1_735' title='bbox 3081 4921 3273 4968; x_wconf 68' lang='lat' dir='ltr'><strong>vestra}</strong></span> <span class='ocrx_word' id='word_1_736' title='bbox 3330 4911 3590 4965; x_wconf 52' lang='lat' dir='ltr'><strong>reclanutu</strong></span> 
     </span>
    </p>
   </div>
   <div class='ocr_carea' id='block_1_109' title="bbox 2001 5001 3589 5087">
    <p class='ocr_par' dir='ltr' id='par_1_109' title="bbox 2001 5001 3589 5087">
     <span class='ocr_line' id='line_1_110' title="bbox 2001 5001 3589 5087; baseline -0.015 -13"><span class='ocrx_word' id='word_1_737' title='bbox 2001 5019 2164 5074; x_wconf 87' lang='lat' dir='ltr'><strong>tionis</strong></span> <span class='ocrx_word' id='word_1_738' title='bbox 2189 5015 2398 5087; x_wconf 90' lang='lat' dir='ltr'><strong>plenius</strong></span> <span class='ocrx_word' id='word_1_739' title='bbox 2416 5012 2742 5069; x_wconf 87' lang='lat' dir='ltr'><strong>continetur.</strong></span> <span class='ocrx_word' id='word_1_740' title='bbox 2769 5007 2888 5061; x_wconf 86' lang='lat' dir='ltr'><strong>Jam</strong></span> <span class='ocrx_word' id='word_1_741' title='bbox 2908 5007 3052 5061; x_wconf 90' lang='lat' dir='ltr'><strong>enim</strong></span> <span class='ocrx_word' id='word_1_742' title='bbox 3073 5005 3201 5059; x_wconf 89' lang='lat' dir='ltr'><strong>olim</strong></span> <span class='ocrx_word' id='word_1_743' title='bbox 3227 5018 3322 5072; x_wconf 90' lang='lat' dir='ltr'><strong>per</strong></span> <span class='ocrx_word' id='word_1_744' title='bbox 3344 5001 3589 5055; x_wconf 87' lang='lat' dir='ltr'><strong>Anscba-</strong></span> 
     </span>
    </p>
   </div>
   <div class='ocr_carea' id='block_1_110' title="bbox 2004 5091 3585 5164">
    <p class='ocr_par' dir='ltr' id='par_1_110' title="bbox 2004 5091 3585 5164">
     <span class='ocr_line' id='line_1_111' title="bbox 2004 5091 3585 5164; baseline -0.015 0"><span class='ocrx_word' id='word_1_745' title='bbox 2004 5110 2145 5164; x_wconf 85' lang='lat' dir='ltr'><strong>rium</strong></span> <span class='ocrx_word' id='word_1_746' title='bbox 2196 5105 2451 5161; x_wconf 86' lang='lat' dir='ltr'><strong>comitem</strong></span> <span class='ocrx_word' id='word_1_747' title='bbox 2500 5102 2753 5156; x_wconf 89' lang='lat' dir='ltr'><strong>dilectum</strong></span> <span class='ocrx_word' id='word_1_748' title='bbox 2802 5099 2965 5151; x_wconf 88' lang='lat' dir='ltr'><strong>ﬁlium</strong></span> <span class='ocrx_word' id='word_1_749' title='bbox 2995 5104 3235 5149; x_wconf 87' lang='lat' dir='ltr'><strong>nostrum</strong></span> <span class='ocrx_word' id='word_1_750' title='bbox 3274 5094 3375 5145; x_wconf 87' lang='lat' dir='ltr'><strong>hoc</strong></span> <span class='ocrx_word' id='word_1_751' title='bbox 3413 5091 3585 5159; x_wconf 85' lang='lat' dir='ltr'><strong>ipsum</strong></span> 
     </span>
    </p>
   </div>
   <div class='ocr_carea' id='block_1_111' title="bbox 2003 5185 3587 5273">
    <p class='ocr_par' dir='ltr' id='par_1_111' title="bbox 2003 5185 3587 5273">
     <span class='ocr_line' id='line_1_112' title="bbox 2003 5185 3587 5273; baseline -0.016 -16"><span class='ocrx_word' id='word_1_752' title='bbox 2003 5212 2448 5273; x_wconf 83' lang='lat' dir='ltr'><strong>cognoveramus,</strong></span> <span class='ocrx_word' id='word_1_753' title='bbox 2476 5194 2567 5263; x_wconf 86' lang='lat' dir='ltr'><strong>qui</strong></span> <span class='ocrx_word' id='word_1_754' title='bbox 2598 5208 2657 5247; x_wconf 90' lang='lat' dir='ltr'><strong>se</strong></span> <span class='ocrx_word' id='word_1_755' title='bbox 2697 5193 2747 5245; x_wconf 90' lang='lat' dir='ltr'><strong>in</strong></span> <span class='ocrx_word' id='word_1_756' title='bbox 2781 5192 2882 5246; x_wconf 90' lang='lat' dir='ltr'><strong>hoc</strong></span> <span class='ocrx_word' id='word_1_757' title='bbox 2928 5189 3070 5242; x_wconf 77' lang='lat' dir='ltr'><strong>farto</strong></span> <span class='ocrx_word' id='word_1_758' title='bbox 3100 5185 3336 5255; x_wconf 84' lang='lat' dir='ltr'><strong>graviter</strong></span> <span class='ocrx_word' id='word_1_759' title='bbox 3373 5197 3587 5237; x_wconf 84' lang='lat' dir='ltr'><strong>errasse</strong></span> 
     </span>
    </p>
   </div>
   <div class='ocr_carea' id='block_1_112' title="bbox 2004 5273 3589 5351">
    <p class='ocr_par' dir='ltr' id='par_1_112' title="bbox 2004 5273 3589 5351">
     <span class='ocr_line' id='line_1_113' title="bbox 2004 5273 3589 5351; baseline -0.016 -2"><span class='ocrx_word' id='word_1_760' title='bbox 2004 5292 2277 5349; x_wconf 89' lang='lat' dir='ltr'><strong>bmniliter</strong></span> <span class='ocrx_word' id='word_1_761' title='bbox 2303 5288 2581 5344; x_wconf 86' lang='lat' dir='ltr'><strong>confessus</strong></span> <span class='ocrx_word' id='word_1_762' title='bbox 2601 5294 2703 5339; x_wconf 90' lang='lat' dir='ltr'><strong>est.</strong></span> <span class='ocrx_word' id='word_1_763' title='bbox 2728 5283 2835 5337; x_wconf 88' lang='lat' dir='ltr'><strong>Nos</strong></span> <span class='ocrx_word' id='word_1_764' title='bbox 2856 5297 2984 5351; x_wconf 85' lang='lat' dir='ltr'><strong>ergo</strong></span> <span class='ocrx_word' id='word_1_765' title='bbox 3012 5280 3100 5348; x_wconf 92' lang='lat' dir='ltr'><strong>qui</strong></span> <span class='ocrx_word' id='word_1_766' title='bbox 3132 5277 3371 5331; x_wconf 91' lang='lat' dir='ltr'><strong>omnium</strong></span> <span class='ocrx_word' id='word_1_767' title='bbox 3404 5273 3589 5328; x_wconf 86' lang='lat' dir='ltr'><strong>Eccle-</strong></span> 
     </span>
    </p>
   </div>
   <div class='ocr_carea' id='block_1_113' title="bbox 2004 5366 3587 5440">
    <p class='ocr_par' dir='ltr' id='par_1_113' title="bbox 2004 5366 3587 5440">
     <span class='ocr_line' id='line_1_114' title="bbox 2004 5366 3587 5440; baseline -0.016 0"><span class='ocrx_word' id='word_1_768' title='bbox 2004 5385 2206 5440; x_wconf 90' lang='lat' dir='ltr'><strong>siarum</strong></span> <span class='ocrx_word' id='word_1_769' title='bbox 2251 5381 2345 5436; x_wconf 88' lang='lat' dir='ltr'><strong>Dei</strong></span> <span class='ocrx_word' id='word_1_770' title='bbox 2397 5392 2581 5433; x_wconf 91' lang='lat' dir='ltr'><strong>curam</strong></span> <span class='ocrx_word' id='word_1_771' title='bbox 2634 5383 2690 5429; x_wconf 92' lang='lat' dir='ltr'><strong>et</strong></span> <span class='ocrx_word' id='word_1_772' title='bbox 2740 5372 3153 5428; x_wconf 86' lang='lat' dir='ltr'><strong>sollicitudinem</strong></span> <span class='ocrx_word' id='word_1_773' title='bbox 3219 5366 3480 5433; x_wconf 82' lang='lat' dir='ltr'><strong>gerimus,</strong></span> <span class='ocrx_word' id='word_1_774' title='bbox 3531 5370 3587 5417; x_wconf 90' lang='lat' dir='ltr'><strong>et</strong></span> 
     </span>
    </p>
   </div>
   <div class='ocr_carea' id='block_1_114' title="bbox 2004 5456 3588 5533">
    <p class='ocr_par' dir='ltr' id='par_1_114' title="bbox 2004 5456 3588 5533">
     <span class='ocr_line' id='line_1_115' title="bbox 2004 5456 3588 5533; baseline -0.016 -4"><span class='ocrx_word' id='word_1_775' title='bbox 2004 5474 2254 5529; x_wconf 89' lang='lat' dir='ltr'><strong>omnibus</strong></span> <span class='ocrx_word' id='word_1_776' title='bbox 2291 5467 2547 5525; x_wconf 87' lang='lat' dir='ltr'><strong>Ecclesiis</strong></span> <span class='ocrx_word' id='word_1_777' title='bbox 2581 5464 2671 5533; x_wconf 87' lang='lat' dir='ltr'><strong>jus</strong></span> <span class='ocrx_word' id='word_1_778' title='bbox 2714 5464 3116 5523; x_wconf 89' lang='lat' dir='ltr'><strong>intemeratum,</strong></span> <span class='ocrx_word' id='word_1_779' title='bbox 3166 5456 3588 5521; x_wconf 85' lang='lat' dir='ltr'><strong>canonicamque</strong></span> 
     </span>
    </p>
   </div>
   <div class='ocr_carea' id='block_1_115' title="bbox 2005 5545 3591 5627">
    <p class='ocr_par' dir='ltr' id='par_1_115' title="bbox 2005 5545 3591 5627">
     <span class='ocr_line' id='line_1_116' title="bbox 2005 5545 3591 5627; baseline -0.018 -6"><span class='ocrx_word' id='word_1_780' title='bbox 2005 5565 2383 5622; x_wconf 88' lang='lat' dir='ltr'><strong>auctoritatem</strong></span> <span class='ocrx_word' id='word_1_781' title='bbox 2424 5554 2871 5627; x_wconf 86' lang='lat' dir='ltr'><strong>irrefragabililer</strong></span> <span class='ocrx_word' id='word_1_782' title='bbox 2915 5549 3203 5605; x_wconf 88' lang='lat' dir='ltr'><strong>observare</strong></span> <span class='ocrx_word' id='word_1_783' title='bbox 3240 5545 3487 5600; x_wconf 91' lang='lat' dir='ltr'><strong>volumus</strong></span> <span class='ocrx_word' id='word_1_784' title='bbox 3534 5547 3591 5593; x_wconf 90' lang='lat' dir='ltr'><strong>et</strong></span> 
     </span>
    </p>
   </div>
   <div class='ocr_carea' id='block_1_116' title="bbox 2006 5631 3592 5720">
    <p class='ocr_par' dir='ltr' id='par_1_116' title="bbox 2006 5631 3592 5720">
     <span class='ocr_line' id='line_1_117' title="bbox 2006 5631 3592 5720; baseline -0.018 -7"><span class='ocrx_word' id='word_1_785' title='bbox 2006 5656 2287 5719; x_wconf 89' lang='lat' dir='ltr'><strong>debemus,</strong></span> <span class='ocrx_word' id='word_1_786' title='bbox 2318 5663 2656 5720; x_wconf 89' lang='lat' dir='ltr'><strong>nequaquam</strong></span> <span class='ocrx_word' id='word_1_787' title='bbox 2681 5661 2776 5698; x_wconf 88' lang='lat' dir='ltr'><strong>vos</strong></span> <span class='ocrx_word' id='word_1_788' title='bbox 2804 5641 3003 5696; x_wconf 90' lang='lat' dir='ltr'><strong>diutius</strong></span> <span class='ocrx_word' id='word_1_789' title='bbox 3031 5639 3155 5693; x_wconf 90' lang='lat' dir='ltr'><strong>talia</strong></span> <span class='ocrx_word' id='word_1_790' title='bbox 3180 5637 3289 5707; x_wconf 85' lang='lat' dir='ltr'><strong>pati</strong></span> <span class='ocrx_word' id='word_1_791' title='bbox 3320 5631 3592 5704; x_wconf 88' lang='lat' dir='ltr'><strong>permitti-</strong></span> 
     </span>
    </p>
   </div>
   <div class='ocr_carea' id='block_1_117' title="bbox 2008 5731 3585 5815">
    <p class='ocr_par' dir='ltr' id='par_1_117' title="bbox 2008 5731 3585 5815">
     <span class='ocr_line' id='line_1_118' title="bbox 2008 5731 3585 5815; baseline -0.017 -9"><span class='ocrx_word' id='word_1_792' title='bbox 2008 5767 2167 5815; x_wconf 92' lang='lat' dir='ltr'><strong>mus;</strong></span> <span class='ocrx_word' id='word_1_793' title='bbox 2211 5748 2301 5803; x_wconf 88' lang='lat' dir='ltr'><strong>sed</strong></span> <span class='ocrx_word' id='word_1_794' title='bbox 2348 5742 2734 5813; x_wconf 91' lang='lat' dir='ltr'><strong>compatientes</strong></span> <span class='ocrx_word' id='word_1_795' title='bbox 2780 5747 2970 5793; x_wconf 68' lang='lat' dir='ltr'><strong>veslrre</strong></span> <span class='ocrx_word' id='word_1_796' title='bbox 3006 5731 3349 5793; x_wconf 87' lang='lat' dir='ltr'><strong>fraternitati,</strong></span> <span class='ocrx_word' id='word_1_797' title='bbox 3392 5735 3445 5781; x_wconf 90' lang='lat' dir='ltr'><strong>ct</strong></span> <span class='ocrx_word' id='word_1_798' title='bbox 3489 5738 3585 5780; x_wconf 87' lang='lat' dir='ltr'><strong>ve-</strong></span> 
     </span>
    </p>
   </div>
   <div class='ocr_carea' id='block_1_118' title="bbox 2010 5817 3588 5908">
    <p class='ocr_par' dir='ltr' id='par_1_118' title="bbox 2010 5817 3588 5908">
     <span class='ocr_line' id='line_1_119' title="bbox 2010 5817 3588 5908; baseline -0.018 -11"><span class='ocrx_word' id='word_1_799' title='bbox 2010 5850 2177 5897; x_wconf 84' lang='lat' dir='ltr'><strong>stram</strong></span> <span class='ocrx_word' id='word_1_800' title='bbox 2211 5840 2563 5908; x_wconf 71' lang='lat' dir='ltr'><strong>locrymosam</strong></span> <span class='ocrx_word' id='word_1_801' title='bbox 2603 5829 2993 5904; x_wconf 76' lang='lat' dir='ltr'><strong>querimoniam</strong></span> <span class='ocrx_word' id='word_1_802' title='bbox 3039 5824 3299 5880; x_wconf 79' lang='lat' dir='ltr'><strong>vercdicis</strong></span> <span class='ocrx_word' id='word_1_803' title='bbox 3340 5817 3588 5899; x_wconf 75' lang='lat' dir='ltr'><strong>assertio-</strong></span> 
     </span>
    </p>
   </div>
  </div>
