3986 5842
379 397 443 455 3|
1695 384 1976 444 JOANNIS

2093 378 2218 434 ιΡιΕ
2254 377 2320 432 IX
3577 377 3655 436 δα
3722 443 3724 445 ὶ

381 483 543 564 nibus
569 517 694 560 cum
714 501 940 574 collegio
964 499 1194 556 fratrum
1228 506 1538 554 nostrorum
1565 511 1962 567 episcoporum,
1995 510 2039 569 Α
2071 503 2206 558 pene
2221 486 2332 555 jam
2357 485 2425 541 ad
2444 483 2670 541 nihilum
2695 480 2924 537 deducta
2948 478 3212 533 videnlur.
3236 476 3406 544 Quam
3429 487 3652 528 causam

381 596 715 665 reliquorum
759 593 1009 649 ordinum
1051 589 1226 646 oliicio
1263 590 1644 659 approbantes,
1686 588 1968 658 praefatum

381 684 712 742 confratrem
756 693 1003 738 nostrum
1051 681 1341 752 A'rgrinum
1366 679 1726 734 venerabilem
1757 678 1970 748 episco-

380 793 509 850 pum
557 776 713 832 vobis
754 775 1016 832 canonice
1057 775 1411 838 restituimus,
1455 788 1674 843 sumque
1713 773 1970 828 Ecclesiae

385 867 748 925 reformanda:
781 865 1196 923 intromittimus
1226 881 1240 918 :
1271 881 1375 920 non
1400 866 1724 920 sententiam
1763 865 1973 934 putide-

383 964 617 1021 cessoris
657 961 830 1018 nostri
876 961 1136 1030 Stephani
1169 975 1319 1029 papae
1364 959 1842 1029 reprehendentes,
1877 960 1970 1014 sed

383 1055 635 1110 utilitatis
679 1068 744 1110 ac
783 1051 1124 1108 necessitatis
1165 1065 1326 1105 causa
1368 1051 1630 1105 canonice
1676 1050 1728 1103 in
1780 1050 1972 1104 melius

384 1152 780 1200 commutantes
797 1183 812 1205 ,
837 1140 1286 1211 quemadmodum
1314 1140 1737 1209 praedecessores
1759 1148 1973 1193 nostros

385 1234 453 1289 de
482 1233 664 1289 multis
687 1233 861 1302 egisse
887 1231 940 1285 in
962 1238 1212 1300 promptu
1238 1229 1518 1284 habemus.
1551 1228 1719 1295 Hujus
1748 1225 1822 1282 rei
1853 1243 1974 1298 gra-

387 1326 460 1380 tia
503 1339 786 1379 monemus
819 1337 933 1382 vos,
979 1329 1036 1376 et
1076 1319 1161 1374 his
1198 1318 1548 1388 pontiﬁcatus
1581 1319 1750 1372 nostri
1783 1318 1976 1373 litteris

386 1415 688 1479 hortamur,
720 1422 884 1483 atque
918 1410 1244 1466 auctoritate
1281 1409 1372 1463 Dei
1413 1418 1469 1465 et
1511 1418 1693 1462 nostra
1735 1408 1975 1478 prmcipi-

386 1519 532 1569 tnus,
555 1511 614 1558 ut
638 1503 886 1558 eumdem
911 1500 1206 1571 Argrinum
1233 1498 1565 1568 episcopum,
1595 1513 1754 1567 quem
1785 1499 1975 1553 unani-

383 1593 564 1649 mitati
593 1601 787 1648 vestra:
809 1590 1116 1661 utpetiistis
1139 1589 1491 1654 reddidimus,
1520 1589 1751 1658 benigno
1791 1604 1977 1643 amore

386 1686 751 1756 concordique
776 1683 1062 1740 devotione
1088 1683 1292 1751 absque
1325 1681 1427 1734 ulla
1466 1682 1811 1736 cunctatione
1839 1682 1976 1736 reci-

382 1777 571 1848 piatis,
602 1775 988 1832 etobedientes
1013 1774 1066 1828 in
1097 1771 1347 1828 omnibus
1368 1772 1684 1836 existentes,
1719 1781 1974 1842 tanquam

2069 593 2192 634 cum
2236 575 2464 646 collegio
2502 570 2887 629 venerabilium
2926 569 3301 639 episcoporum
3338 574 3652 619 nostrorum
3745 628 3750 630 γ

2069 668 2307 740 diligenti
2330 664 2728 722 examinatione
2752 661 3165 732 perpendentes,
3191 665 3246 714 et
3273 657 3348 712 rei
3372 656 3652 710 veritatem

2071 768 2497 830 perscrutantes,
2540 769 2833 823 eorumque
2881 750 3184 807 inl‘elicitati
3233 745 3656 803 misericorditer

2071 851 2472 912 subvenientes,
2501 845 2762 903 canonice
2790 843 3151 904 deiiuivimus,
3185 850 3450 909 quatenus
3476 837 3526 890 ei
3553 851 3656 890 sua

2071 951 2253 997 nostra
2294 941 2615 996 auctoritate
2659 938 2975 993 redderetur
3017 933 3258 988 Ecclesia
3292 928 3656 985 :sententiam

2071 1032 2486 1102 przedecessoris
2533 1028 2790 1100 Stephani
2838 1042 2989 1098 papa:
3043 1040 3206 1080 causa
3239 1019 3578 1077 necessitatis
3600 1026 3658 1072 et

2074 1124 2322 1178 utilitatis
2351 1123 2402 1178 in
2439 1123 2630 1178 melius
2659 1127 3077 1180 commutantes,
3118 1116 3257 1170 sicut
3296 1113 3659 1182 prmdecesso-
3731 1145 3733 1147 ι

2076 1233 2162 1270 res
2199 1224 2416 1270 nostros
2457 1215 2525 1269 de
2565 1212 2748 1267 multis
2786 1211 2963 1280 egisse
2995 1209 3046 1262 in
3090 1214 3340 1278 promptu
3376 1203 3659 1256 habemus.

2079 1308 2229 1363 Unde
2257 1303 2623 1376 prtevidimus,
2651 1312 2708 1359 et
2736 1302 2962 1374 gloriam
2989 1315 3052 1354 ac
3075 1296 3481 1366 religiositatem
3499 1300 3661 1345 tuam

2074 1411 2377 1460 tnonemus,
2422 1405 2514 1459 ut,
2565 1394 2690 1462 quia
2734 1391 2992 1446 canonice
3041 1387 3188 1443 illum
3239 1384 3508 1456 praedictae
3552 1393 3664 1433 sua:

2075 1487 2330 1543 Ecclesia:
2361 1484 2682 1556 Lingonensi
2729 1481 3096 1540 restituimns,
3131 1478 3180 1532 ei
3221 1488 3436 1529 manum
3476 1467 3662 1523 auxilii

2076 1591 2288 1645 semper
2313 1576 2578 1646 porrigas,
2620 1582 2928 1640 nostrazquc
2968 1565 3290 1624 institutioni
3331 1561 3660 1620 consentias,

2074 1673 2128 1718 et
2172 1663 2479 1732 ubicunque
2529 1661 2766 1730 expedit,
2827 1657 3038 1727 adjutor
3079 1655 3126 1710 ei
3166 1669 3231 1709 ac
3277 1650 3526 1706 defensor
3565 1661 3664 1716 pro

2076 1769 2262 1808 amore
2315 1751 2703 1822 omnipotentis
2750 1749 2878 1809 Dei,
2929 1756 2986 1801 et
3029 1743 3327 1800 reverentia
3380 1741 3663 1794 beatorum
3733 1795 3736 1798 ,

386 1869 692 1923 animarum
735 1875 1037 1922 vestrarum
1083 1864 1231 1935 pium
1278 1873 1548 1934 pastorem
1587 1863 1973 1917 honorabiliter

2093 1842 2475 1912 lpostolorum',
2519 1851 2811 1910 nostraque
2842 1837 3137 1907 apostolica
3185 1832 3507 1904 paternilate
3549 1828 3666 1884 exi-

384 1956 617 2014 tenealis
637 1965 798 2026 atque
821 1955 1032 2020 colatis,
1058 1954 1316 2009 canonica
1345 1952 1485 2007 illius
1504 1951 1655 2020 jussa
1679 1953 1730 2007 in
1760 1953 1971 2008 cunctis

385 2047 759 2101 observantes.
808 2043 963 2112 Quod
1010 2042 1057 2097 si
1106 2041 1302 2110 aliquis
1345 2050 1586 2096 vestrum
1633 2050 1822 2096 contra
1870 2043 1974 2098 hoc

386 2142 632 2189 nostrum
657 2133 1012 2204 apostolicum
1030 2131 1293 2202 judicium
1315 2140 1477 2201 atque
1504 2139 1766 2187 statutum
1789 2148 1971 2203 agere,

389 2234 484 2280 aut
505 2225 622 2281 sine
647 2223 814 2296 ipsius
839 2223 1057 2294 Argrini
1087 2221 1322 2292 episcopi
1349 2236 1634 2287 consensu,
1659 2221 1712 2276 in
1735 2222 1974 2278 Ecclesia

389 2331 488 2371 sua
533 2316 859 2388 Lingonensi
908 2315 1218 2371 ministrare
1267 2316 1692 2386 prazsumpserit,
1740 2323 1796 2372 et
1849 2333 1974 2373 eum

383 2405 538 2477 juxta
579 2416 824 2462 nostrum
864 2405 1144 2462 decretum
1181 2403 1424 2475 recipere
1459 2403 1714 2470 noluerit,
1752 2405 1890 2462 sciat
1917 2421 1977 2462 se

391 2505 576 2553 nostra
609 2497 934 2554 auctoritate
976 2494 1509 2563 excommunicatum
1553 2504 1718 2567 atque
1755 2495 1978 2554 damna-

391 2597 525 2644 tum.
554 2587 701 2643 Bene
732 2588 930 2644 valete.
1531 2597 1534 2599 λ
1632 2572 1636 2576 ’

462 2679 736 2751 Scriptum
763 2694 862 2752 per
884 2696 1107 2736 manum
1137 2679 1358 2738 Samuel
1383 2681 1579 2736 notarii
1606 2688 1662 2736 et
1701 2681 1976 2737 scriniarii

392 2778 594 2826 sancta:
637 2771 894 2830 Romanae
944 2773 1225 2842 Ecclesiae,
1272 2775 1328 2831 in
1377 2788 1566 2832 mense
1612 2773 1785 2842 Maio,
1839 2775 1979 2832 indi-

393 2861 576 2919 ctione
593 2877 656 2918 ιι.

938 2955 1273 3017 EPISTOLA
1308 2958 1403 3015 IV.

546 3059 617 3101 ΔΙ)
653 3059 900 3103 ολιιοιωί
939 3063 1221 3106 SIIPLICBI
1265 3064 1443 3106 REGEI
1479 3063 1818 3106 FRANCOBUH.

396 3155 658 3212 Hortatur
684 3167 740 3213 ut
774 3158 989 3230 Argrini
1033 3159 1376 3284 Lirgominsis
1403 3163 1629 3234 episcopi
1663 3163 1980 3219 restitutioni

1118 3247 1240 3284 aven
1269 3271 1286 3284 .

1093 3242 1286 3301 pareat.

465 3315 701 3374 Joannes
725 3319 1032 3391 episcOpus,
1055 3335 1246 3378 servus
1271 3336 1553 3379 servorum
1581 3323 1712 3390 Dei,
1742 3323 1984 3380 dilectis-

396 3407 536 3463 simo
563 3407 676 3463 tilio
697 3407 916 3466 Canem
942 3411 1180 3482 glorioso
1207 3413 1342 3484 regi.

466 3499 604 3568 Quia
636 3511 710 3569 te,
736 3503 1082 3560 dilectissime
1106 3507 1199 3571 ﬁli,
1227 3524 1379 3564 more
1402 3524 1588 3580 regum
1619 3511 1982 3581 praedecesso-

396 3602 519 3643 rum
546 3598 763 3644 tuorum
805 3607 906 3661 pro
941 3592 1253 3650 defensione
1295 3604 1343 3650 et
1388 3597 1620 3652 utilitate
1654 3608 1857 3653 sancta:
1887 3597 1982 3652 Dei

398 3675 658 3733 Ecclesiae
695 3688 883 3735 contra
910 3695 1201 3751 pravorum
1243 3685 1521 3739 hominum
1555 3696 1610 3741 et
1635 3688 1986 3758 etiampaga-

397 3783 592 3824 norum
631 3769 835 3825 rabiem
869 3772 1100 3829 viriliter
1130 3789 1291 3846 agere
1334 3776 1506 3832 relatu
1558 3778 1850 3833 multorum
1895 3796 1987 3833 co-

399 3859 743 3931 gnoscimus,
775 3863 1100 3920 omnimodis
1125 3867 1556 3934 congaudemus,
1586 3877 1641 3922 et
1669 3870 1987 3923 venerabili-

401 3958 486 4005 ter
511 3959 660 4006 tuam
706 3951 760 4006 in
795 3952 1014 4008 Christo
1035 3955 1416 4025 amplectimur
1452 3957 1766 4013 tiliationem
1801 3977 1812 4012 :
1843 3969 1893 4012 et
1927 3967 1988 4012 ut

403 4039 460 4096 in
496 4041 690 4097 melius
737 4057 953 4113 semper
990 4045 1257 4114 proiicere
1299 4053 1537 4115 satagas,
1585 4062 1795 4115 pacem,
1831 4046 1988 4114 justi—

402 4130 538 4186 tiam
581 4139 635 4185 et
680 4133 963 4189 veritatem
1007 4135 1221 4204 diligas,
1264 4153 1295 4190 a
1351 4146 1498 4191 recto
1540 4137 1706 4191 etiam
1775 4137 1989 4190 tramite

403 4219 552 4277 nullo
604 4221 768 4276 modo
815 4222 1030 4290 devies,
1072 4233 1297 4295 paterne
1346 4226 1667 4294 hortamur;
1722 4235 1990 4295 quatenus

403 4311 838 4368 benedictionem
873 4329 904 4368 a
938 4315 1363 4371 clementissimo
1397 4316 1623 4372 Domino
1650 4327 1836 4372 noser
1862 4316 1989 4372 Jesu

403 4405 644 4470 Christo,
672 4417 732 4460 ut
768 4415 824 4462 et
843 4407 911 4462 ab
949 4409 1066 4478 ejus
1093 4410 1458 4478 apostolorum
1501 4410 1745 4478 principe
1787 4424 1852 4465 ac
1882 4409 1993 4465 cla-

405 4496 592 4567 vigero
633 4496 796 4551 Petro
845 4498 1233 4566 consequaris,
1283 4513 1382 4569 pro
1437 4499 1590 4568 cujus
1631 4513 1817 4554 amore
1865 4497 1991 4552 talia

2075 1945 2237 1989 stas:
2279 1943 2547 2004 quatenus
2591 1933 2690 1988 sub
2744 1940 2834 1987 tuo
2895 1929 3058 1998 regali
3109 1926 3399 1982 munimine
3445 1921 3668 1992 paciﬁce

2074 2028 2321 2082 eamdem
2366 2041 2556 2098 regere
2591 2023 2752 2096 digne
2784 2022 2971 2085 _valeat
3007 2018 3326 2080 Ecclesiam,
3376 2023 3434 2068 ut
3472 2013 3667 2090 quibus

2075 2121 2234 2176 debet
2259 2135 2491 2190 prmesse
2515 2117 2697 2173 valeat
2718 2126 2773 2171 et
2795 2116 3071 2186 prodesse.
3100 2111 3245 2167 Bene
3273 2109 3392 2163 vale

2149 2211 2421 2282 Scriptum
2448 2225 2545 2280 per
2583 2223 2800 2262 manum
2840 2204 3059 2262 Samuel
3089 2201 3282 2257 notarii
3310 2209 3362 2254 et
3398 2197 3666 2254 scriniarii
3696 2226 3712 2239 ι

2076 2310 2279 2357 sancta:
2308 2299 2566 2355 Romana:
2601 2294 2889 2357 Ecclesia',
2914 2309 2944 2345 v
2973 2293 3052 2348 ld.
3085 2291 3244 2356 Maii,
3277 2287 3566 2344 indictione
3604 2302 3664 2342 tt.

2651 2384 2987 2444 EPISTOLA
3030 2384 3096 2438 ν.

2078 2499 2344 2541 IATTONIS
2379 2496 2672 2538 MOGUNTINI
2715 2491 3112 2534 ARCHIEPISCOPI
3164 2487 3390 2536 Ειυςουῐς
3440 2484 3667 2526 SUFFRA'

2375 2566 2660 2610 GANEORUI
2701 2565 2767 2604 AD
2803 2562 3038 2602 JOANNEM
3084 2561 3134 2598 lli
3176 2558 3369 2598 PAPAM.

2080 2639 2157 2701 De
2193 2654 2357 2700 morte
2381 2657 2407 2684 ο
2438 2641 2697 2708 Arnulplu'
2734 2642 2944 2708 imper.;
2969 2637 3031 2708 de
3080 2633 3342 2708 Lndorico
3391 2631 3504 2708 eius
3545 2629 3668 2708 _ﬁ/io

2150 2716 2381 2785 scptenm‘
2399 2755 2414 2778 ,
2443 2729 2559 2785 rege
2589 2702 2887 2767 Germaniae
2920 2705 3148 2760 salutato
3177 2717 3194 2756 :
3226 2704 3290 2757 dc
3326 2702 3666 2772 archiepisco-

2148 2782 2276 2856 patu
2303 2785 2445 2854 apud
2475 2782 2720 2837 Moravas
2747 2786 2936 2834 erecto.

2153 2875 2360 2932 Domno
2387 2882 2588 2930 sanctae
2613 2880 2669 2927 et
2693 2869 2996 2941 apostolicae
3022 2876 3080 2924 et
3109 2862 3430 2922 universalis
3470 2860 3669 2914 Roma-

2080 2981 2164 3022 na:
2195 2964 2451 3021 Ecclesiae
2480 2978 2655 3034 papaz,
2686 2961 2917 3016 lln'rno
2948 2958 3199 3027 indignus
3225 2954 3420 3027 prutsul
3447 2953 3638 3024 Mogun
3669 2989 3672 2994 -
3747 2995 3758 3002 .

2081 3059 2310 3114 tinensis
2336 3057 2612 3118 Ecclesize,
2641 3070 2763 3110 cum
2801 3053 3067 3107 universis
3092 3048 3443 3119 suffraganeis
3473 3052 3673 3101 nostra:

2081 3149 2362 3219 exiguitati
2405 3146 2712 3215 adiunctis,
2743 3143 2983 3198 debitum
3023 3141 3288 3197 orationis
3326 3138 3666 3208 obsequium,

2005 3210 2052 3274 Ο
2082 3246 2137 3295 et
2159 3210 2369 3292 fidelem
2395 3210 2730 3292 servitutem.

2158 3328 2380 3384 Noverit
2414 3327 2580 3398 igitur
2611 3324 2913 3381 sublimitas
2946 3330 3138 3377 vestrae
3173 3317 3500 3381 sanctitatis,
3528 3315 3674 3384 quod

2085 3418 2229 3476 nulla
2261 3417 2487 3471 fratrum
2525 3413 2855 3470 unanimitas
2895 3421 3096 3468 sancta:
3130 3410 3388 3466 Romam:
3419 3405 3674 3461 Ecclesiae

2084 3509 2338 3582 potestati
2387 3508 2650 3578 subjecta,
2702 3505 2909 3560 ﬁdelior
2951 3512 3113 3573 atque
3155 3489 3399 3556 devOtior
3441 3513 3505 3553 ac
3549 3493 3676 3551 sub-

2079 3604 2276 3676 jectior
2318 3610 2542 3678 apparet
2590 3614 2752 3669 quam
2787 3613 2905 3662 nos,
2949 3597 3041 3667 qui
3093 3602 3289 3648 vestra:
3321 3586 3674 3646 dominationi

2086 3707 2140 3751 et
2172 3695 2333 3766 capiti
2381 3693 2621 3750 omnium
2673 3689 3039 3747 Ecclesiarum
3087 3685 3233 3741 omni
3271 3682 3467 3738 mentis
3500 3681 3675 3734 inten-
3765 3757 3768 3760 4

2089 3787 2234 3842 tione
2268 3783 2606 3852 subjiciatur,
2633 3781 2926 3853 plurimum
2967 3777 3262 3846 gaudentes
3289 3774 3341 3829 in
3372 3771 3599 3828 Domino
3624 3778 3680 3824 et

2088 3877 2140 3931 in
2167 3877 2307 3931 dono
2329 3874 2516 3946 gratiae
2545 3873 2736 3944 ipsius,
2767 3871 2910 3941 quod
2942 3883 3041 3939 per
3066 3875 3305 3923 vestram
3333 3863 3678 3920 sanctitatem

2089 3976 2136 4020 et
2167 3965 2485 4033 sapientiam
2511 3961 2796 4031 magnifice
2823 3967 2880 4016 et
2906 3956 3238 4028 amplissime
3259 3955 3416 4010 sedes
3437 3950 3676 4020 ejusdem
3717 3981 3724 3987 -

2090 4053 2344 4107 Ecclesiae
2389 4051 2644 4108 dilatatur
2697 4051 2752 4105 in
2794 4047 3055 4118 religione
3102 4044 3281 4100 divina
3322 4061 3336 4097 :
3371 4050 3428 4098 et
3473 4041 3528 4096 in
3575 4039 3682 4094 hoc

2092 4143 2481 4198 instantissime
2509 4142 2764 4213 precibus
2800 4137 3163 4194 incumbimus
3181 4175 3196 4200 ,
3223 4135 3577 4204 deprecantes
3601 4128 3681 4182 di-

2091 4231 2273 4285 vinam
2298 4231 2638 4287 clementiam
2666 4238 2724 4284 ut
2751 4231 2820 4284 ad
2848 4227 3038 4282 altiora
3071 4237 3286 4293 semper
3318 4219 3681 4275 conscendere

2092 4336 2190 4376 vos
2220 4331 2276 4377 et
2303 4322 2368 4377 de
2397 4321 2484 4376 die
2516 4321 2568 4376 in
2593 4321 2734 4375 diem
2761 4317 2982 4374 tneliora
3005 4314 3200 4370 sectari
3231 4319 3393 4382 atque
3423 4310 3684 4380 perlicere

2095 4411 2376 4468 concedat.
2405 4411 2480 4467 De
2517 4420 2714 4466 caetero
2733 4418 2931 4465 vestra:
2959 4403 3261 4462 clementiae
3295 4400 3682 4456 innoteseimus

2096 4502 2364 4557 seniorem
2399 4511 2641 4555 nostrum
2665 4498 3003 4569 Arnulphum
3028 4497 3407 4565 imperatorem
3435 4491 3501 4544 de
3523 4488 3684 4557 hujus

409 4599 570 4655 agere
618 4585 840 4657 satagis.
897 4586 1136 4656 Denique
1190 4597 1376 4642 notum
1424 4603 1544 4642 esse
1595 4588 1840 4643 volumus
1890 4598 1994 4643 tua:
2023 4575 2222 4647 Dvitae
2259 4591 2449 4648 exsilio
2503 4591 2784 4661 migrasse.
2834 4587 2942 4643 Sed
2981 4583 3220 4656 quandiu
3253 4581 3305 4636 in
3345 4579 3449 4635 hoc
3483 4578 3684 4632 mundo

409 4675 674 4740 tiliationi,
705 4675 1063 4746 Lingonensis
1089 4676 1348 4732 Ecclesia:
1376 4678 1632 4748 gemitum
1668 4677 1992 4748 lacrymabi-

410 4763 624 4835 lemque
649 4766 1041 4833 querimoniam
1078 4781 1185 4820 non
1214 4767 1386 4822 solum
1432 4767 1618 4832 semel,
1655 4768 1748 4822 sed
1792 4776 1847 4822 et
1887 4768 1993 4832 bis,

409 4862 467 4910 ct
507 4863 589 4910 ter
619 4855 686 4909 ad
729 4871 888 4911 aures
937 4855 1235 4911 clementiae
1274 4866 1470 4912 nostra:
1505 4858 1849 4928 pervenisse,
1896 4873 1995 4927 pro

413 4943 644 5013 pastoris
679 4943 764 4998 sui
803 4943 1020 5015 Argrini
1061 4945 1298 5015 episcopi
1335 4947 1782 5014 sequestratione,
1833 4962 1994 5017 quem

413 5047 602 5088 onmes
627 5032 955 5088 unanimiter
979 5033 1226 5104 elegisse,
1253 5035 1522 5103 expetisse
1547 5043 1604 5089 et
1631 5035 1997 5090 conclamasse

415 5137 474 5177 se
497 5131 786 5189 testantur,
810 5123 903 5180 sed
940 5139 1036 5193 pro
1064 5123 1420 5195 quorumdam
1447 5124 1793 5194 subreptione
1823 5126 1891 5180 ab
1917 5126 1998 5180 eis

414 5229 536 5268 eum
558 5222 866 5284 separatum
892 5213 1059 5270 fuisse
1084 5233 1097 5267 :
1125 5231 1230 5286 qua
1254 5215 1320 5269 de
1340 5229 1400 5268 re
1421 5215 1535 5284 ipsa
1556 5213 1798 5269 Ecclesia
1819 5225 1999 5284 pasto-

419 5302 516 5357 rali
540 5302 800 5358 destituta
831 5305 904 5359 sit
938 5305 1149 5366 solatio,
1189 5303 1460 5371 variisque
1501 5303 1836 5359 incessanter
1872 5321 2000 5374 per-

417 5394 818 5451 turbationibus
845 5404 901 5450 et
939 5393 1468 5449 incommoditatibus
1500 5393 1752 5462 agitetur,
1779 5393 1914 5449 adeo
1943 5405 2003 5450 ut

487 5516 516 5547 ι
540 5504 1190 5576 Arnnlphusimperator,
1213 5500 1364 5569 cujus
1385 5501 1676 5576 hic_9l_iitu_s
1698 5503 1996 5576 nuntiatur,

418 5583 666 5630 mortuus
693 5570 779 5630 est
811 5575 883 5629 20
907 5570 1245 5636 Novembris,
1283 5585 1426 5625 anno
1467 5570 1593 5641 899,
1632 5571 1906 5641 Stephano
1935 5573 2000 5626 Vl

419 5643 692 5724 pontiﬁce.
735 5644 851 5698 Non
888 5652 1064 5724 tamen
1107 5642 1175 5722 ad
1221 5655 1368 5724 eum,
1397 5641 1488 5720 sed
1621 5638 1744 5706 ejus
1780 5657 1999 5700 succes-

422 5709 600 5768 sorem
626 5712 887 5768 Joannem
917 5712 1034 5766 haec
1061 5711 1259 5765 scrinta
1289 5715 1366 5756 ρε·

425 5781 738 5838 intelligit"r
766 5797 778 5802 -
1007 5781 1020 5792 -
1096 5783 1097 5787 η

425 5791 738 5840 intelligit-Ir
766 5797 778 5802 ·

2101 4681 2446 4737 subsistimus
2474 4696 2569 4749 per
2599 4682 2800 4734 incerta
2825 4676 3074 4741 ferimur,
3107 4672 3407 4728 nescientes
3431 4668 3519 4722 ubi
3545 4681 3683 4734 quo-

2101 4773 2346 4827 rumdam
2397 4773 2591 4826 animae
2629 4779 2749 4838 post
2796 4769 2934 4822 hanc
2975 4767 3148 4822 lucem
3188 4762 3518 4818 mansionem
3552 4755 3686 4811 reci-

2101 4863 2252 4933 piant
2284 4879 2296 4916 :
2327 4863 2522 4917 vestris
2547 4862 2700 4930 quasi
2741 4859 3003 4930 provoluti
3042 4857 3282 4926 vestigiis
3325 4852 3554 4907 subnixe
3586 4866 3684 4918 po~

2103 4951 2324 5016 scimus,
2355 4959 2414 5005 ut
2442 4951 2676 5004 animam
2708 4949 2876 5018 ipsius
2911 4956 3106 5000 vestra:
3149 4942 3488 4998 auctoritatis
3530 4948 3682 5009 pote.

2104 5050 2244 5098 state
2265 5056 2295 5094 a
2316 5041 2545 5096 vinculis
2573 5048 2915 5110 peccatorum
2946 5034 3266 5102 absolvatis,
3295 5031 3420 5101 quia
3442 5042 3688 5099 quwcun-

2103 5148 2202 5202 que
2251 5131 2508 5186 solveritis
2558 5146 2714 5199 super
2758 5139 2985 5191 terram,
3041 5136 3192 5180 erunt
3242 5121 3414 5177 soluta
3458 5121 3513 5173 in
3562 5114 3685 5172 caelo

2106 5219 2324 5289 (Matth.
2351 5224 2487 5288 xvr).
2519 5218 2633 5272 Tali
2660 5231 2786 5271 vero
2816 5215 3064 5278 domino,
3102 5222 3314 5268 rectore
3340 5219 3394 5265 et
3421 5209 3686 5281 guberna-

2109 5318 2227 5363 tore
2279 5309 2507 5372 amisso,
2563 5307 2615 5361 in
2674 5305 2876 5360 nostris
2927 5305 3169 5372 partibus
3219 5301 3490 5358 vacillavit
3536 5295 3692 5352 navis

2110 5397 2381 5452 Ecclesiae.
2413 5398 2580 5462 Quem
2613 5409 2790 5464 regem
2820 5392 3040 5464 eligeret
3064 5406 3231 5461 parvo
3257 5398 3498 5455 tempore
3519 5377 3688 5440 inscia

2108 5521 2269 5576 quem
2296 5524 2325 5560 a
2354 5503 2560 5576 Joanne
2597 5503 2897 5559 institutum
2926 5513 3046 5554 esse
3075 5513 3306 5576 sequens
3326 5495 3560 5576 _epistola
3597 5495 3688 5575 de-

2109 5565 2298 5631 clarat.
2347 5574 2675 5664 (Fumantem
2721 5583 2830 5654 tam
2869 5584 3023 5656 _serom
3043 5565 3284 5654 scribant
3324 5567 3379 5622 hi
3430 5565 3690 5635 episcopi,

2113 5660 2325 5674 ,ιι-..ιιρμ
