3986 5482
372 366 446 424 53
1820 366 2199 426 EPISTOLIE.
3568 375 3645 439 84

375 478 613 533 mansit:
650 484 705 534 et
742 478 868 548 quia
906 477 1066 534 timor
1119 490 1345 548 magnus
1392 474 1580 530 aderat
1616 490 1683 530 ne
1724 476 1953 531 solidum
1983 484 2030 542 Α
2058 478 2357 534 Accusator
2385 487 2564 534 autem
2590 480 2964 552 episcoporum
2999 483 3176 541 nullus
3219 484 3289 540 sit
3329 501 3517 546 servus
3549 496 3646 547 aut

373 585 599 641 regnitm
628 571 681 625 in
709 580 893 641 partes
926 585 985 625 se
1018 570 1309 635 scinderet,
1345 568 1548 633 divino,
1573 575 1633 622 ut
1661 568 1954 633 credimus,

370 665 629 719 instinctu
660 665 857 719 factum
887 674 970 719 est
999 672 1061 719 ut
1091 662 1234 718 ﬁlius
1257 661 1487 718 senioris
1512 661 1681 716 nostri
1711 661 1958 729 quamvis

368 754 727 824 parvissimus
774 753 1045 809 communi
1092 752 1318 808 consilio
1362 752 1663 821 principum
1704 759 1761 805 et
1794 750 1957 805 totius

367 844 547 913 populi
580 858 849 899 consensu
876 844 929 899 in
970 858 1149 915 regem
1195 843 1518 899 elevaretur.
1553 841 1621 896 Et
1646 841 1771 910 quia
1802 856 1956 912 reges

365 936 701 990 Francorum
728 950 943 1006 semper
969 952 1033 991 ex
1070 950 1180 991 uno
1206 950 1402 1007 genere
1432 933 1812 1004 procedebant,
1840 947 1954 986 ma-

365 1028 566 1080 luimus
602 1027 887 1095 pristinum
919 1041 1122 1081 morem
1156 1040 1409 1090 servare,
1433 1039 1594 1093 quam
1627 1038 1765 1077 nova
1795 1022 1951 1077 insti-

362 1118 573 1171 tutione
602 1117 854 1173 insidere.
886 1116 992 1172 Sed
1026 1134 1124 1172 cur
1149 1118 1252 1172 hoc
1279 1117 1396 1172 sine
1413 1124 1591 1171 vestra
1627 1115 1869 1184 iussione
1896 1122 1953 1169 et

360 1206 720 1275 permissiune
772 1206 972 1260 factum
1025 1206 1117 1270 sit,
1169 1215 1403 1261 vestram
1454 1205 1597 1260 haud
1642 1204 1951 1259 dubitamus

359 1299 530 1351 latere
555 1297 918 1367 prudentiam.
973 1297 1124 1353 Nulla
1173 1297 1381 1353 scilicet
1418 1296 1523 1351 alia
1564 1311 1728 1351 causa
1766 1305 1946 1352 actum

359 1393 573 1442 coiistat
596 1387 697 1440 nisi
727 1387 871 1455 quia,
904 1387 1129 1457 paganis
1159 1387 1303 1441 inter
1330 1402 1428 1441 nos
1450 1395 1505 1440 et
1528 1399 1623 1441 vos
1649 1385 1948 1440 consisten-

361 1480 524 1543 tibus,
555 1478 869 1546 impeditum
900 1487 985 1531 est
1021 1478 1128 1532 iter
1165 1486 1407 1531 nostrum
1439 1475 1508 1530 ad
1548 1485 1792 1531 sanctam
1826 1490 1943 1529 ma-

358 1578 498 1624 trem
529 1578 768 1622 nostram
808 1568 1105 1623 Romanam
1134 1568 1317 1623 sedem
1351 1584 1364 1621 :
1399 1568 1473 1621 ita
1504 1577 1563 1621 ut
1594 1581 1695 1621 nec
1724 1566 1882 1637 legati
1912 1581 1943 1621 a

357 1669 539 1714 nostra
566 1659 832 1729 parvitate
851 1659 919 1714 ad
947 1669 1182 1713 vestram
1210 1658 1526 1728 dignitatem
1552 1656 1708 1728 dirigi
1739 1657 1943 1726 potuis-

355 1758 495 1802 sent.
526 1747 631 1803 Sed
672 1749 798 1818 quia
840 1748 1055 1804 tandem
1096 1749 1316 1804 occasio
1352 1755 1408 1803 et
1451 1756 1663 1817 tempus
1700 1747 1936 1813 advenit,
1976 1752 1981 1757 ’

2057 568 2301 633 libertus,
2332 570 2589 641 nullaque
2626 587 2855 641 persona
2887 584 3138 645 suspecta
3175 585 3269 630 aut
3301 576 3522 634 infantis
3557 593 3646 635 re-

2056 661 2325 731 pellantur
2352 662 2553 717 inimici
2576 671 2632 717 et
2653 677 2844 720 omnes
2870 664 3014 721 laici.
3038 664 3127 720 lsti
3158 663 3356 722 fratres
3384 675 3440 721 et
3461 668 3644 737 coepi—

2056 751 2205 819 scopi
2249 750 2420 806 nostri
2466 749 2866 819 Bawarienses,
2904 767 3127 810 veraces
3169 754 3264 810 Dei
3300 756 3537 812 cultores
3586 764 3643 812 et

2055 839 2179 895 boni
2212 848 2478 909 pastores,
2521 841 2768 912 pervigili
2806 844 3055 922 custodia.
3076 844 3387 901 custodiunt
3423 860 3641 917 gregem

2052 927 2155 983 sibi
2176 929 2545 995 commissum,
2574 946 2640 985 ne
2663 932 2769 1001 lupi
2798 932 2976 988 rabies
3001 932 3236 1002 aliquam
3263 936 3437 990 sancti
3463 936 3639 1007 gregis

2052 1017 2320 1073 oviculam
2354 1019 2528 1088 rapiat
2565 1020 2617 1075 in
2659 1021 2897 1089 praedam
2939 1037 3112 1077 suam.
3148 1022 3306 1079 Stant
3336 1040 3435 1095 pro
3481 1041 3636 1081 muro

2054 1108 2250 1165 domus
2271 1110 2457 1176 lsrael,
2483 1126 2549 1166 ne
2570 1110 2751 1181 aliqua
2770 1112 2851 1167 vis
2874 1112 3092 1168 inimica
3116 1113 3515 1171 firmamentum
3541 1118 3641 1175 Ee-

2051 1199 2232 1256 clesia:
2252 1200 2527 1257 dissolvat.
2546 1202 2648 1271 Qui
2673 1203 2806 1260 tales
2830 1204 3095 1274 inquietat
3115 1216 3170 1262 et
3190 1222 3286 1263 sua
3308 1209 3510 1264 malitia
3537 1211 3640 1265 im-

2048 1298 2280 1360 pugnat,
2312 1289 2439 1346 licet
2459 1302 2803 1361 prtesentem,
2838 1293 3072 1349 futuram
3108 1304 3285 1351 tamen
3312 1313 3417 1354 non
3447 1300 3638 1355 evadet

2048 1382 2426 1450 pmnam,quia
2457 1383 2714 1452 scriptum
2745 1394 2827 1439 est
2857 1402 2870 1437 :
2903 1384 3005 1449 Qui
3032 1402 3117 1439 ros
3141 1388 3323 1457 tangit,
3342 1388 3505 1458 tangit
3535 1405 3630 1458 pu-

2044 1470 2226 1539 pillam
2256 1471 2395 1526 oculi
2417 1472 2520 1526 mei
2542 1471 2728 1543 (Zach.
2763 1474 2866 1545 ut).
2895 1474 3020 1530 Haec
3068 1486 3249 1532 autem
3300 1479 3480 1533 omnia
3510 1493 3636 1548 per-

2044 1561 2247 1631 scripta
2285 1562 2441 1617 vobis
2477 1562 2596 1620 ideo
2629 1562 2926 1633 dirigimus,
2978 1564 3070 1633 qui
3106 1565 3239 1621 estis
3269 1574 3430 1636 caput
3471 1567 3635 1622 totius

2043 1660 2244 1708 sanctae
2263 1653 2539 1720 Ecclesiae,
2555 1670 2887 1725 quaecunque
2908 1672 3003 1724 per
3017 1658 3202 1713 orbem
3224 1658 3559 1725 dili‘unditur,
3581 1670 3637 1718 et

2043 1745 2281 1802 solamen
2312 1748 2681 1813 maerentium,
2719 1764 3054 1819 quaecunque
3081 1751 3254 1806 tristia
3284 1753 3432 1807 vobis
3461 1754 3632 1809 conti-

354 1856 463 1910 quo
490 1850 670 1895 nostra
702 1842 926 1910 epistola
955 1842 1150 1896 vestris
1191 1842 1469 1897 obtutibus
1496 1824 1935 1910 prazsentaretur,
1966 1826 2013 1885 Β
2041 1847 2235 1908 gerunt
2272 1839 2529 1894 membris
2570 1840 2800 1905 vestris,
2845 1841 2970 1910 quia
3019 1842 3342 1898 sanctissimi
3383 1854 3633 1916 pastores

352 1946 612 2001 rogamus
640 1940 878 1986 nostram
906 1947 1249 1986 communem
1280 1931 1720 1987 constitutionem
1743 1941 1938 1989 vestrae.

352 2021 739 2075 dominationis
782 2022 1159 2077 benedictione
1200 2022 1466 2076 roborari.
1510 2022 1731 2092 Insuper
1770 2022 1936 2078 etiam

349 2111 539 2180 pietati
568 2119 763 2165 vestra:
793 2110 1109 2167 intimamus
1133 2113 1277 2182 quod
1308 2112 1506 2167 fratres
1534 2120 1589 2167 et
1633 2113 1937 2184 coepiscopi

350 2202 521 2256 nostri
573 2202 947 2257 Bawarienses
988 2217 1049 2257 se
1084 2202 1225 2271 apud
1262 2217 1362 2258 nos
1410 2213 1839 2271 conquerentes,
1882 2212 1939 2259 et

351 2288 461 2343 alta
510 2290 740 2359 suspiria
791 2291 1098 2356 trahentes,
1144 2292 1429 2362 gemebant
1473 2292 1709 2363 qualiter
1750 2291 1936 2347 Mara-

348 2394 543 2435 venses
585 2380 764 2450 pepuli
815 2380 1145 2437 Francorum
1182 2382 1434 2452 potestati
1478 2382 1703 2437 rebelles
1731 2383 1937 2453 lactent

347 2489 407 2528 se
438 2474 509 2527 ab
556 2474 769 2529 illorum
813 2477 1089 2531 consortio
1145 2492 1266 2532 esse
1312 2478 1545 2543 divisos,
1590 2487 1645 2534 et
1690 2495 1934 2535 seorsum

345 2563 766 2632 metropolitano
806 2564 1110 2634 gloriantur
1148 2580 1179 2620 a
1218 2576 1399 2621 vestra
1435 2567 1789 2623 concessione
1814 2583 1935 2622 esse

342 2652 686 2716 sublimatus,
719 2668 841 2707 cum
874 2670 1146 2725 nunquam
1175 2657 1586 2727 metropolitana
1608 2660 1765 2714 sedes
1793 2659 1934 2714 inter

345 2741 469 2796 illos
512 2742 825 2808 haberetur,
875 2744 971 2799 sed
1018 2760 1232 2816 semper
1278 2746 1493 2801 illorum
1535 2748 1828 2817 provinciae
1879 2757 1935 2803 et

341 2831 569 2886 ditecesi
626 2831 979 2887 cohaererent.
1024 2833 1287 2889 Dolebam
1335 2850 1395 2891 se
1444 2836 1604 2891 etiam
1646 2837 1788 2907 apud
1833 2852 1932 2893 nos

342 2920 487 2988 quod
507 2921 865 2989 quorumdam
893 2923 1293 2979 machinatione
1318 2940 1512 2995 magna
1541 2925 1759 2981 infamia
1786 2927 1931 2982 circa

340 3018 581 3064 vestram
624 3008 999 3067 celsitudinem
1051 3022 1235 3069 essent
1278 3014 1550 3081 denotati,
1605 3015 1830 3081 scilicet,
1871 3027 1931 3071 ut

2041 1930 2246 1987 Christi
2271 1932 2520 2002 superius
2543 1932 2671 1988 dicti
2702 1934 2754 1988 in
2782 1934 2926 1989 nulla
2959 1949 3016 1988 re
3051 1950 3080 1987 a
3120 1936 3381 1990 catholica
3412 1936 3512 1991 fide
3540 1938 3633 1991 de-

2044 2022 2276 2085 viantes,
2296 2021 2389 2077 sed
2418 2023 2662 2078 eamdem
2682 2024 2884 2080 sanctis
2905 2025 3158 2093 operibus
3177 2032 3233 2079 et
3250 2026 3632 2082 ecclesiasticis

2037 2110 2227 2168 ofﬁciis
2266 2120 2525 2169 ornantes
2543 2153 2559 2178 ,
2601 2114 2742 2183 apud
2772 2128 2870 2169 nos
2897 2123 3291 2184 conquerentes
3319 2116 3629 2185 postulave-

2036 2213 2186 2270 runt,
2214 2216 2274 2259 ut
2303 2213 2499 2260 vestra:
2527 2205 2732 2261 notitia:
2759 2206 3041 2261 manifesta
3075 2204 3398 2271 faceremus,
3428 2208 3551 2278 quia
3575 2217 3634 2264 et

2036 2295 2112 2351 illi
2154 2309 2250 2365 per
2276 2296 2481 2364 seipsos
2506 2296 2660 2351 vobis
2692 2296 2882 2352 eadem
2913 2296 3255 2352 innotescere
3289 2298 3398 2352 vita
3432 2299 3632 2355 comite

2018 2384 2449 2454 promittebant.
2480 2383 2635 2440 Unde
2656 2385 2933 2455 poscimus
2955 2392 3012 2439 ut
3034 2394 3216 2443 vestra
3244 2386 3539 2441 consolatio
3563 2385 3629 2442 il-

2034 2472 2208 2529 lorum
2227 2486 2516 2528 maerorem
2539 2474 2607 2528 ad
2626 2473 2868 2529 laetitiam
2893 2473 3168 2540 reformet,
3192 2483 3247 2530 et
3266 2489 3479 2546 semper
3501 2476 3628 2533 talia

2034 2565 2278 2620 membra
2306 2579 2517 2620 summo
2538 2564 2739 2636 capiti,
2761 2565 2905 2634 quod
2934 2565 3066 2621 estis
3090 2581 3207 2633 vos,
3253 2582 3314 2623 se
3358 2568 3629 2636 gaudeant

2034 2653 2331 2708 adlnterere.
2363 2652 2441 2707 llli
2472 2663 2650 2707 autem
2684 2653 3059 2720 Maravenses,
3087 2663 3147 2711 ut
3181 2656 3627 2713 nostrisauribus

2033 2742 2239 2797 illatum
2268 2752 2372 2808 est,
2406 2743 2460 2797 in
2490 2744 2829 2799 occasionem
2872 2744 3139 2814 superbiae
3181 2760 3295 2800 sua:
3321 2755 3625 2813 assumunt,

2030 2832 2156 2901 quia
2184 2849 2214 2886 a
2240 2842 2420 2888 vestra
2451 2834 2799 2890 concessione
2829 2834 3015 2890 dicunt
3050 2849 3110 2890 se
3151 2836 3621 2907 metropolitanum

2032 2923 2330 2993 suscipere,
2362 2932 2417 2977 et
2439 2923 2785 2995 singulariter
2813 2926 3068 2996 degentes
3093 2924 3320 2979 aliorum
3349 2926 3624 2996 episcopo-

2032 3027 2152 3067 rum
2182 3012 2454 3068 consortia
2477 3012 2730 3068 refutant.
2758 3012 2816 3068 Si
2841 3014 2943 3068 bac
2962 3013 3290 3071 confidentia
3313 3014 3515 3069 diutius
3545 3016 3624 3069 in-

336 3115 463 3153 cum
485 3100 710 3171 paganis
745 3099 921 3158 fmdus
947 3109 1004 3156 et
1030 3117 1216 3173 pacem
1250 3104 1467 3169 inirent,
1499 3113 1556 3160 et
1600 3105 1698 3175 ipsi
1729 3107 1925 3177 pagani
1974 3086 2244 3166 bellantur,
2274 3116 2445 3172 usque
2470 3103 2535 3156 ad
2568 3102 2845 3173 sanguinis
2871 3100 3211 3170 effusionem,
3246 3115 3306 3158 ut
3339 3104 3492 3161 multi
3522 3120 3613 3159 ar-

340 3189 568 3245 consilio
594 3205 781 3245 corum
806 3199 1025 3262 agerent
1056 3200 1163 3246 tam
1192 3188 1356 3248 multa
1383 3193 1587 3250 nefaria
1625 3204 1680 3251 et
1717 3196 1923 3251 illicita.
1950 3181 1999 3244 C
2030 3192 2321 3257 bitrantur,
2352 3193 2649 3262 prosiliant.
2686 3193 2743 3247 ln
2784 3202 3044 3265 Quantum
3069 3193 3403 3264 Ρηθῖυίιηιιε,
3434 3196 3619 3251 admo—

314 3279 417 3334 De
447 3281 533 3336 his
557 3281 810 3336 omnibus
847 3282 1131 3337 consilium
1167 3298 1197 3338 a
1238 3284 1394 3341 nobis
1430 3286 1795 3355 qumreutibus
1824 3287 1927 3341 Ba-

338 3370 699 3425 waricnsibus
718 3371 1004 3442 episcopis,
1029 3373 1235 3443 justum
1273 3375 1649 3445 respondimus
1673 3390 1794 3434 esse
1823 3375 1926 3431 fra-

339 3469 482 3514 trum
529 3460 722 3516 solatio
758 3475 973 3531 semper
1023 3462 1303 3518 adhaerere
1335 3480 1349 3516 :
1382 3464 1508 3533 quia
1546 3463 1811 3534 Propheta
1852 3465 1928 3520 in-

336 3552 458 3619 quit
489 3568 504 3603 :
540 3550 673 3605 Ecce
695 3567 852 3622 quam
880 3552 1069 3606 bonum
1098 3561 1145 3607 et
1174 3568 1329 3623 quam
1359 3553 1656 3623 jucundum
1693 3553 1928 3609 habitare

302 3644 533 3710 fratres
584 3644 640 3697 in
694 3660 859 3697 unum
891 3643 1077 3714 (Psal.
1122 3647 1341 3716 cxxxr).
1394 3645 1470 3699 Illi
1519 3660 1649 3701 vero
1705 3661 1812 3703 non
1870 3647 1924 3702 in

304 3766 307 3767 ν
339 3748 506 3785 unum
547 3732 821 3799 habitant,
859 3734 951 3803 qui
988 3733 1217 3788 fratrum
1253 3750 1314 3790 se
1347 3734 1541 3790 solatio
1580 3735 1923 3803 subtrahunt,

337 3831 431 3876 aut
456 3821 717 3877 fratribus
746 3822 968 3878 insidias
992 3833 1316 3895 prarparant.
1358 3823 1468 3879 Nos
1515 3824 1726 3881 illorum
1755 3826 1925 3882 tristi-

339 3911 426 3965 tiae
463 3913 856 3983 eompatientes
906 3913 1154 3969 nolumus
1192 3914 1266 3968 illi
1300 3915 1585 3971 consilium
1627 3916 1694 3971 de
1729 3916 1925 3972 talibus

337 4001 732 4071 objectionibus
767 4004 1028 4074 praebere,
1063 4005 1377 4075 priusquam
1404 4006 1470 4060 ad
1499 4014 1735 4075 vestram
1758 4006 1924 4061 inter-

336 4091 673 4161 rogationem
700 4107 796 4162 per
832 4092 1113 4163 epistolam
1142 4102 1383 4148 nostram
1414 4093 1739 4149 veniremus.
1772 4093 1925 4151 Sem-

337 4196 432 4251 per
470 4197 569 4236 nos
608 4181 813 4236 scimus
851 4182 1099 4237 carnales
1143 4182 1414 4252 spiritales
1440 4181 1613 4237 solere
1646 4182 1920 4253 persequi,

333 4282 389 4327 et
414 4270 708 4327 malevolos
731 4271 1022 4327 benevolos
1045 4271 1320 4327 infirmare
1347 4283 1399 4327 et
1430 4272 1689 4326 lacerare.
1723 4272 1922 4327 Praevi-

333 4363 463 4418 dere
491 4377 620 4433 ergo
646 4376 991 4433 summopere
1031 4362 1229 4419 debent
1271 4378 1460 4417 onmes
1489 4363 1579 4432 qui
1612 4364 1923 4420 sacerdotes

336 4453 548 4508 Domini
585 4461 1009 4523 persequuntur,
1040 4459 1147 4506 tam
1188 4452 1397 4507 occulte
1424 4468 1586 4522 quam
1612 4453 1914 4519 manifeste,

332 4561 400 4599 ne
424 4546 492 4598 ad
528 4544 649 4599 illos
678 4545 949 4614 pertineat
975 4545 1117 4615 quod
1150 4545 1416 4615 Propheta
1443 4545 1577 4600 dixit
1604 4565 1616 4600 :
1650 4545 1918 4617 Cogitate-

331 4647 453 4691 runt
500 4637 730 4690 malitias
767 4638 821 4690 in
869 4637 1025 4691 corde
1075 4654 1171 4691 suo
1204 4650 1224 4689 :
1259 4648 1367 4692 tota
1409 4638 1493 4692 die
1536 4640 1918 4693 constituebant

328 4727 533 4795 prwlia.
594 4726 935 4780 Exacuerunt
993 4727 1197 4796 linguas
1256 4744 1380 4782 suns
1437 4729 1572 4781 sicut
1626 4731 1919 4797 serpentis;

328 4833 581 4871 venenum
603 4816 845 4885 aspidum
868 4817 961 4870 sub
987 4816 1139 4872 labiis
1175 4834 1353 4872 eorum
1384 4816 1555 4888 (Psal.
1582 4822 1828 4889 cxxxrx).
1856 4821 1921 4875 Et

331 4909 489 4979 paulo
513 4917 636 4978 post
666 4926 680 4962 :
712 4906 910 4962 Cadent
936 4925 1091 4979 super
1123 4925 1210 4964 eos
1237 4910 1507 4975 carbones,
1545 4911 1598 4965 in
1629 4912 1795 4981 ignem
1831 4913 1921 4967 de-

320 4998 474 5067 jicies
498 5014 587 5055 eos
614 4997 813 5068 (ibid.).
834 4997 901 5052 Et
923 4998 1115 5052 iterum
1148 5015 1160 5051 :
1195 4997 1284 5052 Vir
1309 4998 1579 5068 linguosus
1603 5017 1704 5054 non
1725 5002 1918 5073 dirige-

328 5098 415 5141 tur
437 5089 493 5141 in
519 5098 697 5151 terra;
725 5088 893 5141 virum
922 5088 1177 5157 injustam
1214 5086 1354 5142 mala
1392 5089 1594 5157 capient
1623 5091 1677 5145 in
1706 5091 1917 5146 interitu

329 5176 531 5248 (ibic.).
558 5176 627 5230 Et
654 5191 751 5246 per
772 5175 1065 5231 Jeremiam
1097 5177 1271 5247 inquit
1301 5178 1562 5233 Dominus
1594 5195 1607 5232 :
1643 5177 1835 5233 Omnes
1861 5182 1916 5235 in

325 5266 587 5336 sanguine
629 5265 961 5335 judicantur,
1017 5268 1371 5339 unusquisque
1417 5268 1712 5337 proximum
1761 5286 1916 5324 suum

330 5355 572 5402 ’νῧδυίωι
626 5352 817 5402 "mm"
865 5358 918 5404 δη
963 5355 1162 5408 malum
1204 5372 1391 5405 manus
1433 5374 1558 5410 suae
1597 5369 1893 5404 nrmnnrnm

2031 3295 2243 3347 nemus,
2270 3292 2539 3352 quatenus
2576 3292 2756 3339 vestra
2797 3286 3121 3351 auctoritas,
3162 3286 3475 3356 priusquam
3518 3289 3622 3343 hoc

2029 3372 2332 3443 contingat,
2364 3376 2431 3428 ad
2456 3374 2780 3431 humilitatis
2800 3376 2941 3430 viam
2968 3376 3086 3431 illos
3100 3377 3426 3448 corrigendo
3452 3378 3622 3448 depo-

1998 3493 2002 3497 -
2028 3468 2142 3526 nat,
2172 3468 2231 3514 ut
2259 3463 2473 3515 tandem
2508 3473 2835 3535 cognoscant
2856 3465 2942 3520 cui
2971 3465 3265 3521 dominatui
3298 3468 3489 3538 subjici
3520 3471 3619 3528 de-

2028 3548 2222 3605 beant.
2251 3548 2362 3605 Nos
2400 3551 2664 3623 siquidem
2687 3552 2956 3609 debitores
2992 3568 3116 3609 esse
3144 3558 3543 3627 cognoscimus,
3572 3561 3620 3615 si

2027 3638 2155 3707 quid
2179 3653 2209 3692 a
2234 3647 2436 3694 sanctae
2459 3640 2649 3695 matris
2672 3640 2929 3697 Romana:
2950 3641 3204 3699 Ecclesia:
3223 3645 3428 3701 scilicet
3448 3648 3621 3703 conti~

2026 3726 2163 3796 gerit
2192 3726 2355 3793 elabi,
2376 3741 2473 3783 vos
2502 3728 2626 3784 inde
2650 3730 2961 3796 certiﬁcari,
2992 3740 3051 3785 ut
3072 3742 3250 3788 vestra
3280 3736 3519 3805 potentia
3549 3737 3619 3792 ad

2027 3815 2368 3870 rectitudinis
2386 3815 2581 3871 lineam
2607 3819 2957 3887 perducatur.
2977 3818 3130 3886 Quod
3149 3821 3195 3876 si
3219 3832 3399 3878 vestra
3427 3826 3619 3881 admo-

2000 3970 2003 3971 ν
2026 3906 2164 3960 nitio
2182 3904 2301 3960 illos
2322 3921 2428 3960 non
2444 3908 2701 3973 correxit,
2720 3908 2908 3973 velint,
2925 3910 3113 3976 nolint,
3129 3911 3459 3969 Francorum
3472 3916 3620 3983 prin-

2024 3996 2234 4067 cipibus
2257 3996 2393 4051 colla
2421 3998 2759 4065 submittent,
2773 4008 2828 4054 et
2846 4001 3114 4056 credimus
3135 4003 3335 4073 absque
3355 4004 3619 4061 effusione

2024 4088 2324 4158 sanguinis,
2372 4099 2428 4144 et
2472 4098 2659 4145 mutua
2693 4092 2839 4153 caede
2874 4107 2940 4147 ex
2980 4102 3243 4165 utraque~
3258 4106 3445 4166 parte,
3489 4106 3619 4152 tunc

2023 4191 2185 4248 posse
2224 4178 2363 4234 bene
2414 4180 2749 4249 contingere.
2807 4181 3007 4238 lterum
3061 4184 3367 4258 iterumque
3421 4200 3617 4245 vestra:

2026 4268 2306 4338 dignitatis
2347 4271 2569 4328 auribus
2614 4274 2973 4343 replicamus,
3028 4279 3171 4347 quod
3220 4288 3329 4333 tam
3377 4282 3615 4354 episcopi

2023 4373 2186 4429 quam
2217 4359 2341 4416 laici
2390 4362 2762 4420 Bavvarienses
2806 4364 2860 4419 in
2888 4366 3147 4437 religione
3187 4368 3616 4430 Christianitatis

2023 4452 2169 4507 nulla
2192 4464 2350 4524 gente
2375 4453 2658 4511 inferiores
2680 4471 2802 4512 esse
2826 4461 3145 4527 probantur,
3176 4476 3349 4531 neque
3375 4479 3613 4534 unquam

2020 4543 2214 4600 Franci
2263 4548 2469 4616 absque
2507 4546 2721 4602 illorum
2755 4548 2971 4614 auxilio,
3006 4563 3097 4604 aut
3136 4552 3189 4606 in
3232 4553 3613 4611 ecclesiasticis

2022 4638 2206 4700 rebus,
2238 4638 2320 4691 vel
2351 4639 2402 4692 in
2446 4638 2652 4694 bellicis
2689 4641 2918 4709 negotiis
2956 4642 3294 4709 nominatim,
3324 4644 3404 4699 vel
3445 4645 3611 4713 fama,

2022 4730 2243 4800 dignum
2275 4729 2477 4800 aliquid
2521 4739 2865 4799 peregerunt.
2904 4731 3056 4787 Sicut
3085 4747 3259 4803 neque
3303 4734 3377 4789 illi
3408 4737 3614 4806 absque

2024 4819 2163 4875 istis.
2770 4841 2775 4845 η

2559 4924 2586 4954 ι
2616 4911 2951 4968 EPISTOLA
2990 4912 3078 4968 Vl.

2024 5020 2345 5079 THEOTIARI
2402 5036 2716 5077 JUVANENSIS
2763 5036 3029 5079 εεοιεμω
3077 5039 3501 5089 ARCBIEPISCOPI.
3540 5047 3614 5089 ET

2243 5125 2481 5168 Αωοιιυιί
2521 5125 2917 5177 EPISCOPORUI,
2956 5128 3026 5166 AD
3059 5126 3293 5168 JOANNEI
3333 5132 3407 5171 ικ.

2021 5201 2328 5284 Queruntur
2369 5218 2533 5257 unum
2567 5204 3043 5284 archiepiscopum,
3082 5212 3131 5258 et
3170 5207 3433 5258 enin-nm-
3490 5222 3589 5242 οη·

2092 5277 2144 5329 in
2170 5271 2536 5351 Schlavorum
2577 5275 2731 5327 terris
2815 5291 2885 5304 --υι

2101 5343 2312 5384 κτήνει-⁸⁵
