3986 5764
422 308 494 366 35

1746 302 2029 363 JOANNIS
2058 299 2259 358 PANE
2301 303 2370 358 IX

3622 297 3695 353 56

422 431 617 478 vestrm
648 421 763 487 ﬁlii,
786 421 1157 478 'l‘nsornaus
1192 413 1516 478 Juvanensis
1550 420 1807 477 Ecclesia:
1839 418 2020 474 archi-
2044 421 2092 481 Α
2120 412 2443 473 dioecesibus
2469 414 2552 470 ab
2582 390 2848 483 cpiscOpis
2887 412 3211 477 retinentur,
3255 424 3376 479 qua
3424 423 3697 478 nunquam

424 514 729 583 episcopus,
749 513 953 568 WALDO
978 514 1361 586 Frisingensis,
1383 515 1801 569 Encuesmwus
1822 511 2014 583 Eysta-

426 603 611 665 tensis,
639 602 910 656 ZACHARIA
953 603 1316 668 Szebonensis,
1350 603 1541 659 Τυττο
1581 600 2012 671 Batisponensis,

424 690 722 747 RICBARIUS
766 692 1100 748 Pataviensis
1138 693 1393 748 Ecclesiae
1418 694 1718 762 episcopus.
1770 689 2011 753 Necnon,

424 794 480 837 et
544 784 827 838 universus
888 783 1066 838 clerus
1128 784 1461 854 populusque
1517 782 1859 837 Christianus
1918 792 2016 849 per

426 879 591 925 totam
623 871 893 936 Noricam,
919 888 1039 941 qua:
1066 881 1120 927 et
1149 874 1393 927 Bawaria
1427 882 1671 934 vocatur,
1698 882 2014 940 prosperum

424 963 479 1017 in
512 964 789 1019 Salvatore
828 975 1013 1019 nostro
1052 964 1349 1033 profectum
1387 964 1662 1019 catholica:
1688 962 1837 1031 pacis
1878 975 2013 1029 aug-

424 1064 688 1119 mentum,
718 1065 773 1109 et
802 1065 1023 1124 regnum
1051 1064 1299 1125 optamus
1326 1065 1608 1110 mlernum.

493 1145 907 1198 Antecessorum
942 1154 1245 1198 vestrorum
1274 1144 1503 1199 decretis
1532 1152 1587 1197 et
1609 1141 2008 1197 catholicorum

425 1232 647 1287 Patrum
686 1234 945 1288 institutis
982 1233 1294 1303 plenissime
1328 1234 1647 1287 instruimur
1677 1232 1729 1285 in
1758 1230 2012 1285 omnibus

424 1334 610 1380 nostro
638 1327 938 1381 ministerio
969 1326 1291 1381 sacerdotali
1339 1325 1678 1380 obstantibus
1720 1332 1777 1378 et
1819 1323 2013 1377 adver-

425 1417 666 1471 santibus
700 1417 996 1470 Romanum
1025 1418 1294 1487 appellare
1319 1417 1647 1485 pontiﬁcem,
1684 1424 1742 1469 ut
1771 1416 1913 1485 quod
1944 1414 2013 1468 ad

425 1508 687 1561 unitatem
717 1508 1038 1571 concordia),
1068 1518 1122 1560 et
1154 1508 1219 1561 ad
1252 1507 1551 1561 custodiam
1592 1504 1827 1575 pertinet
1854 1505 2014 1560 disci-

424 1597 602 1667 plima,
635 1597 776 1650 nulla
802 1598 1137 1652 dissensione
1170 1598 1414 1661 violetur,
1447 1598 1539 1651 sed
1565 1598 1632 1649 ab
1663 1595 1778 1665 ipso
1802 1594 2011 1650 summa

425 1688 729 1757 provisione
758 1687 1101 1742 decernatur.
1146 1688 1499 1757 Nequaquam
1539 1686 1683 1741 enim
1715 1686 2008 1749 credimus,

2115 506 2400 576 episcopos
2438 505 2767 568 habuerunt,
2815 503 3031 561 nonnisi
3080 516 3201 556 cum
3266 498 3540 552 voluntate
3583 498 3700 567 ejus

2114 599 2347 670 episcopi
2378 614 2405 650 a
2438 612 2545 665 quo
2589 604 2840 651 tenentur
2863 595 3109 666 proprios
3138 592 3407 661 accipiant
3437 600 3698 653 rectores,

2115 692 2197 745 vel
2233 690 2309 763 [id
2338 682 2437 751 est,
2469 689 2542 742 al.
2578 699 2653 744 et.
2682 687 2880 759 Hann]
2925 688 3227 757 episcopos.
3272 685 3338 737 Et
3369 683 3496 737 item
3524 683 3579 736 in
3608 698 3703 737 co-

2116 784 2236 838 dem
2272 781 2529 846 concilio,
2575 796 2692 851 cap.
2743 780 2832 842 65,
2893 790 2953 834 ut
2999 780 3204 849 plebes,
3259 793 3380 846 quae
3426 791 3702 845 nunquam

2116 874 2417 928 habuerunt
2446 874 2691 943 proprios
2718 873 3020 942 episcopos,
3072 871 3174 925 nisi
3221 885 3285 924 ex
3319 869 3549 924 concilio
3590 870 3705 937 ple-

2118 964 2274 1020 nario
2306 965 2729 1035 uniuscujusque
2774 962 3088 1033 provinciae,
3128 970 3184 1015 et
3228 960 3497 1029 primatis,
3536 968 3702 1027 atque

2117 1070 2385 1111 consensu
2409 1055 2528 1124 ejus
2551 1056 2616 1109 ad
2659 1055 2813 1125 cujus
2849 1054 3106 1109 dimcesin
3137 1054 3325 1107 eadem
3360 1051 3511 1121 plebs
3538 1050 3706 1121 perti—

2117 1147 2301 1211 nebat,
2326 1146 2608 1215 episcopos
2632 1145 2855 1199 minime
2885 1144 3176 1214 accipiant.
3210 1142 3267 1196 In
3296 1142 3528 1195 decretis
3551 1155 3705 1210 papae

2117 1240 2337 1306 Leonis,
2375 1241 2553 1310 capite
2592 1240 2679 1305 t5,
2727 1241 2992 1310 scriptum
3026 1248 3110 1295 est
3141 1257 3157 1293 ε
3204 1238 3360 1293 Nulla
3394 1239 3534 1292 ratio
3577 1238 3706 1291 sinit

2118 1341 2179 1385 ut
2226 1332 2367 1385 inter
2408 1331 2689 1401 episcopos
2718 1331 3039 1394 habeantur,
3082 1330 3174 1399 qui
3206 1344 3237 1383 a
3282 1328 3705 1398 provincialibus

2117 1422 2401 1491 episcopis,
2424 1437 2547 1476 cum
2586 1424 2983 1492 metropolitani
3011 1423 3215 1493 judicio
3241 1438 3346 1476 non
3375 1438 3702 1477 consecratio

2119 1519 2226 1565 tur.
2258 1510 2409 1576 item,
2438 1511 2613 1581 capite
2636 1512 2816 1567 49:81
2847 1512 3080 1583 indignis
3109 1512 3438 1581 quibusque,
3465 1523 3519 1565 et
3548 1513 3705 1581 longe

2116 1610 2273 1656 extra
2340 1602 2672 1657 sacerdotale
2740 1604 2993 1657 meritmn
3053 1604 3385 1668 constitutis,
3434 1602 3703 1673 pastorale

2120 1692 2391 1762 fastigium
2418 1703 2472 1749 et
2499 1694 2816 1763 gubernatio
2848 1694 3100 1749 Ecclesia:
3142 1694 3321 1758 detur,
3352 1708 3455 1747 non
3486 1702 3570 1749 est
3601 1693 3703 1746 hoc

424 1780 566 1849 quod
603 1780 770 1834 coacti
804 1779 1039 1848 quotidie
1067 1780 1338 1843 audimus,
1385 1788 1443 1832 ut
1489 1779 1553 1833 dc
1593 1777 1681 1831 illa
1718 1784 1911 1830 sancta
1960 1768 2090 1829 etB
2118 1782 2402 1836 consulere
2441 1782 2672 1851 populis,
2724 1784 2818 1836 sed
2862 1797 3089 1847 nocere;
3138 1796 3235 1836 nec
3263 1793 3522 1851 praestare
3565 1782 3706 1851 regi-

424 1871 714 1939 apostolica
757 1871 901 1933 sede,
950 1884 1069 1938 quae
1109 1871 1266 1924 nobis
1305 1868 1656 1925 saCerdotalis
1703 1874 1879 1921 mater
1926 1874 2010 1919 est

424 1960 725 2031 dignitatis,
756 1967 839 2034 Oct
862 1959 1017 2029 origo
1060 1959 1383 2015 Christiana:
1416 1958 1709 2028 religionis,
1751 1950 2017 2028 proﬂuxe-

423 2050 496 2104 rit
530 2050 805 2119 quidpiam
854 2050 1250 2117 perversitatis,
1298 2049 1393 2103 sed
1437 2048 1706 2111 doctrina,
1732 2055 1790 2100 et
1814 2052 2014 2116 .aucto-

422 2140 557 2196 ritas
600 2140 979 2195 ecclesiastica:
1027 2140 1270 2194 rationis.
1325 2138 1433 2193 Sed
1482 2145 1767 2202 venerunt,
1812 2145 1873 2191 ut
1912 2136 2015 2205 ipsi

421 2232 923 2302 promulgaverunt,
953 2230 1020 2285 de
1047 2230 1217 2285 latere
1239 2239 1421 2285 vestro
1451 2240 1560 2285 tres
1584 2228 1846 2299 episcopi,
1871 2228 2018 2283 vide-

427 2317 555 2377 licet
586 2320 823 2375 Joannes
864 2320 1322 2391 archiepiscopus,
1357 2319 1685 2375 Benedictus
1722 2327 1779 2372 et
1825 2315 2013 2371 Daniel

427 2414 664 2483 episcopi
697 2414 748 2467 in
781 2421 980 2467 terram
1031 2412 1410 2476 Schlavorum,
1458 2411 1549 2479 qui
1592 2409 1791 2463 Maraci
1827 2409 2017 2464 dicun-

426 2512 536 2568 tur,
580 2519 697 2572 quae
742 2503 957 2570 regibus
999 2504 1219 2569 nostris,
1269 2514 1325 2558 et
1374 2501 1569 2573 populo
1610 2511 1811 2564 nostro,
1860 2500 2016 2555 nobis

422 2609 638 2664 quoque
668 2610 788 2649 cum
822 2596 1215 2650 habitatoribus
1244 2597 1359 2651 suis
1401 2596 1627 2649 subacta
1676 2592 1872 2658 fuerat,
1902 2602 2015 2648 tam

426 2684 480 2738 in
525 2684 671 2739 cultu
721 2684 1044 2740 Christianae
1092 2685 1409 2756 religionis,
1480 2699 1641 2754 quam
1703 2685 1756 2737 in
1815 2683 2016 2737 tributo

426 2775 744 2828 substantize
789 2773 1089 2841 Saecularis,
1121 2776 1246 2844 quia
1290 2775 1485 2829 exinde
1526 2775 1759 2843 primum
1801 2774 2012 2838 imbuti,

425 2875 483 2922 et
507 2882 572 2921 ex
609 2867 836 2936 paganis
861 2866 1154 2922 Christiani
1187 2878 1313 2922 sunt
1340 2866 1489 2922 facti.
1520 2866 1586 2920 Et
1614 2866 1817 2919 idcirco
1856 2864 2016 2918 Pata—

424 2959 627 3013 viensis
653 2960 936 3029 episc0pns
963 2960 1221 3023 civitatis,
1255 2960 1308 3013 in
1356 2959 1513 3029 cujus
1542 2958 1764 3011 ditecesi
1802 2966 1924 3011 sunt
1954 2956 2016 3010 il-

430 3048 531 3104 lius
551 3059 791 3118 tempore
814 3048 992 3118 populi
1019 3051 1087 3105 ab
1107 3049 1333 3104 exordio
1353 3048 1781 3104 Christianitatis
1800 3062 1929 3102 eoru
1940 3062 2009 3111 m,

2118 1885 2268 1935 men,
2311 1870 2403 1925 sed
2438 1885 2637 1941 augere
2681 1871 2992 1927 discrimen.
3041 1871 3110 1926 Et
3157 1872 3210 1925 in
3263 1872 3454 1926 eodem
3506 1871 3703 1940 capite,

2117 1971 2240 2032 post
2266 1977 2439 2033 pauca
2465 1979 2478 2015 :
2530 1962 2755 2017 Diﬂicile
2790 1972 2891 2028 est,
2923 1972 2983 2018 nt
3016 1964 3156 2018 bono
3182 1972 3510 2034 peragantur
3535 1964 3700 2025 exitu,

2116 2070 2237 2125 quae
2280 2056 2424 2110 malo
2472 2064 2600 2110 sunt
2644 2055 2893 2110 inchoata
2932 2056 3216 2125 principio.
3278 2055 3345 2109 Et
3385 2056 3438 2109 in
3489 2054 3705 2109 decreto

2117 2160 2271 2216 papae
2304 2147 2584 2201 leestini
2616 2146 2978 2200 antecessoris
3002 2146 3189 2209 vestri,
3231 2145 3408 2215 capite
3437 2145 3504 2199 l7
3534 2146 3708 2199 conti-

2118 2244 2297 2299 netur,
2325 2250 2392 2290 ne
2421 2234 2582 2289 alicui
2623 2235 2774 2289 locus
2813 2235 3141 2289 concedatur
3165 2233 3433 2288 sacerdoti
3475 2234 3529 2287 in
3572 2233 3717 2286 alte-~

2118 2325 2232 2381 rius
2276 2325 2550 2394 injuriam.
2581 2323 2907 2381 Antecessor
2942 2333 3143 2387 vester,
3172 2322 3528 2390 Zuentibaldo
3570 2323 3705 2377 duce

2120 2412 2839 2485 impetrante,Withingum
2888 2413 3224 2469 consecravit
3261 2412 3598 2481 episcOpum,
3647 2421 3702 2467 et

2119 2521 2460 2577 nequaquam
2500 2507 2552 2560 in
2586 2505 2733 2559 illum
2762 2506 3041 2575 antiquum
3084 2503 3459 2558 Pataviensem
3499 2502 3707 2571 episco-

2117 2607 2304 2668 patum
2334 2610 2458 2650 eum
2483 2595 2804 2658 transmisit,
2855 2594 2952 2648 sed
2987 2594 3039 2647 in
3064 2593 3351 2663 quamdam
3382 2592 3705 2662 neopbytam

2119 2696 2353 2758 gentem,
2394 2701 2554 2755 quam
2587 2686 2704 2755 ipse
2734 2685 2841 2738 (lux
2872 2684 3080 2738 domuit
3108 2683 3272 2747 bello,
3301 2691 3355 2736 et
3378 2697 3443 2736 ex
3484 2681 3707 2751 paganis

2119 2778 2455 2834 Christianos
2481 2793 2597 2833 esse
2629 2777 2878 2846 patravit.
2913 2776 3048 2831 Cum
3081 2787 3258 2830 autem
3287 2775 3491 2829 eisdem
3515 2772 3704 2827 Schla-

2117 2868 2201 2922 vis
2222 2868 2376 2922 locus
2406 2867 2794 2921 familiaritatis
2824 2866 2964 2935 apud
2987 2865 3192 2934 legatos
3220 2875 3430 2918 vestros
3452 2863 3704 2925 dabatur,

2116 2959 2448 3013 accusabant
2473 2971 2570 3010 nos
2598 2965 2653 3010 et
2677 2955 3027 3010 dill‘amabant
3055 2970 3155 3010 nos
3180 2956 3231 3008 in
3265 2955 3471 3018 ninltis,
3499 2964 3555 3008 et
3583 2968 3695 3007 ver-

2118 3050 2203 3104 bis
2233 3048 2579 3107 mcndacibns
2622 3046 2908 3109 instabant,
2951 3046 3075 3114 quia
3123 3058 3281 3098 nemo
3326 3044 3408 3098 eis
3453 3059 3578 3097 vera
3625 3058 3685 3097 re

427 3143 645 3212 quando
662 3113 836 3197 voluit
873 3113 929 3196 et
958 3143 1168 3207 debuit,
1209 3142 1338 3196 illuc
1370 3142 1514 3196 nullo
1554 3140 1805 3196 obstante
1846 3140 2011 3192 intra.
2040 3113 2083 3173 (ἶ
2122 3137 2443 3208 spondebat,
2475 3136 2717 3191 dicentes
2757 3150 2853 3189 nos
2882 3145 2937 3189 et
2963 3113 3083 3189 cum
3111 3134 3336 3188 Francis
3360 3143 3417 3187 et
3447 3131 3703 3186 Aleman-

429 3232 529 3296 vit,
570 3238 626 3284 et
664 3229 974 3300 synodalem
1018 3244 1141 3284 cum
1187 3231 1320 3295 suis,
1348 3239 1404 3284 et
1434 3229 1598 3284 etiam
1647 3228 1718 3282 ibi
1763 3226 2015 3293 inventis,

430 3330 755 3376 conventum
797 3321 1180 3391 frequentavit,
1214 3329 1269 3377 et
1297 3322 1476 3376 omnia
1502 3337 1622 3391 qum
1663 3319 1865 3389 agenda
1895 3327 2020 3373 sunt

430 3398 680 3483 potenter
706 3412 834 3482 egit,
876 3423 933 3466 et
957 3412 1136 3467 nullus
1172 3413 1222 3467 ei
1264 3412 1318 3467 in
1350 3412 1541 3466 faciem
1594 3411 1811 3465 restitit.
1844 3409 2018 3463 Etiam

430 3512 487 3556 et
517 3502 687 3567 nostri
729 3502 957 3556 comites
987 3502 1060 3556 illi
1090 3511 1245 3558 terra;
1286 3502 1527 3557 confines
1568 3499 1763 3569 placita
1793 3497 2018 3552 szccula-

432 3591 515 3644 ria
574 3590 681 3644 illic
738 3590 1214 3656 continuaverunt,
1267 3599 1323 3645 et
1366 3604 1486 3658 qua:
1530 3586 1845 3658 corrigenda
1896 3593 2022 3639 sunt

433 3687 810 3742 correxerunt,
858 3678 1059 3733 tributa
1109 3677 1371 3743 tulerunt,
1420 3686 1474 3732 et
1522 3676 1653 3731 nulli
1696 3677 1774 3731 eis
1814 3673 2023 3729 restite-

435 3776 601 3831 runt;
638 3782 825 3835 usque
856 3767 1004 3831 dum,
1029 3766 1333 3823 incessente
1362 3767 1525 3821 corda
1557 3780 1745 3821 eorum
1782 3765 2018 3820 diabolo.

434 3858 895 3914 Cbristianilatem
974 3859 1311 3923 abhorrere,
1372 3869 1428 3913 et
1479 3872 1694 3912 omnem
1754 3856 2021 3925 justitiam

436 3949 765 4013 detrectare,
815 3948 1064 4017 belloque
1108 3948 1376 4004 lacessere
1415 3957 1470 4002 et
1502 3948 1766 4002 obsistere
1792 3946 2025 4001 saevissi-

436 4058 527 4097 me
560 4048 862 4109 coeperunt,
890 4040 1027 4095 adeo
1069 4050 1126 4095 ut
1150 4040 1235 4095 via
1280 4041 1534 4110 episcopo
1565 4047 1619 4094 et
1662 4038 2026 4108 praedicatori-

437 4130 539 4185 bus
570 4129 657 4182 illa
692 4144 797 4181 non
827 4136 991 4193 esset,
1017 4129 1113 4183 sed
1142 4128 1293 4182 libita
1325 4144 1425 4184 suo
1455 4137 1680 4199 egerunt
1700 4143 1819 4196 quae
1847 4126 2027 4181 volue-

440 4229 582 4274 runt.
628 4218 778 4273 Nunc
803 4233 951 4284 vero,
982 4219 1126 4288 quod
1164 4234 1329 4290 grave
1373 4220 1529 4274 nobis
1577 4218 1811 4281 videtur,
1853 4227 1912 4272 et
1942 4218 2029 4272 in-

438 4307 716 4373 credibile,
755 4309 807 4361 in
840 4315 1192 4378 augmentum
1225 4305 1435 4375 injuriae
1455 4307 1707 4377 jac’titant
1733 4320 1792 4362 se
1820 4306 2027 4377 magni-

440 4400 624 4453 tudine
672 4400 915 4467 pecuniae
952 4399 1003 4452 id
1055 4398 1247 4469 egisse,
1295 4398 1473 4469 qualia
1513 4398 1580 4453 de
1616 4398 1702 4452 illa
1732 4398 2026 4469 apostolica

439 4492 568 4546 sede
619 4505 893 4559 nunquam
937 4490 1244 4544 audivimus
1290 4496 1487 4555 exisse,
1540 4505 1714 4560 neque
1757 4503 2025 4545 canonum

440 4582 653 4635 decreta
701 4580 971 4644 sanxisse,
1001 4587 1061 4633 ut
1090 4588 1299 4634 tantum
1348 4580 1583 4635 schisma
1618 4594 1720 4634 una
1749 4588 2028 4649 pateretur

442 4674 703 4729 Ecclesia.
735 4674 832 4727 Est
854 4675 999 4727 enim
1025 4689 1162 4727 unus
1190 4675 1531 4743 episcopatus
1553 4674 1605 4727 in
1628 4673 1865 4743 quinque
1891 4672 2029 4727 divi-

441 4780 555 4819 sus.
605 4764 869 4818 lnlrantes
927 4763 1071 4817 enim
1129 4764 1368 4833 praedicti
1425 4764 1665 4834 episcopi
1709 4765 1762 4819 in
1806 4764 2025 4819 nomine

442 4864 652 4917 vestro,
681 4863 739 4906 nt
769 4853 868 4922 ipsi
898 4853 1171 4918 dixerunt,
1202 4852 1587 4907 ordinaverunt
1613 4855 1665 4907 in
1691 4869 1799 4908 uno
1818 4855 2029 4910 eodem-

441 4958 547 5015 que
571 4940 904 5013 episcopatu,
936 4943 1107 4997 tmum
1133 4942 1599 5013 archiepiscopum
1645 4943 1713 5013 (si
1758 4954 1935 5000 tamen
1967 4945 2024 5000 in

444 5033 671 5093 alterius.
714 5035 1039 5104 episcopatu
1070 5035 1552 5105 archiepiscopium
1600 5035 1723 5107 [αι.,
1758 5036 2027 5108 archiepi-

444 5137 657 5193 scopus.
687 5123 889 5196 Hann]
919 5141 1041 5181 esse
1062 5127 1261 5197 potest)
1294 5136 1349 5182 et
1374 5136 1485 5182 tres
1504 5126 1875 5197 suffraganeos
1903 5129 2022 5198 ejus

442 5218 722 5287 episcopos
756 5218 960 5287 absque
978 5217 1206 5272 scientia
1238 5218 1646 5288 archiepiscopi,
1676 5226 1732 5273 et
1755 5233 2023 5275 consensu

442 5312 679 5382 episcOpi
734 5314 787 5367 in
817 5313 970 5383 cujus
1005 5312 1225 5367 fuerunt
1259 5311 1495 5367 dimccsi.
1538 5309 1671 5363 Cum
1712 5309 1764 5363 in
1796 5310 2024 5364 concilio

442 5401 721 5471 Africano,
766 5418 885 5474 cap.
934 5402 1024 5469 20,
1071 5403 1348 5458 decretum
1390 5401 1459 5455 sit
1502 5407 1562 5456 ut
1605 5397 1789 5469 plebes
1815 5413 1933 5469 qua:
1969 5400 2023 5457 in

445 5573 514 5628 ad
543 5571 801 5627 Joannem
828 5571 900 5626 IX
921 5572 1141 5626 missam
1164 5582 1283 5624 esse
1301 5575 1534 5626 constat.
1558 5580 1624 5619 ex
1649 5566 2022 5636 episcoporum

445 5643 539 5713 qui
585 5642 837 5713 scribunt
868 5650 1049 5705 aetate,
1094 5649 1146 5713 ut
1174 5639 1367 5713 _disce_s
1395 5652 1459 5691 ex
1496 5636 1692 5689 Hundii
1726 5648 1878 5670 mn--
1914 5652 1926 5656 ο
1987 5638 2017 5654 ··

447 5705 871 5764 Salisburaensis
924 5718 1032 5750 lem
1099 5708 1116 5732 '
1174 5706 1213 5730 ¹”
1327 5705 1338 5714 “

2123 3228 2205 3283 nis
2229 3225 2541 3282 scandalum
2573 3235 2628 3281 et
2655 3225 2977 3281 discordiam
3006 3225 3282 3288 habuisse,
3315 3240 3436 3277 cum
3470 3223 3571 3278 hoc
3601 3221 3703 3275 fai-

2094 3334 2239 3374 sum
2266 3331 2389 3372 esse
2416 3332 2483 3371 ex
2504 3316 2608 3372 hoc
2637 3317 2994 3381 convincitur,
3022 3315 3147 3385 quia
3181 3314 3494 3369 amicissimi
3528 3312 3703 3367 nostri

2122 3417 2267 3473 sunt,
2306 3417 2359 3463 et
2387 3407 2704 3463 ebaritative
2746 3418 3126 3477 cooperantes,
3152 3414 3208 3460 et
3236 3406 3396 3461 etiam
3419 3420 3540 3460 cum
3570 3404 3703 3475 ipsis

2124 3498 2426 3567 impacatos
2458 3512 2576 3551 esse
2603 3499 2951 3557 accusabant.

2194 3588 2347 3654 Quod
2377 3602 2486 3640 non
2521 3594 2707 3641 nostra
2734 3586 2891 3656 culpa
2922 3586 3192 3657 exigente,
3232 3586 3328 3640 sed
3367 3601 3460 3639 sua
3502 3595 3711 3655 proter-

2122 3681 2209 3735 via
2244 3680 2475 3735 faciente
2500 3720 2515 3744 ,
2561 3680 2634 3733 ita
2678 3679 2911 3735 fatemur
2952 3693 3093 3734 esse.
3138 3677 3273 3745 Quia
3310 3679 3526 3746 quando
3547 3678 3710 3732 Chri-

2124 3771 2377 3826 stianitas
2418 3768 2738 3839 illis'ctepit
2786 3769 3067 3832 vilescere,
3120 3775 3177 3823 et
3207 3767 3425 3837 insuper
3467 3766 3708 3819 debitum

2126 3861 2383 3915 tributum
2431 3860 2737 3914 senioribus
2779 3860 2983 3915 nostris
3022 3859 3241 3930 regibus
3280 3865 3336 3911 et
3374 3854 3711 3926 principibus

2125 3966 2312 4006 eorum
2364 3949 2573 4005 solvere
2625 3958 2986 4020 respuerant,
3041 3949 3290 4019 belloque
3334 3947 3606 4011 resistere,
3656 3956 3711 4001 et

2127 4036 2342 4113 gentem
2377 4051 2615 4096 nostram
2646 4050 2929 4113 coeperunt
2968 4041 3261 4103 lacessere,
3301 4050 3420 4093 orta
3451 4049 3531 4093 est
3571 4038 3713 4093 sedi-

2130 4133 2204 4187 tio
2244 4133 2385 4187 inter
2420 4131 2561 4186 illos.
2594 4132 2660 4186 Et
2690 4133 2943 4202 quoniam
2978 4130 3149 4185 armis
3192 4130 3292 4184 sibi
3334 4144 3428 4184 eos
3463 4128 3713 4182 defende-

2130 4231 2279 4288 runt,
2311 4231 2366 4279 et
2406 4223 2461 4277 in
2510 4224 2788 4278 servitium
2826 4221 3177 4291 redegerunt,
3215 4220 3417 4275 idcirco
3441 4219 3562 4288 jure
3588 4232 3713 4287 pro-

2092 4317 2247 4386 prio
2296 4316 2610 4372 tributarios
2652 4319 2853 4371 habere
2898 4316 3238 4377 debuerunt,
3282 4320 3338 4368 et
3379 4312 3610 4375 debent,
3657 4320 3713 4365 et

2129 4408 2244 4463 sive
2272 4408 2454 4471 velint,
2488 4407 2603 4461 sive
2644 4407 2833 4471 nolint,
2861 4420 3028 4476 regno
3059 4413 3247 4459 nostro
3290 4401 3496 4456 subacti
3534 4409 3709 4455 crum.

2133 4497 2471 4567 Quapropter
2505 4504 2718 4565 oportet
2761 4510 2858 4551 vos
2895 4496 2965 4550 ab
2992 4494 3103 4550 alto
3131 4493 3420 4564 speculari,
3450 4502 3505 4547 et
3533 4492 3710 4546 mode—

2137 4587 2362 4641 raminis
2412 4586 2726 4654 temperiem
2776 4600 2887 4655 pra:
2924 4583 3177 4639 omnibus
3214 4591 3418 4645 tenere,
3463 4596 3531 4633 ne
3568 4579 3715 4649 pejor

2096 4684 2099 4687 '
2134 4692 2263 4747 pars
2289 4675 2646 4741 confortetur,
2672 4685 2727 4730 et
2757 4675 2951 4730 melior
2977 4672 3303 4729 inﬁrmetur.
3333 4671 3715 4741 Progenitores

2136 4780 2370 4835 namque
2411 4764 2739 4820 serenissimi
2797 4764 3027 4845 senioris
3057 4761 3252 4826 nostri,
3285 4759 3526 4815 Ludwici
3571 4758 3713 4812 vidc-

2136 4855 2262 4911 licet
2287 4853 2645 4924 imperatoris,
2679 4862 2734 4908 et
2770 4868 2925 4924 reges
2953 4868 3021 4907 ex
3048 4851 3510 4909 Christianissima
3541 4848 3711 4903 Fran-

2098 4960 2322 5001 corum
2359 4954 2517 5015 gente
2562 4942 2898 5012 prodierunt.
2946 4942 3216 4998 Moimarii
3244 4955 3374 4994 vero
3403 4938 3635 4998 Schlavi,
3683 4951 3715 4991 a

2094 5048 2100 5055 ‘
2132 5036 2359 5109 paganis
2384 5043 2439 5090 et
2463 5033 2696 5089 ethnicis
2726 5030 3013 5089 venerunt.
3056 5031 3135 5090 Illi
3177 5032 3418 5104 potentia
3450 5029 3711 5101 imperiali

2133 5131 2430 5185 Romanam
2476 5124 2867 5194 rempublicam
2898 5125 3349 5189 sublimaverunt,
3380 5123 3469 5177 isti
3495 5124 3717 5176 damna-

2130 5227 2344 5276 verunt.
2371 5217 2447 5272 Illi
2474 5215 2841 5271 Christianum
2881 5231 3106 5287 regnum
3132 5214 3593 5273 confortaverunt,
3626 5209 3712 5264 isti

2131 5309 2561 5366 intirmaverunt.
2591 5305 2669 5359 Illi
2709 5305 2804 5360 toti
2846 5306 3046 5359 mundo
3091 5303 3413 5374 spectabiles
3447 5315 3715 5371 apparue-

2133 5407 2282 5466 runt,
2310 5397 2399 5453 isti
2429 5393 2664 5450 latibulis
2689 5402 2745 5450 et
2769 5392 2995 5450 urbibus
3019 5393 3276 5449 occultati
3307 5391 3544 5446 fuerunt.
3588 5389 3713 5444 Illo-

2132 5569 2375 5652 proxime
2400 5565 2695 5622 antecedit.
2725 5566 2968 5616 ediderat
2991 5574 3117 5612 ante.
3141 5561 3412 5612 Gevaldns
3436 5564 3489 5612 in
3516 5579 3711 5624 αυυθιι.
