4026 6406
216 368 289 423 57
1373 359 1600 423 CANON
1641 358 1727 414 DE
1763 358 2146 419 ELECTIONIS
2179 360 2401 418 ΡΑΡᾸΞ.
3432 365 3505 422 38

220 498 343 535 runt
371 477 601 531 consilio
632 460 924 544 apostolica
962 473 1120 527 sedes
1151 471 1403 542 pollebat,
1438 473 1659 527 istorum
1693 488 1810 543 per—
1843 476 1887 534 Α
1915 482 2160 544 possunt,
2196 482 2427 543 quantos
2467 471 2585 527 dies
2628 470 2980 532 transierunt.
3012 480 3068 527 et
3106 479 3271 526 totam
3299 481 3501 530 terram

216 570 503 623 secutione
571 564 952 620 Christianitas
1010 562 1243 617 dolebat.
1304 561 1365 615 In
1419 564 1670 618 omnibus
1728 563 1813 617 his

209 659 543 730 juvenculns
582 672 676 710 rex
706 665 911 719 noster,
944 654 1074 708 nulli
1104 654 1562 723 praedecessorum
1591 669 1812 707 suorum

217 752 488 811 inferior,
540 748 836 803 secundum
893 746 1147 799 virtutem
1197 760 1226 798 a
1276 746 1397 800 Deo
1430 745 1533 799 sibi
1579 742 1762 798 datam
1795 785 1810 810 ,

214 853 423 897 sanctzc
456 841 716 894 Romana:
746 838 1017 899 Ecclesia),
1049 847 1103 890 et
1132 837 1285 891 vobis
1313 852 1525 891 summo
1550 836 1809 907 pontiﬁci,

210 950 344 987 cum
370 931 626 985 omnibus
652 930 800 999 regni
828 929 908 983 sui
930 927 1262 997 principibus
1284 928 1498 996 adjutor
1523 936 1669 995 optat
1692 942 1813 981 esse

214 1021 577 1075 fortissimus.
622 1018 795 1072 Omne
846 1032 1080 1086 namque
1133 1026 1356 1087 regnum
1404 1017 1662 1070 divinitus
1711 1017 1811 1072 sibi

211 1113 579 1168 commissum
616 1110 681 1163 ad
713 1110 803 1163 Dei
849 1110 1131 1164 servitium
1180 1123 1443 1177 suumque
1485 1108 1813 1178 adjutorium

211 1218 385 1256 unum
415 1201 533 1254 vult
562 1210 617 1253 et
645 1210 924 1268 operatur.
960 1198 1111 1253 Unde
1138 1207 1192 1252 et
1233 1213 1366 1267 pace
1396 1197 1563 1265 viget,
1602 1207 1657 1251 et
1684 1212 1817 1250 con-

213 1293 410 1347 cordia
460 1290 788 1360 gratulatur,
835 1299 998 1359 atque
1023 1289 1091 1343 ad
1125 1298 1364 1342 vestram
1410 1288 1809 1358 paternitatem,

211 1386 362 1439 sicut
416 1391 603 1452 patres
644 1382 730 1435 sui
808 1396 868 1434 se
912 1380 1185 1449 pertinere
1233 1380 1464 1433 laetatur.
1517 1378 1669 1444 Quod
1718 1394 1815 1433 nos

210 1475 432 1545 prmfati
461 1474 681 1529 Scltlavi
712 1474 1162 1533 criminabantur,
1208 1486 1331 1526 cum
1381 1470 1611 1539 Ungaris
1654 1470 1812 1525 fidem

212 1566 546 1621 catholicam
577 1564 828 1627 violasse,
854 1574 909 1618 et
932 1579 1028 1633 per
1052 1578 1265 1623 canem.
1296 1576 1388 1616 seu
1416 1561 1619 1630 lupum,
1653 1560 1817 1614 alias-

210 1673 325 1727 que
374 1655 793 1710 nefandissimas
823 1664 877 1708 et
921 1653 1171 1708 ethnicus
1213 1667 1323 1716 res,
1368 1659 1711 1705 sacramenta
1760 1658 1817 1704 ct

212 1760 410 1816 pacem
455 1745 657 1813 egisse,
688 1752 850 1812 atque
878 1752 931 1796 ut
978 1743 1030 1795 in
1075 1741 1284 1795 Italiam
1316 1740 1613 1794 transirent
1652 1754 1815 1809 pecu-

1916 564 2209 619 desolatam
2244 564 2513 618 viderunt.
2563 562 2789 630 Quando
2816 576 2965 617 vero
3008 561 3255 631 Ungaros
3299 563 3506 621 Italiam

1917 656 2146 710 intrasse
2166 656 2545 726 comperimus,
2568 654 2855 724 paciﬁcare
2872 669 2991 709 cum
3008 654 3212 710 eisdem
3235 655 3505 723 Sclilavis,

1916 756 2053 801 teste
2097 747 2227 811 Deo,
2262 747 2489 800 multum
2514 746 2959 810 desideravimus,
3004 748 3382 817 promittentes
3425 749 3509 804 eis

1914 848 2136 909 propter
2158 839 2324 893 Deum
2350 839 2771 907 omnipotentem
2805 837 2871 891 ad
2898 836 3194 907 perfectum
3225 838 3504 909 indulgere

1915 934 2093 987 omnia
2128 932 2267 986 mala
2316 941 2502 987 contra
2542 948 2641 988 nos
2680 940 3005 1001 nostrosque
3047 940 3186 994 acta,
3231 940 3287 987 et
3324 931 3505 986 omnia

1915 1024 2143 1077 reddere
2175 1038 2293 1091 quae
2319 1022 2385 1076 de
2418 1022 2531 1076 suis
2572 1032 2786 1077 nostros
2811 1030 3084 1076 constaret
3116 1021 3335 1086 habere,
3372 1036 3507 1090 qua-

1917 1117 2073 1164 tenus
2093 1126 2157 1164 ex
2184 1110 2285 1164 illis
2308 1124 2525 1165 securos
2548 1124 2644 1165 nos
2664 1111 2969 1174 redderent,
2993 1118 3048 1165 et
3070 1110 3253 1164 tandiu
3271 1109 3505 1178 spatium

1915 1200 2133 1264 darent,
2167 1201 2401 1268 quandiu
2433 1199 2863 1269 Longobardiam
2893 1199 3050 1253 nobis
3078 1199 3281 1253 intrare
3333 1209 3388 1253 et
3418 1214 3508 1255 res

1916 1291 2089 1347 sancti
2140 1291 2283 1344 Petri
2341 1290 2692 1357 defendere,
2725 1290 3085 1359 populumque
3139 1289 3505 1344 Christianum

1916 1382 2100 1436 divino
2131 1382 2397 1451 adjutorio
2429 1383 2693 1437 redimere
2737 1382 2943 1437 liceret.
2973 1382 3037 1435 Et
3084 1396 3183 1436 nec
3224 1382 3398 1452 ipsum
3438 1381 3507 1436 ab

1915 1474 1995 1528 eis
2020 1473 2265 1530 obtinere
2298 1473 2591 1542 potuimus,
2621 1481 2682 1527 ut
2714 1482 2836 1543 post
2865 1482 3012 1527 tanta
3051 1472 3311 1527 maleﬁcia
3334 1472 3504 1528 habe-

1914 1573 2041 1617 rent
2067 1564 2360 1628 beneﬁcia;
2389 1573 2441 1619 et
2467 1573 2593 1618 sunt
2625 1558 2743 1618 falsi
2775 1573 3141 1630 accusatores,
3170 1564 3263 1633 qui
3290 1578 3508 1642 semper

1915 1654 2067 1710 fuere
2108 1652 2537 1713 Christianorum
2590 1664 2981 1724 persecutores.
3024 1653 3081 1709 Si
3121 1655 3241 1723 quis
3292 1654 3345 1708 in
3391 1664 3505 1708 toto

1918 1747 2121 1800 mundo
2147 1746 2406 1799 aliorsum
2450 1761 2548 1800 nos
2586 1748 2871 1801 oberrasse
2908 1755 2962 1800 et
2998 1743 3219 1813 ἱιιδιίιίίεε
3244 1746 3509 1800 restitisse

214 1838 368 1889 niam
421 1834 637 1888 dedisse
667 1874 682 1897 ,
725 1834 769 1887 si
823 1834 974 1887 vobis
1021 1848 1203 1888 coram
1245 1833 1441 1902 posito,
1484 1832 1621 1886 ratio
1671 1832 1814 1886 inter
1843 1829 1887 1888 B
1916 1835 2147 1903 probare
2175 1842 2422 1899 conetur,
2453 1833 2631 1890 veniat
2658 1849 2917 1903 praesens,
2952 1843 3006 1889 et
3033 1849 3157 1887 eum
3182 1834 3504 1899 lndiﬁcasse,

214 1944 321 1981 nos
348 1927 653 1996 agitaretur
680 1935 806 1980 ante
849 1927 1040 1987 Deum,
1089 1925 1179 1993 qui
1230 1931 1425 1979 cuncta
1466 1923 1616 1977 novit
1661 1930 1815 1976 ante-

213 2033 382 2085 quam
412 2020 570 2081 fiant,
603 2024 657 2070 et
686 2030 867 2070 coram
893 2014 1047 2069 vobis
1078 2014 1167 2082 qui
1212 2014 1387 2068 vicem
1419 2012 1535 2081 ejus
1564 2011 1814 2083 apostoli-

215 2126 340 2163 cam
380 2108 581 2162 tenetis
609 2124 796 2162 eorum
836 2107 1047 2160 falsitas
1081 2104 1540 2169 manifestaretur,
1571 2114 1625 2160 ct
1657 2104 1814 2159 inno-

216 2199 403 2253 centia
434 2207 644 2259 nostra
700 2198 1045 2266 probaretur.
1098 2196 1232 2262 Quia
1283 2196 1426 2249 enim
1492 2193 1817 2249 Christianis

216 2288 427 2342 nostris
468 2288 628 2355 longe
672 2302 703 2341 a
744 2287 899 2340 nobis
944 2286 1137 2355 positis
1177 2299 1389 2354 semper
1440 2283 1814 2348 imminebant,

214 2389 272 2436 et.
319 2380 705 2449 persecutione
751 2378 913 2432 nimia
962 2375 1299 2447 aﬁiigebant,
1351 2375 1667 2430 donavimus
1711 2374 1816 2429 illis

216 2470 422 2526 nullius
466 2470 719 2539 pretiosa:
756 2469 1038 2538 pecuniam
1087 2468 1422 2532 substantiae,
1468 2467 1560 2522 sed
1607 2475 1814 2521 tantum

217 2572 409 2619 nostra
432 2561 579 2615 linea
604 2562 945 2627 vestimenta,
972 2569 1239 2630 quatenus
1266 2559 1606 2629 aliquatenus
1626 2574 1815 2614 eorum

220 2654 501 2709 feritatem
552 2650 927 2716 molliremus,
979 2662 1034 2706 et
1087 2652 1156 2705 ab
1201 2664 1390 2704 eorum
1438 2650 1817 2720 persecutione

216 2747 647 2817 quiesceremus.
706 2742 856 2797 Talia
923 2756 1195 2812 namque,
1252 2749 1311 2795 ut
1363 2740 1812 2812 prrescripsimus,

213 2838 367 2908 juxta
402 2834 675 2890 malitiam
696 2836 875 2890 cordis
905 2835 987 2890 sui
1017 2843 1480 2903 argumentantes,
1522 2842 1576 2887 et
1600 2831 1818 2902 pontiﬁ-

221 2938 555 2993 cesvestros
584 2926 845 2999 [nostros]
873 2928 938 2981 ad
963 2926 1215 2995 injuriam
1240 2936 1482 2980 nostram
1508 2925 1815 2989 incitantes,

222 3021 381 3084 adeo,
414 3028 477 3073 ut
520 3017 729 3072 directa
768 3017 924 3072 nobis
963 3015 1192 3086 epistola
1232 3015 1386 3085 quasi
1422 3016 1491 3069 ab
1520 3014 1815 3085 apostolica

222 3112 374 3175 sede,
406 3110 528 3164 haec
552 3109 732 3163 omnia
757 3109 1216 3178 improperabant,
1242 3115 1296 3162 et
1324 3108 1567 3161 diversas
1594 3105 1817 3175 injurias

220 3203 571 3274 ingerebant,
599 3209 761 3270 atque
791 3202 929 3255 inter
969 3200 1075 3256 alia
1107 3200 1290 3254 divino
1324 3197 1502 3269 gladio
1543 3197 1817 3253 feriendus

223 3294 419 3365 dignos
448 3294 718 3349 dicebant.
754 3291 1014 3365 Impletur
1043 3292 1187 3347 enim
1220 3291 1273 3346 in
1316 3291 1470 3346 nobis
1517 3291 1659 3361 quod
1698 3290 1819 3360 qui-

225 3386 350 3439 dam
379 3384 599 3454 sapiens
627 3384 704 3438 ait
728 3402 740 3437 :
763 3384 948 3438 Justus
968 3383 1087 3438 tulit
1109 3384 1305 3437 crimen
1333 3382 1517 3452 iniqui.
1544 3381 1648 3450 Ipsi
1674 3381 1817 3434 enim

224 3476 436 3529 crimen
483 3474 629 3543 quod
678 3473 833 3528 nobis
881 3473 1020 3528 falso
1067 3473 1235 3529 semel
1293 3471 1495 3525 factum
1531 3470 1819 3539 imposue-

224 3577 378 3631 runt,
413 3565 599 3620 multis
635 3565 792 3619 annis
826 3573 1170 3636 peregerunt.
1195 3563 1300 3633 Ipsi
1340 3561 1679 3632 Ungarorum
1710 3573 1817 3613 non

225 3659 499 3713 modicam
538 3656 931 3711 multitudinem
978 3656 1046 3711 ad
1086 3669 1145 3710 se
1176 3663 1543 3724 sumpserunt,
1575 3660 1631 3706 et
1668 3664 1819 3705 more

219 3762 417 3801 eorum
462 3746 639 3815 capita
682 3760 902 3800 suorum
948 3743 1570 3816 pseudochristianorum
1609 3741 1820 3810 penitus

221 3835 611 3901 detonderunt,
646 3843 702 3890 et
731 3851 892 3905 super
932 3850 1031 3890 nos
1075 3832 1412 3887 Christianos
1458 3830 1818 3893 immiserunt,

223 3936 392 3995 atque
424 3927 525 3995 ipsi
552 3934 995 3995 supervenerunt,
1026 3933 1082 3981 et
1108 3924 1240 3978 alios
1259 3923 1503 3992 captivos
1526 3923 1819 3985 duxerunt,

222 4018 364 4071 alios
392 4014 728 4081 occiderunt,
778 4016 910 4071 alios
945 4014 1116 4069 ferina
1145 4028 1426 4068 carcerum
1469 4010 1613 4066 fatue
1640 4019 1696 4065 et
1731 4010 1821 4066 siti

221 4107 600 4176 perdiderunt,
650 4107 962 4162 innumeros
1003 4120 1133 4160 vero
1160 4104 1352 4158 exsilio
1381 4101 1728 4171 deputarunt,
1766 4110 1823 4156 et

223 4197 442 4251 nobiles
465 4196 612 4250 viros
634 4211 697 4250 ac
721 4197 974 4252 honestas
1002 4195 1256 4250 mulieres
1285 4193 1337 4247 in
1366 4192 1647 4247 servitium
1674 4192 1825 4246 rede-

222 4296 447 4357 gerunt,
478 4287 735 4343 ecclesias
777 4287 869 4342 Dei
902 4288 1277 4349 incenderunt,
1298 4292 1352 4338 et
1388 4284 1571 4339 omnia
1596 4282 1824 4337 azdillcia

224 4378 567 4440 deleverunt,
602 4378 683 4443 ita,
715 4386 774 4432 ut
796 4379 848 4432 in
893 4386 1004 4433 tota
1044 4376 1322 4432 Pannonia
1353 4383 1541 4431 nostra
1585 4374 1823 4428 maxima

225 4469 507 4539 provincia
552 4477 756 4523 tantum
790 4486 895 4525 una
933 4485 1038 4526 nou
1085 4477 1343 4540 appareat
1368 4465 1621 4532 ecclesia,
1665 4472 1825 4535 prout

221 4563 469 4632 episcopi
493 4579 523 4615 a
553 4562 705 4617 vobis
734 4562 1014 4629 destinati,
1056 4562 1103 4617 si
1147 4560 1305 4616 fateri
1345 4558 1535 4625 velint,

227 4773 403 4799 -

410 4765 1837 4793 Μ

1918 1939 2125 1993 nosque
2163 1926 2229 1980 de
2264 1925 2381 1979 hac
2403 1938 2461 1978 re
2488 1924 2729 1979 sentietis
2766 1912 3084 1994 purissimos
3121 1939 3261 1979 esse.
3302 1924 3508 1979 Idcirco

1917 2016 2111 2086 singuli
2132 2031 2426 2086 omnesque
2448 2015 2785 2071 admonendo
2806 2032 3106 2087 precamur,
3132 2032 3199 2072 ne
3220 2017 3329 2071 ullo
3348 2018 3506 2071 modo

1917 2106 2077 2161 alicui
2119 2104 2255 2160 falso
2281 2107 2347 2161 de
2388 2107 2544 2161 nobis
2586 2106 2821 2175 aliquam
2862 2107 3223 2176 suspicionem
3252 2106 3503 2161 referenti

1917 2197 2121 2253 creduli
2145 2198 2286 2261 sitis,
2319 2207 2607 2267 antequam
2635 2199 3012 2267 opportunitas
3034 2198 3231 2269 exigat,
3259 2206 3317 2252 ut
3349 2197 3507 2268 hujus

1919 2289 1997 2344 rei
2026 2290 2198 2359 gratia
2231 2290 2428 2345 missus
2469 2290 2536 2345 de
2566 2298 2745 2345 vestra
2786 2288 3103 2345 celsitudine
3140 2289 3314 2354 nobis,
3345 2296 3438 2343 aut
3472 2303 3502 2343 a

1919 2391 2102 2435 nostra
2125 2382 2395 2450 parvitate
2428 2381 2667 2436 directus
2700 2391 2957 2451 appareat
2987 2382 3157 2437 vobis.
3193 2380 3508 2436 Communis

1918 2472 2151 2543 gemitus
2180 2481 2233 2527 et
2275 2473 2540 2543 generalis
2575 2472 2729 2527 dolor
2764 2482 3015 2543 angustat
3042 2488 3177 2543 quos
3214 2454 3507 2527 Germania

1918 2573 1972 2618 et
2001 2573 2111 2618 tota
2152 2573 2295 2619 tenet
2330 2564 2544 2629 Norica,
2569 2564 2710 2634 quod
2745 2565 2927 2618 unitas
2964 2564 3219 2621 Ecclesize
3253 2564 3508 2619 dividitur

1918 2655 2177 2709 scissura.
2205 2654 2298 2710 Est
2318 2655 2479 2719 enim,
2513 2665 2571 2709 ut
2596 2654 2979 2724 praemisimus,
3004 2671 3143 2710 unus
3168 2654 3509 2724 episcopatus

1919 2745 1972 2800 in
2006 2746 2245 2815 quinque
2277 2746 2502 2801 divisus.
2545 2746 2671 2802 Ideo
2707 2746 2750 2801 si
2788 2745 2916 2815 quid
2954 2744 3101 2800 fraus
3140 2744 3355 2816 maligni
3384 2744 3505 2817 [al.,

1918 2839 2176 2909 maligna.
2210 2834 2411 2910 [nam]
2460 2832 2815 2893 Sclilavorum
2857 2836 3147 2891 calliditate
3185 2836 3506 2901 adduxerat,

1912 2931 2121 3002 justitia
2169 2938 2362 2984 vertat.
2414 2930 2629 3000 Vosque
2668 2929 2867 2983 virtute
2912 2942 2980 2982 ex
3035 2927 3145 2981 alto
3189 2926 3402 2990 induti,
3454 2935 3509 2982 et

1921 3021 2213 3093 apostolica
2248 3029 2518 3091 potestate
2547 3019 2764 3084 armati,
2784 3019 2928 3090 justa
2954 3018 3272 3088 prophetam
3301 3035 3315 3072 :
3352 3016 3508 3083 Quod

1922 3112 2148 3183 fractum
2174 3122 2249 3166 est
2276 3112 2513 3183 alligata,
2544 3112 2683 3182 quod
2706 3111 2976 3179 infirmum
3005 3109 3342 3171 consolidate,
3368 3107 3509 3178 quod

1842 3178 1887 3241 ε
1921 3178 2180 3272 objectnm
2204 3178 2469 3267 reducite;
2495 3178 2564 3255 ut.
2585 3201 2838 3269 deinceps
2860 3198 3112 3269 populus,
3137 3206 3192 3253 et
3220 3196 3341 3251 ﬁdei
3373 3196 3510 3250 inte-

1922 3293 2117 3364 gritate
2140 3292 2462 3361 gratuletur,
2486 3298 2541 3345 et
2564 3299 2752 3346 sancta
2776 3288 3016 3344 Ecclesia
3039 3286 3324 3357 tranquilla
3344 3284 3510 3341 devo—

1921 3382 2066 3436 tione
2097 3380 2306 3434 laetetur

1991 3490 2350 3545 Theotmarus
2387 3486 2636 3559 indignus
2671 3486 3129 3557 archiepiscopus,
3154 3494 3208 3541 et
3251 3483 3509 3556 apostoll-

1920 3594 2107 3632 carum
2147 3592 2324 3647 rerum
2365 3586 2687 3646 procurator
2726 3576 3178 3648 promptissimus.
3220 3574 3508 3630 Pecuniam

1918 3679 2103 3725 vestro
2134 3667 2242 3737 juri
2287 3668 2521 3724 debitam
2545 3707 2560 3731 ,
2613 3675 2835 3739 propter
2884 3665 3137 3721 infestam
3177 3679 3509 3736 paganorum

1920 3761 2206 3825 szevitiam,
2245 3775 2344 3815 nec
2372 3774 2470 3831 per
2502 3774 2589 3814 me
2618 3768 2885 3829 poteram,
2912 3773 3011 3813 nec
3035 3773 3137 3829 per
3161 3757 3294 3812 alios
3327 3765 3506 3810 trans-

1921 3853 2167 3917 mittere;
2220 3852 2314 3905 sed
2355 3852 2482 3921 quia
2529 3850 2624 3905 Dei
2672 3850 2845 3921 gratia
2903 3849 3125 3904 liberata
3186 3856 3267 3902 est
3322 3846 3506 3909 Italia,

1922 3951 2125 4011 quanto
2174 3941 2334 3995 citius
2378 3950 2586 4011 potero,
2626 3941 2781 3996 vobis
2824 3940 3206 3995 transmittam.
3251 3937 3512 3994 Precatur

1922 4041 2107 4087 nostra
2132 4032 2405 4088 humilitas
2425 4041 2485 4087 ut
2506 4032 2757 4102 dignetur
2768 4040 2946 4086 vestra
2969 4030 3271 4085 sublimitas
3292 4044 3513 4100 respon-

1923 4125 2052 4180 dere
2072 4138 2171 4195 per
2197 4122 2405 4193 singula
2435 4123 2751 4177 transmissa
2779 4137 2902 4177 cum
2932 4122 3175 4193 epistola.

1992 4256 2148 4311 Alme
2174 4266 2327 4327 pater
2354 4256 2539 4311 mundi
2573 4256 2767 4326 dignus
2792 4269 2890 4324 pro
2915 4255 3131 4309 nomine
3160 4252 3326 4319 Petri,

1994 4346 2221 4407 Nomine
2243 4362 2401 4416 quem
2423 4346 2686 4415 sequeris,
2717 4346 2919 4399 utinam
2945 4346 3144 4399 virtute
3170 4358 3437 4414 sequam,

1997 4438 2194 4508 Sisque
2224 4439 2329 4493 tuis
2360 4436 2573 4492 famulis
2606 4446 2881 4507 protector
2908 4451 3089 4498 verus,
3113 4444 3169 4489 et
3198 4435 3401 4505 impos,

1565 4525 1823 4612 ega'mw
1852 4540 1901 4601 ι)
1995 4529 2354 4597 Corumeudcs
2383 4527 2632 4592 Domino,
2663 4528 2803 4582 cmlo
2827 4526 2919 4597 qui
2948 4525 3200 4596 praesidet
3222 4525 3353 4581 altu.

1855 4753 3499 4784 ..ο-Μ

702 5030 711 5037 ς
1011 4932 1814 5055 ιἸῢΔΝΝῙδ
1894 4930 2437 5042 ΡΔΡΕ
2517 4928 2719 5038 IX

696 5218 699 5219 ε
760 5132 1281 5263 CANON
1340 5132 1538 5255 DE
1600 5126 1816 5252 EL'.

1916 5122 2486 5254 CTIONE
2551 5116 3045 5244 ΡΑΡλίΕ.

1382 5317 1545 5382 (Apud
1581 5316 1762 5375 Pet-tm,
1787 5313 2000 5362 Monum.
2030 5309 2078 5367 ὓ
2096 5324 2202 5360 γυ).
2231 5310 2373 5373 hist.)

303 5572 449 5641 Quia
498 5580 684 5627 sancta
737 5569 980 5625 Romam
1026 5555 1286 5622 Ecclesia,
1319 5553 1404 5609 cui
1438 5553 1549 5609 Deo
1602 5560 1825 5606 auctore

237 5664 629 5736 prasidemus,
682 5661 939 5731 plurimas
994 5660 1198 5729 patitur
1241 5646 1523 5702 violentias
1573 5640 1825 5715 pontiﬁce

239 5758 495 5825 abeunte,
526 5755 653 5826 quia
682 5754 885 5824 absque
907 5750 1243 5824 imperatoris
1293 5737 1487 5823 notitia,
1521 5746 1575 5822 et
1602 5746 1823 5792 suorum

1928 5544 2224 5614 legatorum
2268 5540 2555 5611 przcsentia
2602 5540 2869 5611 pontificis
2904 5540 2963 5595 ﬁt
3008 5536 3377 5603 consecratio,
3405 5549 3508 5592 nec

1929 5637 2190 5694 canonico
2219 5636 2322 5689 ritu
2360 5644 2414 5689 et
2450 5634 2835 5690 consuetudine
2865 5634 2931 5687 ab
2962 5633 3285 5701 imperatore
3318 5627 3508 5685 directi

1912 5730 2197 5810 intersunt
2234 5726 2435 5795 nuntii,
2466 5726 2559 5796 qui
2588 5724 2892 5783 violentiam
2919 5733 2975 5779 et
3016 5721 3266 5781 scandala
3310 5720 3367 5778 in
3390 5716 3509 5789 ejus
