4026 6412
549 330 638 396 ,59
1838 329 2197 389 BENEDICTI
2237 331 2438 390 PAPE
2475 331 2541 388 IV
3757 339 3832 396 ω

560 441 968 500 consecratione
1020 457 1128 500 non
1179 439 1495 516 permutant
1536 444 1686 513 ﬁeri,
1717 446 1964 503 volumus
2003 447 2059 503 id
2086 456 2145 502 ut
2169 452 2219 514 Α
2247 457 2467 516 eretur;
2527 448 2811 520 nullusque
2859 451 2978 509 sine
3038 453 3278 525 periculo
3321 452 3691 525 juramentum
3746 457 3836 514 vel

547 531 816 604 deinceps
863 533 1144 591 abdicetur
1165 575 1180 601 ,
1222 543 1279 591 et
1308 537 1714 594 constituendus
1752 537 1992 609 pontifex
2018 553 2147 594 con-

562 626 906 682 venientibus
961 627 1228 699 episcopis
1277 635 1334 683 et
1377 629 1632 685 universo
1683 630 1830 685 clero
1859 628 2145 701 geligatur,

541 723 846 783 expetente
890 725 1079 771 senatu
1121 725 1179 772 et
1202 715 1421 787 populo,
1458 718 1547 787 qui
1587 717 1922 775 ordinandus
1949 728 2062 785 est,
2092 728 2150 774 et

560 805 643 860 sic
683 805 739 860 in
786 815 1073 876 conspectu
1135 808 1376 863 omnium
1426 808 1776 864 celeberrime
1819 808 2027 865 electus
2081 810 2149 864 ab

558 895 843 963 omnibus,
899 897 1256 967 praesentibus
1306 896 1494 968 legatis
1538 897 1926 969 imperialibus,
1956 913 2149 955 conse-

2245 537 2632 610 promissiones
2676 538 2885 610 aliquas
2932 557 3071 598 nova
3099 542 3499 615 .adinventione
3538 545 3608 600 ab
3641 559 3709 601 eo
3734 558 3836 602 ια»

2249 628 2376 684 deat
2395 639 2743 700 extorquere,
2769 630 2871 686 nisi
2898 646 3018 703 quae
3042 633 3261 704 antiqua
3285 633 3454 705 exigit
3469 634 3838 703 consuetudo,‘

2238 734 2322 788 ne
2358 720 2600 777 Ecclesia
2641 721 3038 778 scandalizetur
3081 723 3166 780 vel
3210 721 3552 796 imperatoris
3576 723 3834 781 honoriﬁ-

2253 813 2432 869 centia
2458 813 2750 869 minuatur.
3254 801 3257 804 ’

572 1099 3820 1126 —————————————————————_—————_

1343 1183 2161 1364 JOANNIS
2239 1251 2776 1364 rem
2845 1254 3052 1365 Ix

623 1470 1673 1624 PIUELOCUTIO
1731 1471 1893 1596 IN
1951 1466 2684 1596 CONCILIO
2754 1466 3769 1602 RAVENNATE.

1654 1682 1817 1747 (Apud
1841 1682 2016 1743 ﬂansi,
2034 1679 2356 1732 Coneiliorum
2381 1687 2498 1734 tom.
2523 1681 2727 1745 XVIII.)

1036 1887 1356 1946 Prtelocutio
1385 1891 1668 1961 pontiﬁcis.

627 1981 980 2051 Quia,divina
1007 1980 1308 2053 inSpirante
1335 1982 1730 2048 misericordia,
1755 1991 1936 2038 vestra
1963 1979 2148 2038 nobis-

539 2089 681 2136 ,cnm
729 2071 983 2128 convenit
1027 2070 1367 2135 fraternitas,
1399 2081 1458 2126 ut
1494 2080 1626 2126 nutu
1665 2071 1838 2127 sancti
1890 2070 2144 2142 Spiritus,

534 2164 650 2233 .qui
680 2163 793 2218 suis
822 2178 1096 2233 nunquam
1124 2163 1274 2219 deest
1301 2162 1566 2230 ﬁdelibus,
1591 2163 1862 2220 communi
1905 2163 2146 2218 omnium

555 2261 796 2307 vestrum
824 2252 1069 2308 consultu
1089 2293 1104 2318 ,
1131 2251 1328 2308 fratres
1368 2254 1696 2320 charissimi,
1727 2269 1790 2310 ea
1815 2269 1936 2326 qua:
1960 2269 2148 2310 neces-

562 2344 706 2400 saria
757 2353 956 2400 sancte
1002 2344 1098 2399 Dei
1145 2344 1402 2400 Ecclesiae
1451 2345 1834 2414 prazvidimus,
1871 2359 1974 2399 una
2023 2358 2146 2400 cum

557 2433 842 2504 spirituali.
868 2433 978 2489 ﬁlio
1008 2441 1212 2500 nostro,
1259 2433 1646 2504 gloriosissimo
1692 2434 1942 2490 videlicet
1973 2433 2145 2503 impe-

557 2529 737 2576 ratore
767 2521 1079 2588 Lamberto,
1113 2530 1168 2577 et
1213 2529 1393 2577 vestro
1421 2530 1609 2578 sancto
1652 2522 1910 2593 collegio,
1941 2530 1996 2578 et
2025 2536 2147 2592 quae

531 2613 748 2676 ,nocivo
786 2615 1002 2670 surculo
1051 2613 1316 2686 pullulare
1339 2616 1675 2671 conabantur
1703 2616 1756 2671 in
1785 2631 1916 2687 agro
1943 2624 2148 2673 sanctae

535 2704 846 2775 Ecclesiae,
893 2706 1156 2762 canonico
1213 2705 1426 2761 sarculo
1479 2706 1758 2762 eradicare
1811 2707 2143 2773 Studeamus,

556 2808 679 2862 qua:
704 2795 1039 2865 capitulatim
1075 2803 1330 2851 annotata
1357 2804 1516 2862 sunt,
1551 2796 1597 2852 si
1632 2796 1884 2853 omnibus
1909 2795 2144 2867 placent,

557 2882 615 2938 in
665 2893 958 2954 conspectu
999 2881 1575 2956 omnium'legantur,
1624 2887 2036 2954 examinentur,
2091 2895 2149 2943 et

558 2975 865 3029 examinata
912 2975 1161 3031 manibus
1209 2975 1452 3030 omnium
1506 2990 1606 3046 pro
1654 2975 1837 3032 futura
1883 2976 2146 3033 memoria

559 3064 903 3130 roborentur,
937 3080 1005 3121 ne
1034 3065 1128 3120 ulli
1163 3079 1400 3134 unquam
1429 3064 1548 3121 sine
1577 3074 1751 3124 status
1786 3067 1870 3124 sui
1908 3065 2147 3136 periculo

558 3153 747 3209 eadem
779 3155 980 3211 violare
1016 3155 1209 3222 liceat,
1243 3153 1341 3210 sed
1392 3163 1512 3210 rata
1562 3163 1619 3211 et
1663 3155 1820 3212 ﬁrma
1865 3156 1921 3212 in
1957 3168 2148 3227 perpe-

2170 1896 2219 1958 B
2247 1899 2397 1947 tuum
2431 1891 2734 1949 consistant
2768 1889 2836 1945 ad
2874 1899 3076 1947 statum
3111 1901 3167 1948 et
3195 1889 3470 1945 munimen
3499 1900 3700 1948 sancta
3736 1892 3837 1950 Dei

2229 1983 2532 2047 Ecclesiae,
2572 1983 2641 2038 ad
2685 1981 3036 2039 salvationem
3077 1981 3317 2040 omnium
3347 1981 3584 2039 ﬁdelium
3607 1998 3705 2054 per
3734 1983 3834 2040 Dei

2227 2128 2232 2131 _
2247 2074 2697 2132 misericordiam.

2884 2161 3196 2234 Responsio.

2317 2254 2614 2311 Immensas
2638 2251 2750 2310 Deo
2777 2250 3043 2309 Salvatori
3074 2263 3260 2309 nostro
3301 2251 3488 2308 laudes
3517 2250 3834 2320 referimus,

2246 2345 2338 2415 qui
2370 2344 2531 2400 talem
2559 2358 2656 2400 vos
2688 2341 2931 2413 praefecit
2954 2341 3210 2398 Ecclesiae
3230 2340 3347 2411 ejus
3370 2343 3832 2412 opportunitatem

2246 2434 2569 2500 decernere,
2592 2439 2652 2486 ut
2676 2445 2836 2486 omne
2863 2431 2930 2486 ab
2960 2444 3024 2485 ea
3055 2429 3326 2484 zizanium
3355 2430 3633 2484 eradicare
3672 2445 3838 2485 cone-

2245 2521 2411 2588 mini,
2455 2528 2617 2593 prout
2661 2520 2716 2576 in
2758 2518 2860 2574 hac
2907 2518 2965 2575 S.
3014 2519 3222 2590 synodo
3271 2519 3483 2574 cunctis
3524 2519 3838 2577 nationibus

2245 2614 2449 2686 apertis
2477 2611 2782 2669 declaratur
2810 2609 3042 2668 indiciis.
3088 2609 3332 2681 Capitula
3359 2611 3521 2666 etiam
3566 2626 3686 2682 qua:
3733 2625 3840 2680 pro

2244 2691 2481 2775 generali
2527 2700 2770 2758 omnium
2833 2699 3045 2755 cautela
3093 2699 3161 2756 ad
3213 2701 3379 2756 robur
3441 2708 3498 2754 et
3554 2698 3834 2755 munimen

2217 2803 2447 2860 sanctae
2484 2791 2738 2848 Ecclesiae
2775 2789 3082 2860 conscripta
3125 2798 3270 2859 sunt,
3326 2791 3372 2846 si
3413 2798 3608 2845 vestrae
3655 2789 3837 2860 placet

2242 2883 2464 2956 pietati,
2499 2881 2766 2954 legantur,
2797 2879 3030 2952 qualiter
3070 2895 3167 2951 per
3199 2895 3263 2936 ea
3306 2894 3494 2935 omnes
3539 2879 3836 2934 doceamur

2244 2988 2365 3044 quae
2383 2971 2695 3037 observare,
2721 2971 2803 3027 vel
2829 2986 2951 3042 qua:
2978 2985 3172 3027 cavere
3197 2971 3508 3036 debeamus,
3540 2986 3608 3026 ne
3649 2970 3701 3024 in
3730 2970 3836 3024 ali-

2245 3077 2353 3133 quo
2381 3077 2413 3116 a
2449 3060 2650 3132 regulis
2683 3068 2993 3116 sanctorum
3025 3059 3284 3127 Patrum,
3311 3059 3456 3130 quod
3493 3059 3633 3115 Deus
3673 3074 3836 3116 aver-

2246 3163 2352 3228 tat,
2381 3155 2599 3211 deviare
2630 3153 2988 3210 inveniamur.

560 3342 3824 3394 Μ

1821 3503 1993 3552 ANNO
2035 3503 2266 3552 DOIINI
2307 3505 2569 3552 νοῦσον.

868 3630 2394 3834 BENEDICTUS
2477 3671 3102 3839 PAPA
3185 3673 3484 3836 Iv.

1655 4034 2090 4115 NOTITIA
2168 4039 2745 4121 HISTORICA.

1515 4165 1675 4227 (Apud
1702 4165 1873 4228 llansi,
1910 4165 2232 4220 Conciliorum
2271 4168 2564 4232 amplissima
2586 4170 2864 4232 Collectio.)

2031 4275 2357 4297 Ἦ

626 4361 946 4437 Bene:_lic_tns
966 4358 1051 4437 IV,
1075 4359 1291 4414 natione
1314 4358 2127 4437 Romanus,postinterregnum
2159 4368 2204 4435 C
2235 4373 2319 4420 est
2344 4364 2554 4437 Christi
2589 4363 2713 4427 907,
2745 4378 2838 4437 ex_
2852 4363 2954 4416 hac
3004 4362 3114 4437 vita
3151 4361 3425 4437 migravit,
3473 4362 3827 4437 sepultusque

553 4436 714 4505 inuitis
761 4431 864 4485 diei
903 4431 1248 4505 subrogatus
1269 4441 1354 4505 est
1395 4428 1612 4505 Joanni_
1637 4429 1895 4505 |X__annp
1927 4428 2129 4505 Christi
2175 4428 2202 4435 ⁷
2233 4445 2316 4490 est
2350 4437 2490 4505 apud
2523 4435 2779 4505 Sanctum
2807 4434 3023 4505 Petrum
3047 4431 3198 4500 juxta
3224 4428 3424 4505 aditum
3461 4428 3567 4505 quo
3607 4428 3824 4494 itur'ail

553 4503 682 4567 905,
715 4511 952 4569 tempore
982 4498 1251 4553 [.alnberli
1309 4501 1666 4569 imperatoris.
1699 4498 2133 4556 llluniﬁcentissi-

557 4589 677 4627 mus
710 4587 834 4638 erga
865 4585 1148 4639 pauperes,
1190 4571 1377 4639 viduas
1402 4584 1457 4623 et
1502 4570 1795 4634 nrphanos,
1849 4569 1990 4622 inter
2036 4572 2131 4625 lto-

555 4658 674 4696 l'tllll
713 4638 1010 4708 tenipnrnin
1056 4638 1337 4707 pontiﬁces
1382 4648 1631 4705 tanquam
1668 4639 1815 4708 sidus
1860 4639 2128 4708 quoddam

555 4713 790 4766 lucidum
826 4707 1068 4764 emicuit.
1099 4710 1256 4762 Anno
1312 4711 1656 4778 pontiﬁcatus
1697 4707 1778 4760 sui
1822 4707 2000 4773 tertio,
2039 4710 2131 4779 qui

2236 4502 2482 4559 sanctum
2532 4504 2852 4574 Gregorium
2884 4519 2898 4556 :
2927 4502 3015 4556 ubi
3065 4513 3118 4574 et
3160 4504 3463 4574 sepulcrum
3496 4504 3610 4572 ejus
3654 4521 3822 4560 exor-

2237 4583 2439 4644 natum
2471 4574 2572 4627 fuit
2618 4571 2914 4644 epitaphio,
2957 4573 3101 4644 quod
3152 4571 3231 4627 ex
3265 4571 3459 4628 Manlio
3485 4575 3822 4644 exscriptum

2236 4644 2399 4699 habet
2423 4643 2688 4698 Baronius
2715 4643 2969 4712 praedicto
2992 4643 3132 4696 loco.

2615 4821 3814 4848 ψῃ

1037 4947 1810 5111 BENEDIGTI
1869 4945 2272 5059 PAP/E
2334 4944 2488 5062 1v
2545 4938 3327 5054 EPISTOLZE.

1024 5215 1358 5272 EPISTULA
1397 5217 1630 5273 PRIMA.

732 5325 798 5364 AD
833 5325 1134 5367 GALLIARUM
1176 5325 1476 5375 EPISCOPOS,
1521 5325 1810 5376 PRIVCII‘ES,
1841 5320 1946 5366 εις.

547 5419 831 5490 Argrinum
884 5418 1258 5500 Lingonensem
1303 5421 1598 5503 episcopum
1638 5423 1693 5477 in
1734 5420 1982 5476 Ecclesia:
2016 5438 2127 5477 sum

1021 5506 1152 5558 Jura
1183 5501 1357 5544 omnia
1386 5501 1628 5545 restituit.

1057 5580 1073 5638 (
1086 5565 1151 5626 Ex
1173 5578 1396 5628 (fonciliis
1417 5579 1612 5642 Mansl.)

513 5653 516 5657 λ
620 5660 955 5716 Bessum-rus
984 5661 1284 5733 episc0pns,
1318 5676 1504 5718 servus
1531 5679 1808 5720 servorum
1833 5665 1946 5735 Dei,
1979 5681 2124 5722 reve-

2160 5217 2212 5276 D
2239 5211 2564 5267 rentissimis
2587 5221 2642 5267 et
2663 5211 3021 5267 sanctissimis
3047 5209 3412 5268 confratribus
3453 5209 3651 5264 nostris
3691 5209 3823 5266 Gal-

2235 5301 2428 5356 liarum
2473 5301 2914 5371 archiepiscopis,
2957 5302 3243 5372 episc0pis,
3289 5317 3382 5356 seu
3415 5299 3823 5371 gloriosissiiuis

2234 5394 2475 5464 regibus,
2528 5393 2778 5458 ducibus,
2822 5393 3127 5458 comitibus,
3180 5402 3380 5449 sancta
3428 5390 3710 5447 catholicae
3763 5399 3824 5446 et

2231 5485 2539 5558 apostolicae
2569 5485 2822 5541 Ecclesiae
2852 5485 2976 5543 ﬁliis
3004 5494 3164 5556 atque
3191 5485 3455 5541 fidelibus.

2301 5575 2510 5644 Quanta
2539 5577 2756 5647 pictatis
2787 5577 2984 5648 gratia,
3012 5587 3320 5648 quantaque
3345 5576 3734 5648 compassionis
3762 5583 3824 5632 et

2229 5669 2703 5726 condescensionis
2744 5669 3096 5737 sublimitate,
3137 5679 3324 5726 sancta
3353 5679 3525 5726 mater
3571 5668 3818 5725 Romana
