4026 6402
226 438 293 494 ιι
1674 442 1824 497 EPlS

1925 441 2057 497 ΜΕ.
3056 436 3059 439 ⁷
3434 450 3505 503 42

230 549 502 611 Ecclesia,
542 547 850 619 apostolicis
881 548 1144 603 instructa
1176 549 1589 623 hortamiiribus,
1622 553 1821 623 polleat
1849 561 1898 617 Λ
1926 553 2101 616 mine,
2152 560 2442 624 nostroque
2491 556 2783 624 apostolico
2856 547 3137 631 privilegio
3184 562 3502 620 solemnlter

224 651 285 695 et
336 643 583 696 emineat
632 641 899 696 universis
949 642 1001 694 in
1055 641 1176 695 fidei
1225 643 1432 697 unitate
1482 644 1821 715 degentibus,

226 730 443 783 clarum
467 730 719 794 habetur,
744 730 999 799 quoniam
1027 745 1057 783 a
1087 729 1196 783 Deo
1224 731 1401 784 omnis
1441 732 1826 787 misericordiae

227 822 432 893 fulget,
484 823 945 893 quemadmodum
989 838 1019 875 a
1068 823 1422 877 sacratissimi
1483 823 1649 879 fontis
1696 834 1822 895 potu

230 919 437 973 hausit.
474 919 814 989 Quapropter
829 919 1078 974 omnibus
1100 918 1151 971 in
1181 926 1381 972 sanetae
1403 917 1826 973 conversationis

226 1007 447 1075 gremio
489 1007 911 1062 consistentibus
960 1015 1145 1062 notum
1184 1021 1306 1061 esse
1348 1006 1596 1061 volumus
1624 1006 1827 1077 legatos

227 1097 456 1165 Argrini
473 1095 764 1150 coiifrarris
786 1096 955 1151 nostri
973 1096 1295 1151 venerabilis
1320 1096 1552 1166 episcopi
1582 1106 1824 1151 nostrum

230 1186 442 1239 adiisse
472 1185 861 1255 apostolatum,
894 1184 1171 1239 humiliter
1190 1185 1539 1240 obsecrantes
1563 1195 1828 1254 quatenus

222 1275 460 1343 iustitia
485 1276 854 1330 moderamine
876 1275 1147 1345 aequitatis
1174 1275 1481 1341 libramina,
1514 1289 1664 1329 more
1693 1290 1829 1345 prte-

230 1365 587 1419 decessorum
626 1374 956 1429 nostrorum,
988 1374 1042 1419 et
1071 1380 1169 1435 pro
1200 1381 1385 1421 amore
1414 1366 1533 1432 Dei,
1574 1375 1631 1421 et
1672 1380 1825 1420 reve-

231 1454 412 1507 rentia
444 1454 587 1509 beati
629 1454 773 1510 Petri
823 1456 1186 1524 apostolorum
1233 1456 1513 1527 principis,
1557 1455 1827 1511 conferre-

227 1558 377 1607 mus,
435 1558 703 1613 suumque
750 1544 1031 1599 electionis
1063 1545 1329 1600 .ordinem
1379 1547 1760 1615 decretumque
1797 1560 1826 1599 a

228 1634 436 1703 populo
465 1644 521 1688 et
545 1634 689 1689 clero
710 1634 1070 1705 Liugonensis
1092 1635 1346 1692 Ecclesia:
1368 1638 1656 1709 digestum,
1685 1640 1827 1707 quod

234 1738 344 1790 pra:
371 1724 634 1779 manibus
658 1725 947 1787 habebant,
975 1726 1277 1782 clementia:
1304 1737 1501 1783 vestra:
1526 1731 1831 1786 attendere-

230 1828 373 1877 tnus,
402 1814 552 1881 quod
578 1824 633 1868 et
662 1813 911 1879 fecimus,
949 1817 1005 1869 in
1049 1818 1298 1872 omnibus
1346 1827 1563 1874 servata
1609 1836 1829 1875 servare

1926 644 2162 699 munitus
2220 644 2611 717 Lingonensem
2676 650 2933 705 canonice
2986 652 3241 723 deinceps
3302 655 3506 726 absque

1926 733 2153 801 alicujus
2172 738 2601 794 contradictione
2633 749 2843 796 teneret
2870 742 3191 810 Ecclesiam,
3213 747 3506 815 pastorali-

1896 892 1903 899 ι
1928 830 2114 892 terque
2146 836 2380 896 regeret,
2411 838 2572 898 atque
2593 830 2704 886 Deo
2720 832 3008 888 ordinante
3027 836 3354 905 disponeret.
3386 836 3502 893 Non

1926 917 2246 970 sententiam
2301 921 2714 988 prmdecessoris
2788 927 2959 981 nostri
3030 926 3287 999 Stephani
3322 946 3508 1001 papae

1929 1007 2403 1074 reprehendentes,
2428 1012 2521 1066 sed
2566 1015 2825 1069 canonice
2874 1032 3035 1074 causa
3088 1022 3427 1077 necessitatis
3456 1032 3513 1080 et

1927 1093 2176 1149 utilitatis
2224 1096 2277 1149 in
2330 1098 2520 1153 melius
2575 1110 3009 1169 commutantes,
3054 1110 3511 1177 quemadmodum

1928 1184 2351 1251 praedecessores
2379 1193 2687 1248 nostros.de
2716 1195 2900 1251 multis
2940 1199 3114 1267 egisse
3159 1202 3510 1259 manifestum

1928 1282 2030 1328 est.
2060 1274 2420 1343 Quamobrem
2463 1284 2800 1341 auctoritatis
2850 1298 3047 1343 nostrae
3090 1292 3427 1362 privilegium
3458 1297 3513 1350 ei

1930 1364 2044 1419 fieri
2064 1365 2347 1435 jussimus,
2381 1372 2434 1425 in
2475 1388 2582 1442 quo
2610 1374 2754 1444 pallii
2793 1392 2946 1432 usum
2991 1381 3060 1435 ad
3103 1382 3392 1438 missarum
3424 1398 3511 1440 so-

1930 1454 2125 1512 lemnia
2148 1462 2376 1517 sacratis
2404 1463 2592 1519 diebus
2617 1466 2690 1519 illi
2730 1470 3116 1536 concessimus,
3149 1473 3290 1541 quod
3322 1474 3449 1529 olim
3478 1490 3509 1529 a

1931 1546 2271 1602 sanctissimo
2343 1553 2743 1619 praedecessore
2802 1567 2988 1613 nostro
3064 1559 3322 1617 Formoso
3370 1578 3513 1633 papa

1930 1644 2233 1703 acceperat.
2289 1636 2629 1709 Quapropter
2696 1644 2896 1699 virtute
2942 1649 3117 1702 sancti
3169 1648 3404 1719 Spiritus
3450 1661 3507 1706 et

1931 1732 2114 1779 nostra
2145 1728 2440 1796 apostolica
2487 1734 2809 1792 auctoritate
2854 1738 3199 1809 praecipimus
3243 1751 3303 1796 ut
3358 1743 3503 1797 nulla

1930 1822 2171 1882 potestas
2216 1819 2430 1887 regalis,
2485 1822 2769 1893 nullusque
2818 1828 3146 1886 conditionis
3189 1833 3268 1887 vel
3305 1834 3513 1889 ordinis

230 1914 499 1959 curantes
516 1923 529 1957 :
545 1906 794 1962 videlicet
826 1908 1057 1976 qualiter
1079 1925 1108 1962 a
1133 1910 1278 1965 clero
1299 1920 1353 1965 et
1380 1914 1577 1983 pepulo
1599 1915 1823 1983 prtefata

1934 1917 2114 1969 sexus,
2141 1917 2329 1962 contra
2356 1910 2456 1964 hoc
2492 1921 2735 1968 nostrum
2772 1919 3123 1985 apostolicum
3169 1924 3513 1995 privilegium

228 1991 597 2063 Lingonensis
626 1995 864 2051 Ecclesia
891 2007 1008 2066 post
1038 2000 1334 2055 discessum
1364 2001 1615 2057 Gerlonis
1656 2018 1832 2073 quon-

232 2081 353 2135 dam
382 2084 628 2153 episcopi
672 2087 1000 2141 unanimiter
1029 2090 1321 2158 expetitus,
1350 2093 1691 2147 concorditer
1720 2092 1831 2147 ele-

229 2181 349 2227 ctus
374 2183 435 2228 et
460 2174 815 2241 acclamatus,
862 2193 1069 2234 necnon
1098 2195 1126 2232 a
1160 2181 1376 2250 proprio
1411 2183 1829 2251 metropolitano

231 2263 551 2327 Aureliano,
601 2273 654 2319 et
702 2267 770 2320 ab
812 2268 928 2338 ejus
979 2268 1351 2340 suffragancis,
1397 2281 1450 2327 et
1492 2289 1522 2326 a
1558 2275 1829 2332 Bernuino

232 2353 534 2407 Viennensi
579 2357 985 2428 archiepiscopo
1033 2362 1294 2416 canonice
1351 2374 1723 2430 consecratus,
1771 2376 1829 2421 et

232 2440 283 2494 in
315 2442 437 2511 ipsa
466 2444 597 2498 sede
626 2445 918 2515 Lingonica
956 2452 1229 2505 communi
1273 2464 1399 2508 voto
1447 2469 1512 2509 ac
1561 2456 1828 2512 desiderio

232 2531 639 2589 inthronizatus
663 2537 889 2602 exstitit,
923 2547 979 2593 et
1019 2544 1287 2609 quomodo
1313 2559 1410 2612 per
1440 2545 1667 2615 spatium
1697 2547 1829 2601 duo-

234 2638 351 2678 rum
378 2641 652 2680 annorum
682 2635 736 2681 et
780 2629 942 2682 trium
975 2631 1239 2685 mensium
1271 2634 1516 2687 eamdem
1549 2646 1709 2705 prout
1732 2653 1830 2708 po-

234 2715 335 2770 tuit
378 2717 641 2786 pastorali
698 2719 1066 2775 moderamine
1127 2724 1267 2777 rexit
1337 2725 1673 2794 Ecclesiam;
1731 2730 1827 2784 sed

232 2815 422 2875 postea
478 2822 580 2876 per
626 2811 980 2878 quorumdam
1036 2810 1311 2866 hominum
1376 2815 1721 2870 insolentiam
1772 2827 1828 2873 et

232 2896 642 2965 subreptionem
670 2914 699 2951 a
724 2898 942 2967 propria
986 2909 1359 2970 sequestratus
1388 2903 1552 2959 fuerit
1586 2907 1827 2962 Ecclesia

234 2994 482 3055 tempore
532 2986 779 3043 Widonis
818 2990 1192 3058 imperatoris,
1247 2994 1338 3060 qui
1396 3003 1523 3051 tunc
1566 2997 1827 3053 Romanis

235 3076 558 3145 imperabat.
598 3078 840 3135 Peractis
874 3090 1049 3136 autem
1080 3082 1338 3152 liquidius
1363 3087 1537 3151 annis,
1563 3104 1683 3142 cum
1722 3089 1828 3145 fre-

234 3174 468 3233 quenter
494 3166 634 3222 hanc
667 3177 908 3223 sanctam
927 3169 1229 3224 Romanam
1271 3173 1567 3228 Ecclesiam
1595 3176 1827 3233 infortu-

234 3255 302 3307 nii
337 3256 424 3309 sui
456 3272 621 3311 causa
655 3258 919 3324 visitaret,
952 3270 1007 3313 et
1051 3276 1265 3331 semper
1291 3262 1732 3334 lacrymabiliter,
1764 3277 1823 3322 ut

233 3344 279 3396 ei
310 3344 497 3398 sinum
526 3347 911 3403 misericordiae
952 3349 1066 3403 haec
1109 3352 1322 3418 aperire
1366 3354 1677 3423 dignaretur
1729 3357 1823 3411 de-

234 3444 504 3500 posceret,
536 3441 780 3505 pervenit
809 3442 877 3496 ad
905 3444 1316 3513 praedecessoris
1372 3450 1541 3503 nostri
1586 3451 1687 3520 pia:
1734 3468 1821 3507 re-

232 3527 568 3579 cordationis
596 3528 820 3585 Joannis
850 3548 1001 3603 papae
1031 3537 1371 3603 praesentiam
1403 3554 1524 3594 cum
1568 3541 1823 3597 Ecclesia:

235 3628 347 3667 sua:
385 3616 706 3685 lactymosis
728 3623 1101 3690 querimoniis,
1131 3626 1221 3695 qui
1253 3628 1370 3697 ejus
1422 3629 1720 3685 absentiam
1769 3640 1824 3686 et

235 3718 368 3758 voce
390 3719 448 3759 et
476 3706 671 3763 litteris
707 3712 1083 3779 condolebant,
1113 3717 1317 3799 scilicet
1365 3722 1506 3789 quod
1558 3731 1678 3799 post
1704 3724 1822 3793 ejus

233 3794 537 3849 discessum
582 3800 749 3855 variis
778 3810 833 3855 et
870 3804 1030 3859 nimis
1070 3794 1820 3879 attriti,incommoditatihus,

234 3885 383 3937 omni
414 3888 672 3954 pastorali
704 3892 941 3947 destituti
972 3894 1197 3950 fuissent
1236 3898 1450 3965 solatio,
1474 3901 1607 3955 adeo
1635 3911 1693 3956 ut
1722 3918 1823 3959 nec

237 3976 476 4029 chrisma
505 3978 834 4046 confectum,
864 3999 963 4038 nec
992 3986 1222 4041 infantes
1265 3990 1563 4061 consignati
1607 3993 1661 4047 in
1706 3994 1821 4063 ipsa

232 4063 559 4136 Lingonensi
590 4070 828 4127 Ecclesia
867 4073 1089 4141 fuerint,
1124 4094 1224 4133 nec
1251 4078 1468 4150 aliquod
1514 4085 1821 4156 episcopale

236 4158 598 4214 ministerium
631 4163 731 4218 rite
758 4175 1031 4233 peractum
1058 4186 1072 4234 ;
1106 4172 1247 4226 unde
1268 4173 1430 4227 etiam
1463 4176 1636 4232 dictus
1662 4177 1822 4235 Joan-

235 4261 331 4299 nes
378 4249 753 4307 sanctissimus
794 4270 969 4325 papa,
1021 4258 1139 4329 ejus
1190 4264 1579 4330 querimoniam
1635 4269 1821 4326 Eccle-

235 4333 331 4388 size
360 4351 473 4389 sua:
499 4338 727 4411 benigne
756 4345 1074 4415 suscipiens,
1122 4363 1244 4402 cum
1277 4352 1503 4423 collegio
1543 4357 1821 4428 episcopo-

238 4441 358 4481 rum
422 4445 642 4486 suorum
717 4436 1155 4512 reliquorumque
1208 4447 1458 4502 ordinum
1518 4451 1819 4522 frequentia

234 4514 526 4586 diligenter
550 4522 844 4592 inquisivit,
868 4533 1236 4603 canoniceque
1267 4537 1527 4606 deﬁnivit,
1554 4514 1819 4611 quatenus

232 4606 279 4657 ei
330 4610 626 4675 apostolica
673 4617 996 4674 auctoritate
1047 4636 1143 4675 sua
1193 4626 1509 4684 redderetur
1552 4606 1816 4700 Ecclesia,
1848 4639 1897 4700 D

234 4700 687 4763 quemadmodum
718 4707 770 4761 in
813 4711 1013 4767 scrinio
1052 4724 1253 4772 sanetze
1292 4719 1546 4777 Romanae
1568 4724 1820 4783 Ecclesiae

236 4786 450 4854 plenius
497 4791 742 4850 habetur.
776 4798 884 4854 Nos
926 4817 1073 4867 vero,
1122 4806 1204 4860 his
1249 4811 1449 4867 auditis
1486 4824 1541 4868 et
1579 4816 1817 4889 diligenti

235 4880 639 4938 examinatione
683 4892 981 4958 perpensis,
1024 4897 1433 4963 przcdecessoris
1463 4908 1631 4960 nostri
1657 4906 1820 4964 Joan-

237 4968 323 5021 nis
350 4985 501 5038 papae
526 4982 730 5030 statuta
770 4979 822 5033 in
848 4984 1096 5039 omnibus
1120 5002 1334 5045 servare
1363 4996 1659 5064 cupientes,
1692 4996 1835 5071 quia.

235 5058 466 5112 rationis
522 5060 678 5129 hujus
722 5069 890 5124 series
938 5073 1265 5142 indiscussa,
1293 5091 1349 5135 et
1379 5058 1821 5158 irrefragabililer

236 5144 664 5217 determinanda,
712 5155 914 5226 absque
970 5168 1387 5224 reverendorum
1439 5144 1812 5248 episcoporum

235 5239 463 5293 consilio
492 5243 836 5311 perfectionis
875 5254 1145 5310 cumulum
1194 5273 1388 5330 capere
1436 5239 1543 5321 non
1586 5239 1814 5339 poterat,

237 5339 479 5385 sanctam
546 5342 960 5398 convocavimus
1020 5347 1073 5401 in
1139 5348 1502 5413 Lateranense
1558 5361 1815 5428 palatium

237 5421 526 5488 synodum,
550 5430 838 5499 omniaque
877 5434 978 5489 ista
1009 5453 1131 5493 vera
1167 5457 1287 5500 esse
1307 5449 1630 5507 omnimodis
1662 5470 1814 5511 com-

241 5509 551 5575 probantes,
581 5518 803 5573 consilio
835 5530 889 5575 et
921 5524 1223 5585 hortamine
1253 5539 1669 5596 reverendorum
1721 5560 1816 5614 pa-

238 5605 382 5653 trum
429 5603 584 5657 nobis
621 5608 1009 5679 assistentium,
1038 5617 1160 5686 jura
1190 5622 1237 5677 ei
1269 5624 1588 5687 indulsimus
1635 5603 1813 5693 eccle-

234 5689 476 5757 siastica,
510 5696 717 5753 scilicet
756 5710 813 5754 ut
856 5706 981 5773 quia
1023 5708 1222 5778 injusto
1256 5730 1285 5769 a
1312 5730 1408 5771 sua
1436 5718 1675 5780 Ecclesia
1704 5730 1813 5796 pri-

238 5790 393 5837 vatus
426 5785 601 5841 fuerat
630 5792 837 5859 ordine,
859 5794 1008 5864 justo
1038 5803 1202 5857 etiam
1227 5810 1541 5869 redderetur
1565 5785 1811 5877 modera-

633 5883 903 5949 PATROL.
950 5890 1246 5964 CXXXI.

1934 1998 2212 2064 insurgere
2236 1998 2451 2063 audeat,
2494 2003 2802 2072 nostrisque
2832 2006 3171 2075 jussionibus
3217 2011 3325 2067 ullo
3350 2013 3510 2068 modo

1928 2086 2200 2138 contraire
2248 2098 2516 2156 pertentet
2544 2109 2557 2144 :
2587 2093 2681 2147 sed
2726 2094 2885 2150 liceat
2910 2098 2961 2155 ei
2996 2100 3180 2168 quiete
3200 2117 3375 2167 suam,
3407 2104 3512 2160 Do-

1929 2174 2076 2228 mino
2094 2174 2333 2241 juvante,
2380 2195 2569 2250 regere
2612 2183 2935 2253 Ecclesiam,
2965 2199 3022 2243 ut
3047 2193 3242 2261 quibus
3280 2208 3515 2263 praeesse

1928 2263 2081 2319 debet
2124 2268 2298 2323 valeat
2329 2278 2382 2325 et
2417 2272 2689 2339 prodesse.
2728 2274 2786 2332 Si
2833 2279 2953 2346 quis
2993 2295 3123 2335 vero
3154 2283 3313 2353 hujus
3344 2285 3514 2353 privi-

1927 2354 2048 2426 legii
2077 2360 2247 2414 nostri
2287 2365 2605 2419 temerarius
2637 2375 3006 2439 transgressor
3051 2375 3344 2442 exstiterit,
3373 2387 3429 2432 et
3457 2379 3511 2433 in

1926 2446 2175 2502 omnibus
2228 2464 2331 2504 non
2383 2454 2774 2523 observaverit,
2824 2468 2881 2514 et
2932 2462 2999 2516 de
3052 2465 3212 2539 rebus
3242 2466 3357 2536 jam
3386 2467 3512 2524 faue

1928 2532 2287 2606 Lingonensis
2314 2541 2569 2599 Ecclesiae
2588 2546 2740 2614 juste
2787 2552 3069 2619 acquisitis
3115 2532 3316 2625 aliquid
3360 2558 3513 2615 inva-

1927 2625 2079 2690 serit,
2114 2637 2205 2682 aut
2234 2631 2505 2686 minorare
2558 2640 2869 2702 tentaverit,
2925 2643 3064 2697 sciat
3117 2661 3175 2701 se
3226 2662 3259 2700 a
3297 2647 3515 2706 vivifico

1927 2715 2139 2773 Domini
2166 2730 2220 2775 et
2254 2722 2551 2781 Salvatoris
2580 2730 2749 2783 nostri
2772 2730 2900 2787 Jesu
2949 2734 3148 2792 Christi
3196 2754 3424 2809 corpore
3457 2753 3516 2796 et

1927 2812 2188 2883 sanguine
2235 2814 2488 2881 alienum,
2522 2829 2576 2874 et
2606 2836 2636 2875 a
2668 2826 2943 2881 consortio
2974 2828 3208 2885 fidelium
3248 2832 3514 2887 Christia-

1927 2916 2117 2955 norum
2148 2915 2569 2974 sequestratum,
2598 2920 2652 2966 et
2695 2915 2797 2969 nisi
2836 2927 3114 2974 correctus
3157 2920 3508 2989 satisfecerit,

1927 3002 2189 3062 perpetuo
2205 2997 2553 3055 anathemate
2574 3002 2909 3062 damnatum.
2926 3007 3069 3064 Bene
3096 3011 3289 3068 valete.

1932 3144 1935 3149 λ
2000 3102 2271 3177 Scriptum
2299 3124 2398 3180 per
2421 3129 2638 3169 manum
2677 3117 2853 3190 Sergii
2897 3132 3097 3178 sancta
3127 3124 3384 3183 Romana:
3410 3128 3512 3184 Ec-

1928 3192 2106 3248 clesiae
2150 3200 2417 3255 scriniarii
2472 3204 2524 3257 in
2575 3221 2762 3261 mense
2810 3210 3073 3282 Augusto,
3127 3216 3419 3273 indictione
3454 3218 3510 3273 3.

1851 3300 1897 3361 ς
1927 3280 2059 3335 Data
2091 3300 2143 3337 χι
2174 3286 2289 3340 Kal.
2321 3288 2597 3359 Septemb.
2652 3310 2748 3366 per
2797 3280 3013 3354 manum
3054 3302 3249 3360 Leonis
3279 3307 3371 3361 Dei
3396 3308 3511 3376 pie-

1929 3379 2039 3426 tate
2068 3375 2363 3443 primicerii
2416 3393 2618 3438 sancta:
2664 3387 2805 3442 sedis
2854 3393 3182 3460 apostolicae,
3227 3409 3367 3450 anno
3399 3375 3510 3466 ido-

1926 3463 2054 3515 mini
2081 3464 2353 3522 Benedicti
2401 3486 2553 3541 papa:
2599 3476 2793 3543 primo.
2840 3479 2994 3536 Anno
3026 3484 3082 3537 Η
3136 3474 3259 3555 post
3300 3463 3508 3543 obitum

1926 3550 2248 3609 Landeberti
2278 3558 2621 3628 imperatoris
2641 3564 2893 3635 Augusti,
2926 3550 3214 3629 indictione
3239 3575 3293 3630 5.

2495 3715 2830 3773 EPISTOLA
2872 3722 2933 3775 ll.

2159 3842 2226 3881 AD
2263 3842 2471 3883 CLERUI
2514 3846 2582 3886 ΕΤ
2623 3850 2863 3891 Ρορυιωι
2904 3855 3293 3900 LINGONENSEH.

2656 3967 2835 4030 (Ιὺίά.)

1994 4104 2333 4162 Beasotcrus
2355 4108 2661 4180 episcopus,
2690 4129 2880 4171 servus
2907 4132 3185 4175 servorum
3208 4124 3322 4188 Dei,
3361 4125 3508 4180 clero

1924 4202 1981 4247 et
2009 4193 2148 4263 plebi
2175 4206 2377 4252 sancta:
2405 4198 2761 4269 Lingonensis
2787 4205 3061 4264 Ecclesirc.

1936 4308 1941 4312 -
1992 4285 2301 4354 Apostoliea
2343 4303 2439 4343 nos
2471 4299 2525 4344 et
2554 4294 2861 4363 evangelica
2900 4298 3143 4356 instituta
3173 4302 3508 4363 incessanter

1924 4377 2214 4433 admonent
2234 4391 2291 4435 ut
2311 4383 2549 4438 omnium
2572 4386 2932 4443 Ecclesiarum
2949 4407 3134 4447 curam
3157 4396 3384 4454 sollicite
3412 4414 3506 4471 ge—

1925 4483 2044 4522 rere
2087 4470 2398 4537 debeamus,
2449 4474 2562 4543 ipsa
2608 4491 2707 4531 nos
2760 4478 3079 4548 instruente,
3133 4487 3396 4560 nobisque
3426 4470 3502 4545 in

1925 4555 2083 4610 beato
2109 4556 2270 4613 Petro
2297 4562 2668 4631 apostolorum
2704 4567 2949 4638 principe
2977 4555 3323 4644 praecipiente
3351 4577 3507 4634 Veri-

1926 4649 2055 4708 tate,
2085 4645 2175 4714 qui
2216 4646 2345 4701 dicit
2377 4665 2389 4701 :
2421 4646 2603 4704 Simon
2649 4652 2896 4722 Joannis,
2938 4658 3114 4729 diligis
3169 4665 3291 4717 me?
3334 4665 3504 4723 Pasce

1922 4749 2038 4787 oves
2064 4751 2205 4789 nicas
2234 4735 2417 4806 (Joan.
2450 4741 2587 4810 χχι).
2618 4741 2783 4814 Cujus
2805 4752 3129 4809 auctoritate
3157 4765 3213 4809 et
3238 4756 3504 4816 vicarica-

1925 4823 2071 4879 tione
2096 4826 2277 4883 divina
2312 4830 2663 4900 dispositione
2688 4835 2829 4903 freti,
2859 4844 3067 4898 cunctis
3099 4854 3155 4900 et
3192 4847 3243 4902 in
3279 4865 3505 4923 pnospe—

1921 4914 2171 4973 ritatibus
2190 4924 2547 4992 congaudere,
2579 4936 2633 4982 et
2664 4928 2716 4983 in
2741 4933 3151 4993 necessitatibus
3176 4914 3332 5011 Opein
3359 4914 3504 4998 ferre

1923 5010 2097 5075 parati
2128 5025 2331 5069 sumus.
2372 5015 2438 5070 Et
2459 5019 2583 5089 quia
2614 5019 2699 5076 lex
2726 5023 2819 5078 Dei
2842 5041 2941 5095 per
2964 5027 3183 5101 Moysen
3213 5010 3338 5089 data
3364 5052 3500 5106 prae~

1922 5098 2052 5168 cipit
2080 5118 2093 5154 :
2124 5100 2202 5167 Si,
2248 5103 2516 5176 inquiens,
2549 5111 2737 5166 videris
2781 5116 2986 5173 asinum
3014 5098 3240 5189 proximi
3281 5098 3380 5178 ηιξ-
3405 5128 3501 5180 sub

1921 5205 2074 5244 onere
2093 5192 2382 5263 jacentem,
2414 5214 2518 5253 non
2539 5206 2877 5270 perlransibis
2901 5249 2914 5274 ,
2949 5212 3041 5265 sed
3065 5214 3357 5270 sublevabis
3380 5233 3500 5272 cum

1918 5295 1978 5331 eo
2000 5279 2195 5351 (Exod.
2226 5288 2420 5357 xxm);
2455 5299 2695 5347 scrutata
2723 5305 2896 5352 vestra
2923 5300 3250 5369 calamitate,
3286 5316 3497 5364 vestra-

1919 5382 2025 5437 que
2050 5371 2362 5431 discrimina
2388 5381 2660 5445 eontinua,
2690 5400 2795 5440 non
2843 5389 2958 5444 sine
2995 5393 3231 5450 maxime
3262 5410 3501 5457 mmrore

1918 5459 2235 5518 admirando
2261 5470 2596 5538 suscepimus
2618 5475 2761 5544 quod
2792 5476 2927 5533 infra
2958 5488 3039 5535 tot
3060 5481 3268 5540 dierum
3298 5495 3501 5561 tempo-

1918 5564 2144 5620 rumque
2164 5557 2338 5624 spatia
2366 5570 2600 5616 vestram
2628 5564 2784 5620 nobis
2820 5567 3068 5635 injuriam
3101 5585 3282 5634 custos
3321 5557 3501 5638 homi-

1918 5657 2045 5697 num
2092 5646 2393 5706 sollicitudo
2429 5655 2650 5712 minime
2703 5660 2973 5728 patefecit.
3015 5664 3341 5743 Nune-«ergo
3368 5674 3499 5743 quia

1916 5729 2066 5786 sicut
2081 5749 2179 5803 per
2203 5750 2377 5793 vestra
2406 5744 2605 5813 scripta
2633 5746 2940 5818 didicimus,
2972 5729 3303 5815 Teutbaldus
3322 5729 3499 5835 neque

1916 5825 2119 5883 avobis
2144 5832 2431 5900 expetitus,
2466 5852 2638 5906 neque
2687 5839 2910 5911 electus,
2949 5861 3123 5916 neque
3170 5825 3499 5913 acclamaius

2984 5951 3026 6013 2
