3986 5358
492 444 590 501 ‘5‘
1527 444 1884 501 BENEDICTI
1919 445 2117 501 ΡΑΡᾹΞ
2160 448 2226 505 IV
2266 448 2728 506 PIHVILEGIUM.
3694 456 3779 510 H-

496 565 601 623 est,
627 557 722 611 sed
749 564 848 611 nec
874 556 940 611 ad
971 554 1177 626 aliquos
1218 572 1403 612 sacros
1424 558 1644 614 ordines
1685 559 1739 614 in
1768 564 1945 615 vestra
1972 558 2073 616 Ec-
2103 568 2148 624 Α
2180 562 2504 619 rentissimis
2555 571 2609 617 et
2653 561 3012 618 sanctissimis
3054 561 3317 632 episcopis
3358 579 3451 619 seu
3486 568 3761 639 archiepi-

484 647 655 704 elesia
682 656 991 717 provectus,
1020 647 1159 703 sicut
1186 648 1287 703 hoc
1333 648 1477 703 veris
1505 649 1806 719 approbare
1848 649 2071 719 potestis

493 739 726 806 indiciis,
750 749 807 796 et
845 740 922 794 ita
947 755 1010 796 se
1038 755 1128 796 res
1150 741 1332 808 habet,
1365 741 1508 797 sicut
1539 742 1922 812 praedecessori
1971 757 2069 798 no-

486 840 607 887 stro
630 831 733 902 pia:
764 832 1155 901 recordationis
1181 831 1376 889 Joanni
1404 845 1556 902 papae
1572 830 1889 900 jamdudum
1920 831 2073 888 iuno-

488 920 670 979 tuistis
701 939 715 977 :
748 937 858 981 non
900 923 1058 980 nobis
1104 923 1316 979 videtur
1376 936 1497 979 esse
1548 923 1926 995 incongruum,
1975 923 2069 979 sed
2126 912 2137 921 “

484 1018 665 1087 potius
692 1020 839 1074 omni
880 1034 1035 1076 sacra
1060 1028 1117 1075 et
1143 1018 1402 1075 canonica
1437 1018 1758 1074 auctoritate
1800 1017 2065 1084 fulcitum,

486 1123 637 1165 more
693 1110 1154 1179 praedecessorum
1217 1119 1526 1167 nostrorum
1571 1110 1894 1166 sententiam
1950 1124 2065 1164 mu-

486 1206 651 1263 tando
674 1208 727 1263 in
753 1208 963 1274 melius,
987 1216 1049 1264 ut
1067 1209 1135 1264 de
1160 1208 1344 1263 multis
1364 1207 1625 1277 exemplis
1651 1205 2068 1262 evidentissimis

484 1299 786 1368 approbare
827 1312 1133 1369 possumus.
1163 1299 1288 1355 ideo
1334 1298 1623 1369 Argrinum
1665 1304 1935 1367 pastorem
1974 1307 2068 1349 ve-

484 1396 657 1443 strum
686 1403 716 1443 a
743 1390 895 1447 vobis
921 1391 1255 1446 unanimiter
1281 1389 1509 1445 electum
1539 1399 1597 1444 et
1638 1388 1933 1459 expetitum
1964 1400 2061 1467 vo-

480 1480 564 1535 bis
590 1481 850 1537 canonice
874 1497 1109 1553 prazesse
1134 1481 1512 1546 concedimus;
1564 1494 1745 1548 quem,
1794 1479 1936 1534 sicut
1981 1474 2062 1530 di-

478 1570 624 1638 citis,
661 1572 848 1642 utique
882 1581 1035 1643 patet
1080 1572 1485 1628 inconsiderate
1526 1570 1692 1625 fuisse
1734 1584 1832 1639 per
1873 1568 2063 1624 subre-

480 1660 725 1728 ptionem
748 1676 779 1716 a
808 1662 961 1718 vobis
987 1662 1271 1732 expulsum
1290 1680 1303 1715 ε
1320 1661 1695 1732 praecipientes
1720 1668 1778 1714 ut
1812 1659 1972 1730 digna
1997 1672 2060 1713 ac

482 1752 810 1820 competenti
839 1752 989 1807 illum
1039 1753 1339 1808 reverentia
1377 1752 1677 1821 recipiatis,
1709 1760 1871 1820 atque
1913 1748 2060 1804 sicut

477 1842 697 1912 proprio
725 1842 979 1913 episeopo
1015 1842 1329 1898 obedientes
1359 1843 1411 1896 in
1450 1842 1701 1897 omnibus
1740 1841 2056 1901 existentes,

476 1940 532 1986 et
571 1932 687 2001 ejus
726 1932 964 2003 alloquio
997 1942 1052 1988 et
1095 1934 1468 1990 consolatione
1513 1941 1699 1988 nostra
1742 1933 2063 1988 auctoritate

471 2019 748 2088 l‘ruamini,
800 2039 865 2078 ac
916 2024 1077 2079 veluti
1128 2039 1194 2079 eo
1240 2032 1389 2080 tanto
1437 2032 1658 2094 pastore
1709 2023 1922 2079 reddito
1951 2031 2063 2078 eta

406 2108 411 2114 ’
471 2111 625 2168 vobis
652 2122 868 2184 recepto
902 2114 956 2168 in
989 2106 1222 2169 Demino
1264 2113 1543 2168 vobiscum
1583 2111 2060 2184 congratulemini.

469 2199 617 2255 Sane
636 2200 765 2271 quia
787 2201 1042 2258 omnibus
1061 2190 1317 2257 Ecclesiis
1338 2202 1431 2273 jus
1456 2202 1837 2257 intemeratum
1866 2200 2063 2272 legem-

470 2304 580 2361 que
620 2284 939 2347 canonicam
998 2291 1379 2349 inviolabiliter
1421 2306 1752 2349 conservare
1793 2291 2059 2357 volumus,

465 2378 726 2435 Ecclesia:
768 2389 967 2437 vestrae
1011 2395 1352 2452 nequaquam
1399 2382 1508 2437 vim
1545 2380 1748 2437 inferre
1775 2380 2057 2446 debemus,

463 2483 572 2525 nec
599 2469 817 2542 aliquod
865 2473 1239 2543 przejudicium
1284 2473 1565 2543 imponere
1613 2471 1929 2542 qurerimus,
1964 2470 2059 2526 sed

462 2561 524 2615 in
570 2563 827 2619 omnibus
886 2564 1208 2621 canonicam
1268 2565 1651 2621 auctoritatem
1706 2572 1763 2619 et
1815 2564 2057 2634 priscam

461 2651 781 2710 electionem
806 2655 1187 2712 immutilatam
1212 2671 1334 2713 esse
1361 2671 1669 2715 censemus.
1695 2655 1840 2712 Bene
1862 2655 2055 2712 valete.

524 2762 668 2819 Data
720 2780 758 2821 ll
813 2765 1040 2822 Kalend.
1071 2766 1432 2838 Septembris,
1470 2781 1566 2836 per
1602 2781 1820 2821 manum
1879 2764 2056 2835 Sergii

454 2855 729 2911 scriniarii
753 2868 953 2913 sanctae
972 2857 1231 2913 Romana:
1254 2857 1527 2922 Ecclesiae,
1558 2856 1854 2912 indictione
1872 2856 2053 2912 tertia.

848 2948 1182 3006 EPISTOLA
1220 2948 1308 3016 lll,
1343 2962 1660 3004 ENCYCLICA.

476 3033 816 3093 Halaceuum
869 3040 1479 3165 epistltoputzrtsociosque
1521 3038 1644 3163 sjas
1689 3054 1721 3091 a
1775 3036 2056 3093 Saracenis

894 3126 981 3163 ma
1003 3127 1030 3164 ε
1071 3128 1122 3164 ta
1159 3128 1173 3165 ι
1202 3126 1258 3165 os
1286 3125 1518 3164 commen
1560 3126 1590 3163 a
1619 3147 1634 3162 .

894 3125 1030 3164 male
1053 3125 1258 3165 Ιιαοιιοσ
1286 3125 1634 3164 commendat.

804 3196 1013 3271 (βψω.
1038 3198 1154 3248 Vet.
1184 3198 1434 3259 Analecta,
1455 3210 1565 3261 pag.
1585 3196 1720 3258 ‘28.)

2174 653 2385 722 scopis,
2427 667 2636 709 necnon
2666 653 2952 710 abbatibus
2981 660 3144 723 atque
3170 654 3488 721 comitibus,
3520 671 3617 713 seu
3660 658 3757 733 ju-

2173 739 2380 796 dicibus
2398 781 2413 805 ,
2461 755 2649 796 verum
2674 741 2840 797 etiam
2865 750 2920 796 et
2949 741 3218 799 universis
3247 743 3567 802 orthodoxis
3602 744 3763 805 Chri-

2173 831 2360 887 stianae
2387 831 2510 888 lldei
2540 832 2859 890 cultoribus.
3508 823 3513 830 ’

2243 920 2530 977 Sanctitati
2557 937 2651 979 seu
2677 923 2918 978 omnium
2955 923 3386 982 Christianorum
3431 926 3759 998 religiosita-

2174 1012 2317 1069 tibus
2347 1024 2533 1070 notum
2556 1030 2676 1072 esse
2695 1015 2962 1082 volumus,
2989 1016 3115 1086 quia
3139 1018 3241 1075 iste
3267 1032 3505 1089 prmsens
3526 1018 3759 1092 Malage-

2173 1118 2274 1160 nus
2296 1104 2620 1162 venerabilis
2641 1106 2926 1176 episcopus
2953 1104 3451 1181 Hierosolymitana:
3472 1109 3756 1176 Ecclesiae,

2173 1207 2279 1247 una
2329 1207 2453 1275 cum
2487 1194 2599 1251 suis
2646 1194 2894 1251 ﬁdelibus
2934 1210 2966 1250 a
3002 1195 3393 1275 Saracenorum
3432 1199 3683 1267 gentibus
3723 1216 3755 1253 a

2170 1299 2266 1339 sua
2318 1270 2558 1342 Ecclesia
2599 1287 2940 1356 depraedatus
2979 1296 3092 1352 est,
3141 1270 3197 1359 et
3237 1289 3406 1345 etiam
3435 1291 3658 1360 quidam
3686 1291 3756 1347 de

2170 1371 2284 1426 suis
2310 1371 2616 1447 hominibus
2640 1375 2708 1429 ab
2750 1374 2864 1446 ipsa
2897 1373 3281 1433 nefandissima
3331 1386 3492 1448 gente
3518 1376 3751 1433 Sarace—

2169 1476 2360 1516 norum
2404 1464 2568 1521 occisi
2598 1474 2759 1531 sunt,
2806 1479 2904 1534 pro
2927 1479 2993 1520 eo
3036 1467 3182 1535 quod
3214 1466 3373 1523 tidem
3405 1468 3620 1525 illorum
3648 1470 3748 1524 mi~

2165 1555 2312 1611 nime
2336 1556 2610 1614 celebrare
2638 1558 2943 1614 voluerunt.
2975 1558 3074 1614 Hic
3102 1560 3281 1630 itaque
3316 1560 3626 1616 Malacenus
3652 1577 3744 1616 τρ-

2167 1646 2569 1703 vereutissimus
2626 1648 2910 1718 episcopus
2976 1663 3098 1702 cum
3148 1649 3217 1704 ab
3274 1649 3405 1721 ipsis
3465 1648 3751 1704 Saracenis

2163 1739 2501 1809 deprzedatus
2528 1748 2643 1807 est,
2691 1756 2722 1796 a
2754 1740 3072 1812 quibusdam
3102 1740 3429 1796 Christianis
3480 1742 3653 1796 Deum
3679 1741 3743 1795 ti-

2166 1829 2436 1887 mentibus
2459 1839 2804 1902 comparatus
2827 1839 2944 1895 est,
2972 1841 3026 1889 et
3054 1831 3143 1885 alii
3178 1831 3395 1902 triginta
3423 1831 3742 1896 Christiani,

2169 1921 2261 1989 qui
2286 1935 2409 1976 cum
2440 1936 2506 1977 eo
2548 1922 2838 1994 depraedati
2870 1930 3017 1987 sunt,
3046 1923 3116 1978 ab
3141 1923 3342 1978 eisdem
3374 1922 3667 1978 Saracenis
3690 1923 3745 1976 in

2166 2013 2408 2069 custodia
2450 2014 2772 2071 retinentur.
2820 2013 2974 2071 Unde
3021 2015 3343 2071 mandamus
3387 2024 3447 2070 ut
3495 2030 3596 2085 pro
3650 2017 3742 2071 Dei

2164 2102 2549 2172 omnipotentis
2576 2118 2796 2171 amore,
2842 2105 2896 2159 in
2921 2115 3181 2175 quantum
3224 2105 3443 2161 virtutis
3485 2106 3746 2163 Dominus

2162 2190 2319 2246 vobis
2341 2191 2658 2259 donaverit,
2705 2191 3030 2262 adjutorium
3062 2194 3168 2248 illis
3202 2193 3448 2263 faciatis,
3486 2202 3542 2250 et
3579 2194 3759 2261 liceat,

2164 2280 2272 2345 illis
2315 2283 2498 2353 quiete
2542 2266 2598 2339 et
2631 2284 2837 2354 absque
2863 2282 3231 2354 cujuscunque
3261 2285 3615 2355 oppressione
3640 2288 3747 2343 sat-

2164 2390 2260 2433 vos
2284 2393 2511 2451 pergere
2528 2420 2543 2445 ,
2575 2389 2632 2435 et
2658 2379 2726 2435 de
2750 2379 2971 2435 civitate
3000 2379 3053 2433 in
3084 2379 3356 2435 civitatem
3370 2395 3481 2450 per
3505 2391 3745 2436 vestrum

2163 2467 2423 2524 auxilium
2449 2479 2504 2526 et
2527 2468 2855 2538 adjutorium
2902 2468 3035 2524 salvi
3058 2469 3325 2532 existant,
3354 2478 3414 2524 ut
3440 2469 3616 2525 nullus
3654 2471 3747 2525 ho-

2164 2573 2252 2613 mo
2280 2573 2376 2616 eos
2408 2559 2752 2630 deprzedare,
2798 2566 2893 2613 aut
2934 2558 3149 2629 aliquod
3194 2559 3395 2614 malum
3442 2559 3622 2615 facere
3645 2551 3747 2612 an-

2162 2649 2324 2704 deat:
2357 2650 2486 2715 sed,
2532 2663 2633 2719 pro
2660 2663 2846 2704 amore
2891 2647 2987 2703 Dei
3033 2657 3090 2704 et
3136 2649 3438 2705 reverentia
3466 2649 3747 2713 beatorum

2160 2738 2462 2809 principum
2507 2737 2873 2808 apostolorum
2902 2736 3046 2793 P'etri
3073 2745 3128 2793 et
3157 2737 3342 2803 Pauli,
3388 2738 3456 2793 ad
3502 2737 3661 2807 cujus
3685 2738 3746 2792 li-

2160 2831 2306 2885 mina
2335 2829 2423 2886 isti
2451 2834 2832 2899 pervenerunt,
2866 2827 3099 2898 benigne
3124 2842 3221 2884 eos
3240 2828 3572 2898 suscipiatis,
3598 2838 3655 2883 et
3676 2829 3743 2886 de

2158 2920 2373 2975 civitate
2402 2918 2761 2974 in'civitatem
2795 2917 2975 2972 salvos
3006 2931 3101 2972 eos
3127 2917 3476 2973 transmittite
3499 2957 3518 2984 ,
3564 2926 3619 2973 et
3647 2918 3741 2973 ho—

2159 3010 2379 3079 spitium
2413 3010 2492 3065 eis
2515 3017 2835 3078 prteparate.
2883 3007 3169 3064 Credimus
3195 3011 3339 3076 enim
3370 3009 3495 3081 quia
3524 3010 3703 3065 omnia
3722 3049 3741 3074 ,

2161 3099 2425 3169 quidquid
2449 3099 2502 3153 in
2551 3099 2632 3163 eis
2659 3098 2923 3154 bonorum
2955 3098 3214 3163 feceritis,
3261 3099 3329 3153 ab
3354 3099 3469 3170 ipso
3497 3108 3741 3155 creatore

2157 3188 2398 3242 omnium
2430 3187 2541 3244 Deo
2566 3186 2719 3243 vobis
2745 3187 3105 3254 retribuetur,
3125 3195 3180 3242 et
3208 3187 3511 3242 mercedem
3539 3185 3733 3242 exinde

537 3272 879 3345 Bauemc'ms
915 3293 1104 3335 servus
1134 3294 1412 3335 servorum
1455 3278 1573 3345 Dei,
1622 3277 1874 3334 omnibus
1906 3290 2060 3332 reve-
2090 3272 2136 3334 C
2167 3276 2436 3333 habebitis

477 3456 3728 3493 .—_——.———.————————.—————-——-———————————-‘

1280 3599 1979 3680 PRIVILEGIUM
2042 3600 2597 3679 BENEDICTI
2652 3601 2935 3680 eam
2994 3546 2999 3551 ξ

1456 3772 1722 3850 Huoggt'
1749 3770 1961 3832 abbati
2010 3769 2319 3833 Fuldenst'
2363 3790 2737 3863 concessum.

1458 4017 1624 4081 (Apud
1648 4016 1870 4079 Dronke,
1895 4015 2055 4066 codex
2074 4014 2287 4079 Diplom.
2312 4015 2455 4070 Fuld.
2480 4030 2594 4083 pag.
2616 4020 2752 4085 298.)

1924 4146 2246 4164 -η

524 4286 892 4352 Bemrc'rus,
937 4296 1131 4340 servus
1162 4294 1441 4337 servorum
1462 4281 1580 4349 Dei,
1609 4280 1816 4339 Euocat
1858 4280 2043 4337 abbati

2149 4289 2261 4337 tur.
2300 4281 2379 4339 De
2413 4297 2520 4354 qua
2568 4297 2627 4338 re
2661 4281 2764 4351 piis
2803 4282 3087 4338 desideriis
3109 4281 3378 4350 faventes,
3413 4284 3515 4340 hac
3546 4296 3731 4342 nostra

448 4375 777 4435 venerabilis
801 4372 1113 4430 monasterii
1134 4370 1347 4427 Domini
1375 4370 1696 4437 Salvatoris,
1720 4378 1777 4426 et
1802 4383 1899 4440 per
1919 4384 2044 4425 eum
2150 4371 2444 4440 apostolica
2491 4371 2813 4426 auctoritate
2861 4370 2914 4424 id
2964 4373 3107 4440 quod
3159 4372 3470 4442 exposeitur
3517 4372 3730 4431 etfectui

452 4467 512 4547 in
557 4469 748 4526 eodem
791 4465 1085 4522 venerabili
1144 4463 1479 4519 monasterio
1533 4461 2046 4531 successoribusque

450 4562 570 4618 suis
598 4559 888 4616 abbatibus
914 4558 969 4615 in
995 4564 1314 4631 perpetuum

2153 4463 2549 4535 mancipamus,
2598 4462 2892 4517 secundum
2922 4462 3180 4533 privilegii
3228 4463 3423 4519 seriem
3469 4466 3614 4534 quod
3665 4468 3735 4522 ab

2070 4588 2125 4650 Β
2153 4561 2497 4608 antecessore
2546 4560 2731 4606 nostro
2778 4551 2933 4607 bonae
2985 4552 3260 4607 memoria:
3314 4551 3520 4609 Marino
3575 4555 3733 4624 hujus

521 4650 812 4706 Summam
830 4655 1086 4719 gerentes
1110 4645 1527 4703 sollicitudinem
1552 4644 1793 4701 omnium
1814 4660 2044 4703 venera-
2070 4641 2114 4650 ⁷⁷
2148 4643 2304 4699 almae
2330 4644 2476 4707 sedis
2504 4642 2732 4714 preesule
2757 4643 2885 4697 inibi
2926 4643 3311 4713 perpetualiter
3335 4641 3536 4700 factum
3578 4648 3733 4703 nobis

453 4740 644 4799 bilium
670 4740 913 4797 locerum
953 4744 1221 4809 quantum
1263 4751 1330 4791 ex
1358 4736 1541 4792 divino
1573 4733 1840 4804 adiutorio
1871 4736 2046 4806 possi-
2144 4732 2435 4788 ostendere
2464 4733 2723 4804 sategisti.
2750 4730 2818 4787 Et
2845 4731 2964 4786 ideo
2995 4747 3212 4788 omnem
3243 4733 3529 4804 cujuslibet
3550 4735 3731 4791 Eccle-

452 4830 640 4887 bilitas
661 4829 825 4887 datur
849 4829 918 4885 de
943 4842 1132 4892 eorum
1153 4825 1445 4882 stabilitate
1478 4836 1722 4897 satagere
1741 4828 2040 4884 studemus.

2141 4823 2238 4878 sia“.
2285 4823 2624 4878 sacerdotem
2679 4823 2734 4877 in
2779 4820 3003 4891 praefato
3030 4822 3340 4878 -venerabili
3397 4826 3729 4899 monasterio

446 4920 569 4976 ﬂoc
594 4933 831 4993 namque
858 4916 1038 4974 studio
1076 4925 1133 4972 et
1171 4915 1351 4971 divina
1391 4915 1635 4987 placatur
1662 4916 1946 4981 clementia
1984 4926 2042 4975 et
2138 4914 2397 4970 ditionem
2434 4913 2726 4984 quamlibet
2774 4914 2987 4977 habere,
3020 4923 3075 4971 et
3116 4914 3493 4971 auctoritatem
3530 4925 3728 4986 praeter

451 5010 572 5067 laus
617 5008 876 5065 Ecclesiae
907 5006 1112 5064 Christi
1166 5014 1509 5076 procuratur.
1554 5005 1689 5071 Nam
1740 5007 1939 5078 potiori
1982 5016 2039 5064 et
2136 5005 2318 5064 sedem
2366 5005 2735 5078 apostolicam,
2782 5014 2838 5060 et
2865 5006 3172 5076 episcopum
3221 5005 3276 5062 in
3305 5004 3463 5075 cujus
3504 5005 3723 5062 dimeesi

449 5112 552 5159 nos
571 5096 768 5155 ﬁducia
782 5113 883 5168 pro
903 5095 1242 5167 impetranda
1266 5095 1421 5150 venia
1443 5095 1759 5151 delictorum
1780 5104 2037 5153 aeternam
2141 5101 2285 5156 idem
2344 5099 2653 5156 venerabile
2714 5098 3101 5153 monasterium
3158 5105 3529 5154 constructum
3598 5112 3721 5154 esse

606 5202 618 5210 ‘
830 5194 844 5206 “
947 5207 999 5216 λ’*
1030 5192 1185 5214 ²“’⁴¹“
1212 5207 1245 5210 "
1300 5206 1335 5231 ί
1366 5192 1426 5230 πί
1463 5193 1584 5230 ἶλαι*
1613 5195 1916 5248 reverentia
1946 5203 2038 5246 tua

2166 5190 2505 5244 lienoscitur:
2551 5189 2639 5240 cui
2686 5187 2959 5238 licentiam
2991 5188 3339 5236 concedimus
3370 5195 3577 5240 tantum
3600 5202 3722 5242 cum
