3986 5496
249 449 323 503 45
729 441 1234 500 ΕΙΙΒΙΞΤΟΡΗΟΒΙ
1272 443 1741 499 PSEUDOPAPJE
1785 442 2080 497 Dll’l.0)l.-\
2121 441 2255 496 PRO
2293 442 2586 497 AllB.\'l'lA
2623 442 3052 500 CORBEIENSI.
3442 452 3514 506 46

249 554 449 608 tuturis
487 553 816 622 temporibus
861 553 911 606 iu
951 552 1074 620 jure
1111 553 1275 622 ipsius
1313 552 1621 605 monasterii
1655 551 1832 604 divina
1865 561 1908 613 Α
1942 560 2022 603 ter
2051 565 2107 604 se
2131 559 2446 627 potestatem
2475 554 2798 607 omnimodis
2828 554 3057 608 habeant
3096 558 3387 614 secundum
3423 579 3520 618 re-

249 645 428 712 pietas
459 641 687 705 voluerit
713 656 910 710 augere
936 658 999 695 ex
1038 643 1190 696 donis
1218 651 1272 696 et
1297 641 1656 696 oblationibus
1683 641 1830 694 deci-

248 735 465 803 misque
487 733 744 796 ﬁdelium,
759 734 961 802 absque
982 734 1139 788 ullius
1154 732 1834 813 persontecontradictione

245 826 508 880 ﬁrmitate
538 834 794 894 perpetua
833 824 1160 893 perfruatur.
1192 827 1459 880 Caeterum
1497 827 1598 880 hoc
1635 825 1835 879 delibe-

244 924 433 967 rantes
483 914 822 968 decernimus
866 923 924 968 ut
966 915 1215 984 congruis
1262 915 1590 984 temporibus
1639 921 1834 969 nostrae

245 1003 598 1057 sollicitudini
635 1004 1018 1058 ecclesiastica:
1052 1007 1348 1070 intimetur,
1385 1006 1617 1076 qualiter
1646 1005 1833 1074 religio

241 1093 546 1145 monastica
607 1095 840 1162 regulari
893 1095 1076 1148 habitu
1130 1095 1392 1165 dirigatur
1437 1095 1835 1162 concordiaque

237 1183 590 1237 convenieuti
634 1185 1004 1240 ecclesiastico
1044 1187 1146 1240 ritu
1192 1188 1549 1256 maneipetur,
1579 1202 1644 1241 ne
1673 1186 1829 1250 forte,

239 1273 390 1340 quod.
417 1274 584 1338 absit,
607 1276 708 1328 sub
740 1276 896 1344 hujus
920 1277 1183 1346 privilegii
1201 1278 1422 1332 obtentu
1447 1279 1658 1332 animus
1677 1295 1829 1347 gres-

239 1377 445 1431 susque
494 1366 831 1420 rectitudinis
870 1379 1064 1422 vestrze
1095 1385 1124 1422 a
1158 1385 1343 1425 norma
1389 1371 1613 1440 jusﬁtite
1652 1371 1831 1438 aliquo

241 1458 404 1510 modo
437 1467 832 1527 retorqueatur.
884 1461 948 1514 Et
996 1475 1166 1528 neque
1207 1461 1340 1530 regi,
1381 1474 1552 1529 neque
1579 1460 1832 1529 episeopo

237 1549 487 1614 cuilibet,
521 1551 601 1605 vel
630 1552 849 1616 comiti,
879 1552 961 1606 vel
1003 1553 1091 1606 alii
1139 1569 1346 1624 magnze
1390 1568 1670 1622 parvazque
1710 1569 1832 1622 per-

237 1654 388 1693 sona!
418 1640 623 1694 licitum
650 1642 721 1694 sit
742 1643 1036 1710 quamlibet
1067 1644 1170 1696 vim
1205 1644 1423 1708 inferre,
1457 1644 1568 1697 sive
1595 1644 1828 1714 aliquam

240 1731 679 1791 controversiam
719 1731 897 1785 facere
926 1731 978 1784 in
1009 1734 1167 1786 rebus
1198 1734 1278 1787 vel
1325 1732 1545 1787 familiis
1587 1734 1826 1802 ejusdem

235 1831 382 1886 saepe
413 1819 542 1873 dicti
573 1813 899 1874 venerabilis
927 1823 1258 1876 monasterii.
1292 1823 1354 1875 Et
1382 1823 1703 1877 auctoritate
1734 1840 1828 1878 no-

1939 638 2114 708 gulam
2142 640 2308 693 sancti
2336 640 2604 693 Benedicti
2634 642 2751 694 sine
2777 643 2934 695 ullius
2964 658 3206 710 persona:
3237 650 3515 705 contradi-

1938 731 2137 785 ctione.
2168 729 2233 783 Et
2259 731 2372 793 tibi,
2405 731 2477 784 ﬁli
2506 733 2698 786 dilecte
2738 733 2959 804 lluOggi,
2989 737 3112 804 quia
3143 744 3193 792 te
3225 737 3364 796 bene
3393 757 3518 798 eru-

1941 820 2110 873 ditum
2140 826 2192 872 et
2219 819 2558 888 eloquentem
2601 823 2773 877 virum
2815 840 2934 879 esse
2976 827 3255 892 novimus,
3288 832 3516 888 verbum

1940 909 2032 962 Dei
2072 909 2365 978 praedicare
2393 912 2716 967 auctoritate
2761 917 2931 969 sancti
2975 916 3150 981 Petri,
3183 929 3239 973 et
3265 924 3518 978 concedi-

1937 1015 2056 1054 mus
2069 1008 2121 1053 et
2140 1001 2495 1069 praacipimus.
2523 1001 2685 1071 Igitur
2711 1012 3008 1060 statuentes
3034 1007 3328 1074 apostolica
3358 1026 3510 1076 cura,

1935 1092 2274 1146 decernimus
2303 1108 2401 1161 per
2425 1093 2582 1162 hujus
2615 1095 2812 1149 decreti
2841 1098 3008 1152 nostri
3038 1099 3286 1167 paginam
3317 1111 3372 1156 ut
3395 1103 3517 1171 qui-

1935 1196 2146 1250 cunque
2175 1180 2462 1248 cujuslibet
2496 1181 2750 1238 Ecclesiae
2788 1186 3060 1242 antistites
3083 1188 3165 1242 vel
3196 1203 3520 1262 quacunque

1936 1273 2194 1341 dignitate
2225 1273 2446 1342 praedita
2477 1289 2708 1344 persona
2751 1277 2888 1331 hanc
2923 1277 3186 1348 privilegii
3218 1283 3388 1336 nostri
3416 1299 3517 1336 au-

1934 1366 2238 1420 ctoritatem
2275 1381 2435 1434 quam
2463 1369 2814 1437 prterogativa
2850 1371 3108 1440 principis
3149 1374 3519 1440 apostolorum

1937 1455 2236 1520 ﬁrmamus,
2272 1467 2535 1512 temerare
2578 1462 3000 1530 pnesumpserit,
3042 1463 3144 1518 nisi
3179 1465 3286 1519 cito
3329 1467 3522 1535 resipi-

1933 1560 2073 1613 scat,
2101 1551 2387 1604 anathema
2418 1552 2509 1616 sit,
2557 1562 2610 1607 et
2653 1554 2789 1607 iram
2833 1553 2930 1609 Dei
2976 1555 3277 1619 incurrens,
3306 1571 3336 1609 a
3369 1564 3514 1611 metu

1933 1648 2242 1692 sanctorum
2272 1642 2511 1694 omnium
2544 1645 2776 1698 extorris
2800 1645 3032 1709 existat,
3078 1654 3132 1698 et
3169 1645 3518 1701 nihilominus

1932 1727 2137 1796 praefati
2173 1731 2481 1783 monasterii
2513 1733 2746 1802 dignitas
2782 1749 2811 1786 a
2854 1735 3008 1789 nobis
3052 1736 3266 1789 inuubia
3298 1751 3516 1805 perma-

1935 1828 2076 1871 neat.
2111 1817 2212 1885 Qui
2243 1829 2421 1873 autcm
2453 1833 2632 1877 custos
2666 1823 2960 1888 exstiterit,
3000 1826 3428 1880 benedictionem
3459 1835 3514 1881 et

239 1914 357 1959 stra
400 1907 776 1962 interdicimus
806 1918 863 1960 ut
909 1909 1049 1961 nulla
1090 1909 1287 1962 femina
1335 1909 1464 1962 inihi
1496 1910 1698 1976 ingredi
1730 1928 1825 1964 un-
1859 1919 1900 1976 Β
1930 1910 2158 1978 gratiam
2189 1926 2218 1962 a
2251 1911 2476 1965 Domino
2501 1923 2879 1982 consequatur.

235 2011 402 2064 quam
450 2007 755 2067 prtesutuat.
788 1998 956 2054 Nemo
1001 2002 1049 2053 in
1081 2001 1268 2054 eodem
1313 2003 1638 2055 monasterio
1668 2018 1827 2056 vene-

235 2087 428 2153 rabili,
460 2089 546 2144 vel
597 2089 650 2144 in
695 2091 905 2144 caeteris
956 2091 1072 2158 ejus
1123 2093 1255 2146 locis
1305 2092 1558 2162 placitum
1608 2093 1823 2147 habeat.

234 2175 408 2233 Nemo
436 2196 625 2236 servos
666 2182 748 2235 vel
789 2182 1006 2236 colonos
1044 2185 1110 2236 ad
1139 2184 1353 2253 aliquod
1393 2184 1667 2238 servitium
1698 2199 1826 2236 eon-

230 2270 485 2340 stringat,
520 2271 625 2326 illis
655 2281 860 2326 tantum
890 2275 1131 2342 exceptis
1167 2275 1408 2343 personis
1433 2275 1628 2344 quibus
1655 2275 1823 2329 abbas

232 2359 299 2411 ad
329 2359 618 2414 utilitatem
663 2378 774 2416 suae
809 2364 1145 2418 necessitatis
1192 2381 1470 2418 assensum
1509 2365 1817 2434 prtebuerit.

233 2445 471 2520 Eligendi
505 2451 605 2504 sibi
636 2453 885 2507 abbatem
913 2455 1129 2522 quando
1163 2469 1296 2523 Opus
1325 2454 1484 2509 fuerit
1519 2454 1712 2508 fratres
1743 2456 1822 2508 in-

2003 1997 2274 2067 Scriptum
2330 2014 2426 2067 per
2483 2016 2700 2054 manum
2730 2001 2923 2056 Leonis
2985 2003 3253 2057 scriniarii
3310 2013 3512 2060 sancta:

1931 2089 2187 2144 Romana:
2216 2090 2461 2144 Ecclesia:
2487 2092 2540 2144 in
2569 2108 2752 2146 mense
2781 2089 2938 2155 Maio,
2971 2094 3258 2148 indictione
3284 2095 3338 2148 4.
3368 2095 3510 2149 Bene

1932 2181 2127 2236 valete.
2167 2182 2356 2235 Datum
2385 2182 2571 2250 quinta
2602 2183 2808 2237 decima
2841 2182 3206 2237 Kalendarum
3239 2184 3382 2238 Junii
3417 2202 3510 2254 per

1932 2287 2144 2324 manum
2173 2271 2438 2326 Anastasii
2465 2273 2756 2341 primicerii
2780 2274 3119 2327 defensorum
3144 2281 3345 2329 saneﬁn
3367 2274 3514 2328 sedis-

1929 2365 2266 2433 apostolicm,
2299 2366 2593 2432 imperante
2629 2367 2824 2420 domno
2868 2357 3110 2434 piissimo
3140 2366 3382 2436 Augusto
3410 2366 3512 2420 Lu-

1929 2455 2116 2509 dovico
2143 2471 2171 2507 a
2209 2455 2316 2510 Deo
2347 2466 2603 2511 coronato
2629 2470 2826 2526 magno
2856 2456 3178 2525 imperatore
3207 2471 3350 2510 anno
3391 2457 3406 2478 '

237 2620 3507 2670 ω

1501 2720 1668 2762 ANNO
1705 2720 1934 2764 DOMINI
1977 2724 2239 2768 DCCCCV.

763 2835 2986 3053 CHRISTOPHOBUS

1245 3097 1490 3159 SEDIS
1527 3097 2072 3160 APOSTOLIC/E
2109 3101 2494 3164 INVASOR.

750 3325 1185 3402 NOTITIA
1253 3324 1803 3403 HISTORICA
1900 3327 2010 3402 IN
2060 3327 2971 3406 CHRISTOPHORUM.

1588 3456 1683 3514 (Ex
1708 3455 1932 3507 Conciliis
1953 3455 2150 3519 Iansi.)

295 3681 748 3750 Christmthorus,
780 3683 996 3755 invasor
1025 3683 1168 3755 sedis
1197 3684 1524 3755 apostolicae,
1546 3685 1665 3755 pari
1695 3685 1855 3739 modo
1882 3685 1950 3739 ab
1977 3686 2225 3738 invasere
2255 3683 2444 3755 Sergio
2477 3683 2790 3752 pontiﬁcatu
2819 3681 3084 3751 dejieitur,
3115 3696 3222 3755 quo
3254 3681 3342 3736 ille
3368 3697 3498 3755 pra-.-

226 3751 562 3824 det-essorent
596 3766 749 3824 suum
782 3751 1011 3824 Leonem
1045 3754 1083 3807 V
1111 3751 1344 3824 legitime
1367 3751 1594 3808 electum
1633 3757 1758 3824 sede
1787 3771 1881 3809 sua
1921 3763 2219 3809 amoverat.
2251 3751 2384 3808 Nam
2421 3751 2542 3807 cum
2587 3762 2793 3824 septem
2827 3766 3040 3805 menses
3082 3753 3261 3805 sedem
3295 3753 3499 3821 pontiﬁ-

228 3821 372 3896 cium
396 3822 692 3896 ualuisset,
712 3821 952 3889 dejectus
974 3833 1056 3896 est
1094 3839 1124 3877 e
1165 3821 1296 3878 Bede
1326 3824 1587 3878 violenter
1613 3839 1708 3892 per
1741 3823 2007 3896 Sergium,
2041 3825 2371 3894 strictusquc
2398 3823 2649 3888 vinculis,
2680 3832 2735 3875 ct
2777 3823 2827 3875 in
2856 3835 3139 3876 carcerem
3171 3830 3374 3885 trusus,
3406 3837 3499 3890 per

229 3891 331 3942 vim
356 3892 614 3944 inductus
643 3893 810 3946 vitam
837 3903 890 3946 et
922 3894 1161 3948 habitum
1189 3896 1549 3948 monasticum
1577 3891 1826 3962 suscepit.

489 4071 3496 4096 MM...

946 4235 1573 4348 DIPLOMA
1655 4234 1731 4346 C
1757 4231 2720 4346 HRISTOPHORI

500 4413 582 4472 l-n
619 4411 1153 4491 conﬁrmationem
1176 4408 1658 4489 privilegiorum
1688 4407 1948 4469 abbatis:
1979 4407 2366 4469 Corbeiensis
2409 4410 2474 4470 in
2510 4409 2750 4468 diwecsi
2787 4408 3208 4469 Ambianensi.

200 4351 218 4423 ἑ

282 4643 743 4699 Cuatsrorttonus
789 4640 1091 4709 episcopus,
1138 4652 1326 4694 servus
1357 4652 1638 4692 servorum
1675 4636 1810 4703 Dei,
1841 4641 1884 4703 ρ
1918 4633 2268 4690 Ambianensi
2298 4647 2458 4703 super
2482 4632 2702 4686 lluvium
2750 4630 3030 4686 Sommam
3053 4674 3066 4698 ,
3114 4635 3246 4688 adiit
3273 4651 3369 4690 nos
3402 4653 3498 4706 per

217 4733 491 4790 universis
521 4729 792 4799 episcopis
816 4729 1136 4784 Galliarum.

287 4828 426 4882 Cum
465 4824 724 4877 Romante
771 4821 918 4876 sedis
951 4821 1256 4892 pontiﬁcem
1309 4829 1521 4876 constet
1565 4834 1804 4874 omnium

221 4916 590 4970 Ecelesiarum
638 4913 844 4967 Christi
892 4921 1053 4981 caput
1099 4911 1244 4976 fore,
1297 4927 1361 4965 ac
1410 4911 1452 4966 si
1493 4910 1635 4964 beati
1669 4909 1808 4962 Petri

222 5003 591 5074 apostolorum
631 5001 890 5072 principis
919 5001 1064 5055 vices
1093 5009 1376 5071 agentem,
1429 5001 1515 5054 cui
1561 5000 1812 5054 Christus

225 5098 297 5149 ait
331 5115 343 5148 :
379 5084 460 5147 Tu
506 5110 556 5146 es
587 5090 811 5158 Petrus,
860 5101 906 5145 et
938 5107 1092 5160 super
1124 5092 1260 5145 hanc
1289 5100 1488 5159 petram
1539 5089 1810 5165 (ediﬁcabo

226 5185 518 5240 Ecclesium
551 5201 739 5249 meum,
791 5194 840 5238 et
869 5183 961 5235 tibi
985 5182 1119 5235 dabo
1149 5181 1318 5235 claves
1352 5182 1495 5250 regni
1527 5180 1773 5234 calorum
1796 5219 1810 5245 ,

225 5275 356 5329 nulli
387 5279 743 5330 cunctandum
781 5284 868 5329 est
917 5275 1060 5342 quod
1108 5281 1316 5328 cuncta:
1363 5271 1620 5327 Ecclesia:
1652 5270 1807 5340 paci,

226 5365 386 5420 saluti
433 5375 488 5419 et
532 5367 691 5435 quieti
727 5365 1041 5436 prospicere
1088 5379 1185 5418 nos
1212 5371 1488 5431 oporteat,
1538 5361 1812 5432 praecipue

230 5464 412 5496 lanna"
444 5456 525 5496 Ιιῖα
549 5457 633 5496 nni
667 5459 730 5496 ml
760 5472 856 5496 nnc
887 5454 1220 5496 Imnpccilalic
1249 5469 1358 5496 cum
1387 5468 1577 5494 parumne
1601 5450 1814 5496 [lt-rner

1915 4724 2273 4781 venerabilem
2297 4723 2671 4792 coepiscopum
2698 4733 2940 4777 nostrum
2965 4724 3274 4792 Orgarium,
3303 4737 3495 4796 petens

1916 4827 1972 4870 ut
1996 4824 2195 4870 nostra:
2223 4815 2566 4868 auctoritatis
2593 4814 2875 4885 privilegio
2905 4825 3168 4883 praecepta
3203 4817 3285 4870 vel
3316 4819 3493 4871 edicta

1914 4923 2096 4977 regum
2128 4916 2181 4960 et
2213 4906 2597 4973 imperatorum
2635 4904 2873 4972 antiquis
2919 4914 3012 4957 aut
3058 4906 3330 4959 modernis
3363 4915 3498 4959 tern-

1914 4997 2135 5066 poribus
2185 4994 2359 5049 cidem
2396 4993 2512 5046 loco
2555 5007 2815 5049 concessa
2863 4994 3238 5056 lirtnaretnus,
3289 5009 3497 5049 necnon

1917 5086 2192 5157 privilegia
2247 5084 2659 5152 episcoporum,
2698 5099 2864 5136 unum
2919 5099 2948 5136 a
3001 5085 3228 5154 praesule
3275 5085 3500 5139 Ambia-

1918 5179 2067 5233 nensi
2099 5175 2394 5232 Bertcl‘rido
2414 5216 2428 5238 .
2457 5179 2525 5230 ad
2556 5178 2711 5246 cujus
2740 5174 3019 5230 dicecesim
3047 5177 3194 5230 locus
3226 5177 3338 5243 ipse
3375 5190 3500 5242 per-

1919 5273 2070 5336 tinet,
2102 5280 2156 5324 et
2184 5268 2518 5337 coepiSCOpis
2546 5271 2660 5325 suis
2693 5266 2916 5333 factum,
2969 5278 3024 5323 et
3050 5267 3300 5338 primitus
3325 5266 3499 5322 tediii-

1917 5372 2036 5415 cato
2077 5377 2175 5415 suo
2216 5362 2552 5416 monasterio
2583 5363 2764 5416 datum
2793 5376 2807 5422 ;
2863 5361 3002 5414 aliud
3027 5361 3182 5427 longe
3202 5365 3388 5426 postea
3415 5375 3504 5416 re-

1917 5460 2112 5494 {nmnln
2143 5450 2334 5490 Pnrnln
2386 5451 2450 5484 ιιι.
2491 5450 2779 5482 ιιέηηηυικίι
2815 5447 3102 5486 Rho-“nnc:
3136 5447 3504 5486 ηηηιιῖΛ-αει-ιρη-
