4026 6422
2620 384 2715 393 ειη-η...

279 441 344 495 £9
1345 436 1655 493 MONITUM
1687 438 1778 490 AD
1818 431 2167 490 COMMENT.
2210 430 2274 484 IN
2313 430 2469 485 GEN.
3458 428 3527 483 50

280 551 759 624 Thes.__riovissrmo
787 551 1047 607 Auecdot.
1084 559 1211 624 tom.
1244 548 1328 624 IV,
1350 560 1490 618 part.
1527 551 1579 614 1,
1612 551 1711 624 sub
1735 548 1850 603 init.
1882 566 1930 624 Α
1983 616 1995 624 _
2028 547 2113 601 15.
2148 545 2426 624 Responsio
2448 550 2513 624 ad
2536 547 3180 624 Gualoneui,_lleduorum
3206 561 3535 624 episcopum,

343 621 395 676 8.
439 620 728 675 Comment.
772 634 949 675 vastus
991 624 1043 675 in
1098 619 1429 683 Matt/neum,
1466 635 1577 672 .ms.
1628 620 1856 672 habetur

278 689 541 743 Monachii
566 692 615 743 in
635 691 951 745 bibliotheca
977 690 1307 743 serenissimi
1334 688 1854 747 electorisBavarizn,

277 758 573 828 teste-Rev.
604 759 765 813 Bern.
809 761 970 814 Pezio
1012 762 1232 814 Dissert.
1274 759 1542 828 lsagogica
1575 761 1639 811 ad
1657 767 1807 828 _tom.
1839 756 1858 810 l

277 827 689 883 Thesaurimovi
728 830 1144 890 Anecdotorum,
1174 843 1226 895 p.
1268 827 1336 880 25
1363 826 1379 879 Ξ
1411 826 1464 879 in
1492 828 1623 880 Bibl.
1657 826 1857 880 Vindo-

277 897 496 969 boueusi
538 906 589 950 et
621 898 677 951 S.
710 900 925 969 Georgii
958 898 1174 969 Majoris
1203 895 1455 959 Venetiis,
1489 905 1623 951 teste
1668 895 1859 950 Posse-

280 966 394 1038 viuo
420 966 729 1038 apparatus
757 966 901 1022 tome
928 969 985 1038 II,
1015 985 1066 1038 p.
1096 967 1220 1021 520.

338 1034 390 1105 9.
413 1035 490 1086 De
508 1034 899 1091 Festivitatibus
920 1034 1235 1092 Sanctorum
1260 1036 1352 1090 lib.
1382 1036 1501 1101 t,ad
1538 1034 1857 1105 EpiSCOpum

275 1100 600 1163 Atiduorum.
631 1117 893 1161 memorat
912 1107 1145 1161 Βυιίειιε.

342 1174 425 1226 10.
479 1172 761 1245 Sermones
804 1178 1019 1245 triginta
1075 1183 1366 1229 occurrunt
1400 1175 1467 1245 in
1518 1173 1858 1229 Lectionario

276 1243 585 1295 monasterii
629 1243 983 1299 Medianensis
1021 1254 1145 1298 ante
1185 1260 1354 1298 annos
1396 1244 1498 1298 700
1524 1245 1745 1311 scripto,
1790 1258 1856 1297 ex

275 1312 463 1378 quibus
519 1311 758 1381 aliquot,
805 1316 895 1381 qui
945 1315 1010 1367 ad
1062 1323 1455 1368 sacramentum
1505 1313 1857 1367 Eueharistia:

278 1383 852 1465 spectaiitadescripsit
888 1384 1220 1465 iiyacintlnts
1242 1384 1429 1465 ΔᾼΙΙίυι.
1459 1383 1585 1465 llam
1618 1382 1859 1463 Theode-

258 1449 760 1523 ‘rit-us__l_{tiinartus'
794 1454 845 1506 in
892 1449 1082 1507 Itinere
1105 1453 1343 1523 Alsalico
1371 1463 1423 1507 et
1457 1453 1856 1523 Lotharingico,

276 1528 397 1571 tom.
510 1518 1168 1591 Operumposthumorum
1191 1521 1475 1576 Mabillonii
1491 1533 1546 1577 et
1565 1517 1857 1585 Ruinartii,

274 1604 386 1657 pag.
429 1587 673 1643 μιξΑη
710 1587 839 1646 vero
869 1592 1098 1647 Alliotus
1135 1592 1252 1647 illos
1278 1593 1534 1657 ediderit,
1578 1591 1709 1645 mihi
1751 1604 1857 1643 non

274 1666 496 1711 constat.

452 1725 833 1800 Commentarii
849 1732 902 1783 in
929 1730 1250 1785 Martianum
1274 1729 1561 1800 Capellam,
1591 1730 1855 1783 Donatum

276 1804 318 1846 et
345 1793 681 1849 Priscianum
709 1798 893 1853 inediti
932 1802 982 1853 in
1011 1800 1175 1853 variis
1201 1793 1539 1854 bibliothecis
1567 1799 1851 1853 habentur.

276 1861 400 1916 Vide
421 1863 662 1918 Iudicem
688 1867 847 1921 Bern.
875 1870 941 1925 de
964 1868 1324 1923 Montfaucon.
1353 1868 1649 1922 Videndum
1676 1882 1854 1919 annon

279 1932 381 2008 Ili§.
393 1933 576 2008 titulis,
592 1940 1130 2008 comprehendantur
1160 1938 1376 2008 Remigii
1401 1936 1853 2008 Grammaticalia,

276 2002 443 2055 colon.
475 2002 619 2055 1500
649 2002 742 2058 fol.
775 2008 938 2069 edita,
977 2018 1111 2062 teste
1140 2002 1432 2062 Maitlairio
1458 2017 1584 2062 tom.
1610 2008 1629 2060 l
1660 2006 1852 2060 Annal.

277 2070 512 2146 Typogr.
538 2090 587 2142 p.
619 2074 740 2138 728,
771 2078 899 2129 edit.
929 2087 1129 2146 poster.

468 2141 892 2219 commentarius
929 2141 986 2219 in
1010 2146 1282 2219 Regulam
1325 2145 1384 2201 S.
1416 2144 1860 2219 Benedictilorie

278 2209 409 2263 illius
429 2220 537 2263 est.
564 2211 851 2269 Florentia:
872 2217 923 2271 in
946 2217 1081 2272 Bibl.
1105 2203 1343 2271 Medicea
1364 2227 1419 2271 et
1436 2215 1857 2272 Camaldulensi.

277 2278 429 2343 Idem,
457 2297 518 2351 p.
548 2281 672 2348 415,
698 2283 823 2338 450.

1965 616 2030 671 de
2058 633 2230 687 pugna
2257 618 2530 675 Michaelis
2556 636 2675 675 cum
2705 618 2933 683 diabolo,
2960 619 3023 672 de
3050 632 3272 687 cor-pore
3300 616 3463 672 Mosis
3484 627 3540 673 et

1964 687 2029 740 de
2055 687 2368 757 Beltemoth,
2399 705 2558 757 quam
2585 689 2905 744 Possevinus
2928 695 3207 741 memorat.

2031 756 2117 808 14.
2147 756 2232 836 De
2257 756 2830 836 rationegubernanda:
2853 757 3099 836 Ecclesia
3120 756 3353 836 scripsit,
3380 768 3540 827 prout

1961 825 2115 897 docet
2147 825 2556 897 Eisengreinins,
2585 830 2721 897 apud
2752 830 2997 897 etnndem
3025 825 3393 881 PosseVinumI

2033 895 2118 947 15.
2173 894 2541 965 Ιηῑειῖρνειηιὶο
2597 894 2863 949 nominum
2916 895 3295 949 Hebraicorum
3349 896 3541 950 ordine

1962 962 2327 1035 alphabetiro,
2362 982 2481 1035 qua:
2509 967 2662 1035 vulgo
2690 965 2847 1019 Beda:
2894 967 3247 1029 tribuebatur,
3288 965 3339 1035 in
3390 966 3541 1034 cujus

1961 1034 2155 1102 quippe
2196 1033 2457 1102 Operibus
2505 1033 2682 1091 exstat
2722 1044 2849 1089 tom.
2894 1035 2979 1099 III,
3028 1051 3081 1105 p.
3121 1035 3244 1088 371.
3296 1033 3539 1105 Oudiuus

1962 1111 2139 1156 autem
2190 1111 2415 1175 testatur
2459 1106 2510 1158 in
2549 1105 2765 1175 optima:
2810 1118 2948 1175 nota:
2984 1104 3258 1175 codicibus
3295 1104 3541 1175 Remigio

1962 1183 2145 1226 nostro
2203 1174 2387 1230 tribui.
2442 1174 2597 1228 Adde
2641 1174 2822 1229 Merici
2882 1174 3183 1228 Casauboni
3230 1176 3413 1227 adnol.
3473 1174 3539 1225 ad

1961 1239 2301 1311 Oplatum,p.
2325 1243 2413 1297 49.
2433 1244 2509 1297 Ad
2535 1245 2675 1298 hunc
2698 1244 2995 1311 Remigium
3020 1242 3541 1311 Antissiodorensm’n

1962 1320 2206 1382 spectare
2231 1310 2394 1366 credo
2421 1314 2670 1368 homilias
2704 1310 2961 1381 quasdem
2992 1312 3255 1382 legendas.
3274 1312 3324 1364 in
3358 1310 3540 1382 Homi-

1962 1380 2126 1450 iiario
2146 1383 2377 1448 quodam
2406 1399 2509 1438 ms.
2544 1380 2878 1438 bibliotheca:
2900 1397 3022 1436 can.
3052 1380 3271 1450 majoris
3299 1381 3538 1447 ecclesiae

1961 1448 2235 1520 Lucensis.
2270 1450 2405 1505 Sunt
2443 1462 2621 1506 autem
2670 1452 2886 1507 homilia
2920 1451 2977 1503 S.
3005 1448 3229 1520 Remigii
3265 1450 3317 1503 in
3360 1450 3486 1503 illud
3509 1466 3536 1520 ἐ

1972 1517 2193 1590 Yigilate
2212 1536 2331 1590 ergo
2346 1523 2468 1590 quia
2492 1523 2733 1584 nescitis;
2757 1521 2941 1588 incipit
2957 1536 2982 1590 7:7
2996 1519 3094 1590 llic
3114 1517 3234 1588 ergo
3254 1517 3537 1590 perspicue.

1959 1578 2142 1641 Aliera
2175 1590 2226 1642 in
2269 1578 2395 1643 illud
2426 1608 2438 1644 :
2470 1591 2546 1644 De
2583 1592 2666 1645 die
2710 1578 2884 1643 autem
2926 1589 3051 1650 illa;
3086 1578 3304 1657 incipil:
3335 1582 3540 1641 Gaudet

1960 1657 2137 1710 Arius.
2156 1658 2337 1713 Altera
2351 1658 2590 1727 ejusdem
2615 1662 2665 1714 in
2690 1660 2845 1714 illud:
2864 1658 3014 1712 Nihil
3033 1668 3105 1712 est
3129 1667 3386 1727 apertum,
3409 1666 3537 1727 ctu;

1962 1726 2149 1805 incipit
2181 1747 2207 1805 ,ε
2249 1725 2610 1805 Cur'debetjs
2640 1732 2836 1805 timere.
2884 1728 3067 1805 Altera
3214 1726 3341 1805 illud
3384 1725 3543 1805 :_l’qs

1962 1796 2082 1849 estis
2112 1796 2192 1850 sal
2234 1806 2418 1861 terrae;
2452 1799 2674 1867 incipit:
2706 1798 2842 1863 Quia
2872 1798 3074 1867 dixerat
3108 1795 3381 1867 Dominus.
3412 1795 3540 1867 Item

1968 1874 2231 1937 tractatus
2260 1867 2311 1920 in
2344 1866 2471 1921 illud
2502 1887 2515 1922 :
2547 1869 2706 1923 Scitis
2734 1868 2858 1937 quia
2884 1875 2995 1936 post
3029 1866 3241 1937 biduum
3258 1883 3277 1930 ;
3307 1866 3541 1937 incipit}:

1963 1933 2029 1986 Et
2064 1935 2261 2003 factum
2286 1946 2383 2001 est,
2414 1946 2542 2002 etc.,
2572 1940 2670 1990 hac
2707 1933 2841 1990 enim
2868 1933 3138 1990 sententia.
3167 1934 3296 1988 Item
3324 1933 3543 1989 homilia

1965 2004 2016 2057 in
2050 2006 2177 2059 illud
2204 2004 2475 2079 :_l’espe_re
2512 2006 2975 2079 autemrSabbati;
3006 2004 3192 2079 incipit
3221 2023 3233 2057 :
3260 2003 3543 2079 Mattha’ns

1967 2091 1997 2135 σ
2027 2086 2193 2143 parte.
2228 2072 2550 2130 Itcm'altera
2583 2078 2634 2129 in
2676 2077 2804 2129 illud
2833 2093 2844 2128 :
2874 2072 3144 2144 Magister,
3180 2072 3331 2126 attuli
3367 2072 3542 2144 ﬁlium

1967 2136 2172 2216 meum;
2218 2146 2439 2214 incipit:
2472 2146 2749 2216 Retorquet
2790 2136 3019 2216 culpam.
3045 2143 3239 2216 _A|tera
3281 2144 3332 2196 in
3360 2136 3539 2216 illudi:

1967 2212 2177 2285 Dissere
2214 2210 2359 2268 nobis
2398 2210 2734 2285 parabola'm;
2769 2210 2994 2283 incipit:
3033 2212 3138 2268 Sed
3176 2210 3537 2285 quwrendunl.

1966 2282 2147 2339 Codex
2167 2294 2251 2339 est
2273 2282 2476 2351 saeculi,
2514 2294 2571 2339 ut
2602 2286 2857 2350 arbitror,
2882 2282 2981 2340 an.
3189 2282 3199 2285 ⁷
3506 2300 3519 2347 ι

3486 2406 3545 2449 ε’·

297 2474 3521 2524 ._________.______________________________._,

1038 2645 1532 2723 MONITUM
1602 2581 1713 2720 ΙΝ
1772 2641 2039 2717 OPUS
2088 2643 2771 2736 SUBSEQUENS.

1260 2880 1261 2887 η
1290 2819 1452 2883 (Apud
1479 2818 1611 2876 Pez.,
1648 2814 1928 2865 Thesaurus
1951 2812 2184 2864 Anecdot.
2210 2816 2532 2866 uovisstmus.‘

395 3104 557 3175 agnis
588 3103 786 3172 passim
807 3100 1051 3154 laudibus
1073 3096 1374 3167 Remigium
1402 3094 1574 3150 sancti
1596 3093 1853 3151 Germani

279 3192 764 3248 Antissiodorensis
787 3188 1111 3245 monachum
1140 3186 1437 3242 atl'ecerunt
1464 3193 1689 3240 veteres.
1700 3184 1853 3254 juxta

1962 3091 2201 3146 Marcum
2238 3100 2291 3147 et
2337 3093 2676 3147 eruditissimi
2722 3098 3164 3151 commentatoris.
3217 3097 3351 3152 Tum
3409 3099 3537 3153 sub-

1962 3185 2089 3240 dere
2119 3184 2394 3239 librarium
2423 3202 2435 3237 :
2468 3185 2535 3239 In
2578 3186 2816 3239 omnibus
2848 3196 3021 3240 autem
3049 3204 3234 3241 nomen
3280 3204 3431 3243 suum
3459 3199 3541 3242 ta-

280 3296 339 3340 ac
361 3283 699 3338 recentiores
724 3280 1036 3350 scriptores.
1068 3277 1377 3331 Audiendus
1402 3276 1467 3330 de
1513 3290 1579 3329 eo
1608 3290 1716 3344 prae
1749 3274 1859 3343 pri-
1885 3249 1930 3311 α
1961 3275 2087 3337 cuit,
2113 3284 2169 3326 ut
2200 3290 2317 3327 cum
2346 3274 2602 3343 sapientia
2631 3274 2833 3328 culmen
2875 3293 3075 3347 quoque
3110 3278 3422 3332 humilitatis
3454 3292 3539 3332 at-

282 3376 377 3429 mis
400 3371 823 3429 Frodoardusin
865 3354 1120 3425 Chronic.
1173 3367 1267 3421 lib.
1299 3383 1375 3430 tv,
1423 3381 1549 3434 cap.
1574 3366 1624 3427 9,
1671 3365 1759 3418 ubi
1794 3365 1860 3418 de

282 3464 602 3520 restauratis
628 3472 685 3518 et
710 3460 1186 3517 reﬂorescentibus
1214 3455 1609 3511 Rhemeusihus
1636 3454 1855 3517 scholis,

280 3557 515 3613 Fulcone
543 3555 969 3625 archiepiscopo,
1003 3552 1075 3605 ita
1105 3548 1334 3605 scribit:
1371 3566 1389 3599 ‹
1422 3544 1686 3601 Ρισωΐειιιιε
1708 3542 1861 3598 deni-

282 3663 378 3716 que
404 3647 609 3718 praesul
634 3645 966 3701 honorabilis
993 3643 1225 3697 Fulco...
1279 3640 1412 3695 duas
1464 3637 1674 3693 scholas
1708 3636 1857 3689 Rhe-

282 3737 399 3801 mis,
430 3736 823 3792 canonicorum
850 3734 1059 3789 scilicet
1088 3732 1185 3785 loci
1215 3739 1377 3799 atque
1407 3728 1665 3782 ruralium
1694 3726 1854 3780 cleri-

280 3841 488 3892 corum,
506 3826 616 3894 jam
654 3826 1085 3896 penedelapsas,
1117 3822 1385 3886 restituit;
1413 3830 1467 3876 et
1494 3828 1715 3876 evocato
1740 3819 1845 3874 Re-

282 3918 440 3988 migio
500 3917 957 3973 Antissiodorensi
982 3915 1262 3985 magistro,
1310 3912 1606 3966 liberalium
1657 3910 1855 3964 artium

280 4008 455 4062 studio
499 4007 865 4062 adolescentes
891 4006 1117 4061 clericos
1145 4003 1388 4081 exerceri
1444 4002 1587 4067 iecit,
1640 4001 1858 4070 ipseque

280 4110 397 4150 cum
444 4096 530 4151 eis
576 4095 792 4152 lectioni
824 4112 888 4150 ac
919 4094 1253 4150 meditationi
1301 4109 1517 4164 operam
1549 4092 1713 4146 dedit.
1749 4091 1854 4146 Sed

280 4193 329 4238 et
352 4184 694 4245 Hucbaldum
737 4185 795 4240 S.
820 4186 1048 4240 Amandi
1077 4185 1429 4247 monachum,
1448 4183 1621 4237 virum
1643 4195 1855 4251 quoque

279 4273 579 4345 disciplinis
602 4274 912 4344 sophisticis
943 4274 1196 4330 nobiliter
1221 4273 1515 4337 eruditum,
1543 4272 1851 4332 accersivit,

279 4373 331 4419 et
355 4365 661 4421 Ecclesiam
705 4365 1065 4422 Rhemeusem
1108 4365 1387 4434 praeclaris
1424 4364 1711 4417 ilhistravit
1763 4363 1849 4416 do-

277 4456 486 4511 etrinis.
526 4460 798 4512 s-Auctor
833 4458 965 4512 Viue
992 4458 1053 4511 Β.
1077 4454 1301 4511 Joannis
1327 4454 1663 4517 Gorziensis,
1714 4453 1853 4521 apud

277 4542 553 4600 Labbeum
579 4554 707 4601 tom.
736 4547 756 4600 l
782 4548 1127 4601 Bibliotheca:
1171 4547 1330 4601 Novae
1354 4561 1510 4609 mss.,
1573 4560 1693 4614 pag.
1726 4544 1849 4608 744,

276 4633 515 4689 celebrat
543 4634 934 4701 Hildeboldnm,
973 4636 1063 4706 qui
1101 4652 1164 4689 ea;
1207 4634 1471 4705 discipulis
1518 4632 1726 4686 Domini
1750 4631 1857 4685 Re-

275 4726 441 4794 migii,
476 4727 760 4779 doctissimi
786 4744 845 4780 ea
865 4736 1037 4789 tetate,
1069 4726 1120 4779 id
1142 4734 1225 4779 est
1244 4724 1387 4778 circa
1411 4738 1611 4776 annum
1640 4721 1852 4776 Domini

273 4816 399 4883 890,
428 4818 666 4886 magistri
693 4818 895 4872 scholas
921 4819 973 4873 in
1000 4815 1347 4885 Lotharingia
1379 4814 1619 4868 habebat.
1652 4812 1851 4868 Necro-

275 4902 474 4974 logium
497 4907 824 4961 cathedralis
865 4907 1107 4962 ecclesia:
1163 4904 1672 4966 Antissiodorensis,
1705 4903 1849 4957 circa

274 5007 474 5047 annum
504 4994 643 5048 1100
681 5006 982 5060 exaratum,
1012 5005 1067 5050 et
1114 4994 1383 5064 quondam
1414 4995 1468 5049 in
1525 4994 1849 5049 bibliotheca

274 5083 545 5139 Thuantea
575 5086 939 5150 adversatum,
966 5087 1047 5140 his
1074 5086 1253 5140 verbis
1285 5084 1513 5155 Remigii
1537 5084 1741 5138 obitum
1767 5098 1851 5138 se-

273 5180 444 5237 cunda
483 5179 606 5232 Maii
655 5182 937 5234 annuntiat
968 5198 981 5234 :
1014 5179 1153 5234 Obiit
1178 5179 1440 5249 Remigius
1481 5179 1762 5233 monachus
1800 5188 1849 5233 et

270 5271 504 5339 egregius
525 5270 726 5324 doctor.
760 5272 1043 5341 Singulare
1065 5280 1151 5325 est
1178 5279 1231 5325 et
1254 5279 1436 5325 notatu
1456 5269 1675 5340 dignum
1706 5269 1848 5338 quod

275 5360 337 5414 de
364 5360 594 5431 Remigii
641 5362 881 5417 doctrina
912 5364 1071 5418 simul
1124 5372 1179 5418 et
1230 5362 1492 5418 modestia
1542 5363 1847 5419 Bernardus

273 5447 722 5506 ilontet‘alconius
746 5469 812 5507 ex
852 5470 1034 5508 cowvo
1060 5451 1171 5507 fere
1220 5454 1405 5507 codice
1434 5451 1749 5507 monasterii
1786 5450 1845 5505 S.

275 5538 549 5596 Benedicti
610 5540 1046 5599 Padolironensis
1076 5559 1243 5613 prope
1290 5543 1547 5599 Mutinam
1586 5544 1638 5598 in
1666 5542 1846 5597 Diario

276 5642 371 5683 suo
421 5630 607 5685 Italico
637 5647 753 5701 cap.
810 5634 845 5687 3
878 5635 1147 5689 observat.
1203 5631 1444 5702 Namque
1501 5634 1553 5687 iu
1608 5633 1698 5689 illo
1726 5642 1847 5703 post

276 5722 516 5788 quzedam
545 5721 602 5777 S.
650 5725 938 5779 Ambrosio
978 5724 1232 5780 attributa
1263 5725 1538 5794 opuscula,
1579 5728 1723 5796 sequi
1771 5728 1851 5781 ait

278 5823 553 5868 tractatum
609 5817 803 5872 domini
866 5818 1087 5883 Remigii
1144 5818 1443 5874 venerabilis
1502 5822 1742 5875 monachi
1790 5822 1843 5874 in

1959 3362 2191 3430 tingeret.
2257 3361 2481 3416 Silentio
2535 3372 2794 3433 praetereo
2824 3364 3116 3420 honoriﬁca
3173 3367 3238 3421 de
3292 3366 3537 3439 Remigio

1959 3454 2263 3508 testimonia
2298 3454 2561 3524 Sigeberti
2596 3455 3017 3518 Gemblacensis,
3072 3457 3353 3512 Trithemii
3397 3460 3537 3514 alio-

1959 3559 2216 3614 rumque,
2269 3562 2403 3615 quos
2460 3546 2627 3616 longe.
2658 3546 2873 3618 agmine
2918 3556 3214 3618 sequuntur
3270 3536 3533 3604 Antonius

1958 3633 2281 3691 Possevinus
2332 3637 2384 3690 iu
2432 3636 2707 3706 Apparatu
2758 3652 2933 3702 sacro,
2969 3647 3098 3692 tom.
3136 3638 3208 3702 ll,
3242 3654 3361 3709 pag.
3399 3639 3534 3704 3l9;

1958 3726 2314 3782 Bellarminus
2359 3738 2414 3782 et
2443 3728 2691 3783 Labbeus
2741 3729 2792 3782 in
2825 3729 3077 3798 operibus
3119 3744 3237 3797 qua:
3284 3731 3441 3784 ambo
3471 3731 3539 3784 de

1950 3818 2329 3888 Scriptoribus
2346 3819 2728 3874 ecclesiasticis
2766 3820 3087 3884 ediderunt;
3122 3818 3199 3872 Du
3236 3818 3332 3874 Pin
3367 3821 3417 3874 in
3450 3822 3538 3874 Bi—

1956 3900 2223 3964 bliotheca
2248 3910 2641 3975 ecclesiastica;
2687 3910 2896 3966 Cavens
2942 3911 2993 3964 in
3040 3910 3274 3965 llistoria
3304 3909 3538 3963 Littera-

1956 4002 2074 4065 ria;
2133 4000 2437 4056 Gottfridus
2484 4002 2896 4068 Olearius,,tom
2932 4003 2974 4057 11
3002 4003 3355 4059 Bibliotheca:
3391 4002 3538 4057 Scri-

1954 4099 2171 4159 ptorum
2223 4090 2733 4156 ecclesiasticorum,
2780 4108 2845 4147 ac
2903 4092 3193 4147 novissime
3241 4092 3537 4147 Casimirns

1955 4182 2217 4245 Oudinus,
2248 4191 2490 4251 apostata
2543 4182 3072 4239 Praemonstratensis
3094 4224 3110 4250 ,
3142 4192 3273 4239 tom.
3306 4184 3349 4238 ll
3376 4183 3537 4262 (30-m-

1955 4275 2341 4329 mentariOrum
2370 4277 2437 4329 de
2462 4276 2824 4345 Scriptoribns
2867 4285 2922 4331 et
2949 4275 3177 4345 Scriptis
3205 4276 3536 4332 ecclesiasti-

1955 4366 2055 4430 cis,
2084 4358 2187 4420 σοι.
2214 4366 2317 4421 5‘29
2347 4376 2401 4421 et
2456 4382 2598 4437 seq.,
2628 4368 2907 4437 quietiam
2948 4370 3189 4425 omnium
3232 4356 3537 4423 accuratis-n

1955 4458 2089 4512 sime
2110 4458 2175 4512 de
2205 4458 2407 4513 relictis
2420 4459 2719 4529 Remigiani
2746 4460 2945 4531 ingenii
2970 4460 3331 4514 monumentis
3356 4450 3535 4527 egisse

1958 4548 2189 4615 videtur,
2222 4550 2434 4605 tametsi
2468 4550 2613 4605 nullo
2654 4551 2819 4605 verbo
2859 4551 3166 4605 meminerit
3203 4540 3534 4615 Commeiit'iii

1962 4640 2026 4692 rii
2076 4640 2129 4694 in
2171 4630 2505 4705 Matthwum,
2551 4642 2691 4710 quod
2746 4642 2799 4695 in
2845 4641 3153 4696 Monacensi
3200 4613 3530 4696 serenissImi

1958 4728 2208 4784 electoris
2239 4730 2479 4787 Bavarize
2505 4732 2823 4788 bibliotheca
2859 4742 3075 4789 exstare
3120 4734 3172 4787 in
3203 4733 3400 4789 Itinere
3430 4714 3534 4788 tis!

1956 4820 2161 4890 joarico
2186 4822 2388 4885 monui,
2414 4838 2478 4877 ac
2507 4832 2769 4893 praeterea
2800 4824 3021 4879 Viennae
3066 4823 3119 4876 in
3160 4824 3396 4886 Austria,
3426 4809 3533 4893 uli-1

1957 4882 2061 4979 quc
2103 4910 2153 4964 in
2186 4882 2581 4982 Angustissima
2618 4915 3017 4969 Vindobonensi
3072 4882 3529 4979 bibliotheca,\ct

1958 4997 2198 5053 Venetiis
2228 5001 2495 5072 asservari
2522 5017 2588 5056 ex
2612 5016 2880 5072 anonymo
2898 5012 3118 5057 auctore
3143 5002 3402 5067 intellexi,
3428 4988 3531 5103 alii

1953 5090 2267 5160 opusculum
2316 5093 2380 5147 dc
2414 5092 2726 5148 Traditione
2769 5092 3022 5148 Ecclesia:
3073 5090 3525 5161 AntissidoreriSis

1952 5156 2095 5237 circa
2132 5183 2534 5251 Propositiones
2577 5182 3005 5253 Quesnellianas,
3058 5198 3088 5236 a
3128 5182 3403 5238 Clemente
3426 5156 3533 5235 l1“

1950 5272 2011 5328 1’.
2063 5274 2132 5328 M.
2161 5275 2503 5330 anathemate
2525 5273 2784 5339 contixas,
2828 5289 3000 5345 nuper
3028 5273 3311 5329 admodum
3347 5273 3395 5325 in
3414 5261 3529 5345 flii}!

1950 5381 2066 5422 cem
2099 5366 2296 5420 emisit.
2328 5365 2441 5421 Nec
2466 5365 2617 5435 plura
2637 5364 2775 5434 apud
2798 5338 3047 5418 eumdem
3070 5361 3334 5417 Oudinum
3373 5338 3531 5446 τιξρἑ

1953 5458 2063 5512 rias
2085 5457 2150 5510 de
2182 5456 2411 5526 Remigii
2437 5455 2821 5509 Commentario
2843 5455 2898 5507 in
2920 5450 3176 5514 Genesim,
3202 5466 3359 5521 quem
3386 5445 3527 5526 mine

1951 5547 2185 5615 primum
2222 5559 2253 5598 e
2282 5518 2663 5614 manuscriptis
2689 5544 2961 5599 codicibus
2993 5518 3320 5612 evulgamus.
3355 5518 3531 5641 napis

1955 5648 2130 5692 tamen
2154 5638 2332 5707 operis
2381 5637 2581 5692 diserte
2618 5636 2863 5691 meminit
2892 5634 3203 5705 Anonymus
3250 5607 3522 5686 Mellic‘e‘n-

1952 5729 2047 5791 sis,
2071 5728 2165 5797 qui
2191 5727 2386 5782 sarculo
2414 5728 2732 5782 duodecimo
2774 5725 2840 5779 de
2869 5725 3232 5795 Scriptoribus
3269 5718 3525 5777 ecclesia-

1951 5818 2100 5875 sticis
2122 5826 2513 5873 commentatus
2540 5826 2641 5873 est.
2674 5816 2763 5872 Sic
2795 5824 2973 5872 autem
3004 5816 3117 5885 rjus
3151 5822 3309 5885 caput
3337 5810 3403 5866 66
3429 5810 3536 5863 ha-.
