3986 5412
470 381 541 439 ιι
1117 378 1373 434 REMIGII
1407 377 2065 436 ANTISSIODORENSIS
2086 377 2235 433 OPP.
2277 377 2457 436 PARS
2491 379 2534 434 Ι.
2574 407 2642 453 έ-
2678 371 3085 433 EXEGETICA.
3654 376 3725 433 52

472 491 602 571 bet:
640 508 656 540 ι
689 489 981 560 Remigius,
1018 489 1101 543 vir
1125 489 1326 556 clarus,
1376 498 1483 543 tam
1515 490 1710 556 divinis
1756 502 1916 556 quam
1948 478 2046 542 sa:-
2074 495 2121 552 Α
2152 489 2456 560 exemplum
2483 489 2771 560 suggessit,
2801 489 3193 571 Tegernsccnsi
3231 452 3723 569 longecastigatius

448 568 752 637 'cularibus
780 580 976 636 litteris
1029 578 1359 636 suIIicienter
1404 582 1717 644 instructus,
1752 582 1890 636 inter
1945 574 2075 635 alia

470 668 915 738 Explanationem
964 668 1019 723 in
1065 666 1316 725 Genesim
1356 668 1591 738 scripsit.
1653 667 1758 723 Sed
1783 675 1838 723 et
1889 683 2052 737 super

468 758 790 817 Psalterium
820 769 1185 816 commentum
1217 762 1429 831 insigne
1464 762 1784 831 composuit.
1811 760 2050 816 Habetur

469 854 825 911 nihilominus
854 864 909 909 et
929 854 1071 908 aliud
1096 855 1213 925 ejus
1238 862 1629 915 commentum,
1658 854 1801 923 quod
1829 852 2050 922 scripsit

467 961 631 1022 super
668 926 957 1001 Donatum.
985 966 1003 997 ι
1038 945 1171 999 Cum
1201 945 1483 1015 Anonymo
1504 938 1799 999 Melliceusi
1835 942 2047 998 faciunt

463 1036 680 1092 codices
723 1035 1140 1106 Tegernseeusis
1165 1043 1219 1089 et
1265 1033 1598 1101 Garsteusis,
1633 1048 1862 1105 quorum
1898 1042 2045 1087 uter-

465 1140 572 1196 que
596 1126 777 1182 saeculi
809 1126 923 1181 fere
968 1125 1268 1181 duodecimi
1295 1133 1399 1180 est.
1435 1124 1602 1179 Iidem
1644 1124 1856 1180 codices
1879 1124 2041 1178 etiam

464 1217 566 1271 sub
593 1216 825 1286 Remigii
849 1216 1065 1288 nomine
1083 1213 1528 1270 Commentariun:
1549 1215 1603 1268 in
1629 1213 2042 1268 Pentateuclmm

461 1314 737 1361 ostentant
789 1307 894 1361 hoc
938 1306 1131 1360 initio:
1173 1305 1634 1360 Deuteronomium
1686 1304 1771 1359 lea:
1813 1305 2041 1359 secunda

460 1395 671 1457 dicitur,
705 1404 843 1461 etc.;
888 1396 939 1449 id
969 1395 1188 1465 quodin
1228 1394 1871 1465 Paumgarteubergensis
1920 1410 2038 1449 mo-

458 1484 683 1538 nasterii
730 1484 848 1539 ord.
878 1483 1105 1538 Cisterc.
1154 1482 1208 1536 in
1250 1481 1469 1538 Austria
1502 1482 1932 1547 codice,'s:eculo
1958 1490 2038 1536 ta-

234 1552 251 1566 ’
352 1611 367 1623 .
456 1588 585 1629 men
634 1591 727 1630 xlv
746 1576 834 1629 vix
879 1573 1202 1644 antiquiore,
1226 1588 1439 1643 quoque
1484 1573 1909 1635 observavimus.
1936 1574 2037 1629 Ve»

456 1678 580 1716 rum
609 1663 662 1718 id
687 1679 824 1734 Opus
856 1680 962 1720 non
997 1664 1224 1733 Remigii
1261 1665 1775 1731 Autissiodurensis,
1809 1664 1904 1721 sed
1928 1664 2038 1718 Ra-

436 1750 587 1806 ‘bani
612 1751 784 1807 Mauri
804 1753 1194 1824 archiepiscopi
1228 1753 1549 1825 Moguntini,
1592 1755 1734 1810 inter
1765 1754 1917 1825 cujus
1935 1769 2031 1809 ex-

2153 591 2458 647 exaratum,
2490 581 2556 637 ad
2582 574 2737 651 cujus
2759 580 2922 637 etiam
2952 580 3112 637 (idem
3159 591 3401 638 nostram
3430 580 3720 637 editionem

2149 672 2417 741 praecipue
2483 671 2884 728 adornavimus.
2943 671 3210 728 Caeterum
3263 673 3439 741 ipsum
3492 672 3721 745 Remigii

2147 775 2282 830 opus
2310 775 2493 832 grave,
2532 762 2866 816 succinctum
2911 776 2977 817 ac
3003 762 3223 831 elegans
3248 771 3352 827 est,
3397 762 3722 833 omninoque

2126 851 2214 904 ‘ad
2249 864 2369 905 eum
2402 850 2618 905 modum
2649 851 3005 921 compositum
3059 866 3219 920 quem
3269 851 3325 906 in
3376 848 3718 905 Commenta-

2146 939 2228 993 rio
2296 938 2528 1010 Remigii
2608 940 2661 994 in
2730 938 2975 996 Psalmos
3019 941 3220 997 dudum
3275 940 3461 997 Sixtus
3517 939 3721 995 Senen-

2145 1035 2220 1089 sis
2245 1035 2580 1103 observavit,
2610 1050 2801 1106 nempe
2826 1036 2879 1091 iu
2905 1037 3047 1106 quod
3084 1036 3358 1105 Remigius
3381 1037 3455 1090 ita
3481 1043 3721 1090 veterum

2142 1120 2360 1177 Patrum
2395 1139 2551 1179 sensa
2583 1123 2939 1188 transtulerit,
2979 1132 3040 1178 ut
3073 1132 3248 1178 tamen
3271 1125 3434 1179 etiam
3476 1123 3718 1192 quaedam

2112 1213 2209 1267 vde
2245 1228 2342 1267 suo
2392 1213 2672 1283 adjecerit,
2717 1212 2880 1282 idque
2930 1227 3030 1285 pro
3079 1214 3230 1268 more
3273 1211 3583 1273 smculisui,
3616 1224 3722 1280 quo

2141 1318 2271 1357 usus
2293 1303 2660 1372 antiquiorum
2685 1304 3007 1372 scriptorum
3035 1303 3427 1371 commentaria
3450 1301 3719 1371 expilandi

2141 1392 2248 1447 late
2277 1393 2577 1449 obtinebat.
2615 1392 2929 1448 Nuntiatum
2979 1390 3084 1449 non
3129 1394 3201 1448 ita
3252 1394 3461 1462 pridem
3505 1391 3719 1463 publice

2139 1483 2241 1537 fuit
2262 1497 2381 1537 esse
2408 1483 2694 1552 quemdam
2721 1482 2990 1537 eruditum
3024 1484 3077 1537 in
3099 1482 3248 1537 Italia
3274 1484 3471 1546 virum,
3503 1482 3591 1551 qui
3623 1480 3718 1535 Re-

2137 1574 2286 1645 migii
2321 1575 2488 1630 nostri
2516 1574 2910 1631 Commentaria
2935 1575 2988 1630 in
3010 1575 3293 1644 plerosque
3317 1589 3505 1629 omnes
3523 1573 3717 1628 divina:

2136 1667 2474 1722 auctoritatis
2528 1666 2693 1722 libros
2743 1666 2973 1721 feliciter
3023 1667 3235 1721 detecta
3285 1663 3435 1733 prelo
3462 1671 3716 1733 apparet;

2137 1756 2279 1827 quod
2308 1767 2368 1811 ut
2405 1772 2592 1812 verum
2616 1757 2687 1811 sit
2726 1771 2790 1812 ex
2822 1756 3002 1811 animo
3026 1765 3297 1826 optamus.
3332 1753 3463 1808 Illud
3497 1753 3719 1808 omnino

454 1855 587 1897 cusa
614 1844 870 1915 opuscula
894 1846 1057 1900 etiam
1085 1853 1314 1914 prostat,
1357 1860 1477 1901 esse
1522 1854 1712 1916 postea
1741 1846 2038 1915 deprehen—
2066 1853 2112 1912 Β
2141 1846 2503 1901 certissimum
2531 1854 2614 1901 est
2644 1845 2787 1900 adm.
2823 1845 2889 1899 R.
2922 1844 2982 1899 Ρ.
3012 1845 3245 1899 Felicem
3270 1841 3714 1913 Wyrtenbergsr,

453 1933 650 1989 dimus.
695 1935 899 2005 itaque,
932 1951 997 1992 eo
1020 1937 1410 2007 praetermisso,
1439 1938 1509 1992 ad
1539 1937 1805 1992 edendum
1857 1937 2031 1992 solum
2139 1937 2509 1992 doctissimum
2532 1950 2599 1991 ex
2626 1937 2816 1991 ordine
2841 1934 3132 1992 Servorum
3157 1935 3326 1989 beatae
3354 1932 3535 1987 Maria;
3562 1930 3712 2002 Virg.

449 2023 680 2096 Remigii
708 2027 1170 2083 Commentarium
1190 2029 1244 2083 in
1274 2027 1526 2084 Genesim
1547 2044 1766 2099 operam
1787 2029 2033 2085 conferre
2137 2027 2336 2093 virum,
2368 2043 2510 2082 nunc
2531 2035 2699 2082 totum
2722 2027 2776 2081 in
2804 2027 3055 2081 eruendis
3075 2023 3410 2096 gravissimis
3429 2031 3484 2078 et
3507 2022 3718 2092 elegan-

449 2114 626 2169 visum
651 2114 770 2170 fuit.
797 2115 914 2183 Quo
939 2117 992 2171 iu
1023 2116 1208 2172 labore
1235 2118 1472 2173 maxime
1504 2117 1634 2172 mihi
1659 2118 1861 2189 profuit
1886 2118 2029 2173 adm.
2140 2118 2368 2173 tissimis
2398 2118 2607 2174 Herrici
2638 2118 2886 2173 monachi
2939 2115 3428 2172 Antissiodorensis
3469 2112 3713 2168 homiliis

410 2201 569 2259 ..RR.
606 2202 714 2257 PP.
748 2204 1024 2260 Adaibcrti
1070 2205 1225 2261 Dusti
1261 2215 1457 2262 asceta:
1501 2206 1926 2277 Tegernseensis
1977 2215 2032 2261 et
2139 2209 2378 2272 versari;
2435 2211 2576 2277 quod
2606 2223 2671 2264 eo
2711 2207 2964 2263 libentius
3009 2207 3111 2263 hoc
3168 2206 3285 2261 loco
3314 2217 3711 2265 commemoro,

448 2291 594 2346 Petri
632 2293 979 2350 Oberhueber
1032 2297 1327 2366 superioris
1354 2296 1667 2353 Garstensis
1693 2298 2023 2361 humanitas,
2140 2297 2280 2366 quod
2316 2298 2555 2365 ejusdem
2587 2297 2792 2351 llerrici
2821 2296 3049 2367 diligens
3094 2295 3363 2365 quondam
3395 2293 3609 2347 auditor
3655 2300 3709 2346 et

456 2396 562 2450 qua
590 2383 680 2438 ille
711 2384 977 2455 integrum
1015 2402 1152 2456 opus
1195 2403 1261 2443 ex
1292 2388 1523 2459 eleganti
1575 2390 1657 2444 sui
1714 2388 2028 2444 monasterii
2134 2389 2329 2443 nobilis
2352 2388 2646 2458 discipulus
2673 2387 2948 2458 Remigius
2969 2387 3193 2442 exstitit.
3221 2385 3326 2441 Sed
3350 2384 3417 2438 de
3444 2384 3529 2438 bis
3556 2383 3711 2454 plura

448 2471 635 2528 codice
662 2475 971 2545 exscripsit,
1002 2477 1090 2534 hic
1122 2493 1248 2533 vero
1275 2479 1501 2533 alterum
1524 2494 1555 2534 e
1583 2493 1680 2535 sua
1703 2478 2030 2534 bibliotheca
2139 2479 2194 2533 in
2230 2478 2462 2533 medium
2498 2477 2755 2534 atl‘erendi
2784 2478 3125 2534 occasionem
3158 2477 3283 2533 alibi
3314 2476 3708 2531 nauciscemur.

1718 2710 2460 2833 REMIGII

748 2873 1122 2937 MONACHI
1162 2878 1223 2939 S.
1269 2880 1631 2941 GERMANI
1676 2876 2453 2951 ANTISSIODORENSIS,
2499 2877 2822 2939 ORDINIS
2865 2877 2925 2939 S.
2970 2872 3395 2937 BENEDICTI

972 3024 1427 3209 0PEIIUII
1498 3025 1796 3175 PARS
2339 3086 2457 3112 -
2493 3023 3158 3175 EXEGII'I‘IGA.

913 3342 2145 3462 COMMENIIARIUS
2277 3347 2446 3450 IN
2580 3342 3260 3449 GENESIM

438 3527 684 3616 Brutus
715 3553 792 3616 eg
817 3553 929 3596 ms.
955 3535 1166 3616 codice
1198 3538 1425 3616 inclyti
1469 3540 1833 3599 monasterii
1857 3540 2216 3602 Garstensis
2247 3540 2491 3600 ordinis
2525 3541 2592 3601 S.
2620 3537 2936 3601 Benedicti
2967 3538 3045 3596 in.
3072 3535 3335 3616 Austritt
3374 3553 3411 3593 α
3538 3533 3701 3616 B_er-_

513 3610 712 3670 nardo
736 3611 882 3695 P_ez,
914 3614 1143 3695 collato
1177 3634 1312 3675 cum
1330 3609 1545 3678 codice
1570 3618 2000 3695 Tegernseensi
2027 3619 2100 3677 ab
2128 3618 2290 3678 adm.
2326 3619 2400 3678 R.
2434 3617 2516 3691 ‘D.
2550 3618 2623 3677 P.
2656 3616 2992 3678 Adalberto
3024 3615 3208 3675 Diisll
3226 3658 3241 3687 ,
3281 3610 3544 3692 ejusdem
3574 3609 3703 3674 loci

518 3696 721 3747 πορεία
763 3689 1191 3753 Benedictino.

470 2605 3707 2634 W

1857 3234 2305 3247 _

1852 3782 2291 3798 η*-

1690 3842 1798 3910 ΙΝ
1839 3841 2017 3913 DEI
2056 3843 2431 3915 ΝΟΜΙΝΕ

834 3979 1225 4113 INCIPIT
1309 3986 1845 4137 EXPOSITIO
1894 3992 2322 4118 ‘REMIGII
2370 3991 2728 4118 eSUPEIi
2806 3987 3283 4129 BRESI'I‘II.

1579 4177 1632 4236 D
1674 4178 1843 4251 EST,
1889 4179 2131 4241 SUPER
2168 4180 2540 4241 GENESIM.

503 4334 854 4390 «Desidet-ius
880 4337 1173 4392 vocabatur
1212 4339 1497 4408 episc0pus
1520 4342 1739 4410 quidam
1781 4336 2014 4398 familia-
2044 4348 2089 4409 C
2193 4343 2590 4414 Suggillatione,
2634 4341 2686 4396 id
2733 4349 2818 4396 est
2864 4341 3302 4410 reprehensione.
3360 4338 3510 4393 Tunc
3548 4338 3695 4403 enim

431 4425 509 4481 ris
534 4434 591 4480 et
613 4426 820 4481 amicus
845 4426 986 4481 beati
1012 4426 1343 4498 Hieronymi,
1372 4431 1438 4484 ad
1467 4446 1626 4499 quem
1656 4433 1845 4487 scribit
1867 4434 2008 4490 hanc
2117 4448 2305 4487 omnes
2336 4431 2479 4486 LXX
2521 4431 2784 4502 legebant,
2829 4438 2884 4484 et
2924 4444 3115 4498 magna
3150 4428 3495 4482 veneratione
3525 4427 3693 4482 susci-

429 4517 799 4586 przefatiouem
2116 4523 2351 4592 piebaut.

498 4605 758 4676 Prwfatio
784 4605 997 4672 Latine,
1017 4607 1262 4678 prologus
1289 4610 1371 4664 vel
1397 4611 1702 4681 prooemium
1725 4610 1908 4668 Grzcce
1931 4613 2012 4668 di-

426 4696 587 4761 citur,
642 4697 695 4751 id
741 4705 825 4752 est
869 4698 1137 4752 brevialio.
1181 4699 1340 4754 Ymen
1387 4700 1599 4767 Grmce,
1639 4701 1832 4758 Latine
1880 4705 2013 4759 dici-

424 4797 514 4842 tur
539 4789 623 4842 via

498 4873 794 4949 Prwsagio,
826 4880 880 4935 id
918 4890 1023 4946 est,
1065 4882 1507 4952 prtedivinatione
1547 4887 1628 4941 vel
1671 4889 1823 4959 signo
1864 4888 2009 4943 futu-

422 4980 631 5022 rerum.

494 5056 727 5113 Sortitus
770 5070 844 5114 est
888 5060 1073 5114 nomen
1113 5078 1232 5115 cum
1277 5060 1632 5134 Dantele,q'ui
1680 5074 1735 5120 et
1770 5067 1882 5136 ipse
1927 5084 2003 5122 vir

422 5148 678 5200 δαείάθνδη
966 5151 1117 5172 "‘“"
1152 5162 1227 5194 ραι
1248 5171 1259 5181 '
1294 5162 1342 5190 Μ
1369 5155 1505 5200 simil
1542 5156 1630 5196 illa
1662 5157 1993 5212 desidpmbal

2190 4612 2341 4668 Nova
2366 4628 2458 4683 pro
2486 4610 2736 4667 veteribus
2766 4624 2973 4675 cudere,
3016 4609 3069 4664 id
3114 4617 3219 4672 est,
3250 4607 3572 4662 Hebraicam
3602 4620 3671 4660 ve

2115 4707 2334 4762 ritatem
2356 4719 2454 4775 pro
2473 4703 2768 4767 veteribus,
2797 4703 2848 4756 id
2881 4711 2962 4757 est
2989 4700 3131 4755 LXX
3157 4699 3561 4769 lnterpretibus.
3719 4694 3729 4708 '

2186 4796 2273 4848 Ita
2302 4781 2566 4864 ingenium
2601 4794 2751 4863 quasi
2789 4794 2964 4846 vinum
3009 4778 3303 4862 probantes.
3349 4790 3499 4843 Sicut
3545 4787 3691 4841 enim

2112 4885 2295 4939 viuum
2339 4884 2600 4953 probatur
2638 4898 2770 4937 nare
2810 4883 2893 4935 vel
2938 4893 3119 4953 gustu,
3160 4884 3240 4959 sic
3287 4880 3360 4933 illi
3391 4879 3691 4950 probabant

2113 4972 2407 5042 ingenium,
2435 4986 2555 5025 cum
2593 4971 2844 5025 dicebant
2884 4970 3267 5040 Hieronymum
3311 4970 3363 5025 in
3393 4968 3685 5038 reprehen-

2110 5063 2261 5120 sione
2289 5061 2430 5116 LXX
2454 5063 2554 5117 hoc
2583 5062 2778 5118 facere.

2179 5151 2447 5219 Portione,
2473 5153 2523 5208 id
2553 5162 2637 5207 est
2660 5168 2758 5222 pro
2782 5153 2891 5206 vili.

2818 5245 2832 5260 -
2885 5233 3001 5282 tua,
3035 5245 3176 5282 βηῖηι
3212 5243 3525 5298 ῃιιωήηῖοηθ
3555 5241 3685 5290 (“nil
