3986 5496
265 399 337 456 53
1317 412 1330 416 ·
1393 392 1939 452 COMMENTARIUS
1977 391 2042 446 IN
2082 391 2403 448 GENESIM.
3464 401 3534 460 ει

265 526 390 563 men
413 511 526 578 ipse
559 524 745 580 magna
778 507 994 564 oll'errel
1025 509 1075 562 in
1123 507 1469 563 tabernaculo
1499 507 1612 566 Dei.
1645 507 1744 562 hoc
1769 513 1853 560 est
1880 509 1928 568 Α
1959 505 2102 558 viros
2152 505 2524 573 peritissimos.
2577 507 2678 573 Qui
2737 507 3010 562 venientes
3058 509 3436 568 Alexandriam
3479 513 3531 570 in

262 600 316 651 in
347 598 609 653 Ecclesia.

336 691 576 746 Editioni
600 691 850 759 antiquw,
883 689 936 743 id
966 698 1068 752 est,
1108 688 1447 743 translationi
1476 686 1638 741 LXX.

335 780 628 836 Theodotio
646 777 864 834 Judmus
895 778 1016 843 fuit,
1043 780 1136 848 qui
1167 778 1439 833 transtulit
1467 777 1676 832 divinas
1701 775 1847 828 Scri-

256 883 468 942 pturas,
495 870 588 925 sed
617 870 670 924 in
694 867 876 924 multis
895 871 1098 923 erravit
1117 869 1417 938 judaizaus.
1447 867 1590 920 Illius
1617 865 1847 920 transla-

258 965 462 1016 tionem
495 960 757 1029 Origenes
786 959 1077 1014 immiscuit
1100 957 1436 1012 translationi
1469 955 1629 1010 LXX.

328 1052 614 1123 Proprium
648 1061 946 1122 sgntagma,
979 1051 1031 1106 id
1053 1059 1139 1105 est
1167 1048 1626 1118 compositionem.

329 1145 416 1209 Si,
446 1143 639 1213 inquit,
669 1142 842 1196 omnia
875 1141 1169 1212 colligerem
1199 1157 1314 1211 qua:
1342 1140 1398 1191 in
1443 1137 1741 1208 Evangeliis
1769 1137 1844 1189 uel

260 1234 512 1305 Epistolis
543 1235 895 1298 inveniantur,
925 1243 972 1286 et
994 1250 1111 1302 qua:
1145 1242 1261 1285 sunt
1293 1233 1344 1284 in
1376 1227 1544 1294 LXX,
1574 1231 1843 1299 proprium

257 1329 451 1381 librum
475 1340 676 1395 possem
703 1324 977 1392 conﬁcere.
999 1306 1170 1376 “Multi
1193 1324 1488 1387 ignorantes
1519 1321 1628 1375 htec
1654 1321 1706 1374 in
1742 1318 1844 1372 Ηε-

253 1421 435 1474 braica
483 1421 676 1489 scripta
731 1436 834 1472 non
878 1435 987 1473 esse
1039 1420 1284 1481 veritate,
1334 1425 1602 1470 sectantur
1651 1413 1844 1467 delira-

255 1519 432 1562 menta
468 1509 905 1578 apocryphorum.
954 1507 1298 1576 Apocrgphon
1346 1505 1536 1559 dicunt
1559 1502 1732 1558 Grzeci
1764 1518 1842 1555 se-

253 1609 474 1652 cretum.
522 1595 649 1652 In'de
689 1597 980 1667 apocryphi
1033 1597 1286 1651 dicuntur
1336 1594 1456 1649 libri
1503 1593 1594 1662 qui
1640 1591 1840 1646 nullam

256 1689 459 1741 habent
491 1688 871 1742 auctoritatem
898 1695 952 1740 et
987 1700 1090 1740 non
1118 1695 1245 1740 sunt
1277 1686 1329 1739 in
1372 1684 1586 1753 publico
1609 1683 1838 1753 legendi.

253 1779 380 1832 Inde
393 1778 834 1850 apocrypliarius,
859 1777 1065 1848 legatus
1081 1769 1432 1832 secretarum.
1463 1771 1838 1835 Deliramenta,

1954 613 2057 650 una
2101 597 2318 651 basilica
2349 600 2680 669 congregati,
2711 600 3098 654 transtulerunt
3129 601 3435 672 Scripturas
3457 605 3528 662 de

1953 685 2176 739 Hebraeo
2221 685 2272 738 in
2306 685 2573 752 Grsecum,
2618 689 2961 744 conferentes
3012 690 3078 744 ad
3128 691 3379 747 invicem.
3425 693 3531 749 Sed

1953 775 2024 829 illi
2055 776 2144 844 qui
2179 776 2318 830 LXX
2349 779 2569 833 nimium
2602 783 3019 848 venerabantur,
3067 784 3408 841 conﬁxerunt
3438 803 3537 858 per

1949 866 2187 936 singulas
2225 867 2389 923 cellas
2423 869 2623 925 divisos
2670 871 2853 938 fuisse,
2886 881 2940 928 et
2985 872 3190 943 Spiritu
3233 886 3424 932 sancto
3455 877 3538 933 di-

1947 967 2134 1012 c'ante
2160 963 2345 1014 eadem
2379 962 2730 1031 scriptitasse.

2023 1047 2314 1120 Tnepictee
2351 1064 2401 1116 ³,
2457 1053 2509 1107 id
2535 1063 2617 1108 est
2637 1065 2896 1123 protector
2929 1057 3122 1124 ﬁdelis,
3158 1058 3248 1128 qui
3278 1067 3532 1129 protege-

1949 1141 2039 1196 bat
2064 1141 2412 1197 Ptolomzeum
2444 1145 2723 1213 sapientia:
2753 1163 2862 1203 sua:
2893 1158 3067 1204 scuto.

2023 1230 2141 1286 Nisi
2171 1233 2306 1302 forte
2333 1236 2597 1303 putandus
2645 1248 2718 1291 est
2764 1237 2965 1292 Tullius
3018 1255 3430 1304 mcenomtcum,
3477 1239 3530 1294 id

1946 1332 2028 1376 est
2062 1323 2533 1392 dispensatorium,
2559 1327 2685 1396 quia
2720 1343 3030 1383 meonomos
3081 1329 3276 1384 dicitur
3323 1331 3531 1400 dispen-

1945 1422 2089 1465 sator
2119 1431 2132 1464 :
2164 1428 2322 1481 quem
2353 1414 2548 1468 librum
2591 1418 2862 1472 transtulit
2892 1419 3096 1473 Tullius
3143 1419 3209 1473 de
3253 1421 3445 1475 Grzeco
3475 1421 3529 1474 in

1947 1503 2214 1567 Latinum,
2265 1513 2584 1560 nontamen
2632 1509 3006 1578 prophetavit,
3059 1511 3185 1578 quia
3236 1511 3526 1581 interpres,

1945 1610 2051 1648 non
2082 1604 2234 1650 vates
2265 1595 2381 1650 fuit.

2017 1682 2255 1738 Platonis
2287 1685 2640 1756 Pythagoram
2673 1687 3098 1762 [Protagoram].
3127 1690 3281 1745 Plato
3311 1691 3532 1761 scripsit

1945 1774 2136 1828 librum
2167 1790 2324 1844 quem
2354 1775 2710 1846 Pythagoram
2739 1779 3046 1848 appellavit,
3078 1781 3202 1848 quia
3231 1779 3299 1834 ad
3328 1780 3533 1851 Pytha-

254 1871 309 1923 id
335 1880 439 1935 est,
462 1871 750 1934 vanitates,
773 1868 853 1922 vel
882 1869 1118 1922 insanias
1135 1876 1188 1922 et
1211 1867 1458 1936 ineptias.
1490 1866 1612 1920 Lira
1638 1865 1836 1935 quippe
1870 1861 1913 1920 Β
1942 1878 2124 1935 goram
2151 1865 2540 1935 philosophum,
2562 1876 2617 1922 et
2661 1868 2894 1922 amicum
2935 1883 3092 1922 suum
3113 1869 3349 1939 scripsit.
3376 1869 3531 1924 Hunc

253 1947 440 2016 sulcus
467 1958 665 2012 dicitur
698 1957 886 2011 aratri.
939 1955 1078 2011 Hinc
1130 1956 1362 2010 delirare
1403 1956 1652 2010 dicuntur
1679 1955 1842 2010 boves

254 2065 380 2105 cum
407 2049 732 2104 exorbitant.
763 2048 890 2103 Inde
916 2048 1145 2103 dicimus
1179 2047 1380 2102 deliros
1415 2047 1660 2103 homines
1693 2047 1839 2101 lusa-

256 2159 376 2204 nos,
404 2142 773 2198 exorbitantes
795 2156 826 2196 a
858 2142 1068 2197 ratione
1091 2151 1145 2196 et
1169 2156 1349 2198 sensu.

329 2233 552 2288 Hiberas
577 2235 800 2299 manias,
832 2233 885 2288 id
914 2244 998 2289 est
1041 2231 1360 2303 Hispanicas
1387 2233 1670 2288 vanitates.
1709 2233 1839 2289 Pro-

254 2326 375 2395 prie
424 2326 609 2379 uarnite
665 2334 808 2390 sunt,
855 2341 973 2396 quze
1022 2341 1186 2394 super
1230 2325 1465 2380 tumulos
1503 2335 1839 2380 mortuorum

256 2414 588 2478 scribuntur,
619 2414 814 2482 quibus
847 2414 978 2467 nihil
1004 2414 1211 2468 vanius.

330 2504 502 2559 Libris
533 2505 873 2570 authenticis,
904 2505 956 2558 id
979 2514 1062 2560 est
1091 2505 1411 2559 auctoritate
1434 2505 1624 2574 plenis.

331 2594 653 2649 Ptolomtrus
701 2610 797 2649 rex
855 2595 1090 2667 Egypti.
1154 2596 1254 2650 Hic
1316 2596 1475 2649 unius
1526 2596 1618 2650 Dei
1665 2595 1842 2650 cultor

253 2687 559 2751 exstiterat,
593 2686 818 2741 edoctus
853 2687 919 2741 ab
951 2687 1180 2742 Aristaro
1199 2687 1516 2758 philosopho
1542 2687 1836 2743 Platonico.

254 2777 449 2831 Dicunt
503 2791 634 2846 ergo
684 2775 852 2832 Judaei
899 2777 1022 2833 ideo
1061 2777 1204 2832 LXX
1252 2780 1483 2833 tacuisse
1525 2779 1839 2850 mysterium

250 2875 459 2919 sancta:
489 2865 800 2932 Trinitatis,
839 2882 905 2921 ne
931 2867 1272 2933 Ptolomreus,
1301 2869 1388 2938 qui
1414 2869 1571 2923 unius
1605 2870 1695 2924 Dei
1720 2870 1836 2924 cul-

252 2966 338 3008 tor
361 2965 506 3020 erat,
534 2957 963 3026 deprehenderet
1002 2959 1340 3014 divinitatem
1378 2959 1557 3016 Patris
1590 2971 1643 3014 et
1684 2961 1834 3029 Filii;

249 3057 307 3101 et
339 3048 460 3101 ideo
491 3062 596 3102 non
624 3049 876 3114 errando,
923 3051 1011 3104 sed
1035 3050 1278 3119 prudenti
1321 3050 1538 3104 consilio
1569 3052 1666 3104 hoc
1701 3053 1838 3121 [ece-

249 3147 394 3190 runt.

1944 1955 2218 2010 transtulit
2241 1957 2494 2012 similiter
2525 1957 2748 2014 Tullius.

2013 2042 2081 2098 Et
2093 2041 2448 2100 Demosthenis
2464 2063 2559 2116 pro
2572 2045 2902 2117 Ctesiphonte
2915 2048 2964 2096 ι)-
2983 2047 3366 2103 Demosthenes
3379 2048 3421 2104 G
3432 2063 3528 2104 rm-

1940 2151 2038 2191 cus
2086 2137 2269 2190 rhetor
2294 2137 2395 2191 fuit
2415 2178 2429 2202 ,
2479 2138 2570 2208 qui
2601 2139 2816 2208 scripsit
2844 2139 3038 2193 librum
3072 2155 3170 2209 pro
3197 2139 3522 2210 Ctesiphon-

1944 2237 2014 2290 te,
2047 2242 2114 2282 eo
2139 2227 2281 2296 quod
2302 2236 2428 2283 ante
2469 2227 2873 2299 Ctesiphontem
2915 2243 3036 2283 eum
3088 2230 3382 2299 scripserit.

2014 2316 2274 2370 Historia.
2328 2317 2562 2372 Historia
2609 2319 2807 2372 dicitur
2849 2336 2949 2388 apo
2983 2329 3039 2372 tu
3085 2319 3326 2382 histor-in,
3356 2320 3407 2372 id
3443 2329 3531 2374 est

1943 2421 1972 2458 a
1994 2405 2244 2459 videndo.
2285 2406 2460 2462 Distat
2491 2407 2631 2463 inter
2663 2407 2918 2462 historias
2941 2417 2997 2463 et
3024 2409 3268 2472 annuales,
3291 2408 3415 2476 quia
3451 2408 3526 2461 hi-

1940 2495 2121 2548 storia:
2167 2503 2292 2548 sunt
2313 2509 2496 2550 earum
2541 2512 2720 2551 rerum
2771 2513 2906 2566 quas
2945 2498 3185 2551 videmus
3217 2497 3300 2551 vel
3342 2497 3524 2553 videre

1941 2585 2486 2653 possumus,annales
2510 2602 2639 2641 vero
2665 2603 2850 2642 earum
2879 2602 3016 2656 quas
3048 2602 3154 2641 non
3187 2587 3452 2640 videmus.

2013 2680 2160 2736 Inter
2180 2682 2437 2751 spiritalia
2466 2683 2809 2749 charismata,
2882 2683 2934 2737 id
2972 2693 3057 2737 est
3097 2683 3233 2738 dona
3281 2683 3360 2736 vel
3403 2697 3523 2752 gra-

1943 2773 2072 2826 tiam
2105 2772 2339 2843 Spiritus
2369 2776 2562 2829 sancti.

2016 2862 2082 2916 ln
2112 2863 2390 2933 Apostolo,
2457 2865 2708 2920 videlicet
2757 2865 2942 2930 Paulo,
3008 2865 3098 2919 ubi
3139 2871 3530 2920 commemorat

1941 2954 2082 3008 dona
2110 2954 2366 3024 Spiritus,
2399 2955 2612 3012 dicens:
2633 2955 2899 3022 Quosdam
2926 2955 3136 3025 quidem
3160 2955 3286 3008 dicit
3312 2964 3523 3023 aposto-

1940 3045 2040 3128 losz
2064 3047 2196 3100 alios
2221 3045 2518 3116 prophetas,
2551 3057 2655 3103 etc.
2698 3048 2752 3101 In
2783 3048 2976 3118 quibus
2999 3045 3419 3102 charismatibus
3443 3046 3528 3097 ul-

1944 3138 2130 3190 timum
2160 3152 2294 3205 pene
2317 3139 2542 3207 gradum
2589 3138 2914 3206 interpretes
2965 3145 3272 3203 tenuerunt;
3317 3145 3372 3190 ct
3422 3136 3526 3189 hoc

321 3226 516 3281 Nescio
556 3230 674 3298 quis
704 3230 903 3298 primus
945 3241 1132 3285 auctor
1171 3233 1517 3285 construxerit
1566 3233 1836 3287 mendacio
1865 3211 1910 3272 (ἶ
1945 3228 1997 3281 in
2025 3229 2264 3298 ejusdem
2290 3230 2440 3284 Pauli
2465 3231 2690 3300 apostoli
2719 3230 2957 3300 Epistola
2991 3231 3275 3301 reperitur,
3319 3228 3408 3282 ubi
3437 3229 3554 3281 di-"

247 3332 345 3370 σεο
376 3319 703 3388 septuaginta
729 3318 946 3373 cellulas
984 3319 1338 3374 Alexandrina
1367 3322 1689 3375 Alexandria
1721 3339 1832 3377 me-

250 3407 475 3477 tropolis
511 3416 597 3463 est
641 3407 882 3479 .Egypti.
926 3409 1111 3464 Refert
1155 3420 1332 3465 autem
1386 3410 1651 3480 .losephus
1691 3414 1833 3480 quod

247 3496 575 3553 l’tolomzens
611 3514 704 3552 rex
747 3501 954 3554 miserit
985 3502 1199 3556 nuntios
1227 3517 1348 3557 cum
1400 3503 1606 3571 magnis
1641 3519 1829 3559 mune-

247 3586 399 3640 ribus
428 3586 494 3640 ad
523 3591 857 3642 sacerdotem
891 3588 1220 3655 Judasorum,
1247 3599 1303 3644 et
1330 3591 1597 3660 rogaverit
1618 3606 1741 3646 eum
1775 3601 1833 3648 ut

247 3679 416 3734 libros
455 3680 760 3734 divinarum
789 3682 1189 3752 Scripturarum
1233 3682 1434 3737 faceret
1459 3684 1736 3739 transferri
1763 3684 1829 3738 de

248 3769 476 3826 llebrzeo
519 3771 572 3824 in
599 3772 868 3838 Graecum,
899 3774 1024 3842 quia
1066 3774 1180 3842 ipse
1208 3772 1428 3827 Gnaeus
1466 3782 1604 3838 erat,
1630 3783 1684 3830 et
1729 3775 1833 3829 lle-

245 3862 448 3916 brmam
500 3863 736 3933 linguam
770 3865 1068 3933 ignorabat.
1103 3863 1252 3917 Tunc
1291 3863 1379 3918 ille
1425 3864 1572 3918 misit
1603 3865 1650 3918 ei
1691 3864 1834 3920 LXX

316 4010 341 4038 α
385 3998 469 4050 Ita
497 3999 616 4052 cod.

317 4068 345 4107 δ
384 4068 558 4121 Ambo
581 4070 731 4133 cod.,
776 4068 1231 4137 Prothcsifontem,
1271 4069 1359 4123 hic
1390 4078 1444 4123 et
1470 4071 1628 4124 intra.

1939 3322 2049 3374 cit:
2082 3322 2186 3374 Alii
2212 3323 2368 3376 datur
2413 3341 2504 3392 per
2528 3323 2789 3401 Spiritum
2843 3341 3011 3378 sermo
3071 3324 3361 3392 sapientia',
3411 3329 3517 3375 etc.

1941 3426 2116 3480 usque
2137 3413 2263 3466 dum
2291 3414 2561 3469 concludit
2581 3415 2766 3468 dicens
2796 3431 2808 3466 :
2850 3415 2955 3466 Alii
2981 3429 3169 3482 genera
3195 3412 3517 3481 linguarum,

1935 3501 2030 3554 alii
2079 3503 2434 3572 interpretatio
2456 3521 2773 3560 sermonum.

2007 3592 2074 3646 Et
2108 3596 2462 3651 emendatiora
2482 3608 2601 3652 sunt
2626 3593 2942 3667 exeniplaria
2967 3597 3156 3651 Latina
3185 3613 3340 3668 quam
3371 3597 3520 3652 (irc-

1933 3704 2016 3752 ca,
2054 3687 2236 3743 erca
2269 3708 2424 3760 quam
2486 3690 2731 3746 Ilebra'a.
2769 3691 3113 3760 Unaquaeque
3145 3691 3290 3744 enim
3331 3701 3353 3728 ο
3410 3705 3520 3755 res,

1935 3793 2045 3847 quo
2092 3780 2424 3850 frequentius
2473 3783 2829 3847 transfertur,
2886 3798 2951 3836 eo
3007 3781 3213 3836 ﬁrmius
3265 3779 3519 3836 emenda-

1939 3871 2106 3925 bitur.
3226 3879 3239 3890 ·

2011 4021 2032 4045 ο
2071 4008 2127 4064 In
2155 4011 2275 4064 eod.
2304 4009 2483 4067 Garst.
2515 4012 2667 4066 deest
2697 4013 2852 4066 enim.

267 4220 2806 4248 __————————————————_———____——_—

1141 4344 1538 4423 INCIPIT
1593 4346 2001 4426 TEXTUS
2053 4347 2493 4428 BRESITH
2537 4353 2566 4390 ³
2619 4408 2637 4426 .

773 4599 1001 4656 CAPUT
1038 4601 1326 4658 PRIMUM.

306 4698 454 4751 Vers.
483 4698 534 4751 I.
569 4694 634 4748 In
656 4693 914 4763 prmcipio
945 4697 1133 4748 creavit
1163 4694 1302 4748 Deus
1326 4694 1506 4747 cwlum
1531 4706 1576 4749 et
1606 4705 1818 4749 terram.

243 4786 434 4844 Auctor
451 4788 616 4857 hujus
652 4787 874 4856 operis,
920 4789 1061 4843 sicut
1093 4787 1263 4841 sancti
1290 4787 1537 4841 doctores
1581 4787 1819 4852 tradunt,

242 4881 580 4950 cognoscitur
611 4879 778 4933 fuisse
807 4879 1013 4950 Moyses
1048 4879 1136 4948 qui
1172 4894 1270 4948 per
1311 4878 1692 4933 revelationem
1730 4878 1823 4933 Dei

242 4971 413 5024 nntiidi
442 4970 781 5025 creationem
811 4972 1078 5039 cognovit,
1126 4969 1216 5038 qui
1250 4976 1430 5022 tamen
1481 4984 1628 5025 more
1682 4970 1823 5024 Scri-

241 5070 403 5129 ptum
431 5062 500 5116 de
524 5076 582 5116 se
611 5061 764 5130 quasi
792 5061 857 5114 de
889 5060 992 5114 alio
1015 5061 1264 5130 loquitur.
1283 5061 1338 5115 lu
1376 5060 1636 5131 principio
1669 5059 1824 5129 hujus

243 5151 521 5206 voluminis
547 5151 853 5222 pltilosorihi
878 5151 1237 5216 confutantur,
1259 5154 1350 5222 qui
1372 5154 1436 5208 de
1467 5154 1650 5208 mundi
1669 5167 1822 5208 crea-

243 5241 382 5297 tione
422 5245 600 5299 conati
644 5246 958 5313 disputare,
998 5246 1136 5300 sicut
1180 5247 1352 5311 Plato,
1403 5247 1492 5315 qui
1536 5246 1637 5301 tria
1684 5245 1821 5299 dixit

242 5332 359 5388 esse
380 5336 658 5406 principia,
711 5338 883 5392 Deum
923 5335 1188 5406 videlicet,
1236 5339 1533 5410 exemplar,
1562 5348 1617 5392 et
1645 5347 1816 5392 mate-

243 5421 377 5462 οἶν-*η
435 5434 480 5466 ιιι
509 5425 672 5472 “Nm.
708 5444 815 5469 smn
849 5427 998 5468 (In-sci
1029 5440 1304 5472 ειηριηι-ηιη
1336 5445 1402 5480 μγ
1430 5429 1595 5472 nihilo
1623 5437 1776 5467 l‘lll’ll"
1801 5444 1808 5448 ν

1851 4611 1906 4670 D
1931 4621 2052 4662 esse
2081 4608 2363 4679 principia,
2393 4610 2672 4666 materiam
2702 4609 2907 4666 scilicet
2929 4618 2982 4665 et
3009 4610 3264 4682 speciem,
3297 4613 3515 4671 tertimn

1926 4700 2177 4768 quiddam
2211 4701 2395 4757 nescio
2425 4701 2552 4771 quid
2579 4701 2762 4756 volens
2791 4701 2971 4756 dicere
3014 4702 3378 4774 operatorium
3416 4720 3514 4774 ap-

1927 4790 2164 4859 pellavit.
2208 4791 2446 4858 Quorum
2467 4792 2744 4847 erroribus
2766 4791 2991 4847 obvians
3015 4792 3225 4864 Moyses
3270 4801 3514 4861 utpote_a

1929 4881 2039 4938 Deo
2065 4883 2270 4939 electus
2311 4884 2596 4939 veritatem
2632 4883 2830 4939 dicitur
2851 4883 3272 4945 demonstrasse,
3326 4890 3516 4935 osten-

1931 4974 2063 5028 dens
2095 4973 2262 5030 Demu
2292 4981 2484 5030 cuncta
2522 4975 2683 5030 simul
2733 4990 2798 5028 ex
2849 4973 3018 5028 nihilo
3063 4975 3347 5035 formasse,
3409 4987 3515 5026 non

1933 5063 2149 5133 quidem
2190 5064 2242 5117 in
2276 5074 2544 5134 tempore,
2606 5064 2700 5120 sed
2740 5061 2976 5131 ininitio
3006 5063 3264 5134 temporis
3291 5061 3515 5115 dicens:

1931 5151 2302 5224 lnprincipio,
2342 5164 2396 5210 et
2421 5153 2741 5212 subauditur
2779 5169 2790 5204 :
2831 5154 3100 5224 temporis,
3141 5159 3287 5224 patet
3329 5147 3518 5218 procul

1929 5243 2091 5298 dubio
2147 5254 2273 5304 tunc
2332 5257 2544 5314 tempus
2603 5247 2835 5319 coapisse
2887 5247 3027 5317 quod
3082 5256 3237 5301 antea
3297 5242 3522 5295 minimo

1928 5343 2067 5388 erat.

2002 5423 2039 5442 ρ
2173 5430 2203 5441 ⁸·
2300 5432 2312 5440 ⁶
2979 5424 3180 5452 ⁸-υ.1.υαι
3235 5435 3338 5453 ’τηις
3379 5418 3519 5450 ἶρΙιιιι
