3986 5500
452 349 552 430 ’55
1126 348 1381 407 REMlGlI
1419 351 2076 426 ANTISSIODOBENSIS
2113 352 2262 411 OPP.
2305 356 2502 415 PARS.
2544 362 3089 423 h—EXEGETICA.
3422 357 3448 365 Ἥ
3666 373 3735 430 56

484 461 862 561 quodnon-ab
893 463 1107 561 ardore,
1128 467 1224 519 sed
1255 482 1283 519 a
1305 467 1588 561 splendore
1613 469 1824 561 igneum
1841 467 2058 561 dicitur,
2089 471 2138 529 Α
2166 473 2328 528 corda
2357 474 2632 532 hominum
2683 479 2972 547 ferebatur,
3019 485 3321 555 praevidens
3347 495 3407 541 et
3449 489 3739 561 disponens

489 556 632 625 quod
666 555 849 610 statim
881 555 1140 625 repletum
1167 567 1251 613 est
1275 559 1530 629 angelicis
1551 560 1828 629 spiritibus
1852 559 1918 614 de
1939 559 2060 630 qui-

489 647 592 702 bus
618 643 794 700 inJob
839 645 1230 726 dicitur:Cum
1266 665 1346 702 me
1389 649 1665 702 laudarent
1710 648 1866 703 simul
1922 658 2066 702 astra

489 736 752 803 matutina
777 746 825 791 et
852 736 1142 805 jubilarent
1185 754 1360 793 omnes
1403 739 1504 806 ﬁlii
1537 739 1629 793 Dei
1682 737 1802 808 (Job
1835 754 2064 802 χικγυι,

489 832 566 902 7).
614 831 682 885 Ει
715 840 838 886 nota
873 830 974 885 tria
1003 832 1092 886 hic
1120 831 1380 910 elementa
1411 831 1846 887 commemorari.
1882 831 2066 885 Nomi-

487 936 556 976 ne
582 921 726 977 enim
749 921 870 976 cmli
892 936 1072 976 aerem
1095 921 1308 992 collige,
1332 922 1547 976 nomine
1574 930 1730 976 terra:
1757 921 1926 990 ipsam
1955 929 2065 974 ter-

487 1025 630 1076 ram,
649 1018 704 1073 et
729 1011 906 1080 ignem
930 1011 1019 1079 qui
1046 1011 1098 1064 in
1123 1010 1245 1081 ejus
1267 1010 1562 1065 visceribus
1591 1010 1736 1064 latet.
1766 1009 1954 1076 Quarti
1975 1024 2065 1064 ve-

489 1115 552 1156 ro
588 1100 864 1166 elementi,
901 1101 953 1156 id
999 1111 1084 1156 est
1115 1116 1291 1172 aqua},
1328 1103 1381 1156 in
1427 1100 1778 1171 sequentibus
1819 1101 1879 1156 ﬁt
1918 1118 2065 1156 com-

487 1191 826 1246 memoratio.
920 1179 923 1182 ’

560 1301 719 1355 Vers.
759 1299 814 1353 2.
855 1297 1015 1353 Terra
1041 1309 1213 1353 autem
1253 1301 1425 1355 inanis
1459 1309 1506 1354 et
1535 1318 1716 1355 vacua.
1769 1300 1824 1355 ld
1846 1311 1947 1366 est,
1981 1302 2063 1356 in-

485 1389 653 1453 utilis,
703 1388 1035 1443 infructuosa
1079 1396 1135 1442 et
1175 1389 1547 1456 incomposita.
1573 1390 1762 1445 Omnia
1787 1391 1930 1444 enim
1957 1390 2064 1445 ele-

485 1491 668 1537 menta
695 1482 977 1537 commista
1004 1490 1160 1536 erant
1180 1491 1234 1536 et
1255 1482 1500 1548 confusa,
1525 1492 1580 1538 et
1602 1491 1770 1536 totum
1800 1483 1900 1537 hoc
1921 1483 2062 1538 aeris

482 1572 717 1640 spatium
747 1570 890 1640 qhod
918 1577 1002 1638 est
1040 1586 1068 1624 a
1101 1581 1240 1625 terra
1273 1586 1442 1641 usque
1483 1573 1549 1626 ad
1598 1571 1792 1625 coelum
1845 1571 2060 1640 plenum

483 1671 605 1718 erat
635 1665 812 1734 aquis,
840 1678 960 1732 quae
989 1670 1167 1718 tamen
1193 1679 1298 1718 non
1329 1672 1483 1718 erant
1503 1663 1763 1732 ejusmodi
1787 1663 2062 1732 qualitatis

455 1751 636 1821 .cujus
677 1768 820 1806 nunc
867 1761 1012 1816 sunt,
1059 1753 1151 1808 sed
1208 1753 1262 1806 in
1309 1753 1524 1808 modum
1577 1754 1800 1807 nubium
1848 1765 2053 1818 tenues,

2169 577 2400 632 quorum
2447 568 2608 623 corda
2647 571 2806 642 digne
2854 583 3036 644 posset
3077 575 3397 631 inhabitare.
3457 577 3582 632 Fiat
3621 581 3735 634 lux.

2169 654 2279 709 Lux
2308 659 2573 715 vocabulo
2596 660 2732 718 ﬁdes
2767 665 3054 734 accipitur.
3087 665 3231 720 Bene
3270 677 3412 738 ergo
3445 669 3531 723 lux
3561 671 3737 739 prima

2138 744 2559 814 .die-l‘actaest,
2598 752 2722 820 quia
2748 754 2925 822 primo
2945 756 3198 810 mandato
3226 755 3358 824 legis
3406 757 3540 812 ﬁdes
3590 773 3744 813 com-

2167 835 2455 890 mandatur
2486 853 2608 893 cum
2631 841 2807 896 dictur
2831 861 2845 896 :
2870 843 3030 910 Audi,
3061 844 3244 909 Israel,
3299 847 3556 903 Dominus
3599 851 3745 904 Deus

2168 933 2293 980 tuus
2323 927 2463 983 Deus
2500 944 2638 984 unus
2659 939 2762 986 est.

2239 1017 2392 1076 Vers.
2436 1019 2490 1073 5.
2531 1019 2757 1076 Factum
2787 1034 2862 1078 est
2885 1041 3090 1096 vespere
3130 1035 3178 1080 et
3222 1043 3378 1100 mane
3425 1029 3534 1082 dies
3580 1045 3742 1086 unus.

2139 1105 2272 1160 Ῥεῖ
2301 1125 2453 1163 mane
2483 1110 2693 1166 initium
2727 1113 2848 1170 ﬁdei
2877 1131 3008 1184 :per
3030 1133 3290 1186 vesperam
3318 1132 3449 1173 vero
3483 1119 3748 1188 perfectio

2165 1196 2320 1252 home
2343 1201 2678 1268 operationis
2709 1203 3042 1274 intelligitur.
3068 1205 3233 1276 Cujus
3259 1207 3363 1262 diei
3390 1223 3548 1263 mane
3565 1209 3616 1263 in
3646 1223 3743 1262 ve-

2164 1305 2380 1360 speram
2409 1294 2693 1349 deducitur
2721 1312 2844 1351 cum
2873 1298 3088 1353 initium
3122 1297 3244 1354 ﬁdei
3270 1300 3627 1370 cempletione
3648 1303 3746 1356 bo-

2165 1397 2248 1437 na:
2268 1387 2597 1453 operationis
2628 1389 2924 1456 perﬁcitur.

2247 1477 2401 1535 Vers.
2439 1480 2489 1534 6.
2531 1477 2654 1532 Fiat
2687 1480 3074 1548 ﬁrmamentum
3121 1485 3177 1537 in
3231 1484 3402 1538 medio
3457 1501 3744 1555 aquarum.

2164 1574 2283 1641 Quo
2304 1571 2509 1627 scilicet
2537 1571 2876 1626 ﬁrmamento
2898 1588 3050 1641 aqua:
3071 1575 3375 1642 superiores
3397 1575 3578 1630 divisae
3613 1589 3746 1630 sunt

2147 1665 2232 1718 .ab
2258 1662 2414 1732 aquis
2435 1660 2804 1726 inferioribus,
2836 1670 2887 1717 et
2915 1661 3000 1716 illa
3025 1678 3152 1732 pars
3180 1665 3424 1733 superior
3447 1664 3498 1717 in
3521 1665 3744 1718 modum

2149 1753 2460 1826 .crystallini
2489 1751 2685 1821 lapidis
2715 1751 2993 1822 congelata
3020 1762 3121 1816 est,
3141 1762 3334 1808 cretera
3361 1768 3488 1808 vero
3518 1752 3746 1808 inferior

483 1815 644 1910 quam
677 1841 1187 1912 qualitatemadbuc
1218 1841 1321 1896 illae
1347 1842 1757 1911 superemlestes
1797 1857 1953 1911 arma}
1978 1815 2060 1897 re-
2091 1815 2136 1874 Β
2165 1815 2396 1896 ἱιιήιειιεε
2425 1815 2641 1896 redacta
2689 1848 2791 1894 est.
2821 1815 2914 1895 ⁷Ει
2955 1840 3059 1896 hoc
3104 1815 3322 1909 quidem
3368 1842 3604 1896 secunda
3655 1841 3748 1894 die

482 1934 673 1988 tinent.
735 1933 967 2002 Spiritus
998 1933 1100 1987 'Dei
1149 1933 1412 2002 ferebatur
1449 1950 1605 2002 super
1659 1950 1844 2003 aquas.
1913 1932 2064 1988 Sicut

2164 1942 2344 1988 actum
2374 1941 2476 1996 εει,
2531 1930 2686 2000 cujus
2712 1932 2816 1986 diei
2863 1947 3027 2002 opera
3077 1933 3299 1988 minime
3325 1933 3460 1986 bona
3503 1947 3624 1987 esse
3659 1933 3748 1985 di-

483 2039 638 2079 mens
657 2023 745 2078 vel
764 2023 1028 2094 sapientia
1055 2023 1279 2093 alicujus
1305 2024 1529 2078 artiﬁcis
1557 2022 1895 2091 superfertur
1912 2022 2060 2092 operi
2160 2033 2382 2088 cuntur,
2408 2023 2546 2078 sicut
2593 2030 2908 2077 emterornrn
2937 2022 3146 2077 dierum
3178 2022 3284 2077 ubi
3315 2022 3514 2077 dicitur
3545 2040 3562 2076 :
3602 2019 3748 2075 Vidit

481 2118 626 2185 quod
657 2118 896 2172 facturus
917 2125 1020 2181 est,
1055 2125 1112 2170 ut
1135 2116 1404 2186 quomodo
1435 2115 1547 2170 vult
1593 2116 1675 2170 ita
1700 2115 1825 2168 illud
1854 2114 2016 2169 faciat
2046 2133 2057 2167 :

481 2211 556 2264 ita
581 2219 636 2263 ει
655 2208 892 2278 Spiritus
905 2217 1123 2264 sanctus
1144 2207 1602 2276 superferebatur,
1621 2209 1988 2278 praeordinans
2008 2215 2064 2261 et

483 2301 636 2370 quasi
664 2301 954 2368 diSponens
981 2299 1130 2368 quid,
1163 2299 1394 2368 qualiter
1421 2298 1599 2354 facere
1630 2299 1807 2354 vellet.

554 2391 710 2444 γεγε.
750 2389 803 2442 '5.
844 2389 992 2443 Dixit
1025 2389 1182 2443 Deus.
1221 2388 1337 2443 Non
1370 2405 1497 2444 voce
1519 2404 1736 2452 carnea,
1768 2405 1865 2444 nec
1910 2399 2058 2444 motu

484 2481 775 2547 lahiorum,
804 2482 895 2536 sed
927 2482 1084 2546 dixit,
1129 2482 1180 2535 id
1209 2491 1310 2547 est,
1353 2481 1538 2538 voluit.
1608 2481 1756 2537 Velle
1779 2482 1922 2535 enim
1945 2482 2062 2552 ejus

482 2573 664 2628 dicere
690 2581 792 2628 est.
832 2572 987 2628 Unde
1009 2574 1295 2642 iscriptum
1321 2583 1404 2628 est
1437 2593 1451 2628 :
1492 2573 1723 2637 [ἥκωσι
1761 2574 1903 2642 facta
1942 2585 2057 2628 sunt

488 2664 719 2734 (Psalm.
761 2680 985 2728 envm,
1009 2664 1088 2734 5).
1129 2665 1224 2720 Vel
1267 2666 1430 2719 etiam
1461 2665 1612 2724 dixit,
1640 2665 1690 2718 id
1720 2672 1824 2729 est,
1862 2665 2056 2718 Filium

481 2757 668 2824 genuit
694 2771 794 2826 per
811 2771 971 2824 quem
995 2756 1176 2809 omnia
1199 2754 1340 2809 facta
1366 2765 1509 2810 sunt.
1543 2753 1669 2807 Fiat
1696 2753 1807 2808 lux.
1836 2755 1947 2808 Lux
1974 2755 2058 2808 di-

483 2847 623 2901 citur
661 2863 691 2901 a
724 2848 940 2911 luendo,
1007 2846 1060 2901 id
1088 2855 1170 2901 est
1208 2863 1237 2900 a
1293 2846 1570 2916 purgando
1614 2846 1879 2901 tenebras.
1942 2847 2056 2901 Lux

483 2945 662 2992 autem
692 2937 778 2991 illa
808 2952 914 2992 non
953 2935 1211 3005 ejusmodi
1236 2945 1356 2990 erat
1388 2950 1508 3004 quae
1533 2951 1675 2990 nunc
1707 2946 1792 2990 est
1824 2935 1936 2989 sole
1973 2952 2060 2989 su-

481 3027 778 3095 perposito.
817 3027 909 3082 sed
939 3027 1112 3096 qualis
1140 3042 1260 3081 esse
1291 3027 1428 3082 solet
1457 3027 1689 3081 velante
1711 3026 1840 3081 solis
1858 3036 2053 3091 ortum,

480 3117 564 3171 vel
595 3125 715 3185 post
742 3117 857 3186 ejus
885 3117 1212 3172 accubitum.

552 3203 708 3260 Vers.
739 3205 794 3258 4.
820 3204 887 3258 Et
920 3206 1041 3259 vidit
1063 3205 1204 3260 Deus
1227 3204 1416 3269 lucem,
1449 3206 1588 3276 quod
1612 3215 1742 3259 esset
1765 3206 1921 3260 bona.
1944 3205 2057 3262 Non

473 3296 628 3366 .quod
657 3302 785 3350 tunc
804 3294 981 3364 primo
1011 3294 1204 3350 viderit
1231 3295 1285 3348 in
1328 3294 1480 3363 cujus
1520 3296 1803 3365 prmsentia
1845 3311 2062 3366 semper

479 3390 587 3447 hoc
617 3387 720 3444 fuit
750 3408 764 3444 :
787 3391 881 3445 sed
903 3390 1056 3454 vidit,
1081 3391 1132 3446 id
1153 3398 1238 3445 est
1259 3406 1288 3444 a
1313 3391 1467 3447 nobis
1487 3391 1656 3446 videri
1687 3392 1855 3447 voluit
1883 3393 2056 3449 lucem

482 3495 604 3536 esse
632 3481 852 3535 bonam.
891 3478 959 3534 Et
991 3480 1165 3535 divisit
1195 3480 1362 3534 lucem
1391 3498 1423 3534 a
1458 3481 1700 3536 tenebris.
1739 3481 2001 3537 Tenebras
2029 3500 2058 3537 a

481 3571 720 3625 tenendo
744 3571 901 3626 dictae
929 3576 1074 3633 sunt,
1103 3571 1228 3639 quia
1260 3578 1443 3624 tenent
1478 3571 1662 3626 oculos
1709 3587 1776 3625 ne
1823 3572 2058 3627 videant.

485 3656 786 3727 Utrumque
808 3668 987 3712 autem
1012 3657 1142 3712 fecit
1163 3659 1304 3713 Deus
1333 3668 1388 3714 et
1445 3659 1621 3715 lucem
1674 3668 1728 3714 et
1783 3663 2058 3727 tenebras,

484 3747 771 3802 scilicetut
805 3748 859 3800 in
897 3746 1017 3801 luce
1043 3757 1399 3816 operarentur
1427 3749 1701 3814 homines,
1737 3759 1792 3804 et
1815 3751 1867 3805 in
1901 3763 2061 3807 nocte

484 3838 911 3907 requiescerent.
956 3837 1098 3906 Ergo
1125 3846 1180 3891 et
1203 3837 1434 3892 tenebras
1454 3853 1591 3908 opus
1612 3839 1706 3894 Dei
1731 3849 1878 3895 sunt.
1907 3840 2061 3898 Unde

485 3926 540 3980 in
565 3927 766 3996 hymno
797 3926 956 3979 trium
989 3941 1276 3995 puerorum
1307 3926 1358 3980 in
1382 3943 1490 3997 quo
1511 3927 1689 3983 omnis
1717 3939 1966 3985 creatura
1991 3932 2059 3987 ad

484 4014 906 4070 benedicendum
935 4016 1102 4069 Deum
1138 4017 1416 4083 imitatur,
1452 4019 1615 4074 etiam
1664 4021 1899 4076 tenebra:
1936 4037 2059 4077 cum

483 4103 605 4159 luce
629 4114 922 4172 ponuntur.
964 4103 1262 4176 Allegorice
1287 4107 1429 4176 quod
1461 4109 1662 4162 dictum
1683 4118 1796 4164 est:
1833 4111 1889 4164 in
1907 4112 2057 4180 prin-

481 4193 617 4261 cipio
637 4192 758 4260 fecit
783 4191 924 4246 Deus
959 4193 1143 4246 celum
1198 4204 1246 4249 et
1292 4205 1505 4260 terram,
1553 4198 1770 4252 nomine
1809 4199 2058 4269 principii

478 4281 674 4336 Filium
703 4280 794 4336 Dei
824 4298 928 4336 non
952 4283 1244 4354 incongrue
1269 4299 1557 4354 possumus
1594 4287 1861 4355 accipere,
1915 4288 2058 4342 sicut

481 4371 596 4442 ipse
615 4372 681 4427 de
705 4387 764 4427 se
790 4371 989 4438 Judzcis
1021 4373 1152 4428 dixit
1177 4391 1190 4426 :
1222 4390 1314 4443 ego
1338 4375 1650 4444 principium
1681 4377 1768 4447 qui
1796 4386 1853 4430 er
1873 4376 2057 4448 loquor

2085 3101 2149 3455 ‘7

2164 2114 2323 2179 Deus,
2349 2113 2486 2183 quod
2515 2121 2642 2166 esset
2685 2112 2893 2175 bonum,
2934 2128 3037 2166 non
3066 2111 3185 2167 ideo
3211 2112 3354 2181 quod
3391 2111 3593 2165 bonum
3634 2127 3745 2165 non

2162 2203 2234 2257 sit
2265 2203 2410 2271 quod
2455 2199 2656 2254 factum
2705 2209 2808 2265 est,
2860 2208 2916 2255 et
2956 2199 3261 2269 pulchrum,
3293 2201 3386 2255 sed
3412 2210 3631 2270 propter
3656 2202 3744 2254 bi-

2165 2294 2376 2348 narium
2411 2293 2832 2360 numerum,qui
2885 2301 2968 2348 est
3016 2293 3376 2363 transgressio
3421 2295 3643 2348 unitatis
3686 2305 3748 2348 et

2162 2382 2357 2436 malam
2386 2381 2550 2436 habet
2602 2381 3074 2452 signiﬁcationem.
3117 2380 3269 2436 Unde
3316 2389 3368 2436 et
3394 2396 3515 2436 eum
3566 2382 3743 2436 sancti

2162 2473 2353 2527 Patres
2383 2472 2666 2538 discordiae
2685 2471 3093 2527 dedicaverunt.
3125 2471 3241 2540 Ipse
3260 2471 3423 2526 etiam
3447 2471 3742 2542 bigamiarn

2161 2561 2448 2632 signiﬁcat.
2485 2562 2542 2616 lu
2570 2561 2686 2631 ejus
2708 2562 2870 2615 etiam
2899 2561 3294 2631 signiﬁcatione
3323 2560 3447 2614 bina
3487 2560 3742 2618 animalia

2162 2654 2226 2709 de
2257 2653 2551 2708 immundis
2574 2653 2736 2707 missa
2758 2661 2895 2709 sunt
2922 2652 2975 2706 in
3009 2667 3221 2706 aream.
3313 2689 3322 2696 .

2232 2743 2389 2799 Vers.
2432 2744 2518 2798 11.
2562 2739 2824 2808 Germinet
2875 2753 3015 2798 terra
3061 2744 3548 2797 herbam‘virentem
3582 2752 3629 2796 et
3674 2743 3742 2794 li.-

2161 2852 2320 2906 gnum
2369 2833 2705 2904 pomiferum.
2753 2832 2944 2888 Omnia
2990 2831 3228 2903 perfecta
3277 2850 3306 2887 a
3364 2834 3471 2888 Deo
3522 2833 3738 2902 cognita

2162 2935 2305 2980 sunt.
2357 2923 2511 2980 Unde
2554 2925 2715 2980 homo
2747 2926 2799 2979 in
2823 2926 3061 2994 perfecta
3091 2934 3250 2981 :etate
3277 2935 3492 2980 creatus
3533 2935 3633 2986 est,
3685 2934 3744 2979 et

2161 3016 2388 3071 arbores
2417 3031 2538 3070 cum
2580 3014 2721 3068 foliis
2749 3017 2859 3070 suis
2903 3016 3060 3070 simul
3088 3025 3143 3071 et
3179 3016 3375 3070 fructu.
3423 3016 3558 3070 Hinc
3586 3025 3640 3071 et
3670 3015 3740 3070 li—

2161 3123 2322 3179 gnum
2371 3107 2687 3176 pomiferum
2727 3107 2854 3161 dicit
2903 3107 3094 3160 habens
3118 3108 3516 3179 unumquodque
3541 3124 3743 3161 semen-

2164 3211 2286 3253 tem.
2335 3197 2461 3252 Haec
2508 3197 2776 3253 sementis.
2814 3207 2899 3252 est
2940 3198 3152 3269 frugum
3194 3209 3249 3253 et
3295 3201 3544 3254 arborum
3595 3218 3608 3254 :
3648 3217 3738 3255 se-

2164 3303 2286 3343 men
2319 3303 2448 3342 vero
2477 3289 2777 3352 hominum,
2820 3298 2875 3343 et
2900 3290 3522 3352 animalium.seminium
3551 3291 3634 3346 vel
3654 3307 3740 3346 se-

2163 3391 2404 3436 mentum
2441 3381 2722 3436 exordium
2753 3380 3113 3450 cujuscunque
3160 3381 3267 3435 rei.
3335 3438 3338 3440 γ

2232 3469 2390 3525 Vers.
2432 3470 2519 3524 Η.
2561 3468 2723 3523 Fiant
2781 3469 3063 3523 luminaria
3128 3471 3182 3524 in
3226 3470 3554 3538 ﬁrmamento
3601 3471 3738 3524 uelit

2162 3560 2480 3615 Luminaria.
2503 3559 2696 3623 solem,
2719 3567 2773 3613 et
2809 3558 3012 3621 lunam,
3052 3568 3107 3613 et
3134 3568 3357 3615 caeteras
3381 3559 3563 3615 stellas
3594 3560 3739 3614 acci-

2162 3651 2356 3718 pimus.
2389 3649 2587 3704 Verum
2634 3648 2712 3702 sol
2753 3657 2809 3702 et
2839 3647 2962 3703 luna
3007 3657 3063 3702 et
3109 3657 3310 3718 septem
3348 3648 3576 3717 planetae
3629 3663 3738 3704 non

2163 3750 2287 3794 sunt
2313 3740 2364 3794 in
2397 3739 2733 3793 ﬁrmamento
2760 3739 2967 3808 positae,
3009 3739 3103 3794 sed
3138 3739 3191 3794 in
3231 3741 3432 3794 aethere
3459 3739 3733 3808 pendent:

2163 3832 2282 3886 ideo
2335 3830 2388 3884 in
2435 3829 2775 3885 ﬁrmamento
2828 3831 3014 3900 positae
3063 3831 3331 3885 dicuntur.
3381 3829 3447 3882 Et
3500 3830 3736 3884 dividant

2162 3922 2298 3975 diem
2341 3937 2404 3974 ac
2446 3929 2662 3973 noctem.
2703 3919 2794 3974 Sol
2817 3921 2920 3974 diei
2966 3929 3190 3990 praeest,
3235 3920 3360 3974 luna
3405 3921 3571 3975 nocti.
3620 3919 3738 3975 Sint

2161 4011 2214 4064 in
2258 4011 2426 4080 signa.
2489 4007 2640 4072 Hoc,
2689 4009 2773 4063 vel
2819 4019 3038 4079 propter
3082 4010 3369 4064 terminum
3421 4009 3736 4066 Paschalem

2162 4103 2382 4166 dicitur,
2409 4101 2534 4170 quia
2569 4101 2693 4155 luna
2733 4102 2944 4171 signum
2970 4109 3053 4156 est
3080 4101 3356 4157 Paschalis
3389 4103 3603 4157 termini
3643 4103 3738 4170 qui

2159 4209 2267 4251 non
2300 4193 2411 4248 nisi
2429 4201 2551 4263 post
2579 4192 3072 4262 quatuordecimam
3100 4192 3282 4247 lunam
3309 4191 3628 4257 celebratur,
3651 4192 3736 4246 vel

2159 4286 2284 4357 quia
2308 4285 2482 4341 sidera
2510 4285 2660 4356 signa
2681 4295 2806 4338 sunt
2825 4284 3200 4355 navigantibus
3219 4298 3317 4353 per
3342 4297 3494 4338 mare
3523 4281 3605 4336 vel
3633 4282 3738 4336 iter

2159 4377 2442 4448 agentibus
2493 4390 2590 4446 per
2641 4375 2869 4446 Libyam
2921 4375 3012 4430 ubi
3065 4376 3350 4446 vestigium
3410 4374 3618 4429 itineris
3667 4373 3736 4426 ad

477 4461 620 4515 vobis
660 4461 839 4532 (Joau.
878 4478 996 4528 vm,
1029 4462 1142 4533 28).
1183 4462 1328 4518 Deus
1371 4465 1513 4519 enim
1543 4464 1705 4520 Pater
1728 4466 2051 4538 principium
2081 4486 2133 4546 D
2161 4480 2364 4526 motum
2393 4469 2539 4525 venti
2568 4469 2882 4539 dissipatur.
2919 4467 3070 4522 Luna
3105 4469 3243 4536 apud
3275 4467 3528 4522 Hebraeos
3561 4465 3736 4519 tribus

476 4560 581 4617 est,
626 4553 720 4606 sed
745 4567 852 4607 non
889 4553 955 4607 de
982 4553 1268 4623 principio,
1300 4555 1425 4624 quia
1459 4571 1488 4608 a
1537 4555 1698 4610 Patre
1745 4573 1850 4611 non
1880 4557 2055 4614 factus

481 4657 582 4696 nec
605 4651 835 4706 creatus,
869 4643 964 4696 sed
989 4643 1200 4712 genitus
1224 4653 1310 4698 est
1354 4660 1368 4697 ;
1416 4660 1513 4714 per
1532 4646 1673 4715 quod
1728 4647 2051 4717 principium

476 4720 622 4787 Deus
657 4732 821 4787 Pater
856 4731 1051 4788 coelum
1083 4742 1137 4788 et
1186 4742 1385 4788 terram
1417 4737 1643 4802 creavit,
1691 4737 1742 4791 id
1769 4746 1855 4792 est
1897 4738 2058 4794 coale-

477 4830 590 4878 stes
618 4830 675 4878 et
701 4832 968 4878 terrenos.
992 4822 1097 4877 Per
1121 4823 1319 4878 ctelunt
1347 4826 1489 4879 enim
1517 4827 1764 4882 caelestes
1785 4828 1899 4889 sive
1935 4843 2052 4885 coe-

475 4910 667 4965 lestem
693 4911 860 4964 vitam
901 4912 1157 4966 ducentes
1196 4929 1209 4966 :
1243 4928 1338 4983 per
1394 4922 1591 4969 terram
1645 4931 1773 4971 vero
1822 4918 2052 4973 terrenis

474 5000 705 5070 negotiis
733 5000 1002 5056 inhiantes
1035 5002 1339 5072 signantur.
1385 5003 1485 5070 Qui
1512 5006 1725 5074 utrique
1772 5021 1868 5075 per
1900 5007 2050 5077 prin-

476 5091 674 5161 cipium
703 5092 872 5148 creati
898 5101 1046 5159 sunt,
1093 5095 1217 5163 quia
1266 5104 1393 5150 nato
1432 5095 1558 5150 Iesu
1605 5096 1820 5151 Christo
1868 5099 2044 5167 patuit

475 5186 574 5257 qui
590 5193 771 5242 essent
795 5187 1061 5252 caelestes,
1103 5188 1302 5258 quique
1331 5188 1552 5242 terreni.
1598 5187 1761 5241 Terra
1791 5207 1907 5244 vero
1938 5201 2052 5245 erat

474 5277 650 5331 inanis
673 5287 719 5331 et
750 5295 934 5332 vacua.
989 5277 1046 5332 ld
1069 5287 1171 5341 est,
1225 5293 1421 5347 corpus
1468 5279 1759 5332 humanum
1817 5280 1974 5336 inane
2021 5299 2049 5335 ει

1653 5368 1680 5388 ι.
1891 5387 2008 5392 ..Α-η-

2158 4559 2466 4615 nominibus
2487 4567 2852 4633 nuncupatur,
2875 4557 3032 4622 Lare,
3065 4558 3301 4622 Lavana,
3332 4556 3564 4611 Mavors.
3589 4555 3734 4609 Lara

2126 4647 2382 4718 ivocatur
2413 4663 2442 4702 a
2469 4663 2692 4702 numero
2713 4647 2919 4702 dierum
2958 4647 3161 4702 mensis
3187 4665 3200 4701 :
3231 4645 3446 4700 Lavana
3489 4660 3518 4698 a
3549 4643 3735 4698 candi.

2157 4740 2322 4795 ditate
2350 4755 2364 4792 :
2405 4735 2614 4792 Mavors
2640 4751 2671 4790 a
2702 4733 2908 4790 defectu
2927 4776 2944 4802 ,
2975 4735 3100 4805 quia
3132 4735 3312 4790 deﬁcit
3336 4733 3558 4804 singulis
3580 4746 3733 4786 men-

2125 4815 2129 4830 Α
2155 4830 2326 4886 sibus.

2231 4922 2384 4975 Vers.
2434 4918 2539 4978 20,
2589 4918 2677 4972 21.
2719 4915 2943 4987 Περιὶῐί
2981 4917 3172 4970 anima:
3225 4915 3456 4970 viventis.
3500 4913 3732 4983 chtilia

2157 5011 2333 5082 pisces
2367 5009 2472 5064 hoc
2513 5007 2630 5063 loco
2676 5007 2878 5077 accipe.
2909 5004 3220 5059 Mutabilem
3259 5005 3489 5059 animam
3527 5002 3728 5077 [Vulg.,

2159 5099 2452 5154 motabilem
2489 5097 2608 5170 an.]
2643 5098 2774 5152 dicit
2810 5095 3120 5150 animalium
3166 5095 3233 5149 ad
3273 5095 3731 5164 comparationem

2157 5192 2408 5248 hominis.
2439 5191 2574 5258 Quia
2613 5191 2737 5246 licet
2781 5188 3022 5245 mortalis
3063 5189 3135 5244 sit
3158 5190 3320 5245 homo
3355 5189 3421 5244 ad
3450 5200 3732 5257 compara-

2157 5283 2359 5338 tionem
2397 5280 2513 5346 Dei,
2556 5288 2732 5334 tamen
2785 5279 3109 5334 immortalis
3139 5286 3222 5332 est
3259 5277 3331 5359 ad
3375 5275 3734 5347 comparatio-
3781 5288 3793 5298 ο

3632 5365 3661 5382 ,.

2192 5386 2273 5404 ﬁ-..
2311 5386 2371 5392 η--
2387 5381 2397 5390 ι
2415 5386 2426 5390 -
