4026 6410
258 358 327 412 5'1
880 424 885 431 ι
1390 363 1932 419 COMMENTARIUS
1974 365 2040 419 IN
2079 366 2397 424 GENESIZi-i.
3450 384 3521 439 58

259 465 471 521 fecerat
503 466 921 535 praeferendam,
943 469 1097 537 quasi
1147 472 1378 539 quodam
1418 475 1647 529 concilio
1672 476 1800 529 dicit
1831 492 1843 527 :
1874 482 1922 536 Α
1954 489 2143 546 pturm.
2174 480 2326 546 Quod
2380 492 2502 552 apte
2545 487 2958 556 prmﬁgurabant
2994 500 3174 545 vectes
3218 492 3289 546 illi
3318 493 3411 562 qui
3464 495 3517 550 in

257 555 574 612 Faciamus.
621 557 794 627 Quod,
840 561 962 617 licet
1009 564 1224 631 quidam
1268 562 1342 618 ad'
1360 570 1576 637 angelos
1609 570 1843 631 referens-

256 644 389 697 dum
414 645 618 713 dicant,
678 649 870 704 melius
928 661 1105 706 tamen
1135 656 1202 709 ad
1242 667 1482 711 sanctam
1518 657 1841 716 Trinitatem

256 732 517 789 refertur.

327 819 491 876 Vers.
543 822 635 878 27.
686 825 767 879 Ad
810 828 1087 897 imaginem
1137 838 1187 884 et
1220 833 1615 890 similitudinem
1664 856 1837 893 suam.

251 907 446 979 Imago
476 911 619 967 dieta
642 917 796 982 quasi
831 917 1070 988 innitago.
1101 920 1269 975 Distat
1300 923 1440 977 inter
1465 926 1750 996 imaginem
1782 939 1839 984 et

250 1000 691 1057 similitudinem.
722 1005 902 1075 Imago
938 1018 1020 1063 est
1064 1010 1115 1064 in
1146 1012 1352 1071 ratione
1378 1023 1432 1067 et
1472 1016 1524 1069 in
1558 1017 1837 1075 immorta-

251 1085 409 1144 litate
432 1104 448 1141 :
473 1090 768 1149 similitudo
794 1111 921 1152 vero
944 1098 995 1152 in
1027 1116 1236 1155 morum
1265 1104 1551 1158 sanctitate
1570 1115 1623 1159 et
1638 1104 1838 1173 justiﬁ-

255 1179 497 1234 catione.
542 1180 956 1241 Similitudiuem
1012 1189 1191 1264 itaque
1243 1193 1521 1260 peccando
1561 1196 1831 1264 perdidit:

245 1269 549 1339 imaginem
595 1288 702 1327 non
743 1279 942 1332 amisit.
995 1262 1106 1333 Nec
1155 1282 1405 1336 audiendi
1446 1262 1574 1339 sunt
1610 1287 1700 1355 qui
1751 1288 1823 1341 di-

246 1370 380 1413 cunt
425 1361 700 1419 hominem
748 1367 803 1419 in
856 1384 1084 1438 corpore
1130 1371 1224 1425 Dei
1276 1373 1565 1442 imaginem
1612 1377 1830 1432 habere.

245 1447 403 1504 lianc
434 1451 583 1505 enim
632 1456 815 1522 potius
849 1474 969 1511 eum
996 1460 1320 1516 animalibus
1362 1479 1700 1520 communem
1734 1468 1832 1521 ha-

242 1538 467 1606 bemus,
512 1544 667 1611 quia,
709 1548 981 1614 quomodo
1016 1564 1079 1603 ea
1110 1552 1346 1621 quinque
1376 1568 1566 1609 sensus
1589 1558 1833 1625 corporis

244 1626 474 1693 habent,
521 1630 597 1685 ita
627 1642 681 1685 et
713 1649 829 1688 nos.
861 1634 917 1688 ln
955 1638 1134 1691 anima
1182 1640 1378 1709 quippe
1405 1642 1698 1712 imaginem
1733 1645 1829 1698 Dei

243 1717 534 1774 habemus.
568 1721 718 1788 Quod
745 1725 883 1780 Deus
911 1726 963 1779 in
994 1727 1178 1796 majori
1230 1731 1448 1797 mundo,
1494 1732 1596 1787 hoc
1648 1735 1826 1787 anima

1943 577 2174 637 quatuor
2223 586 2362 625 arcze
2416 574 2631 629 circulis
2674 578 2835 643 positi
2900 595 3175 647 nunquam
3223 583 3345 637 inde
3390 583 3519 640 abs-

1943 658 2291 712 trahebantur
2342 662 2547 732 (Exod.
2597 666 2791 736 xxxv).
2850 666 2953 722 Per
3023 681 3260 738 quatuor
3315 674 3514 744 quippe

1925 748 2197 814 :cirCulos,
2236 754 2457 806 totidem.
2492 755 2906 825 Evangeliorum
2953 760 3220 815 volumina
3263 763 3515 832 pneﬁgu-

1926 848 2169 904 .rantur;
2214 856 2308 910 per
2334 852 2537 909 vectes,
2569 844 2852 922 doctores,
2881 848 2933 901 in
2983 864 3213 917 quorum
3264 854 3515 907 cordibus

1938 939 2183 997 portatur
2217 947 2383 996 arca,
2438 933 2489 987 id
2543 942 2626 989 est
2672 935 2758 989 lex
2810 937 3008 992 divina.
3055 937 3341 1009 Nunquam
3384 958 3516 1009 ergo

1939 1027 2120 1075 vectes
2168 1036 2200 1074 a
2246 1023 2463 1078 circulis
2509 1040 2649 1079 arcae
2700 1026 3277 1099 auferebanturzquia
3317 1035 3512 1101 praedi-

1937 1120 2149 1165 catores
2174 1112 2420 1169 doctores
2463 1130 2738 1184 nunquam
2793 1117 2996 1175 habere
3045 1121 3241 1177 debent
3288 1138 3512 1178 vacuam

1938 1200 2337 1257 meditationem
2367 1203 2504 1274 legis
2540 1205 2653 1259 Dei.

2011 1289 2205 1355 Quinta
2235 1293 2322 1347 die
2348 1296 2720 1363 produxerunt
2764 1313 2917 1367 aqua:
2966 1301 3156 1370 reptile
3200 1318 3393 1357 anima:
3436 1304 3519 1358 vi-

1936 1383 2128 1437 ventis.
2159 1383 2262 1438 Per
2292 1387 2405 1441 tunc
2431 1387 2709 1453 animalia,
2755 1406 2874 1459 qua:
2914 1408 2980 1446 ex
3025 1395 3180 1463 aquis
3229 1405 3353 1449 sunt
3398 1395 3512 1450 for-

1938 1478 2078 1523 mata
2114 1480 2169 1524 et
2199 1472 2387 1527 vivunt
2415 1475 2467 1529 in
2513 1478 2701 1546 aquis,
2754 1480 2998 1549 signatur
3039 1484 3173 1537 ordo
3216 1484 3512 1552 baptizato-

1935 1577 2076 1627 rum,
2106 1564 2219 1632 qui,
2264 1565 2403 1618 velut
2436 1566 2633 1635 pisces,
2668 1569 2786 1624 sine
2812 1572 2965 1639 aquis
2997 1572 3333 1640 baptismatis
3357 1575 3514 1628 Chri-

1934 1654 2005 1707 sti
2050 1655 2233 1710 vivere
2286 1665 2578 1724 nequeunt.
2648 1658 2865 1713 Volatile
2916 1661 3268 1718 nihilominus
3322 1672 3509 1734 typum

1938 1743 2135 1797 retinet
2188 1754 2526 1810 sanctorum,
2564 1747 2656 1815 qui
2729 1762 2907 1816 penna
2968 1750 3230 1805 virtutum
3276 1761 3332 1807 et
3383 1768 3513 1808 con-

242 1806 298 1902 ξη
339 1822 574 1878 corpore
617 1820 824 1902 "05W.
864 1824 1135 1883 ορετειιυνο
1172 1815 1320 1873 Unde
1360 1829 1415 1874 el
1445 1821 1830 1877 microcosmos
1859 1826 1906 1885 Β
1936 1832 2298 1902 templationis
2341 1836 2408 1890 ad
2454 1806 2694 1892 coelestia
2729 1806 2999 1893 Ifestinare
3021 1841 3371 1895 contendunt.

241 1893 435 1951 Graece
468 1908 717 1964 vocatur,
777 1901 827 1955 id
855 1912 938 1957 est
985 1905 1161 1958 minor
1202 1910 1448 1963 mundus.
1496 1911 1637 1966 Deus
1683 1915 1827 1967 enim

239 1992 398 2038 extra
428 1988 689 2041 mundum
734 1991 944 2060 positus
993 2009 1096 2046 non
1126 1995 1452 2063 excluditur,
1495 2001 1634 2055 intra
1669 2018 1827 2056 mun-

240 2074 366 2129 dum
400 2076 717 2142 includitur,
747 2088 801 2133 et
840 2081 1177 2149 praesidendo
1213 2094 1503 2153 sustentat,
1531 2097 1585 2143 et
1616 2099 1830 2144 susten-

240 2164 409 2217 tando
434 2166 709 2232 praesidet,
737 2177 792 2221 et
819 2169 1200 2226 circumdando
1241 2173 1446 2243 implet,
1479 2184 1533 2230 et
1560 2176 1828 2246 implendo

239 2251 572 2307 circumdat.
606 2255 696 2309 Sic
747 2264 800 2310 et
834 2258 1013 2313 anima
1061 2276 1161 2315 nec
1210 2273 1362 2316 extra
1413 2280 1612 2335 corpus
1655 2268 1828 2337 posita

241 2342 556 2397 excluditur
583 2361 612 2398 a
653 2361 901 2416 corpore,
952 2366 1053 2404 nec
1093 2351 1232 2405 intra
1273 2368 1469 2423 corpus
1514 2356 1826 2425 includitur,

241 2430 337 2485 sed
378 2432 580 2501 ubique
604 2442 735 2499 tota,
766 2436 964 2505 ubique
993 2437 1220 2509 integra.
1257 2440 1555 2495 Masculum
1603 2455 1648 2497 et
1680 2446 1829 2515 [enti-

240 2540 384 2576 nam.
430 2522 549 2577 Non
579 2526 794 2595 utrique
833 2542 938 2582 uno
974 2538 1213 2600 tempore
1241 2531 1367 2587 facti
1398 2542 1523 2588 sunt
1564 2550 1661 2604 per
1703 2553 1827 2608 spe-

240 2616 404 2679 ciem,
437 2617 535 2669 sed
564 2616 617 2670 in
667 2620 951 2685 prmsentia
982 2620 1075 2676 Dei
1103 2632 1296 2677 cuncta
1335 2624 1494 2678 simul
1538 2625 1680 2681 facta
1707 2644 1829 2686 esse

245 2705 526 2761 dicuntur.
574 2706 725 2763 Unde
768 2719 852 2764 est
895 2711 1026 2766 illud
1071 2729 1086 2767 :
1139 2713 1241 2779 Qui
1288 2716 1412 2769 vivit
1457 2717 1511 2770 in
1574 2730 1827 2774 wternum

240 2800 437 2854 creavit
490 2801 669 2854 omnia
693 2801 849 2856 simul
879 2801 1071 2875 (Eccli.
1101 2821 1256 2873 xvm,
1290 2808 1362 2879 l).
1396 2808 1619 2879 Mystice
1648 2810 1828 2866 ﬁrma-

242 2903 487 2947 mentum
518 2903 758 2949 sanctam
780 2896 1044 2967 signiﬁcat
1074 2896 1437 2968 Scripturam,
1464 2904 1603 2958 sicut
1630 2905 1683 2959 in
1710 2907 1827 2976 ejus

238 2982 638 3051 signiﬁcatione
680 2985 732 3038 in
788 2984 1109 3057 Apocalypsi
1149 2990 1346 3044 dicitur
1374 3010 1399 3045 :.
1432 3007 1482 3047 et
1531 2995 1713 3050 uelum
1740 3014 1823 3052 re-

238 3075 394 3127 cessit
442 3074 579 3127 sicut
623 3073 755 3128 liber
794 3076 1057 3131 involutus
1103 3077 1297 3148 (Apoc.
1339 3096 1423 3145 vt,
1476 3083 1625 3156 14):
1672 3100 1825 3156 aquae

240 3166 428 3220 multa:
466 3167 647 3236 populi
690 3176 833 3222 sunt.
867 3168 1017 3224 Tunc
1043 3184 1171 3239 ergo
1196 3171 1595 3230 ﬁrmamentum
1624 3177 1678 3231 in
1710 3194 1821 3233 me-
1850 3160 1898 3223 (ἶ

238 3258 331 3311 dio
359 3273 622 3327 aquarum
672 3258 872 3314 factum
914 3268 1028 3326 est,
1069 3262 1286 3331 quando
1322 3262 1599 3334 Scriptura
1644 3268 1823 3323 divina

235 3348 453 3417 populis
500 3348 753 3403 innotuit.
787 3350 953 3420 Aquae
979 3352 1197 3420 quidem
1222 3368 1385 3422 super
1419 3356 1821 3413 ﬁrmamentum

236 3439 551 3510 signiﬁcant
594 3441 865 3509 angelicas
893 3454 1143 3500 catervas
1178 3460 1296 3519 quae
1336 3447 1475 3502 bene
1520 3464 1683 3518 super
1729 3451 1825 3505 ﬁr-

236 3539 576 3584 mamentum
615 3545 734 3587 esse
758 3531 1035 3599 dicuntur,
1080 3536 1230 3605 quia,
1263 3538 1432 3591 Deum
1459 3554 1672 3609 semper
1711 3557 1822 3611 pra:

234 3618 414 3673 oculis
447 3619 727 3687 habentes,
761 3638 865 3677 non
894 3624 1136 3695 indigent
1164 3625 1318 3696 legali
1360 3627 1699 3686 institutione
1727 3647 1821 3687 ne-

234 3727 345 3782 que
390 3714 717 3785 evangelicis
774 3718 1076 3786 pneceptis.
1122 3717 1253 3784 Quae
1312 3733 1447 3774 vero
1488 3722 1587 3776 sub
1641 3722 1822 3777 ﬁrma-

234 3812 427 3857 mento
468 3812 594 3857 sunt
638 3820 811 3875 aquae,
841 3806 1083 3861 homines
1119 3807 1429 3877 signiﬁcant
1471 3811 1564 3879 qui
1623 3812 1819 3868 divinis

232 3880 535 3950 edocenter
556 3897 857 3965 praeceptis,
890 3897 1007 3951 sine
1032 3897 1228 3966 quibus
1257 3900 1323 3954 ad
1353 3898 1571 3957 caeleste
1596 3915 1820 3972 regnum

230 3983 527 4055 pervenire
567 3993 861 4053 nequeunt.

308 4071 495 4127 Tertia
525 4072 611 4127 die
634 4084 969 4145 congregatae
993 4084 1121 4131 sunt
1140 4089 1293 4146 aquae
1324 4075 1375 4130 in
1420 4076 1595 4133 locum
1629 4095 1819 4146 unum,

231 4171 288 4219 et
321 4164 572 4233 apparuit
616 4165 789 4221 arida.
836 4166 941 4222 Per
964 4168 1171 4223 aridam
1217 4169 1595 4237 signiﬁcantur
1650 4172 1817 4227 corda

230 4255 537 4311 electorum
579 4256 815 4312 sitientia
873 4273 1069 4328 aquam
1117 4258 1458 4328 baptismatis
1506 4269 1562 4317 et
1613 4263 1818 4318 fontem

232 4350 500 4405 doctrina:
554 4350 810 4407 cmlestis.
857 4351 1108 4408 Collectis
1137 4365 1266 4422 ergo
1311 4353 1467 4422 aquis
1518 4354 1575 4408 in
1621 4369 1814 4423 unum,

234 4442 292 4496 id
342 4450 427 4497 est
482 4443 730 4512 reprobis
753 4444 1016 4513 separatis
1040 4459 1071 4497 a
1091 4442 1277 4512 justis,
1303 4453 1668 4514 apparuerunt
1688 4460 1815 4501 san-

234 4532 339 4597 cti,
362 4532 515 4587 divisi
553 4532 622 4588 ab
649 4534 1005 4589 amaritudine
1033 4533 1360 4590 inﬁdelitatis
1405 4542 1459 4590 et
1498 4534 1818 4592 inconcussa

236 4621 366 4677 ﬁdei
416 4623 671 4679 ﬁrmitate
699 4624 956 4679 roborati.

306 4714 514 4781 Quarta
541 4716 627 4771 die
658 4716 797 4772 facta
860 4725 985 4773 sunt
1021 4718 1309 4774 luminaria
1354 4719 1409 4774 in
1450 4720 1817 4779 ﬁrmamento.

231 4804 342 4860 Per
370 4804 791 4873 ﬁrmamentum,
838 4807 978 4863 sicut
1026 4809 1280 4874 diximus,
1325 4825 1482 4865 sacra
1539 4810 1816 4881 Scriptura

232 4908 346 4949 non
374 4892 813 4951 inconvenienter
863 4897 1169 4967 accipitur;
1220 4912 1317 4968 per
1360 4898 1646 4954 luminaria
1686 4915 1817 4957 vero

231 4982 618 5052 evangelistas,
653 4985 903 5042 doctores
942 4996 997 5042 et
1026 4988 1408 5058 praedicatores
1445 4989 1814 5061 intelligimus,

231 5074 328 5144 qui
381 5072 665 5130 illuminati
719 5075 961 5146 Spiritus
993 5078 1163 5134 sancti
1208 5078 1382 5149 gratia
1446 5078 1581 5134 alios
1630 5080 1697 5134 ad
1736 5081 1818 5135 lu-

232 5178 356 5218 cem
390 5162 515 5218 ﬁdei
542 5179 637 5219 sua
663 5166 1045 5235 praedicatione
1068 5177 1405 5224 convertunt.
1433 5168 1696 5235 Qualibus
1720 5187 1817 5241 per

230 5254 456 5309 Petrum
488 5254 759 5329 [Paulum]
803 5257 998 5313 dicitur
1021 5274 1035 5312 :
1061 5258 1128 5313 In
1157 5260 1325 5314 medio
1360 5261 1589 5315 nationis
1641 5279 1817 5331 prava:

232 5352 285 5396 et
310 5360 604 5413 pervenre,
651 5346 791 5401 inter
836 5364 964 5417 quos
1011 5347 1191 5405 lucetis
1235 5348 1368 5402 sicut
1420 5348 1704 5405 luminaria
1760 5354 1816 5406 in

233 5433 435 5487 mundo
479 5433 690 5489 verbum
729 5436 845 5491 vita
879 5438 1194 5491 continentes
1221 5435 1443 5509 (Philip.
1474 5454 1535 5504 ιι,
1588 5438 1673 5505 15,
1705 5440 1815 5513 16).

234 5520 383 5579 Bene
438 5532 621 5581 autem
677 5525 961 5581 luminaria
1009 5526 1063 5582 in
1125 5526 1465 5585 ﬁrmamento
1506 5530 1678 5599 posita
1731 5532 1813 5585 vel

236 5619 556 5687 constituta,
585 5629 644 5675 ut
675 5620 749 5677 illi
789 5636 1000 5691 semper
1027 5621 1323 5677 inhzereant
1360 5637 1374 5676 :
1404 5624 1530 5692 quia
1562 5625 1811 5681 doctores

239 5710 437 5769 debent
462 5713 814 5781 contemplari
856 5725 909 5771 et
956 5718 1228 5773 cohaerere
1273 5728 1627 5776 sacrosancta:
1668 5719 1812 5776 Scri-

1999 1922 2386 1990 Perjumenta,
2437 1941 2558 1996 qua:
2584 1934 2735 1981 sexta
2784 1929 2869 1983 die
2905 1942 3090 1984 creata
3143 1940 3290 1996 sunt,
3319 1933 3508 1989 docto-

1927 2027 2018 2068 res
2079 2028 2144 2068 ac
2184 2014 2408 2083 quilibet
2455 2017 2804 2073 ecclesiastici
2850 2019 2953 2073 viri
2981 2020 3374 2088 exprimuntur,
3414 2027 3512 2092 qu?

1927 2106 2107 2160 minus
2140 2105 2382 2163 valentes
2420 2108 2730 2176 adjumento
2772 2125 2882 2166 suae
2920 2112 3322 2181 praedicationis
3352 2114 3405 2167 in
3438 2115 3504 2168 ﬁ-

1928 2197 2012 2253 dei
2054 2197 2310 2255 ﬁrmitate
2360 2205 2732 2258 corroborant.
2778 2203 2971 2259 Bestire
3010 2220 3138 2260 vero
3181 2206 3507 2278 praesignant

1928 2296 2172 2359 potentes
2220 2290 2303 2345 vel
2359 2294 2618 2363 superbos
2680 2295 2812 2363 qui,
2862 2311 3012 2351 more
3071 2294 3401 2358 bestiarum,
3449 2295 3504 2352 in

1928 2388 2279 2447 quascunque
2345 2395 2457 2435 suae
2522 2381 2858 2435 crudelitatis
2914 2381 3177 2434 saevitiam
3225 2385 3503 2438 exhibent.

1930 2467 2034 2522 Per
2078 2476 2357 2532 serpentes,
2388 2468 2479 2536 qui
2511 2468 2612 2523 hoc
2646 2468 2869 2538 inJoco
2906 2469 2958 2522 in
2984 2469 3183 2523 bonum
3228 2471 3509 2539 accipiun-

1930 2564 2039 2620 tur,
2069 2557 2243 2611 sancti
2291 2557 2641 2628 designantur
2678 2560 2972 2627 prudentes
3018 2567 3073 2613 et
3109 2560 3274 2613 astuti
3307 2574 3506 2614 caven-

1930 2656 2010 2702 tes
2032 2647 2181 2701 dolos
2205 2648 2424 2713 diaboli,
2454 2648 2653 2718 quibus
2690 2647 2944 2702 Dominus
2968 2647 3100 2702 dicit
3125 2665 3138 2701 :
3173 2647 3359 2704 Estote
3381 2666 3507 2720 pru-

1927 2736 2105 2790 dentes
2136 2738 2268 2791 sicut
2304 2746 2562 2807 serpentes
2596 2734 2809 2807 (Matth.
2862 2752 2918 2801 χ,
2967 2735 3078 2806 16).

2000 2822 2115 2878 Hac
2168 2825 2283 2894 ipsa
2336 2824 2424 2879 die
2468 2823 2646 2879 factus
2693 2831 2776 2878 est
2822 2825 3023 2890 homo,
3088 2824 3141 2879 id
3192 2834 3298 2891 est,
3344 2825 3504 2880 Chri-

1927 2922 2044 2969 stus
2084 2930 2180 2984 per
2230 2913 2505 2985 Virginem
2549 2923 2707 2969 natus
2742 2923 2826 2968 est
2864 2915 3136 2971 secundus
3181 2915 3374 2983 Adam,
3411 2915 3505 2986 qui

1926 3005 2085 3075 primi
2117 3005 2349 3061 hominis
2395 3014 2617 3075 peccata
2658 3004 2888 3061 tolleret.

1998 3094 2230 3149 Possunt
2256 3105 2437 3151 tamen
2479 3095 2595 3150 haec
2637 3110 2734 3151 sex
2759 3095 2965 3167 dierum
3000 3110 3162 3167 opera
3190 3098 3257 3152 ad
3286 3097 3504 3152 totidem

1924 3190 2104 3245 saaculi
2140 3199 2328 3246 aetates
2370 3189 2581 3245 referri.
2614 3189 2795 3245 Prima
2842 3191 3025 3259 itaque
3071 3191 3158 3246 die
3198 3189 3323 3246 fecit
3367 3190 3506 3245 Deus

1924 3280 2119 3335 lucem.
2149 3279 2264 3335 Hac
2308 3280 2425 3349 ipsa
2452 3287 2611 3335 aetate
2651 3280 2856 3335 creavit
2891 3280 3163 3335 hominem
3212 3282 3508 3335 rationabi-

1924 3373 2027 3429 lem
2075 3374 2143 3427 ad
2171 3373 2572 3428 similitudinem
2620 3390 2796 3429 suam.
2838 3375 3002 3441 Quasi
3033 3376 3176 3430 enim
3212 3377 3372 3430 homo
3416 3375 3506 3429 lux

1922 3469 2148 3516 vocatur
2187 3461 2254 3516 ad
2279 3463 2737 3531 comparationem
2787 3464 3100 3518 animalium
3150 3464 3503 3519 irrationabi—

1922 3550 2072 3613 lium,
2120 3550 2185 3605 de
2219 3566 2324 3621 quo
2368 3551 2565 3606 dicitur
2595 3568 2609 3606 :
2646 3551 2775 3606 Erat
2806 3551 2903 3606 lux
2932 3569 3054 3607 vera
3080 3569 3197 3624 (ματ
3240 3553 3504 3606 illuminat

1924 3656 2124 3695 omnem
2163 3642 2423 3695 hominem
2468 3642 2674 3713 (Joan.,
2718 3658 2756 3704 ι,
2801 3640 2878 3713 9).
2911 3642 3104 3698 Divisit
3132 3643 3304 3697 lucem
3338 3658 3369 3697 a
3426 3652 3505 3696 te-

1922 3731 2106 3787 nebris
2140 3732 2195 3786 in
2223 3732 2324 3787 hac
2357 3732 2442 3787 die
2477 3733 2644 3801 :quia
2679 3732 2780 3789 hac
2804 3741 2963 3788 aetate
2999 3733 3093 3788 ﬁlii
3141 3734 3257 3801 Dei,
3304 3735 3356 3788 id
3396 3744 3503 3799 est,

1924 3823 2017 3877 ﬁlii
2065 3823 2194 3877 Seth
2223 3823 2454 3891 separati
2485 3832 2616 3877 sunt
2651 3824 2719 3878 ab
2766 3823 2930 3893 impia
2969 3824 3316 3893 generatione
3347 3822 3503 3887 Cain,

1921 3911 2073 3982 cujus
2119 3926 2341 3982 vespera
2396 3910 2499 3965 fuit
2529 3910 2879 3982 multiplicata
2923 3912 3179 3981 iniquitas
3226 3912 3504 3966 hominum

1922 4005 2042 4060 ideo
2087 4014 2145 4059 ut
2188 4005 2465 4059 induceret
2494 4003 2635 4059 Deus
2663 4003 2943 4058 diluvium.

1934 4124 1945 4137 -
1992 4094 2236 4150 Secunda
2268 4096 2354 4150 die
2400 4094 2603 4149 factum
2628 4102 2711 4150 est
2740 4093 3139 4149 ﬁrmamentum
3174 4110 3187 4147 :
3222 4094 3348 4163 quia
3400 4093 3503 4149 hac

1920 4196 2079 4243 aetate
2114 4202 2238 4242 arca
2270 4188 2323 4241 in
2359 4186 2562 4241 diluvio
2591 4185 2852 4250 enatavit,
2894 4192 2949 4239 et
2976 4185 3123 4240 omni
3170 4199 3371 4255 genere
3410 4185 3503 4239 Ιιοι

1921 4281 2130 4336 minam
2167 4280 2439 4344 damnato,
2486 4278 2616 4334 sola:
2651 4286 2776 4333 octo
2822 4276 3019 4332 animae
3066 4277 3120 4329 in
3166 4290 3227 4329 ea
3282 4276 3503 4330 salvatze

1920 4376 2046 4423 sunt
2078 4383 2093 4420 :
2131 4365 2282 4434 cujus
2309 4381 2532 4436 vespera
2559 4365 2810 4433 superbia
2840 4364 2941 4418 fuit
2975 4364 3342 4435 praesumptio,
3374 4362 3500 4431 quia

1922 4456 2166 4511 homines
2193 4455 2478 4511 voluerunt
2520 4452 3039 4527 aediﬁcareturrim,
3079 4461 3136 4507 et
3190 4451 3502 4522 linguarum

1922 4545 2166 4603 confusio
2191 4545 2333 4601 facta
2365 4553 2466 4601 est.
3494 4556 3497 4563 λ

1992 4636 2173 4691 Tertia
2201 4636 2288 4691 die
2316 4642 2655 4706 congregatas
2677 4644 2804 4689 sunt
2837 4647 2993 4703 aqua:
3017 4650 3031 4686 :
3060 4632 3183 4701 quia
3213 4633 3320 4686 hac
3343 4630 3509 4685 aetate

1921 4736 2204 4798 separatus
2239 4735 2323 4783 est
2348 4727 2576 4798 populus
2625 4726 2720 4781 Dei
2752 4741 2850 4795 per
2892 4724 3165 4780 Abraham
3217 4740 3249 4778 a
3291 4724 3503 4780 caeteris

1920 4817 2269 4881 nationibus,
2317 4824 2375 4871 et
2421 4816 2526 4871 illis
2580 4815 2918 4886 congregatis
2986 4814 3069 4869 vel
3131 4814 3400 4869 conclusis
3447 4815 3501 4868 in

1921 4907 2279 4963 amaritudine
2332 4916 2388 4962 et
2432 4908 2703 4966 volumine
2749 4914 3113 4975 peccatorum,
3175 4906 3260 4960 isti
3291 4906 3342 4960 in
3390 4905 3504 4961 cul-

1921 5008 1975 5053 tu
2014 4998 2177 5053 unius
2227 4997 2320 5053 Dei
2366 4997 2574 5052 solidati
2624 5007 2791 5061 sunt,
2846 5006 2903 5050 ut
2953 4997 3178 5051 herbam
3230 4997 3497 5050 virentem

1917 5088 2177 5142 virtutum
2219 5087 2583 5158 germinarent
2607 5094 2662 5141 et
2691 5084 2922 5140 fructum
2960 5086 3225 5140 bonorum
3276 5100 3499 5154 operum

1918 5178 2257 5248 proferrent:
2292 5175 2443 5244 cujus
2471 5192 2699 5246 vespera
2747 5175 2846 5229 fuit
2875 5175 2929 5229 in
2980 5175 3284 5243 perditione
3316 5172 3498 5227 Saulis

1917 5278 1973 5325 et
1994 5270 2241 5326 Jonathaa
2291 5269 2342 5323 in
2374 5277 2555 5324 monte
2584 5267 2786 5323 Gelboe
2848 5267 3069 5323 quando
3096 5266 3162 5320 ab
3202 5262 3503 5334 Allopbylis

1921 5360 2191 5416 interfecti
2223 5366 2367 5415 sunt.

1990 5455 2191 5521 Quarta
2246 5453 2333 5508 die
2380 5451 2520 5508 facta
2575 5460 2701 5508 sunt
2753 5450 3043 5505 luminaria
3084 5454 3255 5519 :quia
3305 5456 3500 5518 quarta

1918 5552 2076 5597 aetate
2125 5542 2360 5612 dignitas
2406 5542 2549 5613 regia
2583 5541 2854 5611 Splenduit
2882 5542 2935 5594 in
2975 5539 3165 5603 David,
3192 5547 3247 5594 et
3293 5540 3345 5593 in
3399 5538 3502 5594 Sa-

1919 5631 2130 5689 lomone
2153 5640 2207 5686 et
2236 5631 2287 5685 in
2320 5632 2529 5686 caeteris
2566 5631 2780 5701 regibus
2819 5637 2873 5682 et
2903 5628 3182 5703 prophetis
3208 5629 3296 5698 qui
3328 5628 3501 5683 maxi-

1920 5736 2005 5776 me
2068 5720 2171 5775 hac
2232 5728 2388 5776 actate
2441 5719 2754 5777 ﬂoruerunt.
2798 5717 2965 5784 liuius
3029 5734 3251 5786 vespera
3293 5716 3391 5772 fuit
3438 5716 3496 5771 iu
