3986 5510
508 349 580 408 59
1136 353 1394 412 REMIGII
1433 350 2084 408 ANTISSIODORENSIS
2118 349 2272 409 ΟΡΡ.
2314 357 2517 420 PARS.
2558 367 2693 422 1.-
2717 368 3126 426 EXEGETICA.
3675 345 3778 424 ’ϐυ

480 461 492 471 ’
511 466 962 559 Βειιεειιίεᾲειιιεηί
989 483 1083 525 rex
1112 469 1400 542 Babylonis
1446 471 1693 528 multavit
1714 469 1909 535 oculis,
1938 484 2090 525 ever-
2116 468 2167 527 Α
2263 473 2416 532 Vers.
2440 477 2495 532 6.
2530 480 2637 535 Sed
2662 482 2780 553 fons
2808 483 3093 539 ascendens
3114 500 3143 539 e
3170 493 3311 559 terra
3337 460 3631 539 universam
3658 486 3778 555 ejus

510 571 570 609 sa
597 542 897 614 Jerusalem
923 569 980 616 et
1000 559 1519 631 destructotemplo,
1546 561 1887 617 transtulitin
1914 560 2087 632 Baby-

512 646 714 704 lonem.
972 698 977 701 .
1216 704 1220 708 .

585 740 783 807 Quinta
834 743 923 801 die
969 758 1037 799 ex
1097 759 1264 814 aquts-
1294 745 1555 816 producta
1604 746 2083 805 sunt‘animalia:

512 831 638 899 quia
685 833 787 887 hac
815 840 976 889 rotate
1002 835 1229 917 populus
1270 835 1577 893 Judaeorum
1610 839 1754 894 inter
1777 848 1965 909 gentes
1992 853 2087 895 ve-

512 918 595 974 lut
624 921 677 975 in
721 924 879 993 aquis
903 925 1148 995 captivus
1187 927 1506 983 versabatur
1527 969 1543 994 ,
1587 938 1643 984 et
1668 938 1851 984 tamen
1886 945 1914 984 a
1941 930 2087 985 Cultu

518 1007 614 1065 Dei
649 1027 754 1067 non
783 1014 1088 1072 recedebat.
1121 1015 1341 1071 Multum
1385 1018 1550 1073 etiam
1594 1018 1708 1088 jam
1739 1021 1910 1075 sancti
1933 1019 2088 1090 quasi

513 1118 644 1157 aves
673 1119 772 1172 per
818 1107 1321 1176 contemplationem
1353 1109 1420 1165 ad
1449 1109 1689 1166 coelestia
1736 1110 2093 1166 sublevaban-

512 1198 625 1271 tnr,
671 1191 1112 1262 sieuIJeremias,
1161 1196 1432 1261 Ezechiel,
1473 1196 1743 1264 Neemias,
1787 1207 1893 1253 etc.
1927 1198 2090 1270 Cujus

513 1295 738 1351 vespera
783 1282 885 1339 fuit
908 1284 1196 1340 infidelitas
1240 1294 1297 1341 et
1323 1286 1618 1342 maximum
1668 1297 1946 1358 peccatum
2003 1302 2093 1346 eo-

514 1387 632 1427 rum
658 1376 749 1444 qui
776 1375 1051 1432 Christum
1100 1378 1201 1433 sibi
1238 1379 1622 1449 repromissum
1661 1379 1910 1436 videntes
1951 1380 2088 1436 reci-

512 1481 642 1535 pere
675 1469 982 1525 noluerunt.
1443 1540 1448 1546 .
1662 1478 1667 1481 ’
1868 1532 1873 1537 ο

583 1556 745 1612 Sexta
776 1559 863 1614 die
894 1561 1058 1616 homo
1087 1560 1262 1617 factus
1304 1569 1407 1618 est.
1448 1561 1563 1618 Hac
1609 1567 1768 1617 astate
1794 1569 1954 1617 natus
2005 1568 2091 1615 est

508 1646 759 1706 Christus
824 1665 922 1721 per
974 1651 1270 1721 Virginem.
1314 1652 1413 1720 Qui
1471 1652 1724 1723 praelatus
1780 1659 1866 1708 est
1906 1650 2091 1707 bestiis

513 1744 675 1795 terra:
720 1747 777 1795 et
822 1739 1060 1810 piscibus
1098 1742 1264 1797 maris
1310 1750 1366 1797 et
1404 1741 1713 1798 volatilibus
1759 1740 1882 1798 caeli
1913 1758 1927 1794 :
1959 1740 2089 1811 quia

2164 568 2516 635 superﬁciem
2539 570 2812 642 irrigabat.
2841 572 2985 628 Fons
3015 581 3192 629 autem
3235 573 3344 639 ille,
3374 571 3477 630 ’νει
3528 568 3630 644 per
3679 591 3777 631 oc-

2190 655 2364 712 cultos
2392 666 2601 715 meatus
2626 669 2785 716 terra:
2817 661 3111 719 decurrens
3157 664 3484 719 ascendebat
3531 664 3601 719 ad
3644 665 3778 721 irri-

2190 746 2418 814 gandam
2451 754 2608 804 terra:
2654 750 3014 821 superﬁciem,
3063 768 3214 808 more
3241 751 3344 807 Nili
3386 751 3628 808 ﬂuminis
3682 756 3778 825 qui

2190 832 2327 888 alvei
2350 834 2430 889 sui
2456 844 2627 894 metas
2649 836 2999 910 progrediens
3019 840 3208 912 irrigat
3231 840 3386 912 plana
3406 839 3627 914 Egypti
3649 858 3667 897 :
3691 843 3782 899 vel

2189 923 2351 978 etiam
2402 925 2632 997 irrigans
2686 928 2998 985 universam
3047 930 3384 1000 superﬁciem
3436 937 3616 998 terrae,
3669 948 3781 988 non

2190 1028 2297 1082 quo
2324 1029 2541 1070 onmem
2570 1023 2728 1072 terra:
2750 1018 3089 1087 superﬁciem
3119 1020 3379 1089 operiret,
3420 1020 3514 1075 sed
3555 1019 3782 1076 rivatim

2192 1118 2340 1159 more
2368 1104 2646 1161 ﬂuminum
2696 1121 2795 1177 per
2843 1108 3055 1164 diversa
3108 1110 3225 1164 loca
3270 1109 3614 1183 dirivaretur.
3656 1110 3781 1173 Vel,

2149 1222 2160 1230 -
2190 1195 2333 1263 quod
2362 1195 2554 1252 melius
2582 1196 2761 1267 placet
2792 1213 2943 1254 more
2983 1214 3154 1255 sacrae
3182 1199 3495 1270 Scripturze,
3529 1200 3786 1271 singula-

2192 1299 2307 1338 rem
2352 1285 2531 1355 posuit
2562 1286 2663 1357 pr'o
2703 1286 2920 1357 plurali,
2967 1288 3071 1344 vel
3105 1287 3309 1344 fontem
3359 1303 3462 1358 pro
3509 1287 3782 1351 fontibus,

2191 1377 2330 1431 sicut
2355 1391 2595 1433 muscam
2640 1392 2741 1449 pro
2778 1379 3003 1445 muscis,
3057 1393 3246 1433 ranam
3298 1392 3397 1448 pro
3444 1378 3617 1433 ranis.
3674 1377 3787 1431 Aut

2189 1467 2350 1522 etiam
2392 1465 2593 1522 fontem
2629 1477 2851 1539 propter
2885 1469 3293 1525 universitatem
3327 1469 3567 1523 omnium
3612 1480 3787 1537 aqua-

2190 1569 2310 1611 rum
2352 1570 2472 1625 qua:
2500 1556 2661 1612 simul
2690 1566 2817 1613 sunt
2841 1566 2898 1614 et
2940 1558 3091 1629 quasi
3124 1572 3264 1614 unus
3305 1556 3424 1612 fons
3464 1557 3517 1612 in
3542 1557 3783 1612 matrice

2189 1648 2402 1719 abysso.
3438 1636 3447 1646 ’

2260 1739 2416 1795 Vers.
2449 1740 2499 1794 7.
2538 1738 2807 1797 Formavit
2828 1740 2970 1796 Deus
2996 1742 3276 1796 hominem.
3309 1738 3557 1796 Cavenda
3582 1747 3667 1793 est
3688 1737 3780 1792 hic

511 1841 700 1883 omnes
735 1838 922 1900 gentes
946 1830 1077 1902 jugo
1111 1831 1235 1886 ﬁdei
1284 1847 1396 1888 sua:
1423 1832 1671 1903 subjecit.
1702 1830 1868 1901 Cujus
1910 1830 2087 1886 aetatis
2110 1812 2163 1875 Β
2191 1839 2479 1901 paupertas
2534 1832 2837 1888 intellectus
2888 1834 3107 1889 humani
3159 1841 3221 1888 ut
3267 1832 3561 1903 cogitemus
3606 1829 3779 1884 Deum

512 1933 742 1990 vespera
779 1919 902 1976 linis
935 1921 1038 1976 erit
1066 1921 1271 1977 s'eeuli.

2192 1923 2442 1978 manibus
2475 1932 2759 1992 operatum
2789 1922 2959 1978 fuisse
2984 1923 3259 1977 hominem
3290 1930 3345 1977 et
3385 1919 3539 1974 labiis
3565 1917 3783 1974 carneis

578 2010 819 2081 Septima
849 2011 936 2067 die
963 2013 1222 2082 requievit
1251 2013 1393 2069 Deus
1421 2014 1582 2084 :_quia
1598 2012 1829 2085 septima
1853 2019 1986 2068 tetas
2007 2020 2094 2068 est
2185 2011 2452 2078 locutum,
2475 2020 2567 2066 aut
2592 2012 2698 2067 tale
2730 2010 2952 2082 aliquid,
2980 2011 3122 2081 quod
3149 2005 3300 2065 nefas
3329 2016 3412 2065 est
3451 2009 3517 2064 de
3548 2008 3660 2063 Deo
3688 2022 3782 2062 co-

506 2102 810 2157 animarum
838 2102 1290 2172 requiescentium
1321 2103 1376 2159 in
1429 2104 1646 2161 Christo
1688 2112 1743 2160 et
1771 2111 2091 2175 exspectan-

506 2196 643 2251 tium
671 2195 977 2266 generalem
1007 2209 1293 2266 corporum
1323 2196 1793 2252 resurreetionem;
2006 2192 2007 2195 “

1134 2284 1363 2342 CAPUT
1389 2284 1453 2340 ll.

576 2375 733 2431 νει-ε.
764 2375 819 2430 ι.
860 2374 983 2430 Ista:
1005 2376 1361 2445 generationes
1387 2365 1569 2431 saliet
1590 2385 1765 2431 terrm.
1798 2375 2091 2446 Recapitu-

507 2463 638 2520 latio
684 2473 771 2520 est
803 2474 1066 2521 creaturae
1103 2465 1218 2519 Dei.
1250 2464 1655 2521 .Generationes
1680 2464 1803 2521 εωιί
1853 2472 1906 2521 ει
1936 2473 2094 2520 terra:

506 2553 738 2623 appellat
760 2563 985 2609 ornatus
1008 2568 1218 2608 eorum.
1255 2553 1489 2611 Ornatus
1515 2554 1637 2610 εωΙί
1681 2562 1807 2610 sunt
1828 2554 2002 2626 angeli
2037 2562 2096 2608 et

512 2643 692 2698 sidera
722 2661 735 2697 :
765 2650 991 2700 ornatus
1021 2651 1180 2698 terras
1220 2643 1468 2700 homines
1512 2651 1569 2700 et
1610 2644 1894 2714 jumenta;
1933 2644 2087 2698 arbo-

511 2749 631 2788 rum
684 2742 741 2789 et
784 2733 973 2790 ﬂorum
1007 2733 1319 2791 varietates.
1357 2734 1426 2790 In
1465 2735 1572 2790 die.
1623 2735 1680 2790 Id
1727 2742 1812 2791 est
1859 2734 1914 2789 in
1954 2741 2091 2790 tem-

505 2840 657 2895 pore.
694 2814 844 2881 Diem
874 2824 965 2880 hic
988 2827 1168 2895 posuit
1197 2836 1296 2895 pro
1325 2835 1569 2896 tempore
1598 2825 1738 2881 sicut
1763 2823 2052 2894 Apostolus
2076 2842 2089 2878 :

506 2914 646 2977 Ecce
690 2930 833 2971 nunc
879 2924 1089 2985 tempus
1135 2914 1487 2985 acceptabile,
1541 2928 1667 2970 ecce
1709 2914 1826 2969 dies
1874 2912 2090 2968 salutis!

504 3001 621 3060 Hoc
674 3004 726 3059 in
770 3005 888 3061 loco
920 3005 1196 3060 evanescit
1247 3019 1400 3060 error
1459 3005 1900 3074 philosophorum
1949 3020 1975 3057 :-
2000 3004 2094 3073 qui

507 3094 757 3150 dixerunt
790 3095 1046 3149 mundum
1075 3094 1185 3148 Deo
1209 3108 1329 3149 esse
1357 3102 1708 3157 coaeternum,
1728 3093 1813 3147 vel
1854 3092 2089 3157 etiamsi,

2191 2102 2371 2173 gitari.
2396 2103 2541 2159 Deus
2569 2103 2714 2159 enim
2739 2104 2964 2175 spiritus
2989 2111 3092 2170 est,
3123 2112 3180 2158 et
3204 2103 3325 2158 ideo
3362 2116 3466 2157 non
3496 2100 3784 2171 distingui—

2193 2197 2283 2245 tur
2306 2191 2563 2247 membris
2583 2207 2684 2248 nec
2711 2201 2971 2264 gravatur
3007 2192 3150 2250 mole
3189 2192 3457 2262 corporis,
3495 2198 3554 2244 ut
3595 2190 3662 2245 de
3690 2189 3784 2245 illo

2192 2278 2395 2350 aliquid
2436 2294 2692 2337 carneum
2738 2281 3036 2353 cogitemus
3088 2281 3176 2355 vel
3240 2279 3619 2350 intelligamus.
3672 2277 3783 2333 Sed

2191 2364 2335 2441 quod
2371 2370 2539 2427 dicit:
2571 2370 2815 2441 formavit
2844 2371 3114 2427 hominem
3143 2386 3211 2428 ex
3251 2370 3402 2436 limo,
3456 2370 3508 2424 id
3549 2377 3635 2423 est
3679 2384 3781 2423 vo-

2194 2461 2352 2518 lendo
2376 2469 2431 2517 et
2450 2461 2689 2532 iubendo
2715 2470 2869 2517 extra
2897 2463 3168 2532 produxit.
3208 2461 3277 2515 Et
3308 2462 3602 2532 inspiravit.
3624 2460 3780 2527 Quod

2194 2550 2369 2606 dicit:
2412 2552 2650 2620 spiravit,
2693 2565 2803 2606 non
2834 2551 3237 2623 intelligendum
3283 2557 3390 2615 est,
3439 2548 3582 2618 quod
3635 2548 3783 2603 hunc

2193 2640 2565 2712 corpulentum
2593 2656 2775 2699 aerem
2807 2643 3011 2698 homini
3038 2641 3331 2699 suﬁlaverit
3361 2639 3442 2696 vel
3471 2639 3781 2706 immiserit,

2193 2731 2289 2787 sed
2317 2731 2608 2803 inspiravit,
2654 2731 2707 2787 id
2735 2740 2857 2797 est,
2910 2732 3171 2787 animavit
3194 2746 3319 2786 eum
3348 2731 3455 2785 vita
3506 2729 3778 2795 rationali,

2195 2824 2337 2893 quod
2367 2823 2420 2878 in
2465 2822 2819 2893 sequentibus
2844 2823 3169 2894 spiraculum
3193 2823 3310 2877 vita:
3345 2819 3654 2891 appellavit.
3696 2820 3778 2873 Ad

2195 2915 2655 2984 comparationem
2681 2916 2824 2970 enim
2860 2924 3177 2970 cteterorum
3206 2913 3515 2970 animalium
3547 2926 3776 2983 «piorum

2194 3006 2388 3060 animae
2408 3005 2910 3071 morinntur,homo
2936 3006 3252 3061 rationalem
3279 3006 3511 3059 animam
3554 3003 3778 3058 sortitus

2196 3105 2300 3150 est.
2327 3093 2481 3151 Unde
2508 3103 2561 3150 et
2585 3094 2759 3151 Crazci
2787 3093 3145 3150 differentiam
3176 3094 3436 3151 facientes
3457 3094 3769 3148 animalium

508 3200 543 3241 α
566 3184 679 3241 Deo
702 3194 757 3240 et
786 3186 902 3241 sine
917 3185 1070 3240 initio
1098 3184 1274 3240 factus
1298 3193 1401 3249 est,
1417 3200 1540 3239 eum
1566 3194 1744 3240 tamen
1766 3198 1834 3240 ex
1858 3185 2085 3240 materia
2112 3157 2166 3230 (ἶ
2195 3203 2314 3261 qua:
2341 3196 2549 3244 tantum
2579 3188 2697 3243 sine
2722 3187 2931 3243 ratione
2957 3189 3145 3243 vivunt
3166 3201 3264 3241 zoa
3294 3195 3511 3248 vocant,
3539 3186 3664 3255 quia
3681 3200 3777 3243 zoe

509 3289 620 3331 non
650 3291 682 3330 a
720 3276 830 3330 Deo
880 3283 1122 3330 creatum
1162 3284 1412 3329 constare
1440 3274 1712 3337 dixerunt,
1738 3275 1879 3343 quod
1909 3282 2088 3330 tamen

507 3374 799 3435 utrumque
825 3364 1013 3429 eﬁluit,
1041 3379 1167 3420 cum
1197 3364 1422 3420 dicitur:
1451 3363 1520 3418 In
1550 3363 1634 3418 die
1660 3363 1779 3433 fecit
1817 3363 1998 3419 cretum
2040 3371 2089 3418 et

507 3465 723 3510 terram.
753 3453 886 3510 Cum
915 3456 1060 3510 enim
1100 3453 1272 3508 dicit:
1322 3452 1378 3507 in
1407 3452 1510 3518 die,
1545 3452 1779 3507 ostendit
1804 3466 1927 3507 eum
1981 3465 2088 3507 non

506 3565 629 3606 esse
652 3559 977 3605 coaeternum
1005 3550 1135 3603 Deo.
1163 3545 1295 3602 Cum
1324 3561 1454 3601 vero
1474 3546 1622 3599 addit
1647 3563 1659 3598 :
1684 3543 1802 3612 fecit
1833 3542 2017 3598 emtum
2041 3550 2091 3597 et

508 3648 726 3701 terram,
775 3636 1037 3690 mundum
1090 3650 1123 3689 a
1165 3636 1275 3689 Deo
1329 3635 1604 3689 conditum
1646 3631 1978 3686 manifestat.
2032 3629 2090 3685 Si

508 3740 641 3781 vero
666 3726 805 3780 diem
827 3740 926 3795 pro
953 3739 1058 3778 una
1088 3724 1175 3779 die
1212 3724 1582 3792 acceperimus
1612 3723 1864 3793 positam,
1896 3735 2087 3775 secun~

509 3813 638 3869 dum
661 3814 809 3868 illum
831 3828 1046 3869 sensum
1080 3812 1480 3883 intelligendum
1513 3820 1599 3866 est
1626 3825 1786 3880 quem
1831 3808 2090 3879 propheta

509 3904 640 3960 dicit
668 3922 683 3958 :
713 3903 817 3969 Qui
845 3905 965 3958 vivit
990 3903 1046 3957 in
1077 3912 1328 3958 wternum
1362 3901 1556 3956 creavit
1586 3901 1760 3955 omnia
1784 3899 1941 3955 simul
1967 3897 2092 3969 (Ec-

509 3992 598 4047 cli.
650 4007 803 4054 xvtn,
836 3991 911 4063 l).
947 3990 1107 4046 Juxta
1148 4006 1307 4062 quem
1347 3991 1677 4046 intellectum
1708 3989 1769 4044 Β.
1799 3988 2093 4059 Gregorius

509 4080 640 4136 dicit
670 4099 683 4134 :
712 4100 732 4133 σ
764 4080 965 4137 Rerum
993 4089 1183 4136 natura
1209 4098 1307 4151 per
1336 4081 1691 4137 substantiam
1727 4081 1887 4135 simul
1911 4090 2091 4136 creata

510 4179 616 4238 est,
645 4173 739 4229 sed
765 4188 860 4243 per
879 4175 1112 4243 speciem
1138 4174 1296 4229 simul
1317 4183 1501 4230 creata
1534 4189 1638 4229 non
1670 4182 1770 4230 est.
1806 4194 1825 4226 ι
1958 4176 1967 4183 ‘

586 4264 738 4319 Vcrs.
784 4263 837 4318 5.
887 4262 1053 4319 Omne
1097 4264 1400 4334 virgultum,
1448 4274 1725 4332 antequam
1770 4264 2013 4331 oriretur,
2045 4272 2094 4318 et

511 4368 714 4407 omnem
743 4352 975 4418 herbam,
1023 4361 1297 4423 antequam
1349 4354 1684 4423 germinaret.
1731 4352 1883 4419 Quod
1921 4353 2089 4408 dicit:

511 4452 789 4512 antequam
823 4443 1137 4511 germinant
1193 4452 1287 4497 aut
1333 4444 1586 4505 oriretur,
1646 4451 1792 4511 patet
1851 4442 2095 4511 profecto

2195 3281 2302 3335 vita
2330 3279 2574 3335 dicitur:
2619 3293 2741 3348 qua:
2779 3292 2911 3333 vero
2952 3277 3179 3332 rationis
3215 3277 3610 3346 participantur
3653 3291 3771 3348 psy-

2202 3371 2352 3427 chica
2378 3382 2427 3438 α,
2455 3370 2579 3440 quia
2597 3368 2797 3441 psyche
2824 3368 3023 3422 anima.
3042 3366 3097 3421 ln
3123 3367 3316 3422 faciem
3341 3375 3520 3421 autem
3545 3366 3775 3421 hominis

2190 3462 2427 3532 spirasse
2478 3457 2755 3533 (dicitur),
2805 3457 2931 3527 quia
2984 3457 3039 3511 in
3087 3457 3261 3526 capite
3310 3458 3547 3512 maxime
3589 3468 3776 3511 omnes

2194 3560 2383 3607 ‘sensus
2414 3551 2615 3627 vigent,
2642 3550 2834 3603 horum
2865 3562 2992 3612 uno,
3042 3547 3094 3602 id
3132 3557 3216 3603 est
3262 3557 3428 3613 tactu,
3478 3561 3573 3618 per
3618 3559 3776 3602 omne

2194 3655 2390 3710 corpus
2415 3637 2629 3695 dill‘uso.

2180 3746 2203 3752 “
2267 3731 2418 3785 Vers.
2447 3730 2500 3785 8.
2534 3727 2873 3783 Plantaverat
2907 3729 3212 3798 paradisum
3240 3728 3515 3799 voluptatis
3562 3745 3596 3781 a
3639 3728 3778 3796 prin-

2196 3821 2350 3891 cipio.
2382 3820 2436 3874 Id
2465 3829 2549 3875 est
2599 3820 2818 3875 hortum
2850 3819 3160 3889 voluptatis.
3184 3818 3369 3875 Graece
3392 3818 3535 3873 enim
3566 3817 3778 3886 paradi-

2196 3920 2287 3969 Stis
2311 3915 2511 3978 hortus,
2558 3911 2819 3968 chraiee
2848 3911 2996 3966 Eden
3021 3921 3264 3968 vocatur.
3312 3910 3357 3962 A
3398 3910 3675 3979 principio,
3725 3908 3775 3963 id

2195 4012 2279 4058 est
2308 4004 2359 4057 in
2392 4001 2565 4066 initio,
2597 4001 2821 4057 remotis
2858 4001 3014 4072 aquis
3044 4002 3101 4070 a3
3124 3999 3410 4070 superﬁcie
3439 4007 3597 4053 terra:
3625 4007 3680 4053 et
3723 3997 3781 4051 in

2195 4106 2360 4146 unum
2386 4088 2764 4147 collectis.Ubi
2794 4098 2972 4145 autem
3004 4105 3101 4145 nos
3129 4090 3420 4144 habemus:
3451 4087 3775 4142 Paradisum

2196 4201 2227 4237 a
2255 4183 2529 4254 principio,
2553 4183 2771 4253 quidam
2794 4182 3010 4238 codices
3036 4183 3238 4237 habent
3262 4198 3274 4234 :
3308 4179 3455 4234 Eden
3484 4179 3553 4232 ad
3580 4190 3772 4241 ortum,

2196 4288 2260 4327 ex
2309 4287 2416 4342 quo
2456 4286 2743 4341 possumus
2791 4270 3059 4339 conjicere
3097 4270 3406 4341 paradisum
3450 4267 3504 4321 in
3556 4266 3777 4322 Oriente

2197 4362 2381 4416 situm.
2410 4362 2466 4415 ln
2498 4374 2818 4431 quacunque
2846 4367 3024 4413 autem
3069 4358 3218 4414 orbis
3246 4367 3399 4427 parte
3438 4356 3528 4420 sit,
3575 4356 3777 4410 scimus

2198 4468 2321 4508 eum
2344 4461 2617 4508 terrenum
2643 4466 2781 4514 esse,
2807 4460 2863 4506 et
2887 4451 3173 4520 interiecto
3192 4449 3409 4506 Oceano
3431 4457 3486 4503 et
3503 4447 3778 4502 montibus

513 4545 619 4585 non
646 4546 710 4586 eo
736 4533 915 4597 modo,
946 4547 1053 4601 quo
1095 4548 1238 4586 nunc
1263 4534 1482 4587 arbusta
1506 4542 1560 4587 et
1590 4534 1768 4588 herba:
1793 4549 1859 4588 ex
1890 4534 2095 4589 semine
2122 4518 2173 4578 Ῑ)
2200 4543 2460 4613 appositis
2504 4557 2533 4595 ει
2578 4550 2766 4595 nostro
2814 4540 2944 4596 orbe
2989 4518 3147 4610 longe
3194 4536 3635 4593 remotissimum.
3684 4535 3780 4589 Est

513 4621 599 4676 vel
643 4635 710 4675 ex
766 4623 948 4678 radice
1000 4623 1370 4690 proferuntur,
1400 4634 1494 4679 ant
1549 4626 1781 4679 humana
1831 4626 2091 4681 industria

516 4714 860 4783 proveniunt,
899 4724 1024 4771 tunc
1071 4725 1352 4786 procreata
1381 4733 1524 4781 esse,
1551 4718 1644 4773 sed
1677 4718 1852 4774 subito
1892 4719 1959 4773 ad
1990 4735 2092 4773 nn-

518 4812 630 4857 tnm
669 4812 721 4858 et
741 4803 1038 4873 jnssionem
1070 4805 1163 4860 Dei
1197 4807 1440 4875 erupisse
1468 4822 1591 4862 cum
1626 4806 1766 4863 foliis
1809 4818 1865 4863 et
1912 4808 2091 4864 fructu

515 4892 767 4962 omnique
789 4892 1138 4963 perfectione.
1169 4894 1292 4949 Non
1317 4895 1522 4964 pluerat
1546 4913 1701 4966 super
1730 4907 1944 4952 terram.
1978 4898 2093 4954 Hoc

517 4981 584 5036 ad
631 4983 909 5051 superiora
954 4983 1207 5039 refertur.
1254 4984 1366 5039 Non
1409 4985 1620 5055 pluerat
1669 4987 1886 5056 quidem
1919 4997 1980 5043 ut
2027 5003 2093 5044 ex

515 5087 768 5148 provectu
799 5079 1007 5134 scilicet
1047 5080 1348 5148 pluviarum
1380 5091 1731 5138 nascerentur
1776 5082 1997 5137 frutices
2040 5092 2095 5138 et

515 5166 714 5221 herbae.
733 5166 1011 5234 Quomodo
1035 5171 1232 5225 etenim
1269 5170 1499 5239 plueret,
1526 5187 1649 5227 cum
1677 5187 1837 5225 omne
1859 5173 2093 5242 spatium

514 5258 659 5311 aeris
685 5258 902 5327 plenum
926 5270 1072 5315 esset
1099 5263 1256 5330 aquis
1284 5263 1610 5318 tenuissimis
1659 5264 1711 5316 in
1756 5264 1970 5317 modum
2005 5281 2097 5321 ne-

516 5345 673 5398 bulm.
703 5348 838 5396 siml
889 5349 994 5400 iam
1022 5365 1182 5404 suum
1215 5351 1419 5404 dictum
1442 5362 1522 5398 est
1547 5355 1570 5390 9
1597 5355 1691 5404 ςωι
1717 5370 1780 5398 μγ
1811 5369 1919 5406 quo
1944 5371 2097 5420 aqua,

2200 4635 2343 4688 enim
2384 4634 2437 4687 in
2494 4632 2754 4687 altissimo
2793 4630 2911 4687 loco
2953 4632 3087 4687 situs
3137 4630 3447 4700 pertingens
3492 4642 3663 4696 usque
3711 4624 3778 4678 ad

2203 4727 2443 4781 lunarem
2470 4723 2754 4779 circulum.
2803 4721 2955 4777 Unde
2988 4732 3044 4777 et
3093 4721 3217 4775 illuc
3259 4735 3413 4789 aqua:
3452 4716 3639 4772 diluvii
3678 4716 3778 4769 mi-

2201 4816 2346 4870 nime
2372 4813 2680 4884 pervenisse
2716 4813 2986 4867 dicuntur.
3031 4808 3097 4866 In
3136 4827 3238 4881 quo
3280 4809 3451 4878 posuit
3494 4808 3774 4861 hominem.

2203 4906 2278 4960 Ex
2303 4919 2429 4973 quo,
2473 4904 2616 4974 quod
2661 4903 2868 4973 pesitus
2894 4902 2947 4956 in
2999 4901 3309 4971 paradisum
3367 4900 3528 4953 homo
3557 4897 3774 4961 dicitur,

2201 4997 2358 5051 datur
2384 4992 2607 5063 intelligi
2648 5008 2754 5049 non
2788 4992 2859 5047 ibi
2901 4992 3066 5047 fuisse
3096 4990 3388 5054 conditum,
3444 4989 3537 5044 sed
3575 4988 3630 5041 in
3674 4987 3775 5041 hac

2200 5094 2383 5138 nostra
2412 5082 2624 5138 mortali
2649 5090 2814 5146 terra,
2845 5081 2991 5150 quia,
3028 5081 3206 5134 divina
3232 5076 3595 5147 praescicntia,
3625 5075 3773 5129 illum

2199 5182 2544 5246 peccaturum
2586 5182 2641 5226 et
2678 5173 2748 5227 ob
2777 5173 2880 5227 hoc
2922 5171 2992 5225 ab
3017 5171 3104 5225 illa
3131 5178 3313 5225 sancta
3356 5178 3500 5222 terra
3535 5169 3588 5222 in
3639 5167 3776 5221 hanc

2201 5262 2496 5318 convallem
2521 5261 2749 5315 miseria:
2773 5259 3193 5330 propellendum.
3259 5305 3263 5310 .

2272 5351 2406 5402 V'ers
2434 5352 2486 5398 Ω.
2510 5381 2581 5390 -
2605 5346 2960 5400 Prnduxilnue
2979 5348 3043 5390 de
3063 5349 3240 5400 Immo.
3272 5344 3605 5394 Subauditur
3622 5355 3778 5394 uara-
