3986 5580
135 456 141 461 ,
210 398 273 453 61
1345 392 1890 451 COMMENTARIUS
1932 393 1997 448 IN
2038 392 2357 449 GENESIM.
2818 398 2823 405 ’
3408 396 3479 451 62

214 520 324 565 tem
355 506 609 562 sortitum
637 513 742 569 est,
772 513 827 558 ut
860 505 903 558 si
931 504 1053 573 quis
1076 520 1141 558 ex
1182 518 1247 560 eo
1274 506 1510 558 fructum
1545 506 1793 559 comede-
1826 510 1874 569 Α
1904 504 2101 558 malum
2160 506 2303 573 quod
2368 514 2547 558 mente
2592 504 2790 574 cogitat
2834 505 3089 574 operibus
3139 508 3477 575 exsequitur.

217 609 297 653 ret
326 606 588 668 perpetua
614 597 887 651 soliditate
923 596 1231 650 ﬁrmaretur
1259 608 1312 650 et
1342 598 1497 651 beata
1530 600 1795 650 immortao

220 689 371 743 litate
397 687 712 750 vestiretur,
759 686 917 740 nullis
965 687 1218 755 deinceps
1266 685 1670 739 inﬁrmitatibus
1719 684 1801 738 vel

220 779 583 837 anxietatibus
602 778 1003 846 deprimendus,
1036 776 1175 830 nulla
1205 777 1338 829 senii
1378 775 1696 829 lassitudine
1718 774 1803 829 vel

221 867 594 922 imbecillitate
619 866 963 921 deterendus.
984 866 1204 937 Lignum
1226 876 1405 920 autem
1431 866 1661 920 scientiae
1684 866 1803 919 boni

219 970 266 1013 et
293 958 420 1011 mali
444 957 641 1013 nullius
666 959 875 1012 arboris
900 968 1047 1012 certa
1078 958 1284 1027 species
1306 957 1572 1011 credenda
1591 966 1695 1021 est,
1711 957 1805 1011 sed

221 1048 275 1101 in
318 1056 598 1116 posterum
647 1056 870 1099 ventura
923 1062 1117 1101 nomen
1159 1046 1275 1113 ejus
1329 1046 1555 1099 inditum
1587 1045 1687 1099 fuit
1736 1061 1804 1100 ex

222 1138 483 1207 qualitate
516 1138 719 1191 scilicet
765 1137 1085 1191 obedientize
1129 1136 1213 1191 vel
1262 1137 1655 1198 inobedieutim,
1688 1150 1807 1205 qua:

222 1227 496 1281 obedienti
527 1226 749 1280 scientia
778 1225 901 1279 boui
933 1228 1187 1281 existeret
1217 1244 1228 1279 :
1266 1226 1624 1279 inobedientia
1656 1240 1805 1291 vero,

224 1317 353 1371 mali
391 1331 453 1370 ac
473 1332 574 1384 per
606 1315 708 1371 hoc
733 1317 936 1385 peccati
982 1332 1203 1370 nervum
1236 1315 1527 1370 incurrenti
1582 1315 1807 1368 scientia

224 1406 352 1459 ntali
389 1406 562 1461 ﬁeret.
605 1404 919 1460 Obcdientia
967 1416 1145 1460 autem
1193 1406 1306 1461 sola
1350 1405 1524 1459 virtus
1570 1416 1654 1459 est
1689 1420 1808 1474 qua:

223 1497 498 1553 hominem
551 1497 660 1552 Deo
693 1498 975 1562 conciliat,
1024 1500 1164 1552 sicut
1207 1514 1238 1553 e
1279 1506 1468 1553 contra
1512 1508 1707 1562 tumor,
1755 1499 1805 1553 id

224 1596 309 1642 est
362 1587 745 1652 inobedientia,
786 1588 942 1659 longe
982 1604 1012 1641 a
1070 1590 1180 1643 Deo
1230 1598 1461 1657 separat.
1497 1590 1634 1656 Quid
1662 1590 1805 1644 enim

224 1678 370 1732 aliud
411 1686 495 1732 est
524 1678 886 1733 inohedientia
939 1694 1101 1748 quam
1154 1679 1293 1733 nolle
1338 1680 1491 1735 subdi
1539 1681 1666 1743 Deo,
1714 1680 1810 1735 sed

222 1782 334 1823 sua:
353 1767 488 1823 velle
517 1783 637 1823 esse
662 1769 986 1837 petestatis?

1906 594 2232 648 Menstruata
2259 604 2340 648 est
2360 610 2480 663 qua:
2508 594 2737 649 alienam
2768 609 2986 649 carnem
3031 609 3135 649 non
3163 595 3354 665 tangit,
3383 596 3477 651 sed

1903 684 2118 755 propria
2168 682 2419 738 fcedatur.
2485 682 2766 753 Significat
2825 686 3182 753 peccatricem
3240 687 3484 740 animam

1906 790 2025 843 quae
2050 774 2246 828 malum
2278 776 2418 844 quod
2446 776 2647 843 cogitat
2688 790 3027 844 nequaquam
3058 775 3249 830 effectu
3281 777 3479 845 explet.

1909 866 2060 922 Unde
2082 880 2186 921 non
2216 866 2550 921 extrinsecus
2579 867 2731 936 quasi
2782 867 2955 922 aliena
3010 883 3172 922 carne
3224 869 3480 928 ftedatur,

1908 956 2001 1010 sed
2036 956 2356 1010 intrinsecus
2384 957 2527 1011 velut
2554 958 2766 1027 propria
2794 973 2955 1012 carne
2993 960 3106 1012 suis
3145 960 3485 1029 cogitationi-

1908 1049 2006 1103 bus
2035 1049 2368 1119 inquinatur.
2399 1049 2439 1101 A
2464 1065 2571 1118 quo
2594 1066 2701 1104 uno
2721 1058 2774 1103 et
2802 1050 3056 1119 singulari
3087 1049 3232 1105 fonte
3258 1061 3488 1119 quatuor

1908 1140 2127 1208 [lumina
2148 1150 2447 1209 emergunt,
2476 1140 2528 1193 id
2566 1149 2667 1201 est,
2700 1140 2765 1193 ab
2812 1140 2929 1209 ipso
2966 1141 3209 1208 procedit
3242 1139 3486 1193 doctrina

1909 1237 2141 1297 quatuor
2169 1229 2603 1299 Evangeliorum,
2634 1228 2715 1283 vel
2763 1238 2994 1298 quatuor
3037 1230 3262 1284 virtutes
3292 1230 3490 1299 quibus

1910 1318 2183 1387 praepollet
2215 1318 2476 1372 Ecclesia.

1989 1408 2140 1461 Vers.
2174 1406 2259 1459 15.
2296 1404 2478 1459 Posuit
2501 1408 2761 1461 hominem
2787 1410 2841 1460 in
2869 1407 3136 1473 paradiso,
3161 1416 3215 1459 ut
3247 1422 3493 1475 operare-

1912 1510 1999 1554 tur
2023 1507 2068 1553 et
2099 1500 2404 1553 custodiret.
2431 1497 2577 1568 Opus
2608 1498 2737 1552 illud
2768 1512 2874 1552 non
2914 1497 2978 1550 ad
3012 1496 3245 1551 laborem
3270 1496 3352 1551 vel
3383 1496 3489 1551 las-

1913 1592 2198 1646 situdinem
2249 1590 2383 1655 fuit,
2432 1591 2526 1644 sed
2570 1590 2749 1658 potius
2778 1590 2844 1643 ad
2870 1589 3315 1643 delectationem:
3353 1588 3493 1641 sicut

1910 1684 2158 1738 videmus
2205 1682 2524 1750 plerumque
2577 1680 2822 1735 homines
2873 1679 3191 1748 quibusdam
3242 1678 3494 1746 operibus

1914 1775 2194 1838 delectari,
2228 1789 2257 1825 a
2280 1774 2474 1841 quibus
2504 1773 2548 1826 si
2576 1772 2968 1826 interdicantur
2997 1786 3101 1824 non
3133 1771 3341 1825 modice
3366 1785 3493 1825 con-

294 1859 452 1913 Vers.
482 1859 570 1913 l0.
617 1859 686 1913 Et
710 1860 899 1929 ﬂuvius
927 1861 1309 1930 egrediebatur,
1345 1862 1435 1931 qui
1463 1861 1718 1915 dividitur
1753 1862 1806 1915 in
1838 1847 1885 1909 Β
1914 1866 2219 1920 tristautur.
2260 1864 2326 1916 Et
2356 1863 2637 1916 custodiret
2677 1862 2847 1914 illum.
2882 1861 2998 1914 Non
3038 1876 3068 1914 a
3099 1860 3329 1925 furibus,
3369 1860 3494 1929 quia

220 1960 449 2019 quatuor
477 1952 672 2019 capita.
713 1951 918 2005 Nomen
947 1953 1037 2006 uni
1068 1951 1288 2008 Phison.
1329 1953 1432 2020 Qui
1482 1954 1807 2023 interpreta-

221 2049 312 2095 tur
338 2041 446 2095 oris
482 2042 727 2105 mutatio,
756 2042 844 2111 qui
876 2043 1063 2099 exiens
1107 2045 1173 2099 de
1206 2044 1459 2114 paradiso
1506 2053 1561 2098 et
1607 2045 1660 2098 in
1707 2061 1809 2100 no-

220 2139 395 2184 strum
422 2129 608 2185 orbem
638 2130 949 2187 discurrens
976 2133 1431 2201 pulchritudinem
1477 2143 1531 2187 et
1569 2135 1800 2188 amaui-

221 2225 390 2275 tatent
422 2233 531 2273 sua:
555 2228 729 2273 mutat
750 2222 969 2291 speciei.
1010 2223 1130 2291 Ipse
1158 2231 1242 2277 est
1270 2224 1413 2277 enim
1442 2222 1678 2293 Ganges.
1705 2223 1810 2289 Qui

216 2307 403 2361 circuit
432 2323 638 2362 omnem
670 2319 863 2363 terram
901 2310 1129 2366 Evilath.
1159 2312 1211 2366 Id
1241 2322 1349 2378 est,
1398 2312 1562 2367 Indiae
1594 2314 1810 2368 trahens

218 2412 415 2453 aureas
436 2413 651 2455 arenas.
680 2399 888 2455 Evilath
914 2416 1039 2471 pars
1067 2412 1151 2458 est
1187 2403 1368 2467 Indim.
1398 2404 1539 2459 dicta
1584 2406 1652 2459 ab
1681 2406 1806 2460 Evi-

219 2487 309 2543 lah
338 2489 450 2543 ﬁlio
477 2488 664 2545 Jectan
688 2490 781 2545 ﬁlii
822 2491 1021 2558 lleber,
1049 2507 1078 2546 a
1106 2509 1215 2563 quo
1238 2492 1447 2548 Hebraei
1470 2494 1599 2549 dicti
1652 2502 1799 2549 sunt.

222 2580 437 2636 Habent
457 2590 639 2637 autem
667 2582 783 2637 haec
824 2581 1043 2637 ﬁumina
1080 2594 1259 2639 certos
1287 2594 1459 2639 ortus.
1490 2584 1687 2641 Phison
1718 2601 1812 2640 au—

222 2681 330 2727 tem
353 2673 407 2726 in
437 2672 683 2729 Caucaso
709 2682 891 2728 monte
916 2674 1090 2728 oritur
1120 2689 1135 2728 :
1167 2674 1311 2730 Geon
1345 2674 1498 2743 juxta
1532 2675 1805 2730 Atlantem

221 2762 559 2817 Mauritania:
583 2779 598 2816 :
636 2763 829 2833 Tygris
853 2774 908 2819 et
936 2765 1201 2834 Ephrates
1230 2767 1283 2819 in
1318 2767 1594 2821 Armenia.

292 2855 452 2909 Vers.
488 2854 575 2909 12.
604 2848 790 2924 Ibique
814 2856 1073 2910 invenitur
1097 2857 1363 2910 bdellium.
1386 2856 1645 2911 Bdellium
1667 2858 1809 2913 enim

222 2944 391 3000 arbor
419 2953 503 2999 est
539 2946 836 2999 aromatica
874 2948 1243 3014 magnitudine
1277 2948 1448 3009 olivae,
1492 2947 1622 3002 folio
1651 2950 1811 3002 robo-

222 3038 323 3100 ris,
352 3037 520 3090 odore
565 3036 827 3103 capriﬁci.
869 3035 1021 3104 cujus
1066 3038 1300 3108 lacryma
1350 3037 1433 3091 vel
1490 3040 1689 3108 gummi
1730 3047 1813 3093 est

220 3128 399 3183 lucida
423 3136 477 3182 et
502 3127 725 3182 subalba
744 3128 904 3182 veluti
930 3144 1073 3181 man.
1107 3128 1254 3183 Unde
1284 3129 1336 3182 in
1365 3129 1549 3183 Exodo
1572 3131 1770 3184 dicitur
1793 3147 1805 3183 :

1910 1966 2037 2011 tunc
2066 1954 2325 2023 temporis
2349 1953 2480 2007 nulli
2502 1960 2676 2014 erant,
2704 1952 2799 2007 sed
2823 1951 2923 2006 sibi
2947 1951 3244 2006 custodiret
3264 1959 3324 2005 ut
3352 1951 3405 2005 in
3428 1964 3495 2005 eo

1910 2048 2284 2103 delectatetur.
2554 2070 2557 2075 ι
3346 2052 3369 2077 .
3468 2044 3471 2045 ν

1979 2138 2136 2194 Vers.
2180 2138 2268 2191 17.
2300 2135 2471 2190 Morte
2507 2134 2767 2189 morieris.
2807 2132 2924 2187 Non
2956 2133 3023 2187 de
3051 2139 3224 2187 morte
3251 2129 3497 2199 corporis

1910 2228 2065 2293 dicit,
2097 2228 2191 2282 sed
2223 2228 2289 2280 de
2315 2234 2491 2280 morte
2517 2224 2728 2279 animm.
2772 2222 2888 2277 Non
2927 2224 3070 2278 enim
3108 2222 3289 2277 statim
3317 2228 3375 2275 ut
3404 2234 3497 2276 co-

1906 2317 2081 2373 medit
2105 2326 2353 2371 mortuus
2377 2325 2459 2370 est
2482 2329 2728 2384 corpore,
2760 2314 2853 2369 sed
2894 2314 2945 2367 in
2978 2312 3156 2367 anima
3184 2326 3283 2381 per
3305 2324 3499 2379 pecca-

1912 2418 2047 2462 tum.
2079 2406 2184 2461 Sed
2210 2415 2431 2476 propter
2465 2412 2696 2460 mortem
2732 2404 2953 2467 animae,
2996 2403 3048 2455 id
3073 2409 3156 2455 est
3180 2408 3495 2470 peccatum,

1908 2501 2202 2555 subsecuta
2228 2508 2313 2552 est
2339 2507 2528 2568 postea
2556 2513 2655 2553 suo
2681 2506 2924 2567 tempore
2963 2509 3110 2549 mors
3134 2493 3406 2562 corporis,
3440 2492 3495 2546 id

1910 2596 1997 2641 est
2021 2602 2183 2657 pteua
2211 2589 2439 2658 peccati.
3240 2658 3243 2661 γ

1985 2679 2141 2733 Vers.
2175 2679 2264 2733 18.
2306 2676 2595 2733 Faciamus
2637 2695 2684 2731 ei
2726 2676 3072 2745 adjutorium.
3102 2673 3156 2728 Id
3183 2682 3303 2739 est,
3345 2672 3500 2727 femi-

1914 2784 2040 2822 nam
2077 2768 2144 2821 ad
2170 2769 2534 2837 procreandas
2560 2768 2759 2822 herbas
2788 2774 2843 2820 et
2873 2766 3093 2818 arbusta
3114 2803 3129 2827 ,
3168 2778 3274 2817 non
3319 2767 3498 2815 autem

1914 2869 1975 2914 ut
1998 2859 2087 2915 illa
2116 2859 2349 2913 ﬁliorum
2378 2859 2687 2927 procreatio
2713 2856 2835 2912 talis
2857 2864 3001 2911 esset
3026 2853 3199 2923 qualis
3226 2868 3368 2907 nunc
3393 2861 3497 2916 est,

1915 2950 2121 3005 scilicet
2152 2957 2210 3003 ut
2252 2950 2324 3003 ibi
2362 2948 2455 3002 ﬁlii
2494 2948 2722 3002 mortuis
2765 2945 3079 3015 parentibus
3116 2942 3497 3006 succederent,

1915 3042 2007 3097 sed
2034 3041 2212 3110 potius
2233 3049 2291 3094 ut
2314 3051 2569 3108 parentes
2596 3040 2841 3091 videntes
2871 3035 3010 3089 ﬁlios
3033 3048 3099 3086 ex
3132 3048 3189 3087 se
3219 3040 3376 3084 natos
3410 3030 3500 3083 la:-

1921 3141 2191 3195 tarentur,
2217 3140 2271 3185 et
2305 3146 2428 3185 cum
2468 3130 2574 3183 illis
2600 3129 2689 3183 diu
2718 3128 2947 3181 feliciter
2968 3124 3195 3178 vivendo
3220 3130 3505 3190 exspecta-

223 3217 357 3274 Erat
386 3229 559 3273 autent
586 3235 712 3271 man
740 3221 891 3287 quasi
914 3236 1084 3272 semen
1129 3220 1397 3272 coriandri
1430 3220 1555 3283 albi,
1593 3222 1812 3275 colorem
1841 3194 1887 3254 δ
1920 3232 2040 3279 rent
2074 3222 2224 3276 illum
2272 3222 2489 3274 beatum
2522 3228 2722 3273 statum
2763 3227 2817 3272 et
2859 3217 3025 3269 vitam
3077 3214 3393 3283 angelicam,
3427 3211 3496 3263 ad

222 3309 419 3362 habens
447 3308 623 3363 bdellii
668 3306 869 3376 (Exod.
917 3324 1028 3370 xvi,
1066 3308 1177 3377 5|).
1225 3307 1294 3361 Et
1341 3309 1475 3377 lapis
1504 3310 1810 3377 onychinus.

222 3399 475 3469 Onycbes
502 3400 689 3453 Graece
736 3400 946 3466 unguis.
996 3397 1134 3451 llinc
1178 3396 1445 3466 Onychius
1496 3397 1633 3466 lapis
1679 3397 1816 3452 albis

224 3489 455 3544 maculis
498 3489 845 3543 intcrtinctus
875 3487 941 3540 ad
995 3486 1404 3567 similitudinem
1460 3486 1680 3540 humani
1713 3501 1812 3539 un-

223 3578 344 3647 guis

295 3664 443 3721 Geon
481 3666 595 3736 ipse
622 3677 707 3722 est
739 3667 887 3721 Nilus
917 3668 1007 3737 qui
1060 3680 1155 3736 per
1197 3664 1579 3721 Mauritaniam
1621 3665 1811 3719 currit.

222 3760 616 3829 Interpretatur
641 3771 819 3814 autem
848 3772 1147 3830 prirruptus
1179 3760 1259 3814 vel
1291 3762 1595 3829 prwruptio,
1628 3761 1718 3830 qui
1748 3777 1813 3814 ex

224 3850 505 3905 altissimis
530 3851 754 3919 rupibus
775 3864 799 3891 θ
827 3852 1191 3920 praecipitatus
1217 3852 1352 3905 adeo
1378 3851 1610 3905 validum
1624 3867 1815 3907 sonum

226 3943 398 3998 reddit
421 3952 480 3997 ut
506 3943 707 3997 incolas
727 3959 852 3998 suos
880 3944 1144 3998 surditate
1167 3944 1402 3998 damnet.
1436 3943 1610 3999 Locus
1635 3954 1813 4000 autem

225 4048 257 4087 a
283 4048 390 4102 quo
419 4032 673 4100 elabitur,
699 4031 1009 4101 Cataduppa
1033 4041 1279 4087 vocatur.

290 4122 486 4193 Tygris
513 4137 607 4191 per
635 4122 944 4176 Armeniam
971 4122 1161 4176 currit.
1194 4122 1263 4176 Et
1307 4121 1504 4175 dicitur
1542 4121 1734 4192 Tygris
1783 4138 1814 4175 a

223 4214 392 4269 bestia
416 4212 754 4267 velocissima
776 4227 938 4280 quam
970 4213 1215 4266 imitatur
1234 4212 1521 4267 velocitate
1547 4228 1665 4266 sua.

288 4306 594 4376 Euphrates
625 4306 1015 4373 interpretatur
1042 4304 1288 4374 frugifer,
1320 4318 1385 4358 eo
1427 4305 1571 4372 quod
1613 4313 1813 4359 terram

220 4414 382 4468 quam
407 4393 806 4465 prazterlabitur
834 4392 1145 4464 frugiferam
1172 4384 1379 4448 reddat.

289 4488 592 4557 Allegorice
616 4495 799 4541 autem
851 4486 1134 4555 paradisus
1174 4492 1494 4555 pra'sentem
1542 4484 1810 4568 signiﬁcat

220 4581 538 4647 Ecclesiam,
566 4595 685 4648 qua:
714 4588 860 4634 recte
880 4580 1069 4634 hortus
1094 4580 1408 4634 deliciarum
1436 4576 1801 4641 dieitur,idum

222 4679 377 4733 nobis
408 4680 459 4732 in
488 4694 549 4732 ea
582 4679 857 4747 spiritales
873 4678 1079 4732 deliciae
1096 4678 1563 4731 administrantur.
1589 4672 1811 4743 Lignum

220 4770 336 4823 vita:
381 4770 436 4823 in
480 4769 648 4823 medio
676 4769 915 4837 paradisi
954 4766 1203 4823 Christus
1229 4767 1386 4821 estin
1418 4765 1595 4819 medio
1624 4761 1810 4817 Eccle-

219 4859 415 4922 siae,dc
433 4874 541 4928 quo
567 4873 664 4927 per
690 4860 975 4927 quemdam
1008 4858 1304 4926 sapientem
1330 4857 1526 4911 dicitur
1550 4870 1564 4909 :
1592 4854 1811 4925 Lignum

219 4948 339 5001 vitm
376 4958 451 5002 est
485 4949 564 5002 his
595 4950 686 5018 qui
720 4948 1155 5018 apprehenderint
1206 4964 1321 5001 eum
1354 4943 1536 5016 (Prov.
1586 4962 1668 5008 ιιι,
1700 4944 1809 5015 18).

220 5036 339 5105 Ipse
366 5046 452 5091 est
478 5038 644 5091 etiam
684 5038 822 5101 fons,
859 5036 949 5105 qui
980 5036 1046 5091 de
1070 5036 1247 5091 Patris
1268 5035 1567 5090 substantia
1591 5035 1817 5089 descen-

220 5127 355 5181 dens
377 5128 446 5182 ad
488 5127 813 5199 irrigandam
847 5141 1001 5182 suam
1047 5126 1343 5182 Ecclesiam
1374 5134 1618 5180 sanctam
1644 5125 1812 5179 venit.

223 5214 300 5269 De
327 5231 439 5284 (ιυθ
471 5232 567 5285 per
598 5218 915 5288 prophetam
944 5216 1260 5288 Zachariam
1284 5215 1485 5270 dlClIUr
1511 5234 1522 5244 -
1564 5214 1674 5254 rem
1701 5216 1817 5252 om.

222 5316 407 5373 patens
444 5306 621 5359 domui
650 5307 817 5361 David
844 5309 898 5342 ἓν
966 5306 976 5322 '
1003 5305 1009 5307 “

220 5405 422 5448 “tanta

1838 4546 1887 4604 D

1916 3328 2079 3383 quam
2115 3310 2474 3364 transferendi
2501 3318 2660 3363 erant
2694 3306 2847 3360 ﬁnito
2879 3304 3075 3359 sseculo
3102 3318 3208 3356 non
3234 3316 3331 3371 per
3358 3314 3504 3353 mor-

1918 3414 2047 3467 tem,
2078 3402 2170 3457 sed
2195 3415 2294 3469 per
2328 3398 2617 3467 quamdam
2659 3396 2852 3451 divina:
2880 3392 3233 3447 imitationem
3264 3389 3500 3443 virtutis.

1916 3491 2140 3561 lmpleto
2163 3502 2394 3557 namque
2416 3486 2654 3540 omnium
2684 3485 2977 3538 electorum
3003 3494 3245 3541 numero,
3271 3478 3362 3531 ubi
3387 3476 3505 3529 nul-

1915 3581 2001 3635 lus
2024 3580 2285 3650 reprobus
2315 3584 2665 3639 nasceretur,
2698 3580 2974 3644 gustarent
3018 3584 3205 3623 onmes
3253 3568 3319 3621 de
3358 3567 3508 3633 ligno

1916 3672 2074 3736 vitae,
2123 3677 2177 3723 et
2224 3670 2302 3723 sic
2331 3669 2397 3722 ab
2441 3667 2544 3722 isto
2587 3665 2768 3719 medio
2795 3671 2937 3717 statu
2988 3658 3411 3713 transferrentur
3449 3656 3503 3708 in

1918 3761 2065 3815 illum
2096 3761 2312 3814 beatum
2348 3765 2546 3813 statum
2585 3756 2673 3809 ubi
2711 3754 2823 3823 jam
2853 3766 2953 3805 nec
2980 3750 3150 3814 velint
3174 3763 3273 3802 nec
3300 3747 3506 3816 possint

1918 3866 2167 3921 peccare.

1988 3942 2142 3995 Vers.
2178 3940 2264 3995 19.
2313 3938 2579 3992 Formatis
2614 3938 2793 4007 igitur,
2824 3944 2931 3990 etc.
2960 3932 3219 4002 Superius
3245 3947 3308 3986 ex
3351 3930 3509 3998 aquis

1914 4030 2150 4084 volatilia
2180 4029 2458 4098 progenita
2484 4028 2684 4082 dictum
2707 4034 2807 4081 ρει.
2834 4024 2987 4078 Nune
3008 4038 3136 4077 vero
3160 4021 3287 4076 dicit
3309 4036 3339 4073 e
3364 4028 3507 4071 terra

1915 4121 2307 4175 simulcaeteris
2335 4119 2700 4173 animantibus
2737 4132 2857 4172 esse
2902 4117 3170 4171 formata:
3218 4112 3360 4180 quod
3406 4112 3505 4164 du-

1914 4213 2038 4283 plici
2080 4214 2240 4267 modo
2267 4210 2398 4265 solvi
2430 4219 2639 4280 potest,
2673 4219 2730 4262 ut
2752 4208 2838 4261 vel
2866 4204 3294 4261 subaudiendum
3333 4201 3500 4255 relin-

1916 4311 2142 4371 quatur,
2186 4316 2307 4353 cum
2356 4299 2523 4352 dicit:
2567 4296 2814 4352 formatis
2840 4298 2905 4350 de
2937 4297 3100 4349 humo
3139 4290 3505 4345 animantibus

1918 4402 2075 4447 terra:
2106 4400 2162 4445 et
2192 4390 2496 4444 volatilibus
2529 4388 2673 4453 cmli,
2707 4386 2992 4447 subaudis,
3028 4386 3095 4437 de
3125 4397 3260 4452 aqua
3303 4383 3503 4435 forma-

1921 4481 2024 4535 tis:
2064 4479 2149 4535 vel
2188 4478 2566 4532 universaliter
2594 4486 2751 4530 terrae
2787 4475 3002 4529 nomine
3039 4471 3504 4541 comprehendan-

1916 4581 2002 4626 tur
2025 4581 2080 4627 et
2116 4586 2269 4640 aqua:
2299 4586 2418 4640 qum
2457 4570 2510 4623 in
2547 4579 2689 4624 terra
2734 4576 2889 4629 sunt,
2921 4566 3063 4620 sicut
3100 4575 3156 4618 et
3202 4564 3254 4615 in
3294 4560 3502 4631 psalmo

1916 4664 2184 4733 Propheta
2229 4662 2386 4717 simul
2426 4678 2548 4716 cum
2593 4671 2731 4715 terra
2760 4656 3166 4726 comprehendit
3194 4654 3355 4709 etiam
3383 4668 3502 4721 qua:

1918 4758 1969 4809 in
1995 4767 2120 4808 acre
2145 4760 2199 4807 et
2229 4754 2280 4806 in
2313 4752 2468 4820 aquis
2492 4758 2763 4813 constant,
2800 4749 2983 4801 dicens
3010 4764 3022 4798 :
3061 4744 3296 4797 Laudate
3320 4740 3502 4793 Denti-

1917 4860 2038 4899 nttm
2062 4842 2125 4895 de
2147 4852 2307 4906 terra,
2334 4828 2585 4894 dracones
2606 4850 2653 4893 et
2677 4855 2851 4893 omnes
2876 4836 3074 4906 abyssi,
3097 4835 3252 4904 ignis,
3278 4831 3499 4899 grando,

1918 4936 2027 4997 nix,
2051 4933 2260 5002 glacies,
2287 4932 2501 5000 spiritus
2533 4930 2878 5000 procellarum
2903 4925 3074 4998 (Psal.
3099 4936 3319 4985 cxcvm,
3343 4919 3397 4983 7,
3422 4917 3501 4987 8),

1918 5033 2021 5081 etc.
2046 5053 2114 5064 —
2146 5021 2213 5075 Et
2255 5022 2475 5075 adduxit
2507 5037 2622 5074 eam
2653 5021 2721 5073 ad
2761 5017 2949 5071 Adam.
2999 5015 3116 5069 Non
3153 5011 3293 5066 sicut
3321 5016 3503 5076 pastor

1920 5118 2129 5171 minans
2157 5129 2374 5185 gregem
2401 5128 2580 5177 suum,
2612 5113 2710 5168 sed
2736 5110 2995 5172 adduxit,
3028 5108 3079 5161 id
3111 5116 3195 5161 cst
3239 5110 3367 5155 nutu
3396 5111 3506 5151 sua:

1919 5207 2286 5250 di‘enncitinnic
2320 5204 2505 5250 vani-'0.
2538 5204 2659 5250 fecit
2684 5245 2693 5247 _
2728 5203 2862 5245 simul
2900 5209 2948 5238 nl
2987 5201 3039 5238 in
3071 5196 3271 5236 ιιὶιηνςιι
3295 5207 3356 5226 οι·
3388 5196 3475 5224 nni
