3986 5376
554 375 624 430 63
1192 373 1453 432 REMICII
1492 368 2127 429 ANTISSIOI:ORE‘NS|E

2234 371 2338 426 PP.
2378 371 2576 426 PARS.
2621 370 2658 425 ι.
2689 401 2760 411 -
2786 369 3190 425 ΕΧΕΟΕΤΙΕΑ.
3728 370 3801 421 (id

554 491 838 560 prietatem
866 499 920 547 et
956 490 1209 561 placitum
1253 507 1410 548 suum
1456 493 1707 548 universa
1732 492 2118 547 vocitaverunt.
2148 493 2202 552 Α
2228 491 2595 562 instigaretur.
2633 492 2737 546 Sed
2765 499 2902 547 sicut
2933 507 3031 547 nos
3053 490 3266 546 oculum
3295 489 3397 544 hac
3422 488 3542 542 illac
3567 486 3685 542 sine
3708 486 3803 540 lan-

551 579 677 634 ldeo
704 589 885 634 autem
929 579 1186 635 Dominus
1223 592 1417 637 cuncta
1457 582 1749 637 animantia
1777 583 1962 638 venire
1997 581 2126 637 fecit

553 669 622 724 ad
649 670 842 734 Adam,
881 678 941 724 ut
967 685 1033 725 ex
1075 685 1173 725 suo
1201 671 1424 726 arbitrio
1451 672 1529 726 eis
1554 673 1769 727 nomina
1809 672 2126 742 imponeret,

553 770 612 814 ut
639 776 735 830 per
759 763 861 816 hoc
887 771 1236 831 cognosceret
1276 763 1401 833 quia
1437 763 1654 818 charior
1686 772 1738 818 et
1767 764 1975 833 dignior
2008 765 2140 830 aliis,

555 853 719 908 rebus
758 853 1055 908 haberetur
1081 853 1167 908 cui
1199 853 1319 909 talis
1357 862 1651 924 potestas'a
1682 853 1908 910 Domino
1935 869 2128 910 conce-

553 941 803 996 debatur.
956 935 970 964 ¹
1535 931 1538 934 ’

626 1030 849 1102 Mystice
876 1029 1046 1086 Adam
1072 1029 1346 1087 Christum
1373 1033 1656 1105 significat,
1691 1033 1781 1103 qui
1804 1032 1870 1088 de
1890 1033 2006 1088 sinu
2033 1048 2130 1103 pa-

555 1126 722 1174 terna:
744 1120 1045 1191 maiestatis
1071 1121 1397 1177 descendens
1425 1123 1734 1179 hominibus
1757 1122 2010 1179 visendus
2035 1138 2128 1194 ap-

552 1209 752 1277 paruit.
785 1209 884 1276 Qui
930 1210 1194 1265 universa:
1231 1220 1524 1276 creaturae,
1569 1213 1620 1266 id
1662 1219 1745 1267 est
1786 1213 2126 1278 hominibus,

552 1315 689 1366 quos
737 1303 1103 1370 regenerando
1139 1305 1190 1356 in
1232 1318 1425 1357 novam
1475 1303 1749 1358 transtulit
1791 1313 2124 1372 creaturam,

551 1403 745 1448 nomen
777 1390 1050 1460 imposuit,
1071 1391 1198 1461 "quia
1223 1395 1316 1447 eos
1339 1407 1403 1446 ex
1435 1408 1532 1448 suo
1554 1393 1771 1447 nomine
1796 1393 2128 1450 Christianos

554 1479 732 1532 vocari
759 1479 945 1546 voluit,
971 1481 1113 1535 sicut
1132 1496 1229 1551 per
1251 1483 1563 1552 prophetam
1582 1482 1785 1536 dictum
1805 1491 1914 1537 est:
1941 1481 2127 1539 Servos

549 1586 674 1624 suos
707 1572 902 1624 vocabit
929 1573 1134 1627 nomine
1160 1572 1266 1628 alio
1295 1573 1429 1644 (lsa.
1459 1589 1581 1638 va,
1608 1573 1716 1642 l5).

626 1661 778 1717 Vers.
819 1662 908 1716 2|.
953 1661 1177 1716 Immisit
1211 1661 1464 1717 Dominus
1493 1679 1726 1733 soporem
1756 1664 1811 1716 in
1844 1672 2013 1716 Aaam
2033 1703 2048 1729 ,
2077 1673 2126 1717 et

550 1750 669 1805 tulit
707 1767 866 1804 unam
907 1751 972 1804 de
1011 1752 1165 1806 costis
1201 1753 1334 1820 ejus.
1373 1753 1623 1822 Nunquid
1663 1753 1916 1824 vigilante
1954 1753 2123 1808 Adam

549 1841 670 1896 sine
695 1841 880 1896 dolore
909 1841 1169 1897 Dominus
1193 1853 1398 1898 costam
1436 1844 1552 1914 ejus
1579 1843 1794 1898 auferre
1821 1860 1926 1898 non
1955 1845 2127 1912 potuit
2156 1829 2201 1889 Β

551 1946 712 1998 quam
737 1945 804 1985 eo
832 1931 1133 1986 dormiente
1159 1933 1445 1988 abstulisse
1467 1934 1694 1988 dicitur?
1716 1933 1896 1988 Potuit
1920 1935 2126 2004 utique.

551 2019 656 2075 Sed
689 2021 791 2075 hoc
820 2021 872 2075 in
901 2022 1160 2093 mysterio
1185 2025 1362 2092 potius
1390 2023 1556 2079 fuisse
1589 2023 1913 2079 credendum
1937 2033 2042 2090 est,
2071 2032 2130 2079 ut

547 2108 603 2162 in
629 2109 894 2178 principio
923 2110 1103 2164 mundi
1133 2110 1566 2180 prmiiguraretur
1595 2121 1994 2167 sacramentum
2023 2113 2133 2169 Do-

547 2197 761 2252 minica:
787 2198 1052 2267 passionis
1077 2199 1220 2268 quod
1245 2215 1342 2255 suo
1370 2210 1631 2271 tempore,
1661 2201 1713 2256 id
1738 2208 1843 2266 est,
1873 2201 1926 2256 in
1954 2202 2130 2258 novis-

547 2288 686 2343 sima
716 2289 898 2344 saeculi
926 2298 1086 2345 aelate
1118 2289 1358 2346 futurum
1381 2300 1518 2347 erat.
1552 2291 1685 2346 Nam
1715 2293 1967 2349 dormitio
1999 2292 2128 2349 Adae

547 2390 778 2436 mortem
808 2381 1008 2436 Christi
1029 2382 1298 2452 significat
1319 2384 1370 2437 in
1398 2397 1578 2438 cruce.
1602 2382 1718 2450 Quo
1739 2383 1793 2438 in
1821 2398 1982 2438 cruce
2003 2397 2131 2454 pen-

549 2471 730 2538 dente,
761 2472 1014 2544 mysteria
1043 2474 1322 2546 sanguinis
1346 2483 1401 2528 et
1421 2490 1573 2544 aqua:
1596 2473 1662 2529 de
1674 2475 1789 2545 ejus
1813 2474 1980 2530 latere
1998 2491 2127 2546 pro-

547 2561 854 2630 fluxerunt,
896 2563 1094 2633 quibus
1135 2574 1316 2621 sancta
1360 2574 1576 2621 constat
1615 2566 1855 2622 Ecclesia
1899 2575 1956 2620 et
1986 2569 2126 2622 unde

550 2643 852 2708 roboratur.
882 2653 1037 2710 Unde
1056 2663 1110 2710 et
1131 2654 1268 2712 bene
1298 2656 1459 2712 dicit:
1484 2672 1590 2713 non
1621 2655 1871 2711 formavit
1894 2666 2124 2724 costam,

547 2744 641 2799 sed
686 2743 998 2812 aedificavit,
1048 2747 1200 2814 quasi
1245 2745 1461 2802 domum
1507 2747 1758 2802 Ecclesia:
1794 2748 2128 2819 praesignans

549 2845 670 2900 quae
698 2846 764 2886 ex
793 2833 929 2888 vivis
953 2841 1007 2888 et
1031 2834 1217 2890 electis
1246 2835 1511 2906 lapidibus
1538 2837 1854 2894 aediﬁcatur.
1893 2838 1960 2892 Et
1983 2839 2127 2908 quod

546 2924 800 2994 superius
827 2924 962 2980 dixit
989 2925 1261 2982 breviter:
1296 2926 1593 2982 Masculum
1627 2939 1674 2984 et
1709 2929 1956 2996 feminam
1981 2946 2126 2984 crea-

549 3015 618 3067 uit
653 3030 761 3078 eos,
791 3031 933 3069 nunc
961 3017 1200 3084 apertius
1228 3019 1450 3087 exponit
1474 3021 1743 3088 quomodo
1769 3019 1938 3089 ipsam
1963 3018 2124 3075 femi-

550 3117 672 3156 nam
700 3106 966 3160 creaverit
990 3125 1004 3160 :

2230 584 2381 640 sione
2417 583 2594 652 aliqua
2625 583 2706 638 vel
2737 583 3031 652 petulantia
3061 581 3356 645 volvimus,
3383 579 3468 632 vel
3495 579 3636 635 sicut
3659 579 3804 650 digi-

2229 684 2340 729 tum
2390 675 2787 744 protendi'mus,
2835 675 2907 728 ita
2947 673 3201 728 membris
3241 672 3565 742 genitalibus
3593 687 3702 726 nou
3731 682 3807 728 ao

2227 766 2664 829 delectationem,
2698 765 2790 819 sed
2830 765 2894 819 ad
2921 765 3238 835 gignendam
3268 764 3473 834 prolem
3501 772 3802 817 uteremur.

2227 856 2370 911 Bene
2409 871 2539 926 ergo
2569 855 2805 910 dicitur:
2839 855 2962 910 Non
2993 855 3356 909 erubescebant
3381 855 3520 924 quod
3551 853 3678 908 nudi
3716 867 3809 909 es—

2225 952 2369 1009 sent,
2410 943 2500 1011 qui
2536 942 2731 997 melius
2755 951 2905 998 veste
2934 943 3254 999 innocentia
3286 949 3341 997 et
3379 941 3814 999 immortalitatis

2221 1032 2558 1103 iucunditate
2579 1033 2966 1089 vestiebantur.

2843 1124 3071 1181 CAPUT
3107 1124 3196 1181 ΙΙΙ.

2297 1215 2451 1270 Vers.
2481 1216 2534 1270 l.
2567 1214 2672 1270 Sed
2703 1223 2752 1269 et
2782 1221 2988 1285 serpens
3014 1223 3124 1269 erat
3153 1213 3413 1268 callidior.
3445 1211 3572 1268 Sive
3595 1213 3810 1282 sapien-

2227 1310 2348 1372 tior,
2376 1309 2515 1363 sicut
2541 1307 2874 1362 'l‘heodotion
2902 1307 3066 1372 dicit,
3097 1321 3202 1361 non
3231 1306 3444 1374 quidem
3470 1320 3569 1374 per
3595 1306 3677 1360 sui
3713 1320 3808 1358 na-

2229 1405 2428 1461 turam,
2447 1404 2630 1466 utpote
2653 1395 2744 1465 qui
2767 1395 3000 1449 animam
3024 1393 3338 1449 rationalem
3369 1409 3473 1448 non
3500 1395 3664 1449 habet
3684 1409 3808 1463 quae

2228 1501 2394 1554 capax
2419 1493 2500 1539 est
2525 1484 2822 1554 sapientiae,
2850 1485 2943 1539 sed
2968 1485 3092 1555 quia
3120 1484 3309 1554 plenus
3335 1493 3450 1540 erat
3473 1484 3808 1538 demoniaco

2228 1575 2417 1647 spiritu
2437 1615 2452 1640 ,
2480 1591 2589 1645 quo
2631 1575 2835 1631 scilicet
2859 1574 3021 1630 veluti
3053 1575 3286 1644 quodam
3323 1589 3526 1644 organo
3556 1574 3669 1643 ipse
3697 1575 3809 1642 spi-

2231 1666 2370 1720 ritus
2411 1681 2641 1735 nequam
2673 1666 2943 1722 utebatur.
2992 1666 3133 1736 Ergo
3174 1664 3260 1720 illa
3300 1665 3562 1719 calliditas
3590 1664 3675 1719 vel
3712 1681 3806 1718 sa-

2229 1755 2427 1826 pientia
2453 1770 2558 1810 non
2586 1764 2706 1810 erat
2733 1755 3018 1825 serpentis,
3046 1755 3140 1810 sed
3167 1754 3425 1809 daemonis
3444 1754 3534 1824 qui
3562 1769 3659 1824 per
3682 1769 3804 1808 ser-

2228 1852 2440 1914 pentem
2463 1843 2802 1914 loquebatur,
2831 1845 2970 1900 sicut
3001 1844 3173 1899 solent
3197 1843 3339 1912 loqui
3367 1857 3462 1913 per
3485 1858 3806 1912 energume—

2228 1947 2328 1988 nos
2361 1931 2445 1988 vel
2489 1933 2752 1988 fanaticos
2792 1943 2848 1988 et
2875 1943 3027 1988 vates
3065 1922 3484 1988 daemoniorum:
3527 1932 3639 2000 ipse
3674 1945 3806 1986 vero

2227 2037 2450 2092 serpens
2477 2037 2540 2077 ea
2569 2037 2690 2092 qua:
2717 2022 3034 2093 loquebatur
3066 2023 3368 2092 ignorabat,
3403 2021 3542 2076 sicut
3574 2035 3806 2089 energu-

2227 2111 2370 2164 meni
2415 2125 2480 2166 ea
2524 2125 2645 2180 qua:
2677 2126 2775 2182 per
2818 2110 2937 2166 illos
2963 2110 3227 2181 malignus
3263 2110 3484 2179 spiritus
3510 2109 3595 2164 vel
3631 2110 3806 2164 hostis

2226 2201 2464 2270 loquitur
2489 2201 2754 2272 ignorant.
2787 2200 3070 2272 Proprium
3095 2210 3180 2255 est
3204 2199 3421 2268 maligni
3446 2199 3692 2269 spiritus,
3720 2207 3802 2264 ut,

2226 2309 2602 2366 quemcunque
2627 2294 2903 2359 invaserit,
2933 2293 3007 2348 ita
3034 2308 3156 2348 eum
3183 2291 3419 2362 pondere
3440 2306 3553 2346 sua:
3582 2289 3805 2345 infesta-

2227 2385 2390 2440 tionis
2416 2385 2700 2454 deprimat,
2742 2392 2802 2438 ut
2830 2383 3162 2439 intellectum
3197 2397 3411 2437 omnem
3451 2390 3506 2437 et
3539 2383 3802 2436 rationem

2227 2478 2295 2532 ab
2319 2492 2384 2532 eo
2409 2476 2635 2543 auferat,
2662 2485 2718 2532 et
2739 2477 2932 2532 horum
2959 2491 3080 2546 quae
3111 2474 3350 2545 loquitur
3373 2474 3587 2544 penitus
3611 2488 3804 2543 exper—

2230 2577 2337 2623 tem
2366 2567 2572 2623 reddat.
2617 2567 2660 2622 E
2705 2578 2892 2622 contra
2937 2565 3169 2636 Spiritus
3204 2573 3422 2621 sanctus
3453 2579 3805 2636 quoscunque

2227 2672 2326 2713 sua
2353 2657 2666 2728 dignatione
2702 2657 2924 2712 idoneos
2953 2656 3144 2711 fecerit
3169 2663 3225 2710 et
3252 2656 3332 2710 sui
3361 2655 3542 2724 gratia-
3561 2654 3807 2724 repleve-

2228 2748 2327 2812 rit,
2373 2747 2644 2808 videntes,
2692 2746 2795 2800 hoc
2836 2754 2922 2801 est
2965 2744 3324 2816 intelligentes
3363 2744 3547 2810 faciat,
3593 2753 3653 2798 ut
3694 2760 3803 2800 non

2227 2839 2387 2894 modo
2420 2836 2726 2908 praesentia,
2759 2850 2945 2891 verum
2984 2835 3145 2890 etiam
3193 2833 3371 2889 futura
3411 2849 3510 2904 per
3538 2832 3802 2904 Spiritum

2227 2936 2572 3000 cognoscant.
2607 2925 2759 2982 Unde
2801 2934 2855 2980 et
2883 2924 3171 2996 Apostolus
3213 2924 3382 2980 dicit:
3420 2923 3649 2994 Spiritus
3680 2937 3804 2992 pro-

2226 3019 2497 3089 phetarum
2519 3015 2774 3086 prophetis
2805 3015 3066 3084 subjectus
3089 3023 3163 3068 est
3193 3011 3256 3085 (ι
3281 3012 3404 3068 Cor.
3435 3028 3524 3066 xxv
3541 3051 3557 3077 ,
3582 3010 3707 3082 52).
3731 3035 3803 3050 —-

2227 3109 2336 3165 Cur
2371 3110 2610 3180 prwcepit
2643 3107 2781 3162 vobis
2812 3107 2992 3162 Deus?
3027 3115 3082 3162 et
3112 3105 3337 3175 reliqua.
3367 3103 3604 3159 Callidus
3629 3103 3802 3159 hostis

620 3191 775 3247 νει-ε.
808 3193 898 3248 23.
933 3194 1050 3249 Hoc
1074 3214 1210 3251 nunc
1239 3215 1297 3252 os
1323 3215 1389 3254 ex
1424 3199 1624 3254 ossibus
1660 3200 1807 3254 meis.
1838 3198 2008 3254 Adam
2039 3199 2122 3254 vi-
2149 3171 2195 3232 C
2225 3199 2294 3255 ob
2327 3171 2429 3254 hoc
2459 3171 2738 3252 mulierem
2778 3197 3106 3267 interrogat,
3153 3171 3375 3266 ne'post
3397 3193 3800 3264 praevaricatio-

547 3280 682 3338 dens
707 3284 983 3340 mulierem
1011 3287 1112 3342 sibi
1139 3289 1471 3344 simillimam
1493 3305 1560 3344 ex
1587 3292 1838 3346 omnibus
1858 3292 2124 3348 creaturis

551 3375 865 3442 recognovit
890 3390 1008 3430 eam
1034 3391 1100 3430 ex
1129 3392 1238 3432 sua:
1262 3379 1440 3434 carnis
1466 3380 1764 3434 substantia
1799 3380 2085 3435 formatam
2105 3420 2122 3448 ,

546 3461 632 3516 vel
671 3463 867 3528 etiam,
914 3474 972 3519 ut
1015 3465 1076 3520 Β.
1103 3467 1435 3537 Augustinus
1465 3468 1624 3532 dicit,
1658 3468 1830 3524 factus
1861 3469 2032 3524 Adam
2067 3471 2122 3526 in

543 3553 746 3608 exstasi
796 3556 992 3610 mentis
1035 3564 1090 3611 et
1136 3558 1428 3626 prophetia:
1471 3559 1667 3627 spiritu
1712 3559 1924 3615 aﬂlatus
1967 3560 2126 3616 scivit

545 3652 752 3698 costam
783 3646 883 3699 sibi
916 3645 1231 3702 subductam
1265 3657 1321 3703 et
1355 3649 1632 3705 mulierem
1663 3649 1969 3706 formatam.
2018 3650 2121 3706 Vo-

545 3729 749 3784 cabitur
769 3732 965 3802 virago.
983 3763 1055 3772 —
1083 3733 1275 3805 Virago
1299 3751 1327 3791 a
1361 3737 1467 3791 viro
1489 3746 1572 3793 est
1598 3738 1738 3793 dicta
1757 3778 1772 3802 ,
1801 3739 1941 3794 sicut
1974 3749 2030 3794 et
2067 3740 2123 3797 in

545 3818 784 3876 Hebraeis
807 3824 868 3885 is,
903 3825 980 3878 vir
1004 3824 1199 3880 dicitur
1217 3866 1232 3891 ,
1260 3836 1314 3882 et
1351 3828 1544 3884 deinde
1573 3829 1678 3884 issa
1705 3829 2001 3884 derivatum
2019 3870 2035 3897 ,
2067 3830 2121 3886 id

541 3918 627 3964 est
645 3910 849 3966 mulier.
877 3912 955 3966 Ex
986 3913 1086 3969 hoc
1115 3914 1283 3971 Israel
1309 3917 1473 3972 etiam
1505 3920 1860 3989 compositum
1884 3930 1985 3976 cst.

616 3999 768 4057 Vers.
809 4001 904 4058 24.
946 4004 1291 4071 Quamobrem
1343 4012 1592 4083 relinquet
1632 4014 1786 4068 homo
1827 4025 2026 4085 patrem
2073 4027 2121 4073 et

541 4099 780 4145 matrem.
807 4090 967 4148 Hunc
991 4094 1166 4150 locum
1201 4113 1478 4168 exponens
1504 4103 1790 4171 Apostolus
1820 4105 1986 4160 dicit:
2016 4107 2120 4161 Sa-

539 4191 861 4234 cramentum
881 4182 978 4236 hoc
1006 4201 1248 4254 magnum
1271 4199 1384 4242 est:
1414 4205 1507 4258 ego
1536 4201 1709 4244 autem
1737 4192 1854 4246 dico
1885 4194 1938 4246 in
1970 4192 2123 4248 Chri-

537 4279 618 4324 sto
642 4281 689 4324 et
711 4272 766 4326 in
791 4272 1027 4329 Ecclesia
1055 4277 1225 4348 (Eph.
1260 4295 1316 4344 v,
1343 4280 1470 4350 32).
1505 4280 1676 4336 Homo
1703 4282 1949 4340 Christus
1969 4286 2122 4341 intel-

539 4359 726 4430 ligitur
751 4372 970 4432 propter
993 4377 1325 4436 assumptum
1356 4370 1766 4426 humanitatem.
1797 4373 1898 4440 Qui
1926 4375 2121 4430 dereli-

2225 3304 2350 3343 nem
2369 3287 2604 3357 aliquam
2636 3294 2820 3342 reatus
2843 3286 2924 3342 sui
2946 3285 3349 3342 excusationem
3376 3284 3574 3340 habere
3592 3292 3800 3354 posset.

2222 3379 2494 3435 Fortassis
2520 3377 2663 3434 enim
2709 3377 2888 3433 dicere
2929 3383 3113 3448 posset
3150 3393 3163 3428 :
3201 3373 3379 3430 Oblita
3403 3374 3548 3428 enim
3577 3373 3803 3428 munda-

2223 3482 2400 3528 torum
2429 3472 2547 3537 Dei,
2577 3480 2633 3527 et
2676 3469 2797 3526 ideo
2831 3469 3053 3539 deliqui.
3081 3467 3253 3534 Quam
3281 3465 3605 3521 omnimodis
3636 3478 3802 3519 excu-

2222 3563 2487 3619 sationem
2517 3576 2775 3616 amovens
2813 3559 3068 3614 mandata
3105 3556 3201 3612 Dei
3237 3555 3527 3626 repetendo
3565 3554 3800 3611 inculcat

2222 3663 2276 3707 et
2302 3652 2368 3706 ad
2391 3651 2707 3706 memoriam
2737 3649 2963 3705 reducit.
3543 3647 3546 3649 λ

2301 3742 2448 3798 Vers.
2495 3743 2548 3796 4.
2585 3741 2930 3812 Nequaquam
2969 3740 3282 3795 moriemini.
3316 3738 3508 3794 Dolose
3549 3738 3797 3794 hortatur

2222 3830 2465 3888 diabolus
2492 3831 2766 3886 hominem
2794 3829 2862 3884 ad
2892 3837 3257 3898 contemptum
3288 3826 3541 3897 praecepti
3583 3827 3710 3894 Dei,
3737 3835 3796 3881 ut

2221 3923 2385 3979 nollet
2410 3921 2566 3978 subdi
2605 3922 2733 3987 Deo,
2767 3921 2860 3976 sed
2888 3921 3058 3991 magis
3084 3935 3196 3975 sua:
3221 3933 3343 3974 esse
3369 3917 3670 3988 potestatis.

2291 4013 2446 4068 Vcrs.
2479 4013 2534 4068 5.
2569 4009 2678 4067 Scit
2708 4012 2846 4065 enim
2894 4009 3034 4064 Deus
3063 4009 3226 4080 quod,
3264 4009 3319 4061 in
3362 4022 3670 4078 quacunque
3710 4006 3797 4060 die

2219 4105 2543 4160 comederitis
2573 4119 2637 4158 ea:
2665 4119 2746 4168 eo,
2773 4102 2917 4156 erilis
2941 4101 3072 4156 sicut
3099 4100 3195 4155 dii.
3225 4099 3482 4167 Qumrunt
3512 4097 3664 4152 multi
3690 4114 3702 4150 :
3737 4096 3794 4152 Si

2219 4195 2359 4249 Deus
2407 4193 2732 4265 prmvidebat
2776 4191 3048 4246 hominem
3092 4203 3248 4260 posse
3293 4187 3499 4257 decipi,
3531 4202 3630 4242 cur
3671 4201 3792 4257 per-

2218 4281 2365 4337 misit
2405 4295 2528 4335 eum
2563 4279 2790 4335 tentari?
2815 4277 2942 4345 Sed,
2991 4287 3048 4332 ut
3077 4278 3266 4333 beatus
3289 4275 3618 4346 Augustinus
3643 4273 3790 4340 dicit,

2217 4388 2324 4427 non
2350 4387 2557 4444 magna:
2601 4371 2773 4426 laudis
2797 4379 2960 4436 esset,
2993 4370 3036 4425 si
3063 4369 3200 4424 bene
3228 4369 3280 4423 in
3308 4368 3556 4438 paradiso
3591 4367 3795 4421 viveret

537 4453 656 4520 quit
699 4450 944 4563 P'atrem,
973 4460 1188 4563 quando
1235 4459 1303 4515 de
1349 4460 1466 4515 sinu
1516 4470 1743 4531 paterno
1785 4462 2117 4522 descendens
2145 4463 2367 4563 Dnullo
2416 4462 2792 4533 persuadente.
2847 4461 2916 4517 Ut
2966 4461 3112 4516 enim
3145 4459 3432 4530 Apostolus
3480 4458 3642 4563 dicit,
3691 4473 3795 4512 non

540 4555 710 4596 novus
741 4542 900 4598 homo
929 4547 1126 4601 nnmdo
1139 4549 1364 4603 visibilis
1386 4552 1652 4620 apparuit,
1685 4567 1788 4606 non
1819 4555 2120 4610 deserendo
2145 4542 2194 4563 ν
2221 4553 2586 4617 ceronabitur,
2616 4553 2717 4606 nisi
2755 4552 2851 4622 qui
2885 4551 3110 4622 legitime
3150 4551 3419 4604 certaverit
3446 4547 3530 4619 (II
3563 4547 3790 4603 Timoth.

538 4629 777 4697 Patrem,
800 4648 920 4686 cum
948 4650 1055 4702 quo
1075 4651 1289 4707 semper
1311 4639 1362 4693 in
1383 4640 1664 4694 divinitate
1689 4641 2119 4711 inseparabiliter
2220 4660 2294 4710 ιι,
2321 4643 2397 4716 5).
2439 4644 2507 4698 Ει
2535 4652 2681 4699 certe
2728 4643 2954 4699 liberum
3000 4641 3234 4697 habebat
3263 4640 3570 4704 arbitrium,
3613 4647 3706 4705 ut,
3747 4637 3795 4694 si

540 4722 757 4776 mansit.
804 4724 1099 4794 Dereliquit
1131 4738 1380 4794 matrem,
1412 4731 1461 4785 id
1490 4740 1605 4798 est,
1637 4731 2010 4806 Synagogam,
2047 4736 2118 4793 de
2219 4734 2508 4799 voluisset,
2562 4733 2841 4788 resisteret
2891 4731 3166 4787 tentatori.
3227 4729 3381 4797 Quod
3439 4728 3486 4784 si
3538 4727 3792 4791 fecisset,

538 4826 642 4878 qua
674 4821 729 4865 et
755 4829 971 4868 carnem
1001 4819 1314 4887 assumpsit.
1344 4821 1574 4877 Adlnrsit
1608 4826 1761 4878 uxori
1781 4841 1912 4891 sum,
1935 4827 1987 4880 id
2009 4836 2111 4895 est,
2219 4824 2378 4894 digne
2439 4823 2624 4892 utique
2682 4830 3137 4878 remuneraretur.
3167 4818 3453 4875 Artificiali-
3494 4825 3550 4872 et
3603 4825 3794 4887 arguta

536 4901 1256 4973 l’f‘l‘ll'llsitsibiﬁcvles'mm
1289 4926 1392 4966 non
1410 4914 1708 4974 habentem
1731 4917 2115 4975 .maculamaut
2217 4915 2437 4987 quidem
2498 4912 2896 4969 machinatione
2963 4911 3208 4968 diabolus
3262 4924 3374 4965 sua:
3427 4905 3794 4978 persuasionis

539 5010 746 5066 rugam.
775 4996 843 5050 Et
879 5000 1033 5066 μισέω
1058 5015 1178 5056 smu
1201 5003 1306 5057 duo
1329 5005 1380 5056 in
1411 5021 1568 5060 carne
1597 5025 1721 5072 una,
1752 5007 1802 5062 id
1824 5016 1926 5071 est,
1957 5006 2114 5062 Chri-
2215 5006 2366 5062 dolos
2399 5004 2702 5075 composuit
2728 5003 2911 5059 dicens
2937 5020 2959 5056 :.
2981 5001 3145 5056 Eritis
3183 5002 3316 5056 sicut
3359 5000 3463 5065 dii,
3493 5007 3584 5062 ut,
3613 4997 3658 5052 si
3696 5011 3794 5066 per

534 5095 650 5140 stus
677 5087 766 5155 qni
805 5098 980 5158 caput,
1015 5099 1070 5143 et
1114 5094 1351 5148 membra
1391 5095 1586 5164 ipsius,
1619 5097 1669 5150 id
1710 5106 1793 5151 est
1838 5096 2114 5163 Ecclesia,
2216 5098 2593 5155 inobedientiae
2622 5103 2987 5166 contemptum
3027 5094 3297 5150 hominem
3342 5092 3656 5146 subvertere
3698 5102 3796 5142 ne-

533 5179 672 5224 simil
701 5180 812 5230 inse
839 5179 1049 5234 Patrem
1078 5192 1191 5230 nrat
1223 5201 1318 5237 oro
1345 5187 1612 5233 nrimili‘m
1641 5203 1735 5236 sua
1774 5187 2034 5243 Ecclesia.
2059 5189 2110 5240 id
2214 5191 2408 5244 nuiret.
2442 5189 2629 5242 saltem
2661 5188 2711 5237 in
2738 5187 2839 5235 hnc.
2861 5187 3002 5240 (ιιιοά
3045 5185 3201 5238 ﬁdem
3241 5183 3293 5224 in
3331 5198 3388 5224 μ’
3692 5193 3698 5195 ’
3729 5187 3792 5200 "‘
