3986 5632
196 395 265 452 65
1326 384 1868 444 COMMENTARIUS
1901 384 1966 439 lN
2005 383 2324 441 GENESIM.
3383 377 3455 433 66

196 510 345 561 tione
392 504 541 560 dolos
588 503 866 557 advertere
918 498 1141 554 inimici.
1189 499 1563 553 Consideravit
1628 498 1770 552 enim
1801 502 1848 560 Α
1877 495 2001 550 dine
2028 494 2277 565 privaris.
2308 492 2426 560 Vel,
2454 493 2596 548 sicut
2622 492 2682 547 B.
2711 490 3002 563 Gregorius
3032 489 3192 555 dicit,
3224 490 3455 546 interro-

197 594 651 667 pulchritudinem
702 591 829 661 ligni
878 598 934 644 et
990 590 1113 659 quia
1147 604 1310 643 suave
1350 596 1494 643 esset
1530 587 1595 640 ad
1622 603 1774 640 man-

200 684 528 740 ducandum.
586 682 740 736 Dedit
794 681 900 735 viro
959 695 1072 733 suo.
1120 676 1234 731 Non
1285 677 1498 746 quidem
1548 676 1773 740 dicitur,

200 777 343 846 quod
374 774 608 829 suaserit
648 773 695 827 ei
744 780 803 825 ut
845 770 1221 832 manducaret,
1253 768 1344 822 sed
1382 768 1435 821 in
1487 767 1588 821 hoc
1636 758 1778 834 quod

202 866 401 920 dicitur
432 881 448 919 :
478 864 651 925 dedit,
680 860 994 929 intelligitur
1023 858 1148 927 quia
1188 858 1358 911 suasit
1393 856 1459 910 ad
1496 854 1780 911 comeden-

202 955 354 1017 dum,
381 968 688 1022 quanquam
718 966 822 1005 non
865 957 1012 1003 esset
1046 963 1180 1017 opus
1222 957 1279 1001 ut
1320 946 1603 1009 suaderet,
1631 945 1778 1014 quia,

204 1044 324 1099 e‘nin
351 1044 487 1097 vidit
515 1058 633 1097 eam
661 1039 961 1095 comedisse
994 1047 1048 1092 et
1077 1037 1295 1091 minime
1322 1036 1483 1101 mori,
1508 1036 1621 1105 ipse
1648 1048 1782 1104 quo-

205 1150 309 1205 que
338 1147 562 1188 securus
592 1132 843 1187 comedit.

274 1222 434 1279 Vers.
465 1224 521 1275 7.
556 1222 622 1275 Et
654 1223 819 1291 aperti
841 1230 960 1276 sunt
987 1236 1124 1274 acuti
1153 1235 1350 1273 eorum.
1376 1218 1553 1285 Quare
1582 1218 1780 1273 dictum

209 1324 310 1377 est,
360 1314 525 1382 aperti
572 1322 692 1366 sunt
743 1309 927 1365 oculi!
966 1310 1342 1379 Nunquiduam
1388 1309 1530 1363 Deus
1581 1322 1674 1363 eos
1728 1308 1782 1361 in

208 1404 518 1473 paradisum
566 1418 675 1456 non
722 1401 968 1455 videntes
1011 1396 1394 1454 constituerat?
1420 1394 1533 1452 Non
1576 1395 1782 1464 utique.

213 1492 319 1546 Sed
350 1491 520 1560 aperti
566 1498 693 1544 sunt
726 1489 866 1543 oculi
895 1503 1081 1543 eorum
1112 1486 1177 1541 ad
1218 1486 1705 1556 concupiscentiam
1732 1492 1786 1538 et

212 1579 573 1650 cognitionem
609 1578 845 1632 bestialis
872 1584 1046 1630 motus
1088 1589 1246 1644 quem
1283 1574 1431 1644 prius
1476 1574 1527 1627 in
1578 1587 1636 1628 se
1679 1573 1785 1627 mi-

212 1668 358 1722 nime
386 1674 772 1737 cognoverunt.
819 1666 913 1719 Est
955 1665 1096 1718 enim
1127 1664 1392 1733 quoddam
1423 1678 1589 1734 genus
1631 1663 1787 1718 caeci-

214 1757 342 1810 tatis
368 1756 506 1825 quod
553 1756 735 1810 Graece
784 1755 1023 1820 norasia,
1064 1754 1113 1807 id
1144 1762 1227 1807 est
1266 1753 1525 1807 evidentia
1566 1753 1783 1817 dicitur,

1875 594 2033 655 gatur
2059 600 2088 639 a
2132 584 2375 645 Domino,
2414 597 2519 636 non
2565 590 2625 636 ut
2673 579 2814 634 Deus
2855 580 3087 634 disceret
3118 579 3260 648 quod
3300 578 3453 647 igno-

1877 672 2072 736 rabat,
2120 672 2216 725 sed
2268 680 2327 726 ut
2373 671 2440 725 ad
2504 669 2858 723 humilitatem
2908 667 3262 722 confessionis
3307 666 3457 722 illum

1876 766 2195 828 provocaret
2240 770 2300 813 ut
2352 758 2494 829 quod
2542 756 2942 827 praevaricando
2987 755 3287 825 deliquerat
3330 771 3461 810 cou-

1880 845 2077 900 iiteudo
2116 844 2334 901 deleret.
2375 845 2482 900 Sed
2534 844 2621 899 ille
2664 852 2943 913 peccatum
2988 858 3146 899 suum
3192 843 3246 897 in
3294 843 3457 898 alium

1881 942 2192 1003 retorquere
2222 933 2418 998 voluit,
2452 934 2634 989 dicens
2667 950 2679 985 :

1953 1024 2106 1079 Vers.
2138 1024 2224 1077 η.
2252 1022 2464 1087 Mulier,
2486 1040 2640 1093 quam
2668 1023 2875 1077 dedisti.
2899 1022 3064 1090 Quasi
3092 1022 3143 1077 in
3165 1023 3267 1078 hoc
3290 1022 3459 1077 Deum

1884 1113 2187 1179 infamaret,
2218 1115 2307 1183 qui
2356 1115 2404 1169 ei
2431 1114 2649 1168 dederat
2670 1130 2768 1184 per
2792 1129 2952 1183 quam
2983 1113 3239 1182 deceptus
3265 1112 3458 1167 fuerat.

1885 1202 2143 1258 Similiter
2171 1212 2225 1259 et
2251 1204 2444 1261 mulier
2474 1206 2800 1277 interrogata
2827 1208 2881 1261 in
2914 1218 3219 1277 serpentem
3251 1207 3462 1263 reﬂexit

1883 1295 2112 1365 culpam,
2141 1296 2323 1350 dicens
2351 1313 2365 1348 :
2394 1295 2618 1367 Serpens
2646 1298 2839 1368 decepit
2866 1315 2965 1353 me.
2996 1289 3114 1366 Quo
3155 1299 3344 1355 morbo
3380 1295 3461 1350 la-

1884 1383 2038 1439 borat
2066 1399 2235 1453 usque
2263 1384 2421 1438 hodie
2443 1385 2732 1438 humanum
2761 1400 2947 1455 genus.
2977 1386 3214 1456 Denique
3240 1399 3465 1453 serpens

1885 1490 1992 1529 non
2023 1475 2411 1546 interrogatur,
2449 1474 2574 1544 quia
2605 1475 2870 1540 diabolus,
2901 1477 2990 1545 qui
3036 1492 3133 1547 per
3160 1482 3461 1545 serpentem

1886 1565 2096 1621 loeutus
2130 1564 2329 1629 fuerat,
2367 1564 2854 1635 irrecuperabiliter
2875 1567 3189 1636 deliquerat.
3234 1564 3299 1619 Et
3328 1564 3466 1618 bene

1886 1656 2055 1710 Adam
2107 1656 2281 1724 primo
2328 1655 2690 1724 interrogatur
2733 1655 2821 1710 cui
2867 1665 3191 1726 praeceptum
3244 1654 3467 1709 dederat

1890 1746 2048 1810 Deus,
2080 1745 2219 1814 quod
2252 1753 2576 1815 praeceptum
2623 1759 2719 1814 per
2757 1746 2934 1800 virum
2974 1746 3120 1801 venit
3157 1745 3222 1799 ad
3268 1743 3463 1799 mulie-

213 1863 318 1915 qua
344 1845 587 1915 quaedam
621 1844 866 1897 videntur
885 1883 900 1908 ,
929 1844 1172 1913 quaedam
1203 1857 1330 1897 vero
1363 1857 1489 1895 non.
1536 1841 1649 1908 Qua
1684 1856 1789 1895 εαξ-
1820 1837 1867 1896 Β
1897 1852 2007 1891 rem
2038 1853 2051 1890 :
2084 1838 2221 1891 sicut
2246 1852 2276 1891 e
2305 1846 2493 1890 contra
2540 1852 2637 1906 per
2679 1845 2980 1905 serpentem
3010 1844 3288 1906 peccatum
3318 1835 3466 1891 venit

213 1936 377 1990 citate
410 1933 727 1988 tenebantur
756 1932 828 1985 illi
857 1933 962 1986 duo
987 1931 1230 2001 discipuli
1256 1946 1375 1985 eum
1413 1930 1640 1986 Domino
1669 1947 1788 2001 per-

215 2033 402 2092 gentes
427 2025 480 2075 in
506 2022 780 2085 Emmaus,
811 2021 876 2076 de
900 2021 1092 2090 quibus
1130 2019 1327 2074 dicitur
1363 2037 1375 2073 :
1421 2019 1572 2074 Oculi
1610 2037 1790 2074 eorum

215 2112 544 2176 tenebtmtur,
575 2128 639 2164 ne
672 2128 790 2164 eum
829 2120 1161 2180 agnoscerent
1190 2108 1341 2179 (Luc.
1376 2125 1534 2175 xxxv,
1578 2109 1688 2180 16).
1717 2141 1790 2151 -

215 2198 447 2268 Cumque
470 2200 821 2268 cognovissent
851 2215 905 2252 se
946 2214 1054 2251 esse
1095 2198 1279 2250 nudos.
1317 2196 1693 2268 Cognoverunt
1732 2213 1791 2254 se

214 2306 336 2343 esse
361 2290 530 2342 nudos
558 2289 612 2342 in
642 2290 743 2343 hoc
768 2289 910 2358 quod
952 2288 1226 2343 bestialem
1268 2301 1470 2344 motum
1504 2299 1791 2346 senserunt

215 2396 377 2449 quem
410 2390 561 2433 antea
610 2395 713 2433 non
746 2389 1048 2434 senserunt.
1077 2378 1227 2434 Unde
1266 2390 1321 2434 ct
1362 2382 1429 2435 ad
1465 2382 1622 2437 licum
1663 2398 1791 2438 con-

218 2471 492 2539 fugerunt,
523 2469 647 2538 quia
679 2469 950 2535 fortassis,
973 2478 1033 2523 ut
1060 2471 1247 2525 beatus
1268 2471 1599 2541 Augustinus
1631 2474 1787 2538 dicit,

214 2563 359 2616 hanc
391 2560 635 2614 arborem
661 2561 887 2630 primam
916 2568 1035 2631 post
1059 2563 1556 2631 prmvaricationem
1584 2580 1793 2635 repere-

219 2660 381 2714 runt,
410 2660 455 2704 et
484 2666 545 2703 ex
574 2650 713 2719 foliis
738 2649 853 2720 ejus
881 2651 1109 2720 fecerunt
1137 2652 1235 2706 sibi
1254 2655 1601 2721 perizomata,
1628 2656 1679 2710 id
1710 2666 1794 2713 est

218 2740 577 2795 suecinctoria
634 2741 747 2795 sive
805 2740 1033 2806 bracas;
1081 2750 1135 2795 et
1178 2754 1541 2812 apposuerunt
1588 2745 1688 2800 sibi
1740 2747 1792 2799 in

220 2830 482 2884 membris
514 2830 862 2909 genitalibus,
886 2831 1031 2885 circa
1060 2831 1278 2886 lumbos
1302 2833 1550 2889 videlicet
1579 2835 1632 2889 in
1675 2837 1796 2906 qui-

213 2921 324 2974 bus
367 2920 661 2973 scmentiva
690 2921 769 2974 vis
811 2934 931 2974 esse
959 2920 1308 2991 dignoscitur.
1340 2921 1588 2994 Congrue
1615 2934 1793 2981 autem

220 3027 288 3066 ex
328 3013 471 3066 foliis
507 3012 589 3066 ﬁci
638 3011 826 3067 fecisse
870 3012 970 3067 sibi
1016 3012 1341 3082 perizomata
1371 3015 1644 3082 dicuntur,
1678 3032 1796 3088 qua:

221 3104 491 3173 pruritum
523 3102 829 3171 quemdam
851 3101 903 3155 in
946 3117 1003 3156 se
1032 3102 1231 3156 habere
1275 3114 1584 3159 noscuntur.
1614 3105 1793 3177 Signi-

1889 1927 1955 1981 ad
1986 1926 2284 1989 mulierem,
2309 1935 2363 1979 et
2389 1941 2485 1995 per
2510 1926 2787 1980 mulierem
2814 1926 2881 1979 ad
2914 1925 3107 1978 virum.

1958 2018 2113 2073 Vers.
2162 2016 2249 2070 14.
2288 2014 2355 2069 Et
2400 2017 2473 2069 ait
2522 2008 2774 2069 Dominus
2826 2015 2894 2068 ad
2943 2023 3227 2083 serpentem
3257 2027 3277 2067 :
3326 2011 3466 2077 Quia

1889 2107 2055 2177 fecisti
2102 2108 2220 2172 hoc,
2264 2107 2567 2160 maledictus
2612 2106 2709 2160 eris
2760 2106 2895 2159 inter
2932 2105 3109 2157 omnia
3148 2102 3461 2156 animantia.

1891 2198 2041 2265 Quod
2070 2198 2306 2267 serpenti
2346 2197 2544 2253 dicitur
2587 2196 2654 2250 ad
2688 2194 2955 2251 diabolum
2986 2203 3068 2249 est
3105 2192 3466 2249 referendum.

1891 2288 2063 2359 Supra
2107 2300 2285 2359 pectus
2317 2298 2462 2341 tuum
2494 2288 2769 2358 gradieris.
2809 2284 3063 2340 Diabolus
3093 2299 3251 2355 supra
3279 2290 3468 2354 pectus

1892 2378 2153 2449 graditur,
2184 2377 2308 2447 quia
2336 2376 2486 2431 dolos
2531 2383 2585 2430 et
2628 2376 2852 2430 insidias
2893 2384 3119 2445 portans
3166 2375 3219 2428 in
3250 2380 3483 2444 pectore

1893 2469 2137 2523 homines
2182 2468 2431 2537 decipere
2473 2476 2717 2523 conatur.
2756 2465 2909 2521 Unde
2941 2475 2996 2520 et
3032 2465 3226 2520 merito
3258 2450 3466 2529 serpens

1892 2567 2134 2624 vocatur,
2180 2559 2306 2627 quia
2351 2558 2559 2614 occulte
2600 2557 2785 2626 serpit.
2820 2555 3036 2610 Terram
3062 2554 3314 2620 comedit,
3344 2552 3472 2623 quia

1894 2648 2126 2704 terrenis
2154 2647 2405 2717 operibus
2434 2646 2669 2716 pascitur
2692 2654 2742 2699 et
2774 2644 3088 2699 delectatur.

1966 2738 2122 2796 Vers.
2153 2737 2237 2791 15.
2283 2736 2595 2790 Inimicitias
2637 2751 2825 2805 ponam
2871 2736 3006 2788 inter
3044 2744 3093 2788 te
3128 2744 3173 2788 et
3203 2732 3474 2787 mulierem

1893 2840 1941 2885 et
1982 2844 2156 2884 semen
2202 2837 2372 2882 tuum.
2418 2826 2690 2881 Mulierem
2722 2825 2808 2879 hic
2858 2824 3150 2879 Ecclesiam
3200 2822 3349 2886 dicit,
3386 2821 3473 2877 cui

1897 2919 2140 2975 diabolus
2173 2919 2480 2974 contrarius
2524 2925 2624 2971 est.
2668 2915 2851 2973 Semen
2896 2931 3023 2971 vero
3074 2915 3306 2968 mulieris
3329 2913 3471 2968 bona

1895 3026 2060 3081 opera
2109 3020 2236 3067 sunt
2270 3010 2555 3073 Ecclesiae,
2587 3025 2757 3062 semen
2804 3006 3053 3077 serpentis
3097 3020 3260 3074 opera
3299 3003 3474 3057 omnis

1900 3100 2216 3171 iniquitatis.
2244 3100 2370 3155 Haec
2393 3108 2473 3155 est
2493 3099 2636 3155 enim
2667 3098 2860 3153 mulier
2887 3097 2995 3161 illa,
3024 3096 3091 3151 de
3109 3111 3213 3166 qua
3239 3093 3474 3150 Joannes

225 3192 354 3244 beat
394 3200 574 3244 autem
619 3190 883 3260 pruritum
918 3190 1099 3246 carnis
1138 3200 1199 3245 et
1236 3190 1516 3247 incentiva:
1561 3175 1795 3250 libidinis
1823 3175 1869 3237 (ἶ
1901 3188 1954 3246 ἰιι
1979 3191 2297 3262 Apocalypsi
2326 3191 2476 3255 dicit,
2515 3189 2656 3259 quod
2703 3203 2820 3243 eam
2848 3187 3009 3243 draco
3036 3191 3473 3256 persequeretur,

225 3281 499 3343 ardorem,
528 3280 593 3333 de
618 3295 722 3349 qua
748 3282 934 3334 beatus
955 3281 1270 3360 Ambrosius
1292 3281 1449 3336 dicit:
1473 3302 1490 3334 ι
1512 3282 1679 3346 Beati,
1707 3285 1796 3353 qui

227 3370 397 3437 ligant
422 3383 590 3437 equos
623 3383 747 3422 suos
772 3367 839 3421 ad
872 3369 1035 3423 vitem
1058 3369 1230 3436 olivae,
1269 3371 1336 3423 ad
1362 3372 1581 3428 arbores
1606 3374 1800 3429 lzetitim

226 3474 282 3516 et
310 3462 475 3529 pacis,
512 3477 615 3515 non
658 3461 723 3514 ad
770 3460 924 3514 ﬁcum
944 3502 959 3527 ,
989 3475 1108 3530 qua:
1128 3470 1209 3515 est
1243 3462 1458 3520 humilis
1476 3464 1543 3518 ad
1568 3464 1802 3519 altitudi-

225 3568 375 3615 nem,
407 3551 580 3605 mollis
602 3551 669 3604 ad
693 3550 947 3615 laborem,
977 3550 1179 3607 sterilis
1202 3551 1266 3605 ad
1295 3551 1547 3607 fructum.
1578 3574 1597 3606 ι

304 3640 455 3693 Yers.
485 3641 535 3694 8.
562 3639 627 3691 Et
659 3655 775 3692 cum
796 3640 1058 3693 audissent
1083 3656 1251 3693 vocem
1281 3639 1491 3695 Domini
1515 3642 1629 3697 Dei.
1661 3644 1801 3699 Deus

228 3729 407 3798 primo
437 3728 638 3781 homini
666 3743 765 3797 per
802 3728 1094 3797 subjectum
1128 3737 1452 3794 creaturam,
1496 3731 1547 3785 id
1573 3740 1676 3796 est,
1706 3748 1803 3801 per

231 3819 480 3887 angelum
503 3818 602 3871 sub
631 3819 859 3871 humana
883 3818 1062 3887 specie
1082 3829 1427 3886 apparentem
1453 3819 1799 3890 loquebatur:

230 3913 376 3966 unde
417 3919 473 3964 et
514 3925 698 3965 vocem
729 3909 940 3964 Domini
988 3910 1199 3964 audisse
1228 3910 1442 3965 dicitur.
1473 3911 1580 3966 Nec
1625 3923 1800 3980 vacat,

231 4003 377 4074 quod
404 4012 514 4073 post
544 4001 812 4055 meridiem
835 4001 1077 4055 eamdem
1112 4016 1295 4056 vocem
1333 4003 1633 4072 percepisse
1673 4005 1804 4059 dici-

235 4106 345 4160 tur,
378 4092 593 4162 quando
634 4091 748 4160 jam
780 4093 890 4146 dies
924 4107 954 4145 a
998 4092 1177 4147 calore
1223 4107 1319 4146 suo
1362 4092 1597 4163 frigescit
1637 4114 1647 4146 :
1679 4096 1805 4164 quia

229 4186 344 4255 jam
378 4184 429 4237 in
451 4197 514 4236 eo
542 4180 720 4235 fervor
748 4181 1024 4235 charitatis
1050 4190 1102 4234 et
1123 4180 1212 4233 lux
1240 4182 1481 4236 veritatis
1512 4182 1800 4237 defecerat.

237 4274 393 4329 Unde
440 4288 576 4326 nona
623 4272 752 4326 hora
800 4271 1044 4341 spiritum
1090 4271 1288 4335 emisit,
1334 4272 1425 4340 qui
1466 4284 1615 4328 sexta
1673 4275 1805 4331 hora

234 4363 414 4417 fuerat
434 4360 744 4415 cruciﬁxus.
767 4360 835 4414 Et
860 4369 1004 4414 recte
1033 4360 1136 4414 hoc
1174 4360 1360 4414 ordine
1400 4371 1575 4415 actum
1606 4373 1716 4428 est,
1748 4374 1806 4418 ut

236 4468 341 4521 qua
386 4453 519 4505 hora
551 4453 712 4505 homo
742 4450 808 4504 de
832 4451 1081 4520 paradiso
1103 4448 1308 4518 ejectus
1342 4460 1424 4506 est
1465 4455 1650 4508 eadem
1680 4455 1806 4510 illuc

236 4544 633 4598 restitueretur.
1380 4548 1386 4554 ‘

313 4634 462 4687 Vers.
494 4633 579 4685 10.
605 4631 796 4683 Audivi
819 4647 989 4684 vorem
1011 4641 1152 4685 tuam
1177 4643 1223 4686 et
1248 4631 1495 4686 abscondi
1523 4650 1621 4687 me.
1658 4633 1811 4690 Sicut

240 4739 428 4777 amens
452 4732 509 4776 et
531 4723 696 4775 nimio
728 4721 917 4775 timore
940 4723 1275 4790 perterritus.
1302 4723 1595 4777 Abscondit
1628 4734 1808 4780 autem

238 4835 313 4876 se,
352 4832 456 4871 non
488 4824 545 4868 ut
570 4817 689 4882 ejus
718 4814 919 4868 scelera
950 4813 1204 4867 Dominus
1238 4831 1341 4868 non
1365 4815 1601 4879 videret,
1630 4817 1726 4871 sed
1751 4825 1809 4870 ut

239 4925 297 4961 se
326 4908 600 4976 indignum
630 4905 827 4959 factum
857 4904 974 4975 ejus
994 4905 1233 4976 aspectui
1253 4907 1577 4962 ostenderet.
1608 4907 1810 4979 Duplici

240 5010 421 5051 autem
458 4996 778 5052 verecundia
820 4995 1208 5051 arctabantur:
1252 4998 1333 5051 vel
1378 4998 1503 5065 quia
1536 4997 1682 5051 illum
1718 5000 1814 5053 ob-

240 5104 464 5146 scenum
511 5098 718 5143 motum
765 5088 816 5142 in
857 5087 1111 5142 membris
1158 5088 1269 5142 suis
1310 5089 1617 5144 sentiebant
1653 5105 1812 5159 quem

240 5190 399 5235 antea
449 5196 721 5251 nunquam
768 5181 977 5252 experti
1016 5180 1351 5247 fuerant,vel
1391 5183 1515 5250 quia
1558 5183 1815 5254 intellige-

242 5276 377 5329 bant
399 5272 468 5326 ob
497 5274 976 5344 transgressionem
1012 5272 1103 5326 Dei
1134 5272 1384 5345 prtecepti
1413 5274 1516 5329 hoc
1543 5273 1643 5328 sibi
1688 5289 1814 5329 con-

243 5365 449 5435 tigisse.
477 5364 665 5430 Adam,
692 5366 776 5419 ubi
800 5382 851 5418 es
869 5364 895 5416 ?
918 5360 1030 5415 Non
1052 5364 1200 5431 quasi
1230 5363 1443 5418 nescius
1469 5362 1817 5434 interrogavit

1899 3284 2083 3340 volens
2124 3298 2241 3337 eam
2273 3284 2565 3347 devorare,
2608 3291 2890 3351 postquam
2937 3279 3099 3332 etiam
3146 3274 3361 3328 ﬂuvium
3405 3288 3473 3327 ex

1898 3389 1993 3431 ore
2042 3389 2140 3429 suo
2187 3373 2361 3428 emisit
2403 3372 2586 3444 (Αροτ.
2617 3386 2712 3435 xu,
2742 3369 2863 3437 15),
2891 3368 3013 3437 quia
3047 3364 3471 3435 persecutionem

1900 3470 2134 3543 gentium
2185 3477 2370 3523 contra
2422 3466 2713 3522 Ecclesiam
2754 3462 3049 3519 suscitavit.
3096 3459 3221 3528 Ipsa
3248 3464 3475 3511 conteret

1900 3569 2054 3631 caput
2088 3568 2256 3612 tuum.
2302 3557 2357 3611 Id
2401 3564 2516 3619 est,
2547 3553 2785 3609 Ecclesia
2831 3559 3053 3605 conteret
3096 3556 3248 3617 caput
3292 3556 3473 3609 tuum,

1901 3650 1954 3704 id
1983 3658 2083 3712 est,
2119 3648 2329 3702 initium
2362 3645 2514 3701 malae
2560 3643 2870 3707 voluntatis,
2914 3652 3198 3709 antequam
3245 3637 3309 3691 ad
3341 3649 3476 3705 opus

1901 3746 2234 3812 prorumpat.
2284 3737 2437 3792 Unde
2479 3745 2532 3789 et
2581 3736 2632 3789 in
2676 3734 2881 3805 psalmo
2927 3732 3105 3785 beatus
3151 3728 3346 3783 dicitur
3385 3725 3476 3794 qui

1900 3827 2141 3899 parvulos
2188 3826 2471 3897 Babylonis
2517 3825 2770 3889 tenuerit,
2800 3834 2848 3877 et
2897 3822 2964 3876 ad
3008 3832 3207 3891 petram
3259 3816 3478 3871 alliserit

1904 3918 2087 3990 (Psal.
2116 3934 2353 3983 CXXXVI,
2397 3915 2484 3989 9).
2534 3915 2749 3972 Parvuli
2802 3913 3086 3985 Babylonis
3131 3920 3214 3965 est
3267 3908 3475 3963 initium

1902 4010 2108 4080 peccati
2151 4018 2205 4064 et
2251 4011 2403 4080 origo
2446 4008 2599 4063 malae
2648 4007 2952 4062 voluntatis.
3000 4006 3063 4060 lli
3113 4012 3237 4058 sunt
3272 3999 3479 4071 parvuli

1904 4100 2225 4169 confusionis
2254 4100 2378 4170 qui,
2406 4109 2691 4168 antequam
2720 4096 3029 4167 proﬁciant,
3076 4092 3327 4147 allidendi
3355 4096 3481 4145 sunt

1907 4188 1973 4242 ad
2003 4198 2233 4258 petram,
2264 4189 2315 4243 id
2347 4198 2431 4244 est
2455 4188 2751 4243 Christum.

1978 4281 2133 4335 Vers.
2165 4280 2251 4335 i6.
2286 4279 2352 4335 Et
2380 4292 2435 4333 tu
2468 4279 2796 4333 insidiaberis
2824 4277 3067 4332 calcaneo
3098 4275 3232 4345 ejus.
3270 4272 3328 4326 In
3364 4271 3476 4327 eal-

1907 4388 2065 4427 caneo
2118 4372 2237 4426 linis
2285 4380 2369 4427 est
2431 4371 2690 4440 corporis.
2741 4367 2995 4421 Calcaneo
3047 4380 3175 4434 ergo
3238 4361 3482 4417 diabolus

1909 4462 2210 4525 insidiatur,
2254 4461 2377 4531 quia
2422 4460 2652 4513 maxime
2696 4458 2748 4510 in
2786 4456 2888 4509 line
2917 4456 3028 4509 vult
3068 4451 3309 4506 homines
3338 4449 3481 4504 deci-

1910 4564 2056 4621 pere.
2104 4548 2319 4603 Mulieri
2356 4536 2556 4619 quoque
2601 4546 2779 4599 dixit:
2822 4541 3177 4613 Multiplicabo
3224 4554 3482 4593 (erumnas

1911 4648 2029 4690 tuas
2053 4676 2069 4701 ,
2116 4636 2170 4689 in
2216 4635 2393 4689 dolore
2440 4635 2613 4704 paries
2657 4632 2813 4701 ﬁlios.
2844 4630 2981 4696 Quia
3011 4629 3117 4694 illa,
3151 4628 3194 4681 si
3222 4644 3323 4681 non
3361 4640 3484 4695 pce-

1912 4736 2108 4793 cassct,
2139 4728 2255 4781 sine
2299 4727 2480 4781 dolore
2508 4727 2747 4794 paritura
2791 4730 2909 4777 erat
2945 4740 2957 4775 :
2990 4722 3186 4775 idcirco
3214 4728 3335 4787 post
3363 4734 3485 4787 pec-

1913 4827 2091 4874 catum
2123 4818 2171 4872 ei
2199 4818 2313 4871 haec
2340 4832 2499 4886 paena
2548 4817 2850 4885 irrogatur,
2896 4821 2955 4866 ut
3002 4812 3054 4865 in
3087 4810 3267 4865 dolore
3312 4809 3486 4878 pariat

1910 4912 2020 4983 jam
2068 4908 2225 4964 ﬁlios.
2257 4908 2323 4962 Et
2353 4908 2446 4962 sub
2484 4907 2580 4961 riri
2606 4914 2853 4976 potestate
2881 4894 3088 4968 eris,et
3118 4903 3223 4970 ipse
3250 4900 3489 4953 domina-

1915 5001 2050 5054 bitur
2076 5001 2170 5052 tui.
2208 4998 2431 5053 Etiamsi
2465 5011 2567 5050 non
2609 5003 2906 5065 peccasset,
2940 4994 3038 5048 sub
3084 4997 3346 5061 potestate
3388 4989 3487 5041 viri

1913 5080 2093 5145 futura
2122 5099 2259 5145 erat.
2299 5087 2406 5144 Sed
2452 5087 2540 5141 illa
2569 5084 2829 5158 subjectio
2868 5084 3045 5137 minus
3070 5081 3294 5152 pmnalis
3325 5087 3486 5141 esset,

1915 5178 2039 5249 quia
2070 5193 2135 5232 ex
2165 5178 2453 5233 dilectione
2483 5176 2796 5245 procederet
2816 5185 2938 5239 quae
2970 5185 3109 5224 nunc
3138 5169 3185 5222 ei
3212 5183 3307 5237 pro
3334 5179 3489 5234 pmna

1917 5268 2209 5336 imponitur
2246 5278 2305 5323 ut
2348 5269 2510 5323 etiam
2539 5265 2724 5320 nolens
2752 5262 2867 5316 viro
2907 5261 3187 5316 subdatur.
3220 5255 3492 5311 Moraliter

1917 5358 2016 5413 sub
2046 5366 2312 5427 potestate
2342 5358 2441 5412 viri
2470 5354 2660 5410 mulier
2694 5350 3043 5408 constituitur
3079 5367 3091 5402 :
3125 5348 3252 5416 quia
3282 5344 3493 5415 spiritui

243 5434 406 5523 quem
454 5453 583 5507 nihil
626 5455 789 5508 latere
834 5458 1035 5523 patest,
1060 5452 1151 5505 sed
1192 5453 1463 5507 miseriam
1497 5453 1823 5522 prmvarica-
1915 5462 2045 5502 caro
2086 5446 2365 5504 subdenda
2408 5454 2509 5506 est,
2538 5459 2605 5498 ne
2644 5447 2925 5511 repugnet,
2956 5438 3047 5494 sed
3078 5436 3247 5505 magis
3288 5434 3495 5489 obtem-

245 5546 411 5599 tionis
440 5544 511 5598 illi
545 5546 812 5615 exprimit,
832 5558 957 5598 cum
988 5542 1114 5595 dicit
1143 5560 1155 5595 :
1190 5547 1376 5607 Adam,
1407 5545 1493 5597 ubi
1518 5543 1612 5597 es?
1636 5542 1689 5596 Id
1711 5549 1816 5605 est,

1916 5547 2087 5608 peret.

2897 5620 2933 5632 Α
2984 5622 2995 5632 ι
