3986 5562
484 426 551 484 6⁸1
1124 424 1385 483 REMlGll
1424 412 2081 483 ANTISSIODORENSIS
2117 426 2273 484 OPP.‘
2310 427 2513 484 PARS.-
2551 429 2592 485 l.
2626 460 2694 471 —
2736 428 3143 485 EXEGETICA.
3390 404 3403 415 ’
3692 430 3759 487 68

486 533 752 601 edicitur,
772 548 878 589 non
911 532 1025 602 ipse
1052 533 1243 599 Adam,
1266 545 1324 587 ut
1346 533 1592 588 videlicet
1619 534 1820 598 cmtcri,
1842 543 2062 604 propter
2091 551 2133 601 Α
2165 536 2272 591 bita
2295 547 2398 604 est,
2458 554 2525 592 ne
2547 548 2731 608 posset
2757 539 2981 594 ulterius
3013 540 3215 611 lignum
3264 540 3386 596 vitae
3418 551 3754 612 contingere.

485 642 617 697 quos
658 627 759 681 ista
806 626 1087 682 scribenda
1134 635 1328 689 erant,
1381 633 1713 679 terrerentur
1762 640 1830 680 nc
1876 625 2069 681 similia
2158 622 2191 654 ⁸
2246 632 2398 686 Vers.
2432 632 2524 686 24.
2569 630 2851 689 Collocavit
2896 646 3068 689 autem
3109 648 3228 690 ante
3269 638 3574 707 paradisum
3617 639 3765 693 υοια.

484 721 728 774 facerent
754 728 809 772 et
836 716 997 771 simili
1025 730 1182 786 ptena
1206 716 1588 785 plecterentur.
1612 715 1743 770 Cain
1771 730 1918 781 vero,
1947 717 2071 785 quia

483 809 670 879 primce
729 805 1158 876 prtevaricationi
1224 805 1573 875 parricidium
1636 805 1891 870 adduxit,
1961 806 2075 873 ipse

488 900 867 965 tnaledicetur,
896 898 979 953 cui
1011 889 1209 953 dictum
1241 905 1323 951 est
1366 913 1382 952 :
1415 896 1729 952 Maledictus
1771 898 1873 951 eris
1921 912 2076 965 super

487 1001 683 1045 terram
730 987 898 1057 (Gen.
928 1004 1002 1051 tv,
1042 988 1159 1057 ll).
1201 986 1364 1040 Terra
1413 996 1505 1041 tua
1544 987 1722 1057 spinas
1762 999 1810 1041 et
1849 986 2074 1065 tribulos

486 1079 817 1151 germinabit.
849 1077 1029 1148 Spina:
1071 1091 1199 1131 vero
1234 1086 1392 1132 antea
1432 1085 1607 1143 erant,
1633 1077 1757 1148 quia
1790 1078 1929 1132 inter
1953 1076 2076 1132 reli-

484 1182 623 1243 quas
649 1173 873 1227 arbores
917 1181 973 1228 et
1019 1172 1252 1243 virgulta
1301 1171 1488 1242 Spinas
1534 1171 1679 1225 Deus
1724 1171 1944 1235 creavit,
1982 1170 2077 1226 sed

485 1281 593 1320 non
623 1265 819 1320 adhoc
863 1274 923 1320 ut
960 1265 1166 1320 homini
1208 1264 1449 1319 laborem
1488 1263 1782 1330 inferrent,
1808 1279 1927 1333 qua:
1956 1272 2075 1333 post

488 1365 768 1427 peccatum
800 1356 868 1411 ad
898 1356 1138 1411 laborem
1163 1364 1218 1410 et
1245 1354 1586 1410 aﬁlictionem
1628 1355 1867 1409 humano
1894 1354 2077 1424 generi

486 1447 626 1502 data!
668 1454 796 1503 sunt
836 1462 850 1499 :
901 1446 1045 1501 sicut
1076 1445 1241 1499 etiam
1267 1454 1547 1514 serpentes
1574 1453 1631 1499 et
1662 1445 1822 1499 noxia
1853 1459 2079 1514 qumque

486 1547 615 1592 ante
660 1547 940 1608 peccatqu
984 1545 1140 1590 erant
1168 1534 1413 1610 innoxia.
1445 1534 1663 1606 Mystice
1693 1534 1871 1605 spinas
1900 1544 1947 1588 et
1984 1535 2080 1587 tri—

492 1628 640 1683 bulos
667 1637 809 1683 terra
837 1627 1091 1698 germinat
1118 1640 1135 1677 :
1162 1626 1285 1695 quia
1312 1641 1440 1680 cato
1468 1613 1651 1681 nostra
1680 1626 1998 1695 punctiones
2025 1633 2080 1680 et

492 1720 710 1775 aculeos
737 1720 988 1773 vitiorum
1028 1719 1249 1788 gignere
1275 1733 1380 1771 non
1427 1717 1654 1772 desistit.
1684 1717 1749 1771 Et
1776 1717 1878 1771 hoc
1903 1724 2075 1770 atten-

492 1808 727 1866 dendum
773 1807 916 1879 quod
966 1809 1094 1861 Adae
1140 1806 1479 1862 extrinsecus
1532 1819 1694 1876 pinna
1750 1805 2075 1879 imponitur,

2173 721 2332 789 ptatis
2376 721 2657 776 cherubim
2684 734 2739 776 et‘
2766 726 3066 793 ﬂammeum
3109 725 3362 794 gladium.
3401 726 3457 779 id
3506 735 3622 791 est,
3666 741 3768 797 per

2177 808 2534 864 ministerium
2560 810 2858 881 angelicum
2888 813 3094 882 igneam
3127 815 3425 868 custodiant
3453 816 3761 871 constituit.

2176 895 2483 952 Flammeus
2524 899 2733 970 gladius
2770 901 3145 957 tribulationcs
3169 913 3222 958 et
3246 903 3459 958 labores
3494 906 3767 974 signiﬁcat

2177 990 2336 1061 hujus
2379 992 2581 1057 saeculi,
2615 992 2811 1062 quibus
2851 994 3020 1049 sancti
3073 993 3124 1048 in
3167 996 3420 1063 praesenti
3469 997 3581 1050 vita
3611 1012 3772 1052 exer-

2178 1088 2400 1145 centur;
2433 1081 2548 1136 sive:
2574 1097 2671 1151 per
2697 1083 3000 1151 ﬂammeum
3024 1083 3257 1153 gladium
3284 1086 3623 1154 signiﬁcatur
3647 1103 3769 1141 sen-

2180 1174 2348 1229 tentia
2378 1172 2537 1241 justte
2574 1175 2939 1229 damnationis
2974 1190 3093 1244 qua:
3131 1176 3332 1231 homini
3368 1165 3489 1231 data
3525 1188 3631 1232 est.
3663 1178 3767 1245 Qui

2180 1270 2358 1319 tamen
2397 1265 2468 1318 ita
2507 1265 2790 1319 damnatus
2832 1275 2933 1330 est,
2966 1275 3024 1319 ut
3067 1278 3246 1334 posset
3272 1268 3521 1337 passione
3562 1267 3768 1322 Christi

2180 1354 2392 1410 redimi.
2442 1354 2591 1411 Unde
2633 1363 2688 1411 et
2723 1365 2869 1410 recte
2902 1355 3112 1426 gladius
3144 1357 3256 1426 ipse
3289 1357 3542 1410 versatilis
3571 1359 3774 1413 dicitur

2180 1445 2273 1515 qui
2313 1454 2496 1515 posset
2541 1445 2834 1514 aliquando
2884 1446 3170 1501 removeri.
3212 1447 3472 1501 Rcmotus
3506 1457 3588 1501 est
3624 1449 3772 1502 enim

2181 1533 2428 1599 Henoch,
2464 1544 2519 1589 et
2554 1534 2703 1599 Elia},
2735 1544 2790 1589 et
2830 1536 3060 1590 Domino
3103 1535 3375 1605 baptizan
3411 1536 3774 1606 omnibusque

2180 1625 2419 1693 quotidie
2464 1625 2732 1689 ﬁdelibus,
2770 1640 2892 1679 cum
2924 1626 2987 1680 de
3017 1627 3118 1680 hac
3150 1627 3259 1680 vita
3289 1627 3357 1681 ad
3384 1626 3530 1680 illam
3576 1642 3772 1696 snper-

2181 1729 2307 1768 nam
2336 1723 2616 1770 transeunt
2639 1715 3050 1770 beatitudinem.
3081 1716 3149 1770 Et
3175 1732 3279 1771 non
3306 1717 3435 1771 dicit
3460 1733 3473 1769 :
3499 1717 3776 1785 ﬂammant

2182 1810 2228 1856 et
2256 1803 2511 1873 gladium,
2548 1805 2640 1860 sed
2670 1805 2969 1873 ﬂammeum
3003 1805 3236 1875 gladium
3260 1824 3278 1861 :
3305 1808 3429 1877 quia
3462 1808 3777 1877 quicunque

493 1917 617 1958 cum
649 1901 846 1957 dicitur
873 1915 888 1954 :
915 1899 1199 1954 Maledicta
1243 1909 1382 1953 terra
1420 1901 1475 1952 in
1524 1915 1675 1967 opere
1711 1907 1839 1962 tuo;
1870 1896 2081 1950 mulieri
2111 1883 2158 1942 B
2188 1894 2254 1948 ad
2306 1895 2614 1962 paradisum
2664 1896 2838 1952 redire
2886 1897 3127 1966 cupiunt,
3177 1912 3399 1954 necesse
3430 1909 3513 1954 est
3552 1908 3614 1954 ut
3655 1900 3775 1975 igne

493 1993 836 2058 intrinsecus,
860 1992 981 2047 cum
1007 1991 1241 2045 dicitur:
1267 1989 1322 2043 Μ
1328 1988 1628 2060 ultiplicabo
1655 2003 1916 2043 aerumnas
1939 1997 2077 2052 tuas,

491 2092 623 2149 etc.,
654 2084 780 2154 quia
812 2082 1003 2137 mulier
1024 2082 1243 2137 seducta
1268 2081 1477 2150 decepit
1497 2080 1691 2143 virum,
1722 2078 1839 2135 ideo
1864 2079 2083 2150 gravior

493 2171 560 2231 er
573 2190 729 2245 paena
761 2172 1050 2244 irrogatnr.

513 2261 517 2267 ’
570 2265 723 2320 Vers.
753 2264 844 2318 2i.
883 2261 1030 2317 Fecit
1068 2263 1321 2318 Dominus
1356 2262 1492 2318 Deus
1529 2264 1657 2319 Ada:
1700 2274 1748 2319 et
1780 2265 1934 2318 uxori
1965 2264 2081 2334 ejus

497 2354 704 2408 tunicas
731 2352 991 2422 pelliceas.
1016 2351 1190 2409 Pelles
1211 2367 1277 2408 ex
1305 2355 1532 2408 mortuis
1556 2354 1880 2409 animalibus
1906 2354 2084 2411 detra—

498 2442 719 2515 huntur.
749 2441 853 2496 Per
880 2441 1084 2494 tunicas
1110 2456 1239 2511 ergo
1270 2440 1513 2510 pelliceas
1540 2442 1927 2497 ostendebatur
1953 2440 2081 2510 quia

501 2531 757 2587 mortales
781 2531 894 2601 jam
940 2530 1066 2585 facti
1099 2540 1257 2585 erant
1305 2546 1371 2584 ex
1420 2529 1835 2595 immortalibus,
1879 2538 1934 2585 et
1976 2544 2083 2584 non

500 2621 673 2676 solum
693 2622 990 2678 amiserunt
1010 2622 1223 2676 beatmn
1254 2630 1455 2675 statum
1479 2621 1532 2675 in
1563 2636 1724 2691 quem
1754 2620 1951 2675 mutari
1983 2634 2081 2691 po-

501 2719 700 2776 terant,
727 2710 772 2765 si
797 2725 901 2764 non
926 2718 1257 2780 peccassent,
1280 2725 1465 2764 verum
1489 2711 1653 2765 etiam
1681 2711 1851 2780 ipsam
1874 2708 2084 2765 felicem

500 2802 689 2866 vitam,
713 2818 818 2873 qua
836 2802 886 2856 in
903 2801 1151 2871 paradiso
1177 2800 1334 2864 beate
1351 2802 1532 2858 vivere
1546 2811 1817 2871 poterant,
1847 2800 2088 2872 perdide-

502 2900 649 2947 runt.
678 2891 782 2962 Ipsi
811 2891 1025 2961 quidem
1075 2890 1322 2945 fecerunt
1352 2891 1451 2945 sibi
1490 2892 1844 2960 perizomata,
1871 2899 1930 2945 ut
1956 2903 2084 2959 pec—

502 2993 684 3038 catum
714 2997 869 3037 suum
902 2983 1010 3037 Deo
1050 2982 1462 3037 absconderent.
1499 2982 1638 3036 Deus
1673 2996 1802 3036 vero
1829 2980 1949 3049 fecit
1981 2978 2086 3032 illis

505 3076 709 3128 tunicas
734 3073 976 3139 pelliceas
1002 3073 1198 3142 quibus
1232 3080 1401 3126 totum
1432 3086 1628 3141 corpus
1658 3086 1845 3127 eorum
1886 3068 2080 3132 induit,

505 3165 631 3235 quia
674 3164 726 3217 in
751 3178 976 3232 corpore
1001 3173 1053 3217 et
1088 3163 1142 3216 in
1173 3163 1349 3216 anima
1368 3161 1517 3229 justo
1549 3161 1754 3230 judicio
1791 3158 2083 3216 damnavit.

2188 1980 2424 2050 Spiritus
2479 1984 2652 2038 sancti
2704 2000 2893 2039 omnes
2931 1988 3401 2056 concupiscentias
3444 1989 3606 2057 hujus
3652 1990 3777 2044 vita:

2184 2085 2433 2139 exurent,
2462 2084 2515 2130 et
2564 2076 2739 2147 gladio
2774 2078 2924 2133 verbi
2962 2077 3055 2132 Dei
3091 2081 3391 2149 prmcidant
3414 2081 3677 2150 quidquid
3720 2082 3775 2135 in

2185 2180 2244 2220 se
2291 2166 2511 2221 noxium
2554 2174 2609 2222 et
2658 2166 2847 2222 inutile
2877 2171 3277 2238 conspexerint.
3320 2169 3438 2224 Alia
3494 2170 3779 2225 translatio

2185 2256 2350 2312 habet
2376 2275 2389 2309 :
2412 2268 2592 2311 contra
2622 2259 2950 2329 paradisum,
2974 2261 3228 2330 quoniam
3251 2264 3543 2319 vehemens
3563 2272 3779 2319 centra-

2186 2348 2351 2405 rietas
2375 2348 2504 2405 Adae
2530 2350 2776 2421 contigit.
2815 2350 2935 2406 Non
2965 2353 3110 2407 enim
3137 2369 3308 2424 parvo
3351 2355 3628 2410 contraria
3655 2366 3781 2410 sunt

2184 2429 2460 2525 beatitudo
2473 2450 2527 2497 et
2542 2440 2778 2496 miseria.
2798 2441 3075 2512 Siquidem
3094 2446 3184 2515 qui
3201 2446 3350 2515 prius
3366 2446 3579 2525 beatus,
3605 2447 3780 2505 factus

2185 2524 2483 2596 estmiser,
2503 2540 2557 2585 et
2578 2531 2668 2600 qui
2694 2540 2852 2586 antea
2881 2533 3202 2589 immortalis
3232 2524 3505 2600 conditus,
3534 2534 3781 2591 mortalis

2186 2618 2525 2675 cffectusest.
2546 2620 2825 2675 Cherubin:
2844 2621 3111 2691 plenitudo
3125 2624 3355 2677 scientia:
3373 2624 3776 2693 interpretatur.

2187 2708 2479 2765 Cbcrubim
2511 2723 2642 2780 ergo
2668 2718 2724 2764 et
2764 2707 3047 2765 ﬂammeus
3075 2711 3283 2782 gladius
3308 2721 3433 2767 ante
3466 2713 3779 2781 paradisum

2148 2796 2158 2865 ί
2187 2796 2507 2863 collocatur,
2566 2807 2624 2851 ut
2669 2798 2826 2854 detur
2890 2799 3116 2870 intelligi
3165 2800 3290 2869 quia
3342 2816 3441 2871 per
3492 2802 3778 2857 scientiam

2189 2886 2484 2956 disciplinam
2537 2887 2776 2943 caelestis
2826 2897 2880 2944 ct
2916 2892 3033 2958 per‘
3060 2888 3433 2945 tribulationes
3471 2899 3528 2945 et
3568 2890 3782 2947 labores

2189 2977 2311 3031 vita:
2338 2978 2622 3048 praesentis
2645 2978 2709 3034 ad
2731 2979 3041 3049 paradisum
3072 2994 3360 3049 possumus
3390 2981 3590 3035 redire.

2804 3108 3032 3166 CAPUT
3072 3108 3159 3164 lV~

505 3233 561 3311 lu
587 3255 766 3311 anima
797 3256 1013 3327 quidem
1043 3263 1266 3326 pr0pter
1294 3264 1573 3324 peccatum
1605 3251 2083 3325 przevaricationis,

2269 3242 2422 3299 Vers.
2464 3245 2515 3298 l.
2560 3244 2730 3298 Adam
2775 3261 2890 3300 vero
2947 3246 3185 3314 cognovit
3235 3263 3449 3300 uxOrem
3493 3263 3668 3316 suam.
3726 3248 3780 3301 In

508 3345 560 3402 in
588 3344 814 3417 corpore
836 3361 965 3403 vero
993 3354 1215 3416 propter
1239 3361 1456 3416 poenam
1498 3347 1724 3417 peccati.
1759 3345 1931 3401 Stulta
1960 3360 2090 3401 vero

507 3434 730 3505 qtuestio
755 3444 858 3499 est,
903 3434 948 3490 si
976 3435 1098 3506 quis
1126 3433 1255 3489 velit
1294 3435 1575 3505 requirere
1606 3435 1839 3504 qualiter
1865 3433 1949 3489 vel
1983 3448 2091 3502 quo

506 3532 765 3592 operante
801 3521 971 3592 pelles
1012 3523 1081 3578 ab
1126 3522 1449 3578 animalibus
1493 3524 1770 3579 subductae
1815 3523 1943 3579 sint.
1987 3522 2090 3590 Qui

507 3613 652 3668 enim
693 3612 761 3669 de
795 3612 962 3668 nihilo
1002 3612 1245 3668 condidit
1279 3613 1460 3668 omnia
1514 3614 1674 3678 Deus,
1722 3614 1827 3669 hoc
1876 3627 2092 3683 quoque

508 3701 776 3772 quomodo
801 3701 884 3757 vel
918 3701 1150 3771 qualiter
1174 3701 1341 3757 voluit
1369 3700 1518 3757 fecit.
1579 3711 1583 3714 '

581 3790 736 3846 Vcrs.
766 3790 856 3845 22.
894 3791 1031 3846 Ecce
1068 3792 1236 3845 Adam
1276 3794 1429 3862 quasi
1456 3809 1591 3848 unus
1622 3809 1686 3848 ea:
1734 3794 1880 3849 nobis
1917 3794 2091 3864 factus

507 3879 621 3934 est!
659 3879 933 3934 Irridendo
959 3893 1145 3933 eorum
1172 3881 1479 3948 superbiam
1510 3881 1736 3953 replicat
1762 3881 1901 3937 Deus
1925 3880 2091 3937 verba

506 3980 630 4038 quae
676 3976 868 4023 Suasor
909 3969 1121 4024 dixerat
1175 3969 1227 4024 in
1272 3981 1433 4040 caput
1481 3970 1841 4028 damnationis
1879 3974 2087 4038 eorum,

508 4056 733 4112 dicens:
769 4059 937 4112 sciens
965 4058 1156 4111 bonum
1194 4068 1242 4112 et
1270 4058 1487 4115 malum.
1520 4060 1682 4128 Quasi
1713 4060 1953 4116 diceret:
1982 4075 2089 4115 non

507 4144 680 4201 Solum
706 4162 811 4202 non
842 4147 1017 4217 potuit
1042 4147 1215 4202 Adam
1239 4150 1521 4218 pervenire
1559 4152 1627 4205 ad
1662 4150 1715 4205 id
1742 4152 1885 4221 quod
1915 4152 2087 4222 petiit,

507 4234 714 4291 scilicet
733 4246 792 4291 ut
817 4236 1008 4292 similis
1037 4236 1147 4293 Deo
1188 4236 1365 4304 ﬁeret,
1392 4241 1485 4294 sed
1516 4243 1677 4295 etiam
1724 4240 1777 4295 id
1801 4243 1943 4310 quod
1973 4250 2092 4297 erat

508 4325 712 4381 amisit.
743 4325 980 4396 Appetiit
1004 4326 1196 4383 similis
1226 4342 1347 4383 esse
1369 4328 1499 4394 Deo,
1527 4342 1633 4384 non
1666 4330 1942 4386 humiliter
1969 4331 2091 4386 imi—

507 4416 672 4470 tando
726 4414 917 4481 Deum,
965 4416 1059 4471 sed
1114 4416 1471 4487 superbiendo
1520 4424 1575 4473 et
1625 4416 1740 4487 ejus
1792 4419 2089 4475 dominium

506 4500 826 4576 re'spuendo.
877 4505 1030 4574 Quod
1078 4517 1258 4561 autem
1307 4509 1593 4578 sequitur,
1642 4509 1797 4579 quasi
1843 4526 1979 4565 unus
2024 4527 2090 4565 ea:

507 4590 674 4664 nobis,
700 4608 902 4654 sanctte
928 4599 1208 4654 Trinitatis
1240 4601 1443 4656 mentio
1468 4601 1787 4657 inculcatur.
1826 4602 1983 4657 Nunc
2008 4620 2091 4658 cr-

505 4688 570 4759 go
595 4705 658 4742 ne
687 4688 821 4759 forte
845 4690 1017 4743 mittat
1044 4706 1259 4743 manum
1290 4706 1460 4745 suam.
1487 4692 1639 4759 Quod
1662 4707 1790 4748 vero
1819 4693 1988 4748 dicit:
2028 4711 2091 4749 ne

509 4774 642 4848 forte
675 4782 845 4834 mittat
870 4796 1085 4834 manuus
1124 4797 1297 4845 suam,
1322 4782 1484 4837 verba
1514 4782 1608 4839 Dei
1639 4792 1784 4840 sunt.
1817 4783 1970 4852 Quod
1997 4785 2089 4840 de-

509 4869 672 4939 nique
696 4871 975 4940 sequitur:

510 4956 525 4963 ’
576 4957 732 5013 Vers.
764 4959 853 5015 25.
883 4959 1056 5031 Ejecit
1096 4978 1215 5017 eum
1247 4964 1311 5018 de
1340 4965 1604 5034 paradiso.
1635 4967 1801 5021 Actus
1843 4967 1956 5036 ipse
1982 4974 2085 5033 est,

506 5060 562 5106 et
602 5058 686 5106 est
710 5051 970 5108 defectiva
1000 5054 1199 5111 locutio
1246 5057 1383 5112 irato
1428 5059 1512 5113 vel
1548 5062 1862 5129 perturbato
1891 5075 2085 5116 conve-

506 5140 683 5222 niens,
716 5155 821 5195 non
852 5144 994 5212 quod
1034 5144 1084 5197 in
1127 5143 1292 5200 Deum
1322 5146 1464 5201 ullus
1498 5148 1591 5202 ira:
1619 5148 1699 5203 vel
1729 5148 2088 5219 perturbatio-

505 5230 593 5309 nis
628 5240 805 5289 motus
844 5233 1001 5287 cadat
1024 5235 1114 5304 qui
1153 5245 1237 5291 est
1274 5251 1499 5292 smmum
1542 5238 1962 5307 tranquillitatis,
1993 5238 2086 5294 sed

506 5336 552 5342 '“
693 5337 743 5346 ”
849 5340 860 5352 “
892 5324 1184 5364 °""‘""‘“
1214 5327 1317 5372 Ιιηο
1359 5328 1565 5380 dictum
1603 5340 1706 5396 est,
1737 5345 1856 5400 quae
1883 5330 1949 5384 de
1976 5330 2087 5386 Deo

2192 3334 2443 3404 paradiso
2493 3336 2700 3405 positus
2746 3351 2858 3390 non
2923 3336 3119 3405 legitur
3170 3339 3488 3409 cognovisse
3550 3355 3778 3393 uxorem

2193 3438 2368 3489 suam,
2399 3426 2491 3480 sed
2528 3436 2813 3496 postquam
2857 3423 3062 3493 ejectus
3098 3437 3181 3482 est
3222 3426 3288 3481 de
3321 3428 3594 3498 paradiso.
3643 3430 3780 3497 Quia

2192 3513 2333 3569 enim
2368 3524 2688 3584 peccaturus
2713 3523 2831 3569 erat
2859 3523 2913 3568 et
2937 3513 3193 3569 mortales
3221 3515 3358 3571 ﬁlios
3385 3526 3780 3587 generaturus,

2193 3604 2314 3660 ideo
2351 3604 2530 3659 nullus
2558 3620 2622 3660 ex
2652 3603 2769 3674 ejus
2803 3604 2970 3675 stirpe
3010 3605 3064 3658 in
3093 3598 3343 3675 paradiso
3384 3616 3544 3662 natus
3572 3619 3655 3663 est
3687 3608 3778 3678 qui

2186 3696 2343 3751 locus
2367 3704 2451 3750 est
2474 3696 2611 3750 vitae.
2650 3695 2780 3762 Qua:
2805 3697 3036 3750 concepit
3059 3706 3105 3750 et
3129 3699 3323 3767 peperit
3349 3697 3528 3752 dicens
3550 3714 3570 3753 :
3600 3716 3778 3768 posse-

2191 3787 2247 3840 di
2265 3787 2524 3841 hominem
2548 3803 2638 3857 per
2657 3785 2844 3841 Deum.
2873 3786 3068 3841 Cainiti
3090 3784 3354 3844 Hebraicc
3386 3788 3665 3844 Possidere
3691 3790 3776 3846 di-

2191 3877 2351 3933 citur.
2401 3875 2540 3945 Quia
2588 3891 2716 3948 ergo
2759 3881 2947 3949 ;mater
2994 3877 3131 3934 dixit
3168 3894 3183 3933 :
3233 3875 3455 3932 Possedi
3495 3877 3780 3944 hominem,

2188 3979 2420 4026 Vocatus
2448 3978 2532 4025 est
2554 3967 2687 4025 Cain
2712 3970 2986 4040 possessio.
3520 3960 3525 3965 ’
3624 4016 3633 4022 .

2188 4054 2189 4057 “
2262 4059 2416 4117 Vers.
2455 4060 2511 4114 2.
2569 4058 2904 4130 Rursumque
2953 4059 3148 4130 peperit
3198 4058 3313 4128 ejus
3357 4058 3575 4128 fratrem
3630 4059 3777 4114 Abel.

2189 4154 2324 4210 Abel
2361 4154 2533 4208 luctus
2576 4150 2663 4206 vel
2690 4167 2851 4217 vapor
2881 4150 3293 4221 interpretatur.
3329 4149 3454 4205 Fuit
3478 4149 3650 4204 luctus
3683 4166 3780 4220 pa-

2190 4243 2437 4300 rentibus
2483 4241 2784 4297 exstinctus
2815 4255 2845 4295 a
2881 4238 3073 4309 fratre,
3103 4250 3159 4296 et
3193 4249 3447 4309 tanquam
3488 4257 3651 4310 vapor
3674 4243 3780 4296 cito

2189 4333 2436 4404 disperiit
2463 4333 2545 4388 vel
2568 4332 2850 4402 disparuit.

2260 4424 2416 4480 Vers.
2451 4422 2509 4477 4.
2554 4421 2799 4493 Respexit
2833 4420 3089 4477 Dominus
3119 4423 3188 4476 ad
3215 4420 3341 4476 Abel
3366 4431 3414 4476 et
3452 4423 3523 4475 ad
3559 4438 3775 4477 munera

2192 4517 2325 4587 ejus.
2381 4516 2437 4570 In
2479 4530 2609 4584 quo.
2643 4516 2881 4585 respexit
2935 4516 3194 4571 Dominus
3231 4515 3297 4568 ad
3336 4528 3559 4567 munera
3606 4513 3777 4568 Abel?

2193 4606 2375 4679 Ignem
2421 4607 2673 4663 videlicet
2720 4607 2936 4662 coalitus
2982 4607 3241 4662 mittendo
3291 4620 3399 4675 quo
3449 4604 3774 4660 sacriﬁcium

2195 4697 2632 4752 consumebatur.
2656 4695 2808 4763 Quod
2834 4694 3220 4764 Theodotionis
3243 4694 3523 4749 translatio
3539 4693 3775 4749 ostendit

2193 4788 2376 4843 dicens
2428 4801 2443 4840 :
2499 4785 2853 4855 Inﬂammarit
2896 4784 3154 4839 Dominus
3201 4801 3358 4855 super
3390 4783 3519 4838 Abel
3554 4797 3573 4833 .'
3618 4799 3773 4852 super

2195 4879 2324 4934 Cain
2363 4890 2536 4933 autent
2582 4894 2684 4932 non
2732 4877 3095 4947 inﬂammavit.
3123 4876 3238 4931 Tali
3267 4876 3415 4932 enim
3449 4874 3611 4930 modo
3644 4890 3769 4946 pro-

2190 4968 2350 5023 batur
2395 4968 2566 5022 hostia
2609 4967 2718 5020 Deo
2757 4965 3044 5035 placuisse.
3737 4956 3742 4960 ’

2262 5056 2368 5112 Sed
2396 5057 2563 5126 (μιαν-ἰ
2585 5064 2764 5125 potest
2794 5069 2961 5123 quare
2992 5055 3133 5110 Deus
3160 5055 3398 5124 respexit
3449 5052 3518 5109 ad
3547 5067 3769 5107 munera

2188 5150 2344 5214 Abel,
2371 5152 2437 5203 ad
2471 5149 2604 5211 Cain
2647 5162 2775 5202 vero
2808 5162 3030 5201 munera
3069 5162 3177 5201 non
3214 5145 3495 5214 respexit?
3519 5142 3769 5211 Nunquid

2189 5240 2331 5295 enim
2360 5240 2479 5309 plus
2507 5238 2680 5306 placet
2711 5236 2996 5308 peculiaris
3042 5236 3214 5291 hostia
3241 5251 3403 5306 quam
3443 5232 3767 5291 sacriﬁcium

2192 5330 2301 5383 Deo
2350 5329 2417 5383 de
2462 5326 2775 5382 fructibus?
2826 5325 2933 5383 Sed
2964 5326 3254 5382 sciendum
3301 5328 3426 5397 quia
3460 5326 3603 5381 Deus
3650 5324 3768 5394 plus

2256 5439 2307 5444 η
2324 5430 2401 5454 ⁸⁸⁸
2426 5420 2785 5475 olfercntium.
2811 5435 2972 5472 uuam
2999 5420 3047 5466 itl
3073 5417 3579 5464 nnmlnl’fnrolmtnr-
3599 5425 3767 5468 allen-
