3986 5506
145 427 219 493 69
1283 424 1828 484 COMIIBNTARIUS
1865 423 1928 478 ΙΝ
1968 420 2288 477 Gl-INESIM.
2445 413 2449 416 ’
3368 422 3437 478 70

147 562 268 607 tum
295 555 358 603 ut
382 539 621 603 habeant
664 543 1060 607 sufficientiam,
1093 545 1186 599 sed
1217 555 1274 598 ut
1298 542 1564 613 superflua
1597 555 1739 608 qum-
1773 542 1814 599 Α
1838 535 1948 604 jam
1970 536 2225 597 diximus,
2253 541 2396 588 terra
2422 532 2705 587 maledicta
2725 543 2828 597 est,
2856 548 2958 588 non
2985 534 3114 604 ipse.
3133 535 3189 588 In
3217 545 3440 604 peccato

147 656 258 710 que
288 647 346 694 et
378 638 556 692 minus
585 635 892 692 necessaria
925 644 1269 705 congregem.
1310 633 1462 687 llnnc
1499 633 1735 685 laborem

149 727 486 798 superfluum
538 727 674 780 vidit
703 727 845 779 Deus
895 725 949 778 in
1001 725 1158 789 Cain,
1189 737 1244 780 et
1274 725 1394 778 ideo
1437 723 1504 776 ad
1545 737 1744 775 munus

147 819 268 887 ejus
299 834 409 874 non
440 817 697 887 respexit.
723 815 829 868 Ars
856 828 986 868 vero
1009 812 1547 884 pastoralissimples
1581 819 1660 865 est
1685 817 1742 863 et

149 909 408 974 innocua,
436 923 597 978 quam
639 917 759 977 post
783 903 913 959 Abel
940 906 1115 960 sancti
1151 905 1340 960 Patres
1376 904 1626 958 habuisse
1667 901 1741 955 leo

148 1011 374 1070 guntur.
441 1034 446 1041 -

220 1093 386 1147 Vers.
413 1092 471 1155 5,
501 1091 556 1145 6.
602 1091 667 1144 Et
703 1092 926 1146 concidit
967 1091 1137 1146 vultus
1169 1091 1283 1159 ejus
1315 1090 1368 1143 in
1395 1099 1610 1142 terram.
1650 1087 1744 1140 Di-

147 1185 332 1253 xitque
361 1182 618 1236 Dominus
648 1183 717 1236 ad
744 1199 862 1236 eum
898 1195 916 1235 .'
950 1181 1126 1248 Quare
1153 1182 1320 1234 iratus
1347 1197 1420 1241 es,
1447 1189 1492 1230 et
1515 1178 1739 1230 concidit

152 1276 314 1343 facies
340 1274 477 1328 tua?
509 1273 564 1328 ld
587 1283 691 1339 est,
719 1274 830 1328 Cur
856 1273 1026 1328 livore
1057 1272 1344 1342 torqueris,
1375 1280 1430 1325 et
1463 1285 1572 1323 non
1601 1269 1740 1322 bona

152 1367 480 1420 verecundia
523 1366 904 1437 perfunderis?
945 1366 1013 1421 Ut
1061 1366 1204 1420 enim
1251 1363 1526 1433 Sapientia
1572 1363 1736 1416 dicit:

157 1453 248 1510 Est
278 1457 522 1527 confusio
551 1457 815 1510 adducens
844 1467 1139 1526 peccatum,
1182 1465 1229 1510 et
1264 1468 1337 1509 est
1371 1455 1612 1523 confusio
1641 1453 1741 1506 ad-

155 1547 347 1601 ducens
379 1547 604 1617 gloriam
631 1547 832 1616 (Eccli.
859 1563 933 1612 tv,
963 1547 1035 1601 25
1050 1548 1092 1617 ).

225 1638 381 1693 Vers.
416 1639 467 1692 7.
508 1636 698 1692 Statim
723 1639 776 1691 in
800 1637 1000 1704 foribus
1021 1648 1288 1707 peccatum
1313 1636 1499 1690 aderit.
1543 1635 1598 1689 lal
1635 1645 1739 1697 est,

159 1728 359 1795 patebit
396 1727 670 1790 omnibus,
711 1728 892 1782 ethoc
917 1729 1071 1796 quasi
1099 1726 1336 1795 janitore
1372 1724 1738 1780 comitaberis.

1842 635 2018 680 autem
2067 626 2200 679 Cain
2249 625 2362 692 ipse
2416 623 2772 687 maledicitur,
2831 628 2958 693 quia
2990 626 3168 679 sciens
3220 636 3430 684 reatunt

1840 715 2026 783 primm
2057 712 2515 781 prmvaricatiouis
2537 726 2642 765 non
2673 713 2871 777 timuit,
2897 715 2990 767 sed
3015 714 3431 783 insuperscelus

1841 802 2115 858 homicidii
2145 801 2226 854 vel
2255 800 2538 855 fratricidii
2583 801 2798 870 adjecit.
2841 803 3142 873 Allegorice
3181 807 3433 873 superius

1841 897 2073 950 diximus
2124 893 2254 948 Cain
2305 891 2520 948 Judmos
2565 894 2907 964 signiﬁcare,
2955 896 3088 950 Abel
3136 896 3432 950 Christum.

1844 986 2002 1040 Terra
2025 1001 2151 1040 vero
2179 986 2281 1040 hoc
2303 984 2420 1040 loco
2457 986 2750 1040 Ecclesiam
2789 987 3079 1056 significat,
3109 992 3228 1056 quae
3254 987 3431 1042 fusum

1841 1075 2040 1129 Christi
2069 1075 2385 1143 sanguinem
2408 1084 2594 1143 aperto
2615 1091 2730 1139 ore,
2756 1076 2808 1130 id
2848 1086 2932 1130 est
2957 1092 3164 1147 magna:
3195 1077 3410 1133 devotio
3431 1110 3448 1118 -

1844 1165 1926 1218 uis
1952 1163 2242 1228 desiderio,
2267 1165 2332 1218 ad
2363 1174 2622 1219 aeternam
2647 1167 2870 1237 suscipit
2898 1167 3134 1222 salutem

1919 1272 2066 1328 Vers.
2103 1273 2186 1326 12.
2222 1273 2396 1343 Vagus
2419 1283 2468 1325 et
2494 1275 2747 1344 profugus
2768 1278 2869 1330 eris
2897 1294 3052 1346 super
3078 1287 3292 1332 terram.
3324 1279 3437 1333 Hoc

1844 1363 1910 1417 de
1931 1362 2009 1417 eis
2032 1363 2380 1417 manifestum
2404 1371 2488 1416 est
2519 1364 2610 1432 qui
2637 1379 2734 1432 per
2763 1379 2977 1419 onmem
3011 1365 3238 1419 Romani
3285 1366 3434 1421 orbis

1844 1452 2128 1520 imperium
2153 1453 2275 1523 vagi
2301 1461 2355 1506 et
2384 1451 2594 1522 profuai
2633 1464 2760 1509 sunt
2823 1470 2922 1509 nec
2964 1470 3190 1523 usquam
3235 1456 3436 1512 habent

1848 1552 2030 1597 certas
2057 1542 2232 1596 sedes.

1919 1631 2067 1686 Vers.
2087 1631 2174 1684 15.
2194 1630 2438 1700 Dixitque
2451 1630 2581 1684 Cain
2598 1647 2615 1683 :
2634 1630 2809 1701 Major
2821 1632 3068 1701 iniquitas
3083 1651 3194 1688 mea
3210 1651 3362 1703 quam
3384 1647 3436 1689 ut

1850 1725 2053 1778 reniam
2078 1739 2302 1776 merear.
2322 1722 2564 1776 l’eccatis
2586 1733 2804 1792 peccata
2831 1723 3091 1791 adjiciens
3111 1726 3436 1792 desperavit,

159 1816 259 1870 Sed
292 1819 389 1870 sub
413 1827 461 1870 te
495 1817 614 1881 erit,
647 1816 700 1870 id
729 1826 832 1878 est,
861 1819 962 1872 sub
995 1827 1082 1872 tua
1125 1825 1390 1886 potestate
1440 1815 1545 1868 erit
1581 1829 1741 1882 appe-
1784 1828 1949 1886 isnec
1987 1813 2213 1867 credidit
2245 1829 2303 1868 se
2333 1829 2489 1882 posse
2512 1814 2706 1868 salvari
2738 1815 2818 1867 vel
2847 1815 3059 1870 veniam
3091 1817 3337 1886 adipisci.
3374 1818 3439 1870 Et

158 1907 279 1960 titus
332 1907 471 1976 ejus,
514 1917 560 1960 et
610 1917 667 1960 tu
706 1908 1061 1962 dominaberis
1097 1885 1258 1961 illius.
1298 1907 1364 1960 Et
1391 1914 1475 1960 est
1519 1919 1737 1958 sensus:
1781 1885 1820 1943 Β
1851 1904 1963 1958 inec
1985 1914 2069 1959 est
2095 1903 2425 1973 blasphemia
2455 1905 2508 1956 in
2541 1903 2801 1973 Spiritum
2824 1916 3067 1960 sanctum
3090 1885 3209 1975 quae
3240 1924 3330 1960 nec
3353 1908 3436 1960 hic

158 1996 292 2062 Quia
348 1995 574 2050 rationis
622 2010 790 2064 capax
821 2011 900 2059 es,
960 2007 1014 2050 et
1061 1997 1200 2050 nosti
1234 1996 1358 2064 quid
1399 1996 1467 2048 sit
1524 1994 1744 2058 bonum,

159 2087 353 2156 quidve
388 2088 610 2151 malum,
638 2087 799 2142 debes
831 2088 1096 2142 dominari
1133 2097 1371 2156 peccato,
1417 2096 1474 2141 ut
1504 2085 1748 2140 voluntas

159 2178 293 2232 mala
327 2195 432 2233 non
465 2195 636 2248 usque
660 2180 726 2233 ad
763 2181 942 2250 operis
976 2182 1270 2251 nequitiam
1302 2165 1644 2250 perducatur.
1684 2167 1749 2234 Et

160 2269 259 2323 hoc
309 2277 413 2333 est,
447 2269 591 2336 quod
627 2268 767 2322 LXX
827 2269 1051 2323 dicunt:
1097 2268 1372 2323 Peccasti?
1413 2270 1634 2336 quiesce.
1690 2269 1745 2322 ld

157 2368 260 2423 est,
298 2359 538 2414 Peccasti
571 2359 884 2413 voluntate?
909 2361 1131 2430 quiesce
1172 2377 1201 2414 a
1244 2361 1384 2415 malo
1417 2377 1598 2430 opere.
1629 2363 1743 2416 Alia

159 2450 440 2505 translatio
472 2451 634 2505 habet
670 2469 682 2504 :
728 2450 790 2505 Si
830 2463 962 2505 recte
993 2453 1208 2520 offeras,
1253 2462 1384 2506 recte
1425 2463 1598 2506 autem
1643 2469 1745 2506 non

156 2539 381 2605 dividas,
408 2541 535 2593 dicit
569 2541 824 2595 Dominus
857 2558 875 2596 :
911 2544 1154 2611 peccasti.
1191 2543 1255 2596 Et
1293 2542 1426 2596 Cain
1461 2552 1606 2598 recte
1645 2545 1744 2598 ob-

161 2629 300 2693 tulit,
358 2630 486 2699 quia
525 2631 710 2700 utique
743 2632 853 2686 Deo
886 2633 976 2702 qui
1019 2631 1163 2687 solus
1208 2643 1290 2686 est
1337 2633 1663 2699 adorandus,
1693 2643 1745 2688 et

157 2721 242 2774 cui
282 2732 369 2776 est
416 2722 852 2776 sacriﬁcandum.
900 2723 1006 2778 Sed
1055 2739 1160 2778 non
1212 2731 1358 2778 recte
1405 2724 1609 2787 divisit,
1647 2740 1744 2779 sua

157 2811 268 2865 Deo
307 2809 504 2874 dando,
549 2825 609 2864 se
653 2819 834 2865 autem
881 2811 1004 2875 sibi,
1049 2827 1172 2866 cum
1230 2811 1370 2866 Deus
1421 2813 1598 2882 potius
1647 2828 1743 2866 nos

155 2916 320 2969 quam
347 2913 534 2958 nostra
571 2903 862 2959 desideret.
891 2905 1079 2963 Omnis
1117 2905 1260 2959 enim
1309 2905 1400 2974 qui
1433 2905 1633 2975 aliquid
1664 2905 1744 2959 of-

158 2990 264 3045 fert
310 2992 658 3047 considerare
699 2993 856 3047 debet
898 2993 986 3047 cui
1016 2991 1235 3054 offerat,
1289 3003 1343 3047 et
1385 3008 1492 3062 quo
1529 2993 1738 3059 offerat,

157 3091 213 3135 et
237 3082 451 3151 quando
475 3092 530 3137 et
559 3082 680 3150 quis
707 3081 776 3136 sit
813 3083 925 3151 ipse
951 3083 1043 3152 qni
1071 3082 1242 3137 offert.
1341 3073 1344 3076 ’

227 3170 385 3246 Vers.
436 3171 488 3226 8.
553 3171 798 3241 Dixitque
843 3171 974 3226 Cain
1022 3175 1090 3226 ad
1129 3175 1254 3228 Abel
1298 3163 1516 3242 fratrem
1551 3192 1740 3230 suum:

158 3247 326 3316 Sed”l
356 3261 477 3323 hoc,
508 3263 650 3330 quod
685 3277 714 3314 a
759 3261 869 3315 Deo
907 3263 1153 3317 audierat
1183 3283 1196 3315 :
1229 3263 1555 3333 superﬂuum
1596 3267 1739 3321 enim

155 3360 260 3405 est.
297 3347 648 3420 Egrediantur
675 3352 841 3418 foras.
872 3350 1055 3420 Neque
1084 3353 1228 3405 enim
1249 3353 1427 3408 adhuc
1449 3355 1638 3410 domus
1661 3355 1742 3410 vel

158 3443 419 3512 templum
479 3452 599 3496 erat
648 3443 738 3496 ubi
793 3444 902 3497 Deo
952 3443 1276 3498 sacriﬁcium
1324 3443 1630 3499 offerretur.
1673 3445 1740 3499 Et

154 3537 482 3590 consurrexit
522 3535 656 3590 Cain
683 3537 928 3591 adversus
959 3537 1172 3606 fratrem
1203 3556 1378 3605 suum,
1405 3548 1452 3593 et
1488 3539 1742 3610 interfecit

155 3642 295 3679 eum.
327 3625 514 3692 Retro,
546 3611 609 3681 ut
645 3626 844 3694 ferunt,
873 3629 1128 3698 pastorali
1159 3631 1331 3700 virga.
1362 3629 1661 3702 Allegorice
1689 3633 1742 3686 in

155 3718 365 3774 scelere
392 3719 528 3774 Cain
567 3718 772 3775 malitia
797 3719 1102 3776 Judzeorum
1130 3722 1456 3792 designatur.
1488 3723 1619 3778 Cain
1649 3739 1742 3780 oc-

155 3809 291 3864 cidit
333 3809 597 3864 minorem
642 3807 865 3864 fratrem
900 3826 1057 3864 suum
1095 3810 1250 3876 Abel,
1289 3820 1344 3866 et
1382 3811 1548 3867 Judtei
1585 3812 1742 3869 Chri-

156 3909 300 3954 stum
350 3909 512 3971 caput
547 3900 776 3955 minoris
823 3901 1026 3970 populi,
1075 3901 1131 3956 id
1172 3910 1257 3957 est
1305 3904 1546 3974 gentilis,
1603 3905 1744 3960 sicut

157 3989 275 4056 ipse
301 4004 400 4059 per
429 3988 773 4044 Psalmistam
803 3989 1015 4044 dixerat
1050 3989 1198 4045 Patri
1222 4005 1237 4045 :
1261 3991 1556 4048 Constitues
1584 4011 1664 4048 me
1691 3995 1744 4049 in

154 4090 316 4150 caput
343 4082 570 4150 gentium
593 4079 766 4150 (Psal.
795 4096 928 4146 xv",
960 4081 1072 4152 44).

169 4185 172 4190 '
233 4167 389 4224 Vers.
436 4169 489 4224 9.
541 4167 610 4222 Et
637 4170 712 4222 ait
746 4169 1002 4225 Dominus
1031 4173 1100 4226 ad
1149 4172 1324 4228 Cain:
1354 4173 1455 4229 Ubi
1499 4185 1574 4229 est
1618 4176 1745 4231 Abel

156 4269 326 4327 frater
369 4261 534 4314 tuus?
560 4259 863 4332 lnterrogat
900 4272 1078 4317 autem
1130 4264 1421 4331 Dominus,
1467 4281 1574 4321 non
1601 4268 1744 4336 quod

153 4352 396 4408 disceret
437 4353 579 4422 quod
610 4352 912 4423 ignorabat,
944 4355 1039 4409 sed
1076 4363 1135 4409 ut
1162 4370 1286 4411 eum
1316 4356 1504 4412 saltem
1552 4359 1633 4414 sic
1677 4357 1744 4412 ad

154 4442 556 4500 Confessionem
604 4455 956 4514 provocaret,
1002 4455 1095 4502 aut
1143 4458 1428 4521 negantem
1467 4451 1614 4522 justa
1665 4453 1744 4506 ul—

1850 2011 1940 2049 nec
1963 1997 2016 2050 in
2045 1997 2222 2064 futuro
2255 1997 2542 2049 remittetur
2577 1996 2731 2066 (Luc.
2777 2013 2873 2061 xu,
2905 1996 3014 2068 10).
3043 1996 3142 2063 Qui
3173 1999 3317 2052 enim
3347 1998 3440 2052 de-

1847 2095 2050 2156 sperat,
2068 2094 2161 2140 ant
2182 2087 2516 2156 putatDeum
2538 2087 2677 2140 nolle
2697 2087 2991 2151 dimittere,
3008 2097 3101 2141 aut
3129 2103 3234 2142 non
3257 2103 3438 2156 posse.

1849 2177 1906 2232 Si
1936 2194 2041 2234 non
2071 2186 2268 2248 potest,
2302 2193 2406 2233 non
2435 2179 2798 2246 omnipotens,
2826 2180 2950 2248 quia
2973 2188 3056 2233 est
3075 2179 3275 2248 aliquid
3295 2181 3442 2248 quod

1847 2281 1953 2321 non
1981 2274 2176 2335 potest.
2204 2265 2261 2319 Si
2295 2275 2477 2320 autem
2508 2281 2612 2320 non
2639 2264 2770 2329 vu'lt,
2795 2267 2941 2335 quod
2989 2266 3157 2321 etiam
3195 2268 3438 2336 cogitare

1853 2354 2008 2410 nefas
2032 2363 2138 2421 est,
2171 2354 2378 2410 invidet
2403 2353 2562 2410 saluti
2590 2355 2855 2410 humanae.

1918 2467 2072 2522 Vers.
2097 2466 2185 2520 14.
2217 2464 2351 2520 Ecce
2372 2466 2521 2536 ejicis
2547 2482 2628 2519 me
2649 2466 2802 2519 hodie
2826 2482 2858 2518 a
2883 2465 3018 2534 facie
3045 2477 3216 2521 terrm.
3243 2468 3298 2522 ω
3320 2479 3437 2524 est:

1845 2555 1902 2612 In
1933 2565 2225 2626 conspectu
2275 2564 2366 2610 tuo
2410 2571 2496 2611 me
2540 2556 2815 2626 indignum
2845 2555 3081 2624 jnJicas.
3129 2555 3196 2610 Et
3227 2575 3258 2611 a
3305 2559 3440 2626 facie

1845 2642 1958 2714 tua,
1985 2647 2111 2717 quia
2139 2632 2412 2701 videlicet‘
2443 2647 2617 2716 ipsam
2666 2662 2839 2702 meam
2877 2649 3041 2702 vitam
3076 2649 3199 2704 odio
3229 2651 3437 2704 habens

1847 2737 2149 2809 prmsentiae
2178 2748 2282 2791 tua:
2309 2750 2393 2791 me
2422 2737 2760 2792 subtraham.
2796 2737 2979 2792 Omnis
3009 2740 3170 2807 igitur
3188 2742 3278 2810 qui
3303 2741 3442 2795 inve-

1846 2830 1982 2883 nerit
2004 2845 2107 2893 me,
2131 2829 2331 2882 occidet
2356 2844 2454 2882 me.
2481 2829 2617 2895 Quia
2639 2845 2704 2884 ex
2736 2839 2970 2884 tremore
2992 2833 3237 2900 corporis
3261 2842 3318 2887 et
3346 2832 3434 2888 fu-

1849 2920 2000 2974 riatae
2044 2919 2240 2973 mentis
2284 2919 2645 2989 exagitatione
2685 2921 2992 2988 quicunque
3017 2936 3104 2975 me
3149 2921 3435 2988 invenerit,

1845 3017 2131 3076 cognoscet
2156 3023 2242 3064 me
2271 3009 2490 3078 dignum
2522 3023 2663 3076 esse,
2687 3011 2777 3079 qui
2807 3012 3042 3066 occidar.

1915 3117 2071 3172 Vers.
2119 3117 2206 3172 15.
2253 3118 2599 3190 Nequaquam
2642 3121 2715 3174 ita
2747 3121 2852 3184 ﬁet.
2907 3121 2962 3176 ld
3009 3133 3125 3187 est,
3177 3139 3282 3179 non
3329 3127 3437 3182 cito

1771 3229 1814 3290 ρ
1848 3207 2116 3272 morieris,
2163 3207 2301 3262 sicut
2342 3208 2446 3263 vis.
2485 3207 2789 3279 Septuplum
2819 3212 3086 3278 punietur.
3118 3212 3174 3266 ld
3215 3223 3298 3268 est
3329 3214 3441 3283 ple-

1853 3295 2003 3350 narie
2025 3303 2080 3349 et
2127 3294 2382 3364 perfecte.
2425 3295 2573 3350 Solet
2612 3298 2756 3352 enim
2800 3300 3140 3368 septenarius
3182 3317 3441 3361 numerus

1852 3401 1949 3455 pro
1975 3383 2307 3455 perfectione
2329 3386 2475 3454 poni.
2509 3384 2660 3440 Unde
2689 3402 2828 3455 saepe
2872 3388 3127 3442 Dominus
3166 3390 3440 3445 minatur:

1851 3463 2158 3546 percutiam,
2215 3475 2499 3547 inquiens,
2530 3491 2617 3529 vos
2662 3476 2846 3545 septies
2884 3476 2902 3547 (
2931 3476 3091 3531 Leuit.
3125 3494 3247 3531 xxvi
3268 3519 3282 3544 ,
3323 3478 3439 3547 2i),

1852 3565 1906 3622 id
1929 3574 2014 3622 est
2060 3565 2316 3638 perfecte.
2352 3564 2660 3620 Secundum
2687 3565 2852 3638 igitur
2878 3567 3020 3621 LXX
3049 3567 3279 3639 legitur:
3313 3569 3442 3636 Qui-

1853 3673 2064 3728 cunque
2094 3657 2341 3712 occiderit
2384 3656 2539 3724 Cain,
2579 3667 2768 3728 septem
2799 3657 3048 3713 vindictas
3088 3660 3334 3714 exsolvet.
3378 3662 3444 3716 Et

1851 3761 1935 3806 est
1978 3764 2166 3805 sensus
2212 3763 2227 3802 :
2269 3747 2384 3805 Non
2416 3749 2490 3804 ita
2530 3749 2621 3804 ﬁet
2675 3757 2733 3802 ut
2778 3749 2900 3814 vis,
2937 3757 2994 3803 ut
3035 3750 3283 3805 videlicet
3328 3752 3436 3805 cita

1854 3851 2025 3897 morte
2050 3842 2219 3912 longa:
2243 3841 2366 3895 vita:
2394 3840 2694 3895 cruciatum
2717 3839 2959 3911 effugias,
2983 3849 3079 3896 sed
3094 3840 3185 3894 diu
3212 3841 3441 3897 vivendo

1852 3948 2021 4002 usque
2047 3931 2114 3986 ad
2138 3931 2423 4001 septimam
2447 3929 2850 4001 generationem
2879 3931 3095 3985 tandem
3137 3931 3444 4000 quicunque

1855 4032 1908 4076 te
1934 4021 2195 4077 occiderit
2235 4020 2497 4088 exsolvet,
2520 4021 2572 4076 id
2608 4029 2712 4087 est,
2743 4021 2891 4075 ﬁniet
2929 4029 3136 4090 septem
3175 4021 3441 4077 vindictas

1852 4127 1972 4180 quae
2004 4111 2055 4164 in
2101 4119 2152 4166 te
2197 4120 2360 4165 sunt:
2407 4127 2513 4166 non
2560 4125 2668 4180 quo
2697 4109 2787 4165 ille
2833 4109 2926 4180 qui
2974 4125 3097 4164 eum
3142 4110 3438 4167 occidisset

1851 4201 2152 4272 septuplum
2182 4211 2328 4256 esset
2349 4201 2674 4271 puniendus,
2703 4200 2798 4257 sed
2825 4201 2949 4270 quia
2973 4199 3123 4255 illum
3144 4202 3441 4258 occidendo

1853 4289 2028 4345 ﬁniret
2057 4288 2178 4344 illas
2211 4297 2418 4359 septem
2445 4289 2732 4354 vindictas,
2765 4287 2818 4344 id
2872 4297 2957 4344 est
2981 4288 3250 4358 perfectas
3274 4330 3290 4357 ,
3317 4292 3440 4360 qni-

1849 4377 1952 4433 bus
2005 4377 2136 4433 Cain
2182 4377 2274 4432 diu
2316 4377 2544 4434 vivendo
2589 4377 2951 4433 cruciabatur.
2987 4377 3099 4433 Hoc
3141 4379 3438 4434 secundum

1849 4465 2015 4522 LXX.
2079 4466 2348 4522 Czeterum
2407 4466 2701 4523 secundum
2771 4464 3093 4521 Hebraicam
3151 4469 3437 4524 veritatem

157 4539 639 4639 tioneedamnaret.
688 4537 796 4639 Sed
844 4539 929 4594 ille
957 4549 1177 4639 Ρεξοδῑίξ
1223 4544 1606 4639 masculinam
1649 4560 1742 4600 ευ·
1777 4556 2141 4639 Dseptuplum
2185 4559 2428 4627 punietur
2455 4599 2473 4627 ,
2507 4555 2561 4612 id
2616 4564 2701 4612 est
2752 4557 2991 4626 plenarie
3037 4568 3092 4612 et
3138 4557 3377 4628 perfecte
3413 4581 3427 4614 :

156 4631 326 4701 perbe
373 4629 694 4700 respondit,
729 4630 914 4686 dicens
953 4649 967 4685 :
1007 4631 1217 4687 Nescio.
1275 4631 1528 4705 Nunquid
1575 4648 1748 4692 custos

154 4721 346 4790 fratris
398 4722 501 4776 mei
533 4737 652 4775 sum
701 4722 838 4792 ego?
891 4722 1054 4789 Quasi
1084 4725 1251 4779 Deum
1299 4725 1474 4780 scelus
1512 4725 1626 4794 ejus
1672 4727 1750 4779 la-

156 4819 274 4866 tere
302 4811 588 4881 potuisset,
608 4811 702 4864 'cui
730 4811 873 4865 nuda
917 4823 963 4867 et
990 4824 1169 4884 aperta
1190 4823 1310 4868 sunt
1346 4814 1520 4869 omnia
1544 4816 1562 4886 (
1582 4814 1759 4895 Ifebr._

153 4914 245 4964 vr,
283 4899 406 4972 15).

226 4988 380 5047 Vers.
410 4989 501 5046 10.
535 4989 676 5044 Ecce
702 5005 801 5044 vox
827 4992 1096 5061 sanguinis
1122 4993 1303 5062 fratris
1344 4996 1421 5049 tui
1450 4995 1642 5053 clamat
1673 5002 1742 5055 ad

151 5091 235 5133 me
263 5080 328 5136 de
351 5091 518 5136 terra.
549 5079 687 5147 Quia
715 5078 957 5134 conﬁteri
980 5081 1174 5150 noluit,
1192 5085 1341 5155 justa
1360 5085 1472 5156 jam
1498 5091 1742 5162 increpa-

152 5171 297 5229 tione
345 5173 700 5242 redarguitur
735 5186 856 5226 cum
899 5175 1135 5231 dicitur:
1169 5175 1310 5242 Quid
1359 5179 1566 5247 fecisti?
1608 5184 1744 5240 Ecce

134 5279 262 5351 leam,
295 5274 352 5322 et
391 5264 630 5336 reliqua.
659 5263 776 5321 Vox
798 5270 1075 5340 sanguinis
1096 5269 1230 5325 Abel
1252 5277 1336 5324 est
1359 5285 1564 5340 magnae
1580 5275 1742 5344 justi-

148 5354 233 5409 tize
263 5356 440 5411 virtus
472 5371 599 5426 quae
628 5355 921 5412 vindictam
949 5368 1002 5415 et
1037 5360 1294 5416 ultionem
1331 5367 1618 5432 expetebat
1645 5385 1745 5438 pro

149 5446 461 5498 inhaerentia.
492 5446 784 5501 sanguine-

1857 4651 2039 4720 inquo
2077 4649 2315 4704 deterret
2339 4663 2408 4704 ne
2438 4649 2559 4719 quis
2605 4649 2953 4704 homicidium
2995 4650 3188 4705 audeat
3213 4649 3433 4706 iterare.

1853 4739 2036 4794 Posuit
2074 4739 2325 4793 Dominus
2356 4740 2564 4810 signum
2595 4739 2649 4794 in
2682 4737 2920 4804 Cain,'ut
2944 4757 3047 4794 non
3081 4756 3198 4793 eum
3235 4742 3440 4810 interﬁ-

1850 4841 1982 4884 ceret
2014 4831 2182 4883 omnis
2204 4830 2293 4899 qui
2343 4829 2618 4884 invenisset
2649 4845 2788 4884 eum.
2838 4829 2953 4885 Hoc
2985 4830 3268 4896 videlicet,
3313 4836 3440 4901 quia

1849 4907 2015 4989 vagus
2035 4927 2089 4972 et
2117 4916 2373 4988 profugus
2402 4926 2520 4972 erat
2566 4933 2726 4988 super
2753 4929 2982 4986 terram,
3006 4919 3123 4984 vel,
3165 4928 3220 4974 ut
3258 4920 3398 4974 LXX
3420 4960 3438 4988 ,

1846 5016 2051 5080 gemens
2074 5020 2121 5062 et
2150 5019 2490 5063 contrcmens.
2524 5009 2826 5080 Allegorice
2852 5012 3033 5080 posuit
3055 5011 3197 5066 Deus
3221 5011 3433 5081 signum

1852 5098 2172 5165 inludmos,
2205 5106 2263 5153 ut
2291 5113 2449 5152 nemo
2494 5114 2590 5154 eos
2629 5100 2935 5167 occideret,
2976 5101 3146 5171 ipsam
3191 5097 3440 5154 videlicet

1851 5187 2019 5258 legem
2039 5203 2200 5258 quam
2228 5188 2517 5256 portabant
2545 5191 2613 5245 ad
2649 5203 2801 5243 suam
2826 5190 3226 5246 damnationem
3259 5197 3312 5240 et
3344 5203 3438 5240 no-

1853 5289 2020 5334 stram
2067 5278 2414 5355 ereptionem.
2465 5278 2696 5350 Propter
2737 5279 2841 5333 hoc
2886 5281 3094 5351 signum
3138 5293 3296 5333 nemo
3347 5295 3442 5334 cus

1854 5370 2074 5426 occidit.
2109 5369 2294 5440 Neque
2320 5369 2462 5424 enim
2483 5386 2693 5445 pagana
2712 5377 3090 5440 persecutione
3113 5413 3128 5437 ,
3159 5370 3242 5424 vel
3270 5373 3437 5428 etiam

1857 5463 1956 5502 ἠιΙι
1981 5463 2283 5502 Rhemum-sq
2311 5461 2414 5500 iam
2449 5465 2839 5506 [annnnillilofn
2890 5481 2982 5506 nnc
3013 5465 3282 5506 nrnhilmig
3329 5469 3442 5506 ςηῖα
