3986 5426
547 419 610 475 τι
1179 419 1438 476 ῐιΕΜιϐιι
1475 416 2126 476 ANTISSIODORE'NSIS

2239 419 2327 476 PP.
2369 420 2568 478 PARS.
2606 422 2648 477 l.
2679 452 2747 462 —-—
2775 421 3163 479 EXEGETICA
3746 421 3815 476 72

543 551 654 598 eos,
692 550 754 588 ne
773 534 982 604 quando
1009 534 1377 588 obliviscantur
1400 527 1577 604 populi
1602 533 1734 586 mei:
1756 532 1989 602 disperge
2009 532 2126 586 illos
2154 537 2204 594 Α
2231 541 2427 586 centem
2455 531 2510 586 in
2539 531 2751 588 livorem
2779 549 2973 588 meum.
2997 531 3154 587 Hunc
3177 531 3356 586 locum
3373 529 3449 585 ita
3471 528 3687 587 Hebraei
3712 547 3814 588 ex-

547 626 602 678 in
634 625 821 679 virtute
841 636 931 678 tua
957 625 1074 696 (-Ps.
1109 642 1260 681 LvIII.
1291 626 1401 683 12).

618 714 774 769 Vers.
807 715 895 769 16.
935 715 1290 786 Egressusque
1317 715 1450 770 Cain
1475 733 1507 768 a
1530 717 1664 784 facie
1690 717 1900 769 Domini
1927 717 2131 770 habita-

549 805 618 857 vit
661 805 716 857 in
771 815 913 860 terra
959 806 1212 876 profugus
1246 807 1314 858 ad
1360 806 1661 860 orientalem
1700 807 1906 876 plagam
1960 807 2125 860 Eden.

549 894 694 948 Eden
741 896 908 965 epulae
963 895 1044 950 vel
1080 895 1283 950 delicia:
1331 896 1736 966 interpretatur.
1778 897 2128 968 Septuaginta

550 985 736 1039 dicunt
765 1003 778 1038 :
812 984 1066 1039 habitavit
1095 987 1148 1039 in
1175 995 1314 1039 terra
1352 983 1540 1037 Naith.
1565 984 1672 1039 Sed
1702 984 1858 1039 Naith
1909 1002 2014 1040 non
2047 996 2132 1042 est

550 1073 654 1128 hoc
683 1072 780 1127 loci
821 1089 1034 1128 nomen.
1086 1074 1475 1144 Interpretatur
1509 1087 1686 1128 autem
1737 1074 1998 1129 instabilis
2043 1076 2127 1130 vel

549 1180 731 1234 vagus,
756 1175 808 1218 et
841 1165 958 1219 ideo
989 1165 1040 1219 in
1085 1175 1228 1220 terra
1264 1165 1423 1220 Naith
1452 1165 1699 1221 habitare
1723 1166 1972 1239 ,dicitur,
2001 1168 2129 1237 quia

550 1252 818 1308 instabilis
843 1262 898 1307 et
915 1252 1185 1310 ﬂuctuans
1211 1256 1527 1325 vagabatur.

619 1341 776 1398 Vers.
810 1343 897 1398 17.
929 1344 1176 1415 Cognovit
1218 1355 1392 1399 autem
1420 1361 1635 1400 uxorem
1662 1361 1837 1410 suam,
1857 1362 1974 1416 qua:
2006 1362 2132 1400 con-

547 1433 679 1500 cepit
707 1444 754 1487 et
781 1436 976 1504 peperit
1014 1434 1195 1490 Enoch
1222 1452 1240 1490 :
1269 1447 1316 1490 et
1347 1437 1624 1505 cedi/ienuit
1661 1437 1941 1502 civitatem,
1971 1454 2129 1492 voca-

547 1524 718 1594 vitque
742 1541 929 1580 nomen
972 1525 1085 1595 ejus
1129 1543 1194 1582 ea‘
1242 1528 1451 1582 nomine
1491 1528 1589 1597 ﬁlii
1619 1530 1702 1582 sui
1745 1527 1948 1584 Enoch.
1991 1531 2129 1598 Quia

548 1615 602 1670 in
635 1617 826 1673 timore
872 1628 990 1674 erat
1016 1627 1072 1673 et
1115 1627 1350 1674 tremore
1372 1661 1388 1684 ,
1425 1621 1544 1675 ideo
1571 1619 1823 1676 fortassis
1849 1621 2128 1677 civitatem

546 1707 853 1772 mdilicavit,
908 1716 969 1760 ut
997 1708 1069 1763 ibi
1118 1710 1468 1765 absconditus
1515 1717 1910 1780 protegeretur.
1948 1711 2128 1778 Quaeri

547 1805 725 1850 autem
758 1805 934 1866 potest
967 1813 1088 1852 cum
1118 1800 1314 1868 quibus
1342 1815 1461 1854 eam
1501 1799 1883 1865 aediﬁcaverit,
1919 1801 1962 1856 si
2012 1802 2131 1872 plus

2233 633 2456 691 ponunt.
2494 622 2727 680 Lamech
2757 624 2848 678 diu
2874 624 3102 679 vivendo
3123 622 3405 692 caliginem
3429 621 3710 678 oculorum
3732 623 3818 678 in-

2230 723 2496 776 currerat,
2522 729 2620 770 nec
2648 713 2830 770 videre
2857 723 3088 784 poterat.
3138 713 3381 769 Habebat
3416 725 3600 770 autem
3624 729 3816 784 quem-

2231 803 2353 857 dam
2375 805 2767 862 adolescentem
2787 809 2877 877 qui
2900 822 3116 878 gressus
3136 806 3251 876 ejus
3272 809 3511 878 regebat.
3532 807 3670 864 Cum
3684 824 3817 879 ergo

2231 897 2460 965 quadam
2503 897 2591 952 die
2619 898 2902 954 venatione
2935 911 3306 964 exerceretur,
3353 898 3690 968 illnc.jacula
3729 899 3817 958 di-

2232 986 2412 1055 rigens
2468 1002 2575 1057 quo
2603 987 2916 1044 adolescens
2944 989 3266 1052 indicasset,
3316 1003 3444 1044 casu
3483 987 3618 1042 Cain
3673 989 3817 1043 inter

2233 1074 2431 1130 fruteta
2451 1077 2786 1144 latitantem,
2827 1079 3005 1134 indice
3028 1079 3384 1142 adolescente,
3411 1079 3698 1148 percussit,
3721 1081 3816 1148 qui

2232 1162 2401 1218 feram
2425 1180 2545 1221 esse
2583 1175 2884 1235 putaverat.
2918 1168 3024 1223 Sed
3048 1183 3171 1222 cum
3221 1169 3559 1240 cognovisset
3603 1183 3663 1224 se
3718 1168 3820 1223 ho-

2232 1253 2437 1308 minem
2461 1254 2746 1322 occidisse,
2795 1257 2969 1312 iratus
3005 1256 3330 1337 adolescenti
3375 1257 3548 1326 ipsum
3599 1272 3818 1327 quoque

2233 1343 2526 1398 interfecit.
2554 1345 2620 1398 Et
2645 1345 2747 1400 hoc
2776 1355 2882 1412 est,
2925 1347 3069 1416 quod
3094 1347 3374 1415 sequitur:
3409 1345 3594 1400 Occidi
3619 1347 3813 1409 virum,

2235 1433 2288 1487 id
2316 1442 2401 1488 est
2424 1432 2578 1500 Cain,
2628 1434 2682 1488 in
2730 1434 2917 1489 vulnus
2947 1452 3138 1501 meum,
3169 1435 3294 1504 quia
3324 1450 3422 1506 ego
3452 1450 3666 1505 quoque
3713 1450 3818 1504 pro

2233 1520 2324 1576 illo
2347 1519 2670 1578 vulnerabor
2695 1531 2750 1577 et
2783 1523 3038 1578 occidat:
3069 1531 3119 1578 et
3167 1523 3546 1578 adolescentem
3599 1523 3816 1578 livorem

2220 1627 2422 1680 meum,
2455 1611 2584 1681 quia
2611 1627 2710 1682 pro
2732 1613 2820 1668 illo
2849 1627 3062 1682 quoque
3093 1612 3406 1668 damnabor.

2304 1701 2459 1758 Vers.
2486 1702 2576 1756 ει.
2611 1703 2919 1773 Septuplum
2943 1702 3072 1756 ultio
3101 1703 3313 1756 dabitur
3336 1703 3399 1756 de
3427 1701 3592 1766 Cain;
3624 1702 3689 1756 de
3709 1701 3817 1755 La-

2232 1791 2378 1847 mech
2399 1809 2515 1848 vero
2544 1797 2834 1863 septuagies
2868 1795 3073 1864 septies.
3099 1793 3390 1849 Crescente
3415 1802 3640 1864 peccato
3661 1808 3814 1847 cres-

545 1885 627 1940 vel
650 1885 826 1955 plures
855 1902 958 1940 non
984 1897 1141 1943 erant
1163 1890 1408 1944 homines
1423 1905 1582 1960 quam
1609 1890 1664 1944 hi
1693 1905 1830 1960 quos
1850 1889 2129 1961 Scriptura
2160 1879 2210 1942 Β
2241 1882 2317 1936 cit
2339 1890 2394 1937 et
2419 1881 2574 1937 ultio.
2605 1882 2848 1937 Fuerunt
2872 1893 3052 1939 autem
3101 1883 3438 1954 septuaginta
3469 1891 3673 1952 septem
3698 1882 3816 1936 ani-

543 1984 952 2030 commemorat.
985 1975 1090 2032 Sed
1133 1977 1408 2035 sciendum
1441 1978 1608 2034 multo
1639 1978 1822 2049 plures
1847 1978 1972 2050 jam
2004 1967 2131 2038 tunc

543 2063 731 2129 fuisse,
780 2066 906 2136 quia
960 2068 1050 2122 diu
1101 2070 1329 2125 vivendo
1373 2071 1556 2142 plures
1595 2071 1734 2127 lllios
1776 2074 2126 2142 generabant.

544 2152 655 2208 Nec
685 2155 902 2220 mirum,
939 2170 1060 2210 cum
1085 2159 1247 2212 etiam
1280 2158 1375 2212 lilii
1417 2159 1602 2214 'lsrael
1632 2175 1730 2230 per
1774 2161 2129 2232 quadraginta

547 2258 720 2299 annos
749 2245 822 2298 ita
873 2246 1211 2316 multiplicati
1261 2247 1508 2319 legantur
1537 2258 1597 2302 ut
1641 2264 1826 2304 eorum
1859 2251 2127 2306 numerari

545 2346 651 2386 non
682 2341 862 2402 posset
887 2335 1180 2390 exercitus.
1213 2335 1555 2406 xEdiﬁcavit,
1589 2339 1796 2408 inquit,
1835 2341 2126 2406 civitatem,

542 2438 700 2491 quam
725 2440 790 2476 ex
811 2425 1018 2478 nomine
1043 2426 1142 2494 ﬁlii
1169 2428 1363 2481 vocavit
1403 2427 1604 2482 Enoch.
1651 2429 1832 2485 Enoch
1866 2431 2128 2505 dedicatio

544 2513 947 2581 interpretatur.
974 2513 1274 2571 Notandum
1305 2527 1483 2572 autem
1511 2519 1651 2588 quod
1685 2520 1736 2573 in
1760 2519 1932 2589 prima
1962 2537 2128 2592 gene-

545 2605 756 2660 ratione
805 2606 871 2661 de
908 2605 1040 2661 Cain
1084 2609 1325 2663 nascitur
1358 2608 1574 2668 Enoch."
1614 2611 1664 2664 id
1693 2618 1777 2665 est
1832 2611 2126 2675 dedicatio;

539 2697 670 2764 «quia
730 2699 1082 2765 reproborum
1131 2701 1359 2769 populus
1406 2701 1457 2754 in
1517 2702 1689 2771 prima
1737 2703 2125 2772 generatione,

544 2785 648 2839 hoc
695 2795 780 2840 est
829 2787 880 2840 in
923 2791 1173 2858 prmsenti
1205 2790 1334 2854 vita,
1403 2805 1461 2846 se
1505 2791 1720 2845 dedicat
1768 2792 1894 2846 huic
1943 2806 2003 2846 se
2027 2792 2127 2846 ad-

536 2876 749 2946 jiciens.
779 2886 833 2933 ct
871 2879 923 2933 in
975 2881 1095 2956 hac,
1139 2882 1183 2935 si
1237 2880 1353 2936 ﬁeri
1394 2891 1610 2952 posset,
1656 2897 1870 2952 semper
1909 2897 2129 2958 manere

543 2967 744 3021 volens.
769 2967 920 3022 Unde
951 2978 1004 3024 et
1025 2972 1285 3026 civitatem
1315 2972 1611 3040 aediﬁcavit,
1644 2973 1768 3041 quia
1797 2973 2008 3042 reprobi
2041 2972 2129 3027 hic

543 3053 746 3106 habent
774 3043 1270 3111 suam'felicitatem
1294 3066 1346 3112 et
1369 3059 1522 3126 quasi
1553 3057 1979 3124 fundamentum,
2005 3075 2126 3114 cum

541 3143 829 3212 Apostolus
855 3145 921 3198 de
949 3161 1007 3200 se
1038 3146 1256 3216 suisque
1295 3149 1561 3203 similibus
1599 3150 1743 3203 dicat
1769 3167 1782 3207 :
1816 3148 1939 3204 Non
1971 3152 2128 3204 Imbe-

2230 1987 2332 2028 mze
2353 1973 2421 2029 de
2469 1973 2638 2044 stirpe
2667 1974 2902 2031 Lamech
2945 1990 3081 2045 quas
3120 1976 3174 2030 in
3207 1975 3407 2031 diluvio
3431 1974 3659 2044 legimus
3695 1990 3814 2043 per-

2229 2061 2375 2117 iisse.
2404 2061 2705 2134 Allegorice
2761 2063 2996 2120 Lamech
3033 2064 3261 2134 figuram
3307 2072 3452 2118 tenet
3488 2064 3674 2118 mundi
3711 2065 3814 2117 hu-

2224 2152 2334 2224 jus,
2369 2151 2524 2222 cujus
2552 2162 2761 2209 tantum
2791 2154 2890 2209 fuit
2915 2165 3196 2225 peccatum
3226 2155 3615 2224 praevaricante
3639 2155 3814 2210 Adam

2229 2251 2291 2298 ut
2311 2259 2416 2300 non
2447 2253 2629 2314 posset
2666 2246 2872 2316 expiari
2920 2246 3021 2300 nisi
3053 2245 3446 2315 septuagesima
3475 2246 3704 2314 septima
3724 2259 3813 2316 ge-

2229 2339 2528 2400 neratione,
2559 2336 2776 2394 Christo
2803 2355 2898 2408 per
2926 2337 3202 2408 Virginem
3225 2339 3490 2393 veniente.

2299 2429 2450 2484 Vers.
2487 2428 2576 2482 25.
2625 2427 2873 2500 Cognovit
2924 2429 3096 2482 adhuc
3137 2445 3339 2499 quoque
3391 2429 3562 2484 Adam
3594 2443 3814 2484 uxorem

2227 2537 2400 2584 suam,
2428 2530 2476 2574 et
2509 2531 2702 2590 peperit
2750 2520 2920 2588 ﬁlium
2955 2520 3257 2588 vocavitque
3298 2535 3484 2574 nomen
3511 2519 3626 2589 ejus
3664 2517 3810 2575 Selh.

2229 2609 2366 2666 Setb
2389 2610 2576 2680 positio
2605 2610 3017 2679 interpretatur,
3057 2623 3176 2678 qua:
3198 2607 3385 2664 Graece
3409 2609 3569 2662 thesis
3591 2608 3813 2672 dicitur,

2229 2701 2390 2756 ducta
2435 2698 2758 2770 etymologia
2819 2711 3003 2764 exeo
3051 2699 3194 2767 quod
3241 2708 3396 2767 pater
3427 2697 3608 2752 dixit:
3641 2698 3815 2768 posuit

2229 2792 2356 2847 mihi
2383 2792 2524 2846 Deus
2562 2808 2736 2846 semen
2766 2808 2860 2862 pro
2891 2790 3037 2846 Abel.
3065 2791 3184 2847 Alio
3205 2806 3368 2846 sensu
3413 2789 3545 2846 Selh
3576 2807 3816 2846 resurre-

2228 2883 2330 2936 ctio
2355 2883 2762 2952 interpretatur,
2792 2883 2918 2952 quia
2940 2881 3176 2937 surrexit
3196 2880 3314 2936 loco
3364 2880 3552 2936 fratris
3603 2881 3687 2935 sui
3734 2881 3817 2935 in-

2231 2971 2463 3027 terlecti.

2299 3061 2452 3116 Vers.
2477 3060 2566 3114 26.
2601 3060 2707 3115 Sed
2733 3068 2781 3116 et
2806 3059 2933 3117 Selh
2976 3068 3133 3113 natus
3157 3067 3231 3112 est
3253 3057 3400 3126 ﬁlius
3431 3074 3584 3128 quem
3613 3058 3814 3112 vocavit

2231 3146 2392 3202 Enos.
2425 3148 2568 3203 Enos
2591 3149 2744 3202 homo
2767 3149 3172 3218 interpretatur.
3221 3146 3329 3200 Iste
3372 3147 3520 3216 coepit
3565 3147 3814 3200 invocare

542 3247 658 3284 mus
686 3232 771 3285 hic
801 3245 1094 3288 manentem
1123 3238 1404 3304 civitatem,
1433 3238 1523 3292 sed
1548 3237 1786 3307 futuram
1817 3240 2128 3306 inquirimus
2157 3221 2200 3283 (ἶ
2233 3254 2416 3294 nomen
2445 3238 2680 3305 Domini,
2737 3239 2790 3294 id
2852 3247 2936 3294 est
2983 3237 3162 3293 colere
3201 3236 3371 3292 Deum
3417 3245 3472 3292 et
3505 3236 3812 3306 deprecari,

542 3321 730 3392 (Ilebr.
761 3339 880 3390 xm,
913 3325 1022 3397 14).
1055 3325 1130 3382 De
1160 3325 1291 3384 Selh
1321 3345 1446 3386 vero
1471 3340 1630 3385 natus
1659 3341 1746 3386 est
1771 3331 1952 3388 Enoch
1971 3331 2129 3404 [alias

540 3415 685 3470 Enos
712 3417 790 3470 vel
821 3417 1020 3491 Heuos]
1052 3421 1277 3490 septima
1333 3422 1681 3491 generatione
1709 3463 1722 3485 ,
1766 3423 1892 3492 quia
1932 3413 2127 3490 sancti,

539 3504 633 3572 qui
664 3505 730 3558 ad
761 3505 851 3560 Dei
884 3508 1154 3576 pertinent
1184 3510 1480 3576 civitatem,
1512 3511 1666 3566 alteri
1715 3513 1839 3567 vita:
1863 3553 1878 3579 ,
1923 3514 1977 3568 id
2012 3522 2128 3581 est,

540 3593 734 3647 futura:
762 3609 820 3647 se
848 3595 1098 3650 dedicant
1121 3612 1240 3666 quae
1264 3608 1386 3668 post
1422 3615 1518 3654 sex
1545 3601 1729 3656 surculi
1750 3610 1938 3657 aetates
1965 3603 2132 3672 septi-

540 3694 627 3732 ma
659 3682 1026 3748 generatione,
1050 3684 1152 3737 hoc
1175 3693 1278 3750 est,
1301 3685 1572 3753 justorum
1600 3691 2021 3760 congregatione
2045 3690 2132 3745 vel

541 3773 937 3828 resurrectione
964 3775 1416 3833 manifestabitur.

610 3861 842 3917 Lamech
871 3864 1075 3933 primus
1104 3867 1387 3938 bigamiam
1425 3873 1795 3941 perpetravit,
1829 3872 1956 3943 quia
1995 3873 2130 3930 duas

540 3966 737 4007 uxores
766 3953 971 4021 habuit,
1001 3965 1054 4011 et
1075 3966 1360 4028 propterea
1389 3961 1440 4015 in
1461 3962 1661 4017 diluvio
1689 3964 1871 4034 periit.

616 4039 766 4096 Vcrs.
794 4043 976 4098 l9-2l.
1005 4044 1209 4101 Nomen
1232 4033 1485 4116 uni’Ada,
1509 4061 1556 4105 et
1581 4033 1765 4108 nomen
1788 4054 1941 4108 alteri
1962 4053 2126 4110 Sella.

540 4128 834 4202 Genuitque
860 4131 976 4186 Atla
999 4133 1180 4190 Jubal.
1217 4135 1336 4207 Ipse
1360 4137 1460 4207 fuit
1485 4149 1634 4208 pater
1673 4144 1970 4197 canentium
2009 4160 2128 4197 cum

539 4214 743 4276 cithara
784 4234 832 4277 et
875 4241 1094 4295 organo.
1130 4227 1206 4282 De
1247 4231 1350 4286 huc
1391 4229 1656 4302 Iosephus
1699 4234 1871 4290 dicit:
1907 4255 1925 4287 ι
1971 4235 2128 4292 Juba!

541 4312 804 4366 musicam
832 4316 1060 4382 amavit,
1108 4318 1422 4388 psalterium
1462 4331 1518 4376 et
1563 4323 1826 4378 citharam
1865 4323 2125 4381 laudavit.

540 4397 606 4453 Et
630 4416 695 4454 ne
740 4419 974 4473 unquam
999 4407 1066 4460 ab
1095 4407 1329 4462 humana
1380 4412 1638 4466 memoria
1677 4411 2022 4469 elaberentur
2061 4431 2123 4470 ea

539 4510 659 4564 quae.
690 4497 986 4564 invenerat,
1029 4501 1082 4555 in
1115 4503 1322 4558 duabus
1369 4502 1655 4568 columnis,
1707 4519 1812 4558 una
1858 4505 2122 4572 lateritia,

540 4585 708 4640 altera
740 4588 968 4658 lapidea,
996 4591 1302 4664 descripsit,
1333 4609 1455 4649 cum
1497 4594 1665 4648 Adam
1697 4595 1989 4666 praIdicare
2025 4611 2122 4652 an-

540 4677 708 4734 disset
734 4681 840 4736 duo
866 4683 1061 4738 diluvia
1083 4693 1138 4740 et
1178 4686 1418 4740 omnium
1446 4687 1971 4744 exterminationem.
2008 4707 2027 4741 I

611 4768 766 4826 Vers.
790 4772 879 4826 22.
927 4773 1071 4828 Sella
1109 4779 1286 4847 genuit
1317 4777 1628 4831 Tubalcain.
1676 4778 1782 4833 Sed
1818 4789 1873 4834 et
1909 4780 1975 4835 de
2020 4779 2124 4837 hoc

543 4852 682 4916 idem
696 4863 960 4935 Iosephus
980 4867 1108 4922 dicit
1133 4886 1146 4921 :
1175 4886 1193 4919 ι
1216 4867 1506 4924 Tubalcain
1533 4885 1617 4924 res
1636 4870 1856 4926 bellicas
1870 4872 2124 4928 decenter

541 4956 820 5021 exercuit,
871 4966 1042 5012 artem
1071 4956 1356 5014 ferrariam
1395 4959 1578 5014 docuit
1607 4977 1620 5013 :
1647 4961 1893 5031 quadam
1933 4962 2118 5028 etiam,

542 5058 662 5112 quae
705 5045 773 5098 ad
817 5045 1092 5104 libidinem
1132 5050 1408 5106 oculorum
1446 5052 1740 5122 pertinent,
1767 5054 2062 5109 adinvenit.
2097 5075 2116 5109 ι

545 5132 712 5186 Soror
735 5133 1019 5191 Tubalcain
1049 5136 1273 5193 Noenta.
1313 5139 1618 5195 Notandum
1647 5143 1789 5210 quod
1817 5143 1868 5197 in
1898 5158 2123 5212 genera-

544 5225 688 5280 tione
718 5225 848 5280 Seth
880 5229 1022 5283 nulla
1071 5231 1263 5286 mulier
1293 5242 1417 5286 nata
1459 5232 1654 5304 legitur
1681 5253 1693 5288 :
1736 5234 1788 5288 in
1817 5234 1948 5290 Cain
1995 5248 2123 5290 vero

1333 5323 1375 5342 τ
1417 5325 1430 5340 ι
1490 5325 1622 5349 -,_.2._
1667 5341 1691 5345 --
1781 5327 1940 5360 ναμε...

2232 3329 2479 3400 quamvis
2508 3329 2614 3383 alia
2663 3329 2734 3384 sit
2763 3327 3110 3384 Hebraeorum
3164 3328 3366 3398 opinio.
3421 3326 3620 3382 Dicunt
3665 3328 3814 3383 enim

2231 3421 2372 3478 idola
2414 3430 2540 3478 tunc
2592 3421 2827 3491 primum
2878 3419 3024 3476 facta
3069 3427 3125 3475 et
3179 3427 3432 3490 tanquam
3488 3419 3660 3474 Deum
3717 3419 3814 3474 ad-

2229 3522 2380 3567 orata
2395 3564 2401 3569 .

2837 3601 3068 3658 CAPUT
3116 3600 3183 3657 γ.

2304 3694 2456 3749 V'ers.
2474 3693 2525 3748 ὅ.
2554 3693 2620 3746 Et
2636 3693 2832 3763 factum
2854 3703 2927 3747 est
2951 3709 3100 3747 omne
3120 3701 3320 3764 tempus
3339 3707 3441 3759 quo
3464 3693 3590 3746 vixit
3612 3693 3809 3759 Adam,

2230 3787 2357 3840 anni
2388 3787 2630 3854 nongenti
2659 3785 2895 3854 triginta.
2927 3783 3128 3839 Ferunt
3148 3791 3270 3853 post
3292 3793 3519 3838 mortem
3561 3783 3699 3838 Abel
3717 3800 3810 3840 vo-

2230 3878 2372 3933 visse
2392 3877 2583 3939 Adam,
2612 3883 2671 3930 nt
2697 3889 2969 3943 nunquam
2993 3882 3176 3944 postea
3203 3881 3553 3944 cognosceret
3582 3889 3811 3929 uxorem

2231 3984 2382 4025 suam
2412 3976 2466 4023 et
2502 3967 2667 4022 lilium
2696 3973 3001 4037 generaret.
3039 3964 3145 4019 Sed
3173 3977 3352 4019 sermo
3376 3963 3469 4017 Dei
3491 3963 3558 4018 ad
3586 3979 3712 4018 eum
3731 3963 3811 4018 fa-

2229 4069 2348 4114 ctus
2373 4066 2472 4122 est,
2524 4066 2584 4111 ut
2610 4057 2713 4112 hoc
2752 4064 2934 4110 votum
2968 4053 3267 4125 frangeret,
3320 4053 3448 4123 quia
3503 4053 3673 4110 Filius
3713 4054 3809 4110 Dei

2230 4163 2336 4202 non
2365 4154 2544 4217 posset
2571 4146 2638 4200 ad
2662 4145 2896 4201 hominis
2920 4144 3344 4213 redemptionem
3377 4157 3596 4198 carnem
3656 4159 3806 4199 assu-

2229 4251 2378 4292 mere
2406 4247 2452 4290 ιι.
2495 4234 2627 4290 Cain
2656 4234 2800 4288 enim
2851 4233 3101 4303 indignus
3127 4239 3246 4286 erat
3289 4239 3350 4286 ut
3389 4232 3455 4286 de
3479 4231 3650 4302 stirpe
3691 4227 3810 4301 ejus

2229 4327 2370 4382 Deus
2401 4327 2561 4382 homo
2589 4333 2925 4380 nasceretur.
2957 4323 3110 4379 Unde
3135 4331 3261 4378 ante
3309 4321 3442 4378 Setb
3473 4322 3679 4378 nullum
3734 4323 3808 4379 le-

2229 4417 2372 4486 gitur
2397 4415 2665 4486 genuisse,
2690 4423 2812 4484 post
2859 4413 2990 4468 Selh
3013 4428 3140 4468 vero
3163 4413 3360 4467 dicitur
3386 4413 3637 4484 genuisse
3667 4415 3808 4471 ﬁlios

2229 4518 2285 4563 et
2324 4505 2482 4562 filias.

2301 4599 2456 4654 Vers.
2481 4597 2572 4651 22.
2607 4593 2905 4650 Ambulavit
2931 4593 3143 4648 Henoch
3173 4610 3291 4648 cum
3313 4593 3442 4649 Deo.
3471 4593 3528 4650 ld
3552 4605 3660 4672 est,
3690 4597 3809 4653 imi-

2227 4697 2371 4744 tatus
2397 4695 2480 4742 est
2516 4688 2706 4741 Deum.

2301 4777 2450 4833 Vers.
2476 4777 2564 4830 5L
2600 4775 2716 4830 Noe
2751 4792 2890 4837 vero,
2938 4792 3055 4829 cum
3084 4778 3482 4848 quingentorum
3541 4794 3804 4832 annorum

2223 4877 2374 4932 esset,
2406 4867 2582 4937 genuit
2615 4865 2760 4930 Sem,
2785 4864 2949 4920 Citam
2975 4875 3022 4920 et
3045 4865 3256 4935 Japhet.
3289 4866 3400 4920 Hoc
3442 4866 3561 4922 loco
3607 4867 3804 4924 intueri

2225 4959 2483 5016 debemus
2532 4955 2856 5027 profundum
2899 4957 3238 5028 mysterium.
3288 4956 3384 5010 Est
3407 4957 3549 5011 enim
3572 4957 3686 5014 Noe
3734 4961 3803 5014 ab

2225 5050 2396 5104 Adam
2425 5057 2545 5119 post
2567 5047 2699 5101 Setb
2725 5046 2934 5102 decimo
2980 5046 3118 5101 loco.
3150 5045 3412 5102 Denarius
3443 5048 3588 5102 enim
3616 5062 3803 5103 nume-

2226 5158 2319 5198 rus
2348 5139 2734 5214 perfectionem
2782 5138 3050 5208 significat
3095 5137 3408 5202 electorum,
3455 5139 3581 5208 quia
3612 5140 3800 5210 primae

2224 5239 2308 5288 est
2329 5240 2566 5294 tesserae,
2591 5230 2643 5284 id
2672 5237 2756 5283 est
2783 5244 2853 5290 Iv,
2885 5243 3164 5291 numerus,
3199 5242 3297 5281 nec
3326 5229 3460 5279 ullra
3492 5237 3669 5296 potest
3697 5244 3798 5282 nu-
