3986 5560
287 443 360 517 τε
1411 447 1957 512 COMMENTARIUS
1993 447 2057 502 IN
2096 446 2394 503 GENESIM
3469 424 3531 491 rt

290 571 547 627 triarchis
571 577 627 626 et
646 570 912 641 praecipue
942 570 997 624 in
1022 569 1305 625 duodecim
1336 568 1616 639 apostolis.
1642 564 1867 621 Constat
1893 562 1942 623 Α
1971 559 2118 614 ribus
2144 558 2423 628 superbos,
2445 556 2684 610 moribus
2708 554 3025 609 inconditos.
3055 551 3164 606 Hos
3188 550 3322 605 tales
3352 549 3534 619 appel-

286 681 417 721 vero
447 681 514 721 ex
541 664 781 734 partibus
804 662 1093 734 septenarii
1115 678 1236 733 quae
1257 670 1379 717 sunt
1406 663 1507 717 tria
1537 669 1591 713 et
1610 668 1863 730 quatuor.

287 758 413 812 lixae
434 767 519 811 est
538 756 810 825 iustorum
845 754 1105 825 perfectio
1134 769 1255 824 quae
1282 761 1495 808 servata
1522 760 1605 807 est
1633 751 1685 803 in
1724 749 1862 802 linea

286 865 316 903 a
349 849 481 904 Scth
528 850 907 905 descendente.
960 846 1373 902 Consideremus
1404 843 1863 915 imperfectionem

285 954 474 993 eorum
492 938 583 1006 qui
607 952 701 1008 per
725 935 857 991 Cain
875 936 943 990 ab
964 937 1132 991 Adam
1164 936 1577 991 descenderunt.
1595 933 1677 987 Ab
1692 932 1863 986 Adam

286 1030 451 1099 igitur
480 1030 548 1083 ad
576 1027 805 1081 Lamech
835 1042 928 1081 sex
969 1035 1093 1080 sunt
1131 1027 1529 1096 generationes,
1574 1024 1769 1094 quibus
1819 1023 1863 1077 si

285 1118 553 1171 addamus
573 1124 686 1172 tres
712 1116 849 1171 ﬁlios
880 1114 996 1183 eius
1024 1125 1079 1169 et
1104 1124 1354 1185 quartam
1390 1115 1550 1168 ﬁliam
1573 1114 1690 1183 ejus
1732 1111 1865 1165 ﬁunt

284 1210 559 1266 undecim.
604 1196 947 1263 Undenarius
982 1215 1162 1262 autem
1190 1221 1450 1262 numerus
1482 1208 1759 1275 peccatum
1792 1204 1866 1258 si-

284 1309 528 1382 gnificat,
554 1309 679 1378 quia
712 1307 1070 1379 transgressio
1097 1315 1180 1361 est
1207 1306 1432 1361 denarii.
1456 1304 1597 1359 Ecce
1624 1304 1712 1359 hic
1736 1304 1865 1358 sub-

283 1402 427 1456 lucet
471 1400 810 1471 imperfectio
858 1408 911 1454 et
948 1399 1151 1452 malitia
1198 1398 1562 1469 generationis
1591 1396 1744 1451 Cain.
1792 1393 1862 1449 Et

283 1494 411 1561 {acti
436 1502 557 1545 sunt
582 1492 691 1545 dies
718 1491 943 1544 Lamech
971 1490 1280 1559 septingenti
1321 1488 1649 1558 septuaginta
1670 1496 1860 1556 septem

280 1583 430 1635 anni.
463 1581 577 1636 Hoc
604 1580 897 1636 secundum
926 1578 1245 1634 Hebraicam
1270 1576 1572 1633 veritatem.
1595 1575 1862 1631 Caeterum

282 1676 579 1729 secundum
620 1672 765 1726 LXX
794 1671 1064 1725 maximus
1088 1679 1172 1724 est
1217 1684 1372 1724 error
1423 1669 1477 1722 in
1507 1681 1753 1731 numero,
1806 1663 1860 1717 in

282 1780 390 1832 quo
420 1765 696 1819 invenitur
718 1763 951 1817 Lamech
968 1768 1091 1830 post
1115 1760 1374 1814 diluvium
1392 1758 1593 1814 vixisse
1614 1765 1876 1840 quatuor-1

279 1855 458 1909 decim
488 1870 678 1909 annos.
1216 1907 1227 1915 ,

892 1945 1118 2003 CAPUT
1158 1945 1245 2001 Vl.

360 2036 509 2094 v'ers.
537 2040 582 2093 l.
606 2036 838 2108 Cumque
858 2039 1127 2107 crepissent
1156 2037 1388 2091 homines
1417 2031 1754 2103 multiplicari
1775 2048 1864 2084 su-

279 2148 371 2200 per
397 2142 612 2194 terram,
644 2132 872 2184 videntes
928 2128 1027 2198 ﬁlii
1060 2128 1152 2183 Dei
1205 2128 1345 2196 ﬁlias
1392 2126 1683 2187 hominum,
1724 2122 1862 2193 quod

279 2230 445 2274 essent
475 2220 731 2289 pulchrw.
772 2219 938 2275 Filios
957 2218 1050 2272 Dei
1083 2217 1373 2287 appellavit
1424 2216 1561 2271 ﬁlios
1592 2215 1726 2269 Seth
1770 2212 1863 2283 qui

278 2308 519 2378 quandiu
566 2323 625 2363 se
655 2309 708 2363 in
738 2309 909 2378 patris
957 2307 1242 2364 sanctitate
1270 2307 1582 2375 incorrupte
1610 2318 1861 2359 servave-

279 2407 409 2453 runt
463 2399 566 2455 hoc
602 2400 820 2455 nomine
867 2399 1122 2454 honorari
1158 2405 1495 2460 meruerunt,
1526 2404 1585 2449 ut
1630 2394 1725 2448 ﬁlii
1766 2393 1862 2448 Dei

276 2499 624 2547 vocarentur.
656 2490 786 2556 Sed,
814 2500 1099 2561 postquam
1124 2491 1304 2546 carnis
1325 2488 1598 2558 voluptate
1619 2484 1862 2555 superari

277 2580 679 2649 coniunxerunt
708 2597 769 2637 se
797 2583 1065 2637 damnata:
1091 2580 1247 2649 stirpi
1277 2579 1431 2643 Cain,
1457 2576 1574 2646 ejus
1601 2575 1861 2630 malitiam

279 2674 480 2729 imitari
516 2684 816 2744 creperum.
859 2671 1109 2727 Nonnulli
1144 2670 1283 2739 ﬁlios
1336 2670 1430 2726 Dei
1460 2668 1679 2739 angelos
1709 2666 1862 2721 mali-

278 2778 415 2833 gnos
441 2764 785 2834 interpretati
816 2762 1125 2827 voluerunt.
1158 2760 1296 2816 Sunt
1326 2760 1473 2815 enim
1501 2759 1719 2829 quidam
1751 2758 1861 2812 dx-

278 2868 470 2909 mones
491 2855 723 2924 improbi
744 2854 1082 2909 mulieribus.
1116 2852 1226 2908 Sed
1248 2852 1439 2907 melius
1466 2861 1573 2917 est,
1619 2852 1760 2907 sicut
1782 2849 1863 2905 di-

278 2943 480 3009 ximus,
502 2954 561 2998 ut
590 2944 728 3000 ﬁlios
752 2946 843 3001 Dei
876 2945 1015 2999 ﬁlios
1048 2942 1179 2999 Scth
1205 2945 1557 3014 accipiamus.

351 3032 508 3088 Vers.
530 3032 587 3086 5.
638 3033 885 3104 Dixitque
912 3033 1051 3087 Deus
1078 3046 1096 3085 :
1126 3031 1249 3087 Non
1291 3032 1607 3101 permanebit
1636 3029 1859 3101 Spiritus

276 3137 423 3175 meus
439 3125 493 3175 in
509 3123 717 3177 homine
744 3123 797 3176 in
822 3134 1095 3189 wternum,
1116 3122 1240 3193 quia
1267 3138 1388 3175 caro
1416 3131 1509 3175 est.
1535 3121 1653 3175 Alia
1682 3131 1858 3175 trans-

276 3213 409 3268 latio
430 3215 630 3270 habet:
665 3213 791 3267 Non
828 3214 1095 3283 judicabit
1119 3213 1347 3284 Spiritus
1382 3229 1527 3267 meus
1551 3212 1783 3265 homines
1804 3212 1857 3264 in

276 3316 554 3371 cternum,
578 3309 702 3378 quia
730 3323 852 3360 caro
902 3317 1045 3363 sunt.
1092 3306 1398 3361 Secundum
1437 3320 1601 3374 quam
1631 3303 1859 3358 transla-

277 3396 482 3451 tionem
516 3396 640 3451 talis
665 3405 749 3451 est
786 3410 977 3450 sensus
1003 3413 1016 3448 ε
1046 3396 1173 3466 quia
1205 3395 1455 3450 homines
1480 3394 1707 3463 fragiles
1735 3399 1861 3447 sunt

277 3493 335 3539 et
379 3487 594 3542 mortali
628 3502 795 3542 carne
823 3487 1163 3553 circumdati,
1223 3502 1330 3542 non
1361 3498 1456 3541 eos
1498 3484 1752 3553 iudicabo
1807 3486 1859 3540 in

276 3585 543 3630 :eternum
573 3585 632 3631 ut
685 3578 1015 3632 azternaliter
1059 3586 1304 3647 pereant,
1358 3577 1452 3632 sed
1490 3577 1670 3646 potius
1698 3576 1778 3632 eis
1805 3576 1857 3631 in

278 3667 532 3736 praesenti
562 3668 844 3723 restituam
883 3670 1025 3739 quod
1073 3679 1368 3725 merentur.
1403 3668 1483 3723 Ex
1523 3685 1630 3739 quo
1666 3666 1861 3723 intelli-

277 3758 458 3827 gimus
486 3773 737 3827 magnam
764 3774 884 3814 esse
912 3759 1364 3824 misericordiam,
1389 3774 1511 3814 eum
1541 3768 1859 3829 peccatores

276 3861 386 3900 non
424 3847 553 3901 sinit
579 3862 647 3901 ex
675 3847 944 3902 sententia
972 3863 1153 3919 agere,
1181 3848 1274 3904 sed
1304 3838 1629 3919 flagellando
1678 3848 1747 3902 ad
1800 3862 1861 3902 se

282 3944 528 3990 revocat.
560 3934 713 3990 Unde
735 3944 791 3989 et
835 3936 1155 4005 quibusdam
1184 3937 1533 4007 peccantibus
1580 3936 1855 3991 minatur:

280 4024 410 4079 Non
437 4025 652 4079 visitabo
686 4026 825 4093 filias
857 4036 1070 4091 vestras,
1098 4044 1215 4081 cum
1259 4029 1665 4083 adulteraverint
1707 4028 1854 4099 (Ose.

277 4131 354 4179 :v,
406 4116 516 4185 14).
549 4116 615 4170 Εῑ
652 4117 809 4170 alibi:
837 4116 1201 4189 Unusquisque
1225 4130 1339 4189 post
1361 4122 1667 4189 pravitatem
1690 4123 1861 4175 cordis

278 4204 368 4258 sui
416 4204 642 4259 ambulet
688 4205 822 4276 (Jer.
845 4221 966 4270 xm,
1000 4207 1108 4277 12).
1138 4206 1273 4261 llinc
1291 4207 1685 4264 etPsalmista:
1719 4210 1863 4265 Exa-

280 4296 506 4350 cerbavit
534 4296 814 4352 Dominum
839 4307 1099 4367 peccator,
1145 4299 1429 4352 secundum
1468 4298 1863 4355 multitudinem

280 4389 377 4440 ira:
397 4404 509 4441 sum
535 4404 638 4441 non
659 4398 857 4458 qureret
882 4387 1054 4459 (Psal.
1101 4406 1158 4454 x,
1180 4389 1257 4459 4).
1292 4389 1334 4444 E
1361 4399 1549 4445 contra
1580 4392 1645 4447 de
1666 4391 1750 4447 bis
1772 4393 1862 4461 qui

282 4480 395 4534 Deo
414 4482 619 4550 accepti
648 4491 774 4536 sunt
800 4484 995 4539 dicitur
1020 4503 1032 4538 :
1072 4484 1305 4539 Visitabo
1338 4487 1392 4539 in
1420 4487 1565 4556 virga
1614 4487 1862 4557 iniquita-

1967 653 2041 708 lat
2063 655 2314 724 gigantes,
2348 652 2398 706 id
2426 660 2529 714 est,
2561 661 2712 703 terra:
2734 646 2891 717 ﬁlios.

2038 744 2194 799 Vers.
2217 743 2268 797 5.
2308 742 2493 796 Videns
2517 751 2689 794 autem
2722 738 2857 792 Deus
2880 737 3017 805 quod
3042 735 3207 789 multa
3229 734 3427 788 malitia
3446 732 3539 784 hor

1963 836 2163 889 minum
2192 828 2319 887 esset
2341 834 2395 885 in
2424 842 2584 895 terra,
2610 840 2655 883 et
2677 839 2862 882 cuncta
2878 827 3123 899 cogitatio
3147 826 3315 881 corais
3340 836 3536 879 intenta

1964 933 2094 977 esset
2131 922 2201 975 ad
2228 922 2444 985 malum,
2467 920 2702 990 pwnituit
2731 936 2843 971 eum
2868 918 3006 989 quod
3027 917 3287 971 hominem
3306 916 3533 986 fecisset.

1964 1014 2021 1068 ln
2065 1015 2231 1069 Deum
2279 1012 2418 1067 nulla
2466 1013 2778 1083 poenitentia
2810 1011 2971 1066 cadit.
3006 1006 3184 1065 Semel
3228 1008 3368 1064 enim
3395 1010 3537 1063 Deus

1964 1104 2067 1159 ﬁxe
2099 1114 2151 1159 et
2178 1102 2441 1159 stabiliter
2457 1105 2635 1159 omnia
2660 1106 2912 1175 disponit.
2948 1104 3053 1159 Sed
3079 1103 3356 1174 Scriptura
3389 1117 3537 1156 more

1962 1205 2147 1252 nostro
2196 1197 2420 1267 loquens
2458 1197 2587 1251 dicit
2638 1196 2804 1251 Deum
2842 1197 3180 1267 paenituisse,
3232 1195 3357 1265 quia
3381 1194 3537 1265 quasi

1961 1302 2097 1357 opus
2120 1304 2272 1342 suum
2299 1296 2505 1341 mutare
2538 1288 2748 1342 videtur
2770 1288 3043 1343 voluntate
3070 1298 3248 1342 tamen
3275 1293 3328 1340 et
3352 1286 3535 1355 dispo-

1964 1380 2158 1435 sitione
2220 1381 2537 1435 immutabili
2592 1392 2962 1449 permanente.
3043 1381 3538 1447 Quomotl0cuuque

1964 1473 2105 1527 enim
2133 1460 2329 1529 fuerint
2361 1488 2465 1537 res,
2515 1473 2763 1527 videlicet
2786 1481 2875 1526 aut
2925 1473 2996 1526 ita
3045 1474 3151 1525 sint
3175 1485 3540 1542 permansura!

1964 1563 2103 1618 sicut
2124 1575 2320 1619 creata:
2343 1573 2491 1629 sunt,
2516 1574 2608 1617 aut
2637 1563 2928 1627 mutandm,
2966 1565 3107 1617 Deus
3161 1564 3260 1616 hoc.
3290 1571 3413 1615 ante
3442 1577 3542 1615 sm-

1963 1652 2082 1705 cula
2121 1643 2439 1708 immutabili
2464 1654 2707 1722 prtevidit
2734 1653 2965 1706 ratione.
3272 1724 3277 1729 ι

2035 1744 2189 1797 Vers.
2219 1744 2270 1797 8.
2305 1738 2420 1797 Noe
2445 1760 2558 1798 vero
2590 1744 2779 1796 invenit
2808 1743 3033 1812 gratiam
3059 1759 3230 1795 coram
3260 1739 3384 1794 Deo.
3423 1738 3533 1795 Noe

1966 1833 2167 1904 requies
2201 1834 2603 1902 interpretatur.

2038 1946 2193 2002 Vers.
2211 1948 2264 2001 9.
2305 1946 2671 2016 Justusatque
2700 1949 2957 2018 perfectus
2985 1949 3104 2018 fuit.
3136 1934 3193 2004 Si
3223 1932 3400 2003 nullus
3424 1949 3543 2004 sine

1964 2045 2187 2105 peccato
2218 2036 2399 2092 vivere
2436 2046 2647 2107 potest,
2688 2040 2960 2107 quomodo
2996 2039 3107 2095 Noe
3129 2039 3307 2109 justus
3352 2049 3400 2093 et
3426 2056 3544 2109 pcr-

1964 2124 2127 2194 fectus
2154 2124 2321 2181 fuisse
2343 2126 2577 2181 dicitur?
2612 2126 2797 2203 Sancti
2829 2129 2923 2182 Dei
2946 2129 3163 2198 perfecti
3186 2138 3311 2183 sunt
3349 2143 3542 2185 secun-

1964 2212 2089 2267 dum
2122 2214 2354 2285 aliquem
2385 2232 2539 2270 suum
2574 2217 2811 2282 modum,
2838 2233 2942 2271 non
2968 2226 3147 2273 autem
3173 2210 3244 2273 ita
3275 2208 3401 2273 sunt
3426 2234 3545 2289 pcr-

1964 2306 2087 2363 fecti
2121 2310 2260 2362 sicut
2315 2308 2629 2378 perﬁciendi
2679 2318 2821 2364 sunt.
2859 2310 3008 2365 Unde
3036 2319 3092 2365 et
3130 2321 3277 2367 recte
3304 2312 3539 2367 dicitur:

1964 2399 2017 2451 in
2060 2399 2477 2467 generationibus
2506 2401 2635 2453 suis.
2682 2398 2741 2453 ln
2786 2401 3039 2469 praesenti
3091 2386 3235 2457 enim
3286 2404 3393 2457 vita
3446 2419 3544 2473 pro

1966 2488 2123 2543 modo
2152 2505 2250 2543 suo
2280 2488 2504 2557 juvante
2532 2489 2624 2544 Dei
2674 2491 2846 2560 gratia
2872 2478 3095 2559 perfecti
3125 2495 3245 2546 esse
3288 2502 3538 2561 possunt.

1962 2575 2020 2629 ln
2054 2570 2138 2631 illa
2167 2578 2308 2632 enim
2343 2578 2498 2633 beata
2525 2580 2656 2657 vita,
2705 2580 2755 2632 in
2786 2595 2889 2647 qua
2921 2595 3017 2635 nec
3048 2566 3182 2635 velle
3234 2587 3332 2636 nec
3384 2596 3541 2650 posse

1964 2669 2165 2745 peccati
2191 2669 2270 2723 eis
2292 2669 2516 2734 suberit,
2543 2669 2701 2739 longe
2732 2670 2890 2724 aliter
2913 2670 3137 2740 perfecti
3160 2673 3339 2726 erunt.

2040 2761 2191 2815 Vers.
2226 2761 2311 2816 ll.
2349 2760 2605 2831 Corrupto
2634 2772 2706 2815 est
2756 2772 2917 2815 terra.
2967 2746 3023 2818 ld
3052 2774 3133 2818 est
3153 2766 3330 2819 omnis
3360 2766 3540 2821 homo.

1965 2848 2099 2903 Nam
2125 2850 2247 2919 quia
2278 2859 2499 2921 propter
2526 2850 2795 2905 hominem
2823 2861 3015 2907 cuncta
3042 2863 3225 2907 creata
3248 2863 3393 2919 sunt,
3425 2855 3545 2911 ideo

1965 2952 2221 3011 peccante
2254 2943 2472 2997 homine
2506 2943 2689 2998 omnia
2716 2941 2967 2999 dicuntur
3004 2955 3256 3015 corrupta
3285 2944 3468 3001 fuisse.

2036 3034 2183 3089 Vers.
2227 3034 2311 3088 12.
2341 3034 2524 3088 Omnis
2549 3051 2692 3101 caro,
2740 3035 2795 3090 ld
2820 3044 2903 3090 est
2930 3037 3106 3091 omnis
3137 3037 3317 3093 homo.
3349 3035 3544 3093 Corru-

1963 3138 2105 3196 perat
2135 3130 2269 3183 viam
2292 3144 2463 3201 suam.
2496 3126 2551 3181 ιιι
2581 3136 2681 3191 est,
2714 3128 3106 3198 depravaverat
3127 3124 3367 3186 actiones
3395 3147 3541 3187 suas.

1967 3221 2032 3273 Et
2075 3236 2168 3290 ego
2192 3219 2489 3289 disperdam
2547 3236 2631 3273 eos
2674 3236 2790 3273 cum
2829 3230 2991 3276 terra.
3037 3219 3214 3288 Quare
3258 3223 3391 3277 dicit
3426 3240 3544 3277 cum

1962 3318 2122 3371 terra.
2147 3325 2269 3363 eum
2297 3318 2439 3362 terra
2467 3325 2802 3380 nequaquam
2824 3311 2877 3365 in
2908 3311 3105 3365 diluvio
3128 3313 3419 3383 disperdita
3443 3315 3547 3369 sit?

1960 3397 2414 3453 Dicuntdoctores
2436 3414 2771 3469 nequaquam
2803 3407 2963 3455 tantae
2992 3402 3205 3455 virtutis
3224 3411 3280 3457 et
3304 3403 3545 3459 fecundi-

1961 3487 2087 3542 tatis
2113 3502 2229 3541 eam
2254 3484 2421 3543 fuisse
2458 3494 2577 3557 post
2597 3487 2853 3542 diluvium
2882 3499 3097 3564 quantae
3118 3499 3243 3544 ante
3284 3490 3543 3546 diluvium

1960 3576 2260 3629 exstiterat.
2288 3574 2439 3630 Unde
2455 3585 2510 3630 et
2524 3576 2831 3631 hominibus
2854 3585 2974 3647 post
2996 3578 3252 3634 diluvium
3273 3595 3399 3636 esus
3419 3597 3542 3636 car-

1962 3664 2109 3721 nium
2132 3665 2419 3719 Concessus
2438 3672 2540 3719 est.
2562 3650 2701 3743 Ante
2720 3663 2977 3719 diluvium
2997 3666 3141 3721 enim
3166 3668 3340 3738 pernis
3354 3676 3410 3723 et
3436 3669 3547 3725 ole-

1964 3754 2110 3811 ribus
2150 3756 2526 3811 vescebantur.
2559 3756 2699 3827 Ergo
2745 3765 2965 3826 propter
2999 3742 3253 3814 amissam
3293 3762 3545 3818 virtutem

1960 3859 2014 3903 et
2037 3849 2262 3924 gratiam
2291 3848 2572 3919 disperdili
2599 3857 2725 3902 sunt
2751 3849 2998 3905 homines
3023 3867 3139 3904 cum
3163 3863 3325 3907 terra.

2036 3937 2188 3993 Vers.
2227 3939 2309 3993 14.
2352 3938 2465 3992 Fac
2493 3939 2587 3992 tibi
2614 3956 2791 4013 arcam
2818 3940 2880 3994 de
2902 3940 3057 4012 lignis
3082 3941 3334 4012 levigatis.
3360 3944 3415 3999 ld
3442 3955 3547 4011 est,

1963 4029 2193 4107 fortibus
2225 4037 2280 4083 et
2310 4028 2703 4084 insolubilibus.
2742 4029 2808 4083 Et
2850 4030 2951 4085 hoc
2994 4040 3093 4107 est,
3122 4033 3263 4102 quod
3296 4032 3436 4087 LXX
3462 4035 3546 4087 di-

1964 4128 2089 4177 cunt
2126 4138 2139 4173 :
2166 4118 2243 4195 De
2273 4118 2428 4197 lignis
2450 4120 2750 4190 quadratis,
2778 4120 2829 4197 id
2852 4129 2954 4185 est,
2988 4120 3233 4177 fortibus.
3272 4122 3548 4178 Mansiun-

1965 4212 2110 4266 eulas
2154 4212 2317 4282 facies
2358 4212 2411 4288 in
2452 4228 2598 4265 arca.
2651 4210 3051 4266 Mansiunculas
3084 4214 3213 4268 dicit
3260 4213 3312 4268 in
3355 4216 3550 4284 quibus

1965 4304 2177 4357 diversa
2204 4302 2517 4356 animalium
2546 4317 2745 4372 genera
2772 4298 3158 4378 reciperentur.
3195 4303 3545 4377 Septuaginta

1967 4393 2146 4447 dicunt
2176 4411 2188 4445 :
2218 4392 2547 4471 Bicamerata
2573 4404 2618 4465 et
2641 4393 2975 4467 tricamerata
3006 4393 3059 4446 in
3082 4411 3205 4447 arca
3240 4396 3422 4463 facies.
3451 4396 3548 4449 Βὶο

1969 4494 2233 4540 camerata
2293 4483 2541 4538 videlicet
2588 4484 2637 4536 in
2690 4482 3057 4549 inferioribus,
3116 4486 3453 4540 tricameruta
3496 4491 3548 4542 in

281 4580 355 4625 tes
392 4589 572 4626 eorum
599 4571 772 4643 (Paul.
801 4591 1064 4642 Lxxxvm,
1091 4576 1207 4646 55).
1231 4607 1303 4619 —
1334 4578 1605 4649 Erantque
1653 4580 1762 4634 dies
1798 4580 1862 4632 ει-
1888 4602 1939 4661 D
1969 4574 2356 4646 superioribus.
2404 4573 2545 4644 Ergo
2587 4573 2825 4642 quinque
2876 4570 3245 4653 mansionibus
3297 4575 3549 4632 distincta

280 4663 384 4717 lius
407 4674 616 4718 centum
644 4666 825 4735 viginti
867 4684 1148 4722 annorum.
1204 4668 1431 4735 Quidam
1462 4679 1654 4739 putant
1683 4670 1859 4727 homi-

283 4771 410 4809 num
466 4758 631 4811 vitam
694 4766 819 4827 post
866 4759 1126 4815 diluvium
1172 4762 1225 4816 in
1280 4771 1497 4816 centum
1543 4763 1728 4833 viginti
1770 4779 1865 4817 an-

283 4846 367 4900 nis
394 4862 517 4901 esse
543 4856 900 4903 contractam.
932 4850 1042 4905 Sed
1094 4868 1200 4906 non
1256 4854 1327 4906 ita
1374 4863 1457 4907 est
1505 4855 1863 4910 sentiendum.

283 4935 476 4991 Multos
505 4938 650 4991 enim
707 4939 935 5008 legimus
986 4952 1107 5011 post
1152 4943 1409 4997 diluvium
1438 4944 1682 5014 pluribus
1712 4947 1868 5002 annis

281 5029 505 5095 vixisse.
538 5029 656 5085 Hoc
682 5045 811 5102 ergo
840 5032 912 5085 ita
945 5033 1313 5102 accipiendum
1360 5044 1461 5088 est.
1498 5036 1695 5091 Volens
1722 5037 1865 5092 enim

284 5121 426 5176 Deus
458 5124 719 5178 inducere
748 5126 1129 5194 peccatoribus
1156 5126 1413 5180 diluvium
1443 5129 1591 5183 dedit
1618 5129 1696 5184 eis
1744 5141 1868 5200 spa-

281 5213 442 5279 tium,
472 5221 693 5268 centum
743 5215 932 5287 viginti
964 5215 1171 5271 scilicet
1198 5232 1459 5271 annorum
1494 5219 1560 5272 ad
1608 5222 1869 5289 agendam

279 5310 686 5377 pcenitentiam.
744 5310 847 5366 Sed
892 5308 997 5364 illis
1051 5325 1209 5378 agere
1264 5311 1569 5367 nolentibus
1603 5321 1659 5367 et
1688 5315 1741 5368 in
1772 5329 1869 5369 sua

282 5402 494 5457 malitia
528 5403 951 5471 perdurantibus
979 5417 1087 5457 non
1118 5404 1453 5474 exspectavit
1479 5421 1571 5461 eos
1597 5405 1739 5461 Deus
1783 5422 1876 5461 us-

276 5509 388 5534 F'm
411 5496 478 5544 "Nl
509 5494 694 5549 datum
721 5497 956 5546 snalinm
990 5504 1203 5540 ('Pnlum
1234 5496 1421 5542 vininli
1461 5514 1737 5546 unnnl‘llm,
1779 5500 1868 5538 cmi

1972 4667 2072 4723 fuit
2094 4684 2239 4723 arca.
2270 4666 2453 4720 Prima
2498 4665 2730 4729 mansio,
2762 4664 2812 4717 id
2843 4674 2925 4718 est
2952 4663 3178 4720 inferior
3219 4666 3319 4721 fuit
3354 4676 3551 4724 sterco-

1971 4769 2110 4825 rata,
2142 4758 2231 4813 ubi
2260 4757 2841 4829 animalium‘stercora
2869 4754 3193 4831 deﬂuebant,
3226 4774 3295 4813 ne
3324 4759 3408 4814 illa
3432 4777 3551 4831 qua:

1970 4851 2199 4903 erantin
2221 4862 2347 4900 arca
2375 4840 2429 4899 et
2456 4844 2689 4899 maxime
2710 4861 2778 4899 ne
2801 4845 3047 4900 homines
3075 4846 3266 4903 faetore
3296 4847 3550 4905 hederam

1974 4952 2079 4996 tur.
2143 4938 2391 4994 Secunda
2442 4938 2542 4992 fuit
2583 4922 2961 5011 apothecaria,
3012 4940 3259 4995 ubicibus
3308 4942 3553 4999 diversus

1971 5030 2281 5086 animalium
2312 5027 2618 5083 reconditus
2646 5036 2784 5082 erat.
2815 5026 2995 5082 Tertia
3027 5028 3129 5084 fuit
3173 5026 3465 5087 bestiarum
3500 5044 3555 5088 et

1970 5106 2258 5179 imrnitium
2283 5119 2595 5176 animalium
2624 5136 2689 5176 ac
2712 5120 3062 5188 serpentium.
3092 5121 3317 5190 Quarta,
3337 5120 3552 5189 jumen-

1971 5227 2151 5272 torum
2182 5223 2237 5269 et
2282 5221 2691 5268 mansuetorum
2746 5210 3081 5266 animalium.
3128 5210 3346 5279 Quinta,
3392 5210 3444 5267 id
3473 5222 3556 5266 est

1970 5325 2241 5383 suprema,
2288 5308 2565 5361 hominum
2595 5316 2653 5361 et
2692 5305 2890 5360 avium.
2924 5305 3132 5361 Ostium
3166 5317 3294 5358 vero
3322 5306 3466 5371 quod
3499 5306 3550 5360 in

1972 5394 2320 5475 sequentibus
2348 5402 2399 5454 in
2428 5400 2594 5453 latere
2625 5414 2765 5455 arcae
2796 5395 2962 5453 fuisse
2992 5396 3313 5452 describitur-

1973 5496 2138 5534 l'nicca
2179 5490 2377 5526 orn-1!.“
2406 5506 2413 5507 κ
2502 5487 2514 5504 ι
2541 5487 2551 5498 .
2605 5489 2617 5504 ,
2643 5490 2655 5501 ,
