4026 6434
78 5368 237 5525 δ

41 5616 144 5800 ι

41 5859 159 6049 ι

523 462 591 518 75
978 527 997 541 ρ
1168 459 1425 525 uento"
1463 459 2122 521 ANTISSIODORENSIS
2160 463 2309 520 opp.
2350 463 2548 522 psus.
2590 438 3156 530 ιξ-ιιεχεαετιω.
3702 480 3772 535 76

522 591 797 647 nunquam
847 577 1269 643 convermescit,
1324 592 1421 632 nec
1468 577 1570 631 ulla
1613 578 1663 631 vi
1706 577 1956 632 imbrium
2006 583 2099 632 aut
2124 585 2171 647 Α
2201 594 2384 635 arcam
2419 579 2620 638 fuerint
2647 607 2662 636 .-
2693 584 2963 641 habebant
2988 594 3166 642 tamen
3208 586 3410 646 loculos
3441 601 3773 662 praeparatos

521 665 648 721 ﬁatu
674 673 954 721 ventorum
991 665 1205 720 dissolvi
1239 674 1430 735 potest.

594 755 745 809 Vers.
789 755 875 810 15.
918 754 1284 809 Trecentorum
1323 755 1635 809 cubitorum.
1692 754 1797 810 Sed
1846 756 1946 810 hoc
1985 771 2092 811 non

523 846 865 912 mirabimur,
898 845 940 900 si
970 845 1206 900 sciamus
1244 844 1573 915 geometrico
1593 842 1774 900 cubito
1799 843 1943 898 illam
1971 842 2094 901 esse

523 942 888 990 mensuralam
926 935 1041 1004 qui,
1080 944 1136 988 ut
1162 933 1423 1005 Origenes
1450 933 1600 999 dicit,
1646 949 1740 990 sex
1768 934 1966 990 cubitis
1995 935 2094 988 hu-

523 1028 698 1084 manis
744 1028 1015 1100 implelur.
1062 1028 1263 1085 Positio
1303 1037 1481 1084 autem
1524 1043 1666 1083 arcae
1700 1026 1820 1084 talis
1864 1028 2089 1084 exstitit.

520 1118 644 1173 Fuit
695 1119 839 1174 enim
882 1119 1231 1176 fundamento
1268 1119 1549 1190 quadrata,
1591 1117 1868 1188 inaequalis
1914 1127 2092 1173 tamen

522 1207 868 1279 longitudinis
907 1220 963 1264 et
1002 1208 1467 1280 latitudinis,,qu:c
1495 1208 1749 1281 paulatim
1787 1209 1855 1264 ab
1885 1208 2093 1280 angulis

519 1299 886 1354 conscendens
928 1298 981 1352 in
1011 1309 1215 1354 arctam
1246 1297 1475 1354 formam
1517 1314 1730 1355 sursum
1760 1298 2089 1370 erigebatur,

517 1388 691 1443 donec
736 1388 788 1443 in
816 1389 999 1446 cubito
1026 1389 1326 1446 latitudinis
1353 1397 1409 1446 et
1428 1388 1777 1461 longitudinis
1810 1388 2093 1445 summitas
2117 1430 2129 1449 .

517 1479 633 1550 ejus
653 1481 1021 1551 perﬁceretur.
1045 1481 1170 1538 Fuit
1194 1489 1375 1538 autem
1398 1480 1575 1537 decies
1594 1480 1751 1552 longa
1769 1495 1932 1551 quam
1958 1480 2087 1546 alta,

516 1579 572 1626 et
598 1570 775 1626 sexies
799 1578 1006 1627 tantum
1048 1570 1206 1644 longa
1234 1586 1397 1642 quam
1424 1571 1532 1627 lata
1574 1571 1643 1628 ad
1687 1570 2091 1627 similitudinem

516 1659 735 1717 humani
765 1662 1026 1733 corporis.
1066 1661 1198 1717 Nam
1228 1662 1273 1718 si
1303 1661 1574 1717 hominem
1602 1677 1832 1733 pronum
1872 1661 1957 1717 vel
2000 1677 2091 1717 su-

516 1752 701 1821 pinum
724 1751 992 1821 jacentcm
1019 1751 1321 1816 metiamur,
1347 1751 1528 1806 decies
1551 1758 1757 1805 tantum
1779 1749 1968 1820 longus
1986 1750 2091 1804 erit

517 1859 545 1894 a
575 1841 751 1910 capite
782 1854 950 1909 usque
993 1839 1058 1894 ad
1099 1840 1263 1910 pedes
1290 1854 1451 1910 quam
1495 1839 1639 1895 altus
1660 1855 1691 1894 a
1720 1838 1881 1894 dorso
1919 1852 2087 1908 usque

2194 677 2347 723 extra
2377 685 2559 725 arcam
2587 672 2640 725 iu
2670 672 2867 743 quibus
2888 688 2947 730 se
2968 683 3219 745 poterant
3239 677 3503 749 recipere,
3526 680 3688 735 veluti
3717 683 3771 737 in

2197 759 2383 815 aridis.
2425 759 2539 816 Hoc
2566 770 2620 816 et
2657 762 2724 817 de
2759 763 2951 819 avibus
2975 764 3314 821 sentiendum
3346 766 3571 825 marinis
3593 778 3648 825 et
3666 768 3769 826 llu-

2193 849 2444 918 vialibus,
2494 853 2619 923 quia
2667 853 2878 912 vicibus
2923 855 2982 911 in
3026 856 3185 927 aquis
3225 870 3404 925 erant,
3453 867 3511 916 et
3544 860 3671 917 item
3713 863 3772 920 in

2193 941 2510 1010 praeparatis
2557 944 2947 1001 mansiunculis
2997 954 3153 1001 extra
3200 961 3383 1003 arcam
3438 964 3497 1006 se
3542 952 3773 1024 recipie—

2194 1029 2348 1086 bant.

2265 1121 2421 1178 Vers.
2451 1123 2542 1178 2i.
2585 1122 2755 1179 Tolles
2796 1125 2861 1180 de
2904 1128 3142 1184 omnibus
3167 1130 3321 1186 escis.
3348 1128 3463 1189 Hoc
3491 1133 3611 1190 loco
3632 1150 3794 1207 quaa-t

2194 1211 2332 1267 ritur
2373 1215 2438 1269 de
2473 1215 2795 1272 animalibus
2835 1233 2955 1287 qua:
3004 1220 3261 1277 carnibus
3295 1232 3609 1291 vescuntur,
3637 1241 3783 1297 quo—'

2194 1302 2355 1358 modo
2397 1303 2451 1359 in
2498 1316 2625 1361 arca
2670 1321 2813 1361 anno
2860 1306 3071 1380 integro
3113 1309 3368 1378 vixerint,
3417 1326 3539 1368 cum
3576 1329 3774 1371 carnes

2192 1398 2345 1448 tanto
2376 1401 2620 1466 tempore
2645 1395 2971 1467 incorrupta:
3004 1400 3213 1454 servari
3242 1415 3347 1457 non
3371 1403 3664 1473 potuerint.
3688 1405 3772 1461 Ad

2192 1483 2297 1540 hoc
2320 1484 2607 1542 dicendum
2646 1489 2773 1559 quia
2798 1496 2925 1545 sunt
2948 1490 3190 1559 quaedam
3217 1492 3468 1549 animalia
3492 1508 3612 1565 quas
3644 1510 3773 1551 car-

2192 1574 2352 1630 nibus
2395 1584 2701 1640 vescuntur,
2734 1577 2828 1632 sed
2855 1577 2900 1633 si
2930 1580 3229 1636 necessitas
3250 1580 3618 1652 imperaverit,
3658 1584 3774 1641 l'ru-

2192 1668 2370 1725 ctibus
2423 1678 2478 1724 et
2539 1671 2714 1741 pomis
2776 1672 2973 1728 diversi
3035 1676 3250 1745 generis
3302 1675 3487 1732 vivere
3521 1686 3769 1747 possunt,

2192 1758 2429 1816 maxime
2456 1758 2559 1815 ﬁcu
2592 1769 2648 1815 et
2673 1766 2950 1816 castanea.

2789 1847 3016 1905 CAPUT
3057 1848 3162 1904 Vll.

514 1931 579 1985 ad
604 1939 867 1995 ventrem,
891 1937 945 1983 et
971 1929 1147 1984 sexies
1181 1937 1386 1983 tantum
1414 1929 1520 1984 erit
1547 1928 1738 2000 longus
1758 1943 1918 1999 quam
1946 1927 2086 1983 latus
2112 1946 2160 2006 Β
2259 1936 2412 1992 vers.
2451 1936 2507 1991 3.
2547 1937 2634 1993 Ea;
2688 1940 2925 1995 omnibus
2971 1941 3328 1998 animantibus
3372 1944 3497 1999 ιοιιε
3535 1955 3765 2015 “piam,

512 2035 541 2073 a
570 2020 793 2074 dextero
822 2019 990 2075 latere
1015 2034 1185 2090 usque
1211 2020 1277 2074 ad
1304 2019 1608 2074 sinistrum.

588 2131 739 2188 Vers.
773 2133 858 2188 l6.
901 2130 1207 2190 Fenestram
1243 2133 1298 2186 in
1328 2149 1452 2188 arca
1481 2133 1663 2203 facies.
1690 2133 1772 2189 Ad
1797 2132 1899 2188 hoc
1935 2133 2085 2189 fene-

507 2232 626 2279 sura
654 2224 708 2279 in
738 2239 879 2280 arca:
905 2224 1213 2280 summitate
1239 2222 1375 2279 facta
1406 2235 1509 2291 est,
1540 2234 1597 2279 ut
1635 2225 1855 2281 haberet
1879 2224 2085 2279 aditum

510 2312 646 2379 Noe,
668 2328 765 2383 per
786 2328 946 2383 quam
973 2312 1265 2379 emitteret,
1303 2313 1442 2370 sicut
1472 2322 1656 2385 postea
1680 2312 1809 2369 fecit
1832 2313 2086 2369 emittens

509 2404 813 2461 columbam
849 2414 903 2460 et
932 2420 1173 2461 corvum.
1202 2404 1374 2489 Quam
1402 2404 1694 2461 fenestram
1736 2406 1954 2460 tradunt
1978 2404 2088 2461 lle-

506 2491 636 2548 bmi
680 2492 1049 2564 crystallinam
1095 2493 1281 2549 fuisse.
1328 2491 1551 2567 Mystice
1589 2502 1769 2549 autem
1817 2493 1951 2562 Noe,
2000 2494 2085 2549 vir

500 2582 681 2653 justus
708 2592 764 2639 et
786 2582 1055 2654 perlectus
1088 2584 1306 2640 nomine
1325 2593 1379 2640 et
1406 2593 1551 2651 actu,
1575 2584 1851 2640 Christum
1878 2584 2097 2657 signiﬁa

506 2681 615 2729 cat.
659 2673 1051 2744 Interpretatur
1089 2675 1233 2730 enim
1280 2675 1500 2746 requies,
1545 2674 1671 2745 quia
1710 2673 1912 2732 electos
1958 2689 2083 2731 suos

506 2762 673 2820 ﬁnitis
698 2764 975 2822 labOribus
1014 2755 1196 2821 saeculi
1246 2764 1403 2835 huius
1447 2766 1513 2822 ad
1551 2775 1807 2822 aeternam
1835 2766 2084 2824 Christus

504 2851 863 2922 perducturus
882 2860 963 2908 est
993 2852 1255 2924 requiem.
1285 2852 1385 2920 Qui
1413 2860 1541 2909 Vere
1568 2852 1716 2911 solus
1750 2863 1805 2910 ct
1831 2853 2006 2925 justus
2025 2862 2081 2909 et

503 2941 776 3012 perlectus
801 2949 902 3009 est,
932 2941 999 2997 de
1026 2956 1133 3012 quo
1164 2941 1489 3013 Apostolus:
1515 2940 1582 2997 Ut
1607 2943 1673 2997 sit
1695 2943 1803 3014 ipse
1823 2943 2003 3014 justus
2031 2954 2079 2999 et

497 3031 796 3102 iustiﬁcam
825 3047 941 3086 eum
980 3033 1068 3102 qui
1107 3046 1171 3086 ea:
1210 3030 1316 3100 ﬁde
1340 3041 1414 3086 est
1449 3029 1621 3103 (Rom.
1652 3047 1735 3098 nt,
1757 3031 1874 3102 26).
1896 3031 2080 3088 Potest

504 3124 667 3180 etiam
704 3123 816 3181 Noe
862 3133 1041 3197 typum
1072 3133 1255 3180 tenere
1285 3124 1694 3195 prtepositorum
1734 3124 1789 3180 in
1836 3124 2078 3181 Ecclesia

504 3215 618 3270 sive
641 3214 802 3270 etiam
833 3215 995 3270 totius
1021 3212 1236 3269 familia:
1271 3212 1494 3283 Christi,
1530 3213 1893 3270 membrorum
1921 3213 2075 3270 vide-

2192 2025 2349 2094 Quod
2373 2026 2503 2083 dicit
2530 2042 2546 2081 :
2575 2026 2801 2100 Septena
2838 2040 2887 2085 et
2925 2040 3157 2103 septena,
3188 2047 3294 2089 non
3323 2034 3648 2106 geminatum
3677 2049 3767 2089 se;

2184 2117 2511 2187 ptenarium,
2556 2118 2615 2173 id
2638 2127 2723 2175 est
2744 2124 3174 2191 quatuordecim,
3203 2122 3297 2179 sed
3326 2132 3535 2179 tantum
3559 2134 3768 2195 septem

2185 2206 2445 2263 debemus
2488 2209 2755 2279 accipere.
2803 2208 3069 2267 Similiter
3111 2212 3200 2267 ubi
3245 2213 3351 2267 duo
3392 2222 3442 2268 et
3490 2213 3616 2278 duo,
3659 2228 3767 2269 non

2183 2303 2438 2365 quatuor,
2462 2297 2557 2352 sed
2590 2296 2696 2352 duo
2734 2296 2994 2356 debemus
3033 2300 3354 2373 intelligere.
3384 2300 3681 2356 Hasculum
3715 2311 3768 2356 et

2184 2389 2455 2461 feminam.
2487 2392 2566 2462 _Et
2618 2391 2707 2449 hic
2748 2394 3044 2450 notandum
3074 2397 3215 2465 quod
3266 2397 3469 2453 munda
3509 2396 3763 2451 animalia

2185 2477 2377 2551 impari
2418 2496 2669 2549 numero,
2693 2482 2746 2538 id
2773 2491 2876 2551 est,
2904 2486 3211 2555 septenario
3257 2487 3676 2544 introducuntur
3705 2487 3762 2543 in

2185 2584 2392 2635 arcam,
2435 2570 2709 2627 immunda
2758 2587 2889 2630 vero
2921 2575 3036 2646 pari
3064 2593 3077 2629 :
3103 2577 3230 2646 quia
3275 2578 3452 2650 impar
3500 2594 3760 2634 numerus

2191 2660 2481 2731 quamdam
2514 2663 2728 2719 virtutis
2752 2665 3036 2735 praetendit
3061 2668 3314 2737 speciem,
3339 2682 3440 2739 par
3464 2682 3595 2724 vero
3614 2668 3762 2723 inﬁr-

2182 2750 2388 2806 mitatis
2416 2758 2473 2806 et
2499 2752 2615 2807 vitii
2660 2754 2875 2826 signum
2918 2764 3024 2811 est.
3053 2756 3247 2812 Munda
3292 2758 3545 2814 animalia
3578 2760 3761 2829 plura,

2182 2841 2236 2897 id
2257 2842 2341 2897 est
2368 2851 2588 2913 septena
2611 2844 2864 2911 dicuntur
2892 2847 3219 2911 introducta,
3254 2859 3313 2902 ut
3335 2845 3618 2920 egrediens
3642 2849 3756 2905 Noe

2182 2931 2248 2986 de
2296 2946 2420 2986 arca
2463 2931 2688 2989 haberet
2729 2935 2872 3004 quod
2916 2934 3144 2993 Domino
3188 2938 3513 3005 immolaret,
3553 2946 3609 2994 et
3649 2953 3759 3010 quo

2180 3020 2295 3090 ipse
2326 3036 2447 3076 eum
2478 3020 2602 3079 ﬁliis
2630 3034 2941 3081 vesceretur
3313 3052 3319 3060 ο
3396 3060 3397 3063 η
3662 3055 3667 3061 η

2250 3106 2403 3169 Vcrs.
2448 3113 2499 3169 7.
2540 3112 2606 3169 Et
2645 3117 2911 3187 ingressus
2953 3128 3041 3189 est-
3073 3118 3190 3173 Noe
3211 3129 3259 3173 et
3289 3118 3391 3189 filii
3428 3121 3543 3190 ejus
3584 3121 3636 3174 in
3666 3137 3759 3174 ars

2177 3216 2313 3257 cam.
2344 3204 2739 3262 Attehdeudum
2762 3215 2846 3263 est
2874 3207 3017 3278 quod
3041 3208 3256 3279 quando
3281 3209 3558 3281 ingressus
3585 3204 3669 3265 est
3698 3197 3751 3265 in

502 3303 630 3360 licet
657 3303 773 3374 ejus
799 3305 890 3375 qui
917 3319 1015 3376 per
1047 3303 1248 3376 lignum
1271 3303 1452 3362 crucis
1479 3312 1535 3360 et
1559 3319 1755 3375 aquam
1784 3304 2077 3376 baptisma-‘-

2181 3307 2389 3361 arcam,
2419 3310 2662 3352 seorsum
2694 3296 2809 3368 ipse
2835 3307 2890 3354 et
2927 3299 3021 3355 ﬁlii
3050 3300 3167 3370 ejus
3193 3302 3246 3357 in
3273 3317 3479 3369 arcam,
3511 3311 3569 3359 et
3604 3318 3755 3359 seor-

504 3394 574 3450 tis
605 3394 901 3451 salvantur.
929 3394 1071 3452 Area
1111 3408 1239 3451 vero
1272 3403 1457 3451 sancta
1487 3403 1567 3451 est
1602 3394 1842 3452 Ecclesia
1872 3411 1992 3466 quae
2011 3396 2077 3452 de

501 3486 659 3559 lignis
680 3488 934 3559 levigatis,
967 3486 1069 3543 hoc
1093 3494 1198 3553 est,
1225 3486 1429 3543 sanctis
1472 3486 1527 3541 in
1562 3495 1822 3542 aeternum
1852 3486 2078 3543 victuris

504 3578 857 3634 construitur.
890 3578 956 3632 Et
1004 3578 1145 3633 sicut
1186 3578 1240 3632 in
1286 3592 1409 3633 arca
1446 3577 1657 3633 diversa
1700 3585 1854 3632 erant
1879 3592 2075 3648 genera

504 3668 838 3733 animalium,
868 3668 947 3723 sic
994 3667 1047 3722 in
1090 3666 1329 3723 Ecclesia
1376 3667 1587 3723 diversa
1632 3674 1758 3723 sunt
1797 3667 2074 3722 hominum

502 3772 721 3827 genera.
757 3756 962 3814 Ostium
991 3759 1043 3813 in
1080 3756 1240 3813 latere
1276 3756 1470 3813 vulnus
1510 3757 1779 3830 signiﬁcat
1807 3758 1861 3814 in
1907 3757 2076 3814 latere

501 3852 723 3919 Christi,
755 3850 822 3907 dc
847 3868 953 3923 quo
988 3852 1102 3922 ipsa
1137 3849 1374 3906 Ecclesia
1408 3864 1513 3906 una
1554 3860 1679 3906 cum
1719 3850 2076 3907 sacramentis

502 3947 714 3995 constat
741 3940 1019 4011 sanguinis
1046 3948 1101 3995 ct
1121 3954 1293 4010 aquae.

571 4029 727 4084 Vers.
762 4028 848 4084 l9.
892 4029 971 4083 Ea
1003 4030 1200 4084 cunctis
1242 4031 1594 4087 animantibus
1616 4032 1745 4086 bina
1774 4030 1988 4087 induces
2017 4030 2075 4086 iit

503 4135 701 4174 arcam.
731 4119 1002 4186 Quaeritur
1040 4122 1105 4176 de
1134 4120 1355 4177 minutis
1401 4121 1790 4187 animantibus,
1833 4137 1940 4176 non
1984 4134 2072 4177 so.

499 4210 610 4265 lum
636 4210 821 4282 quales
850 4221 976 4267 sunt
996 4226 1179 4268 mures
1214 4221 1270 4269 et
1307 4213 1601 4281 stelliones,
1630 4217 1723 4270 sed
1751 4214 1911 4270 etiam
1938 4230 2072 4285 qua-

500 4297 579 4355 les
606 4308 732 4354 sunt
759 4315 978 4366 muscae,
1020 4309 1075 4356 et
1114 4301 1445 4369 scabriones,
1469 4310 1525 4358 et
1561 4302 1803 4358 scarabei
1834 4311 1889 4358 et
1933 4301 2069 4373 puli-

496 4402 609 4455 ccs,
657 4388 703 4445 si
741 4389 795 4444 in
824 4389 910 4446 his
948 4389 1034 4445 hic
1072 4405 1326 4447 numerus
1365 4391 1560 4463 poterit
1600 4393 1930 4448 conservari.
1959 4389 2070 4447 Sed

497 4476 773 4533 sciendum
813 4479 940 4549 quia
985 4477 1074 4534 illa
1103 4494 1222 4550 quae
1262 4495 1369 4537 non
1392 4480 1541 4538 coitu
1578 4490 1925 4553 generantur,
1972 4482 2067 4540 sed

497 4571 725 4628 humore
750 4580 906 4628 terra:
933 4571 1017 4628 vel
1042 4588 1108 4628 ex
1136 4589 1453 4647 quacunque
1475 4576 1795 4632 cadaverum
1816 4585 1911 4633 aut
1931 4575 2066 4633 alia-

2179 3401 2296 3441 sum
2339 3401 2537 3443 uxores
2575 3401 2781 3445 eorum.
2824 3389 3034 3447 Dicitur
3058 3382 3240 3449 enim:
3266 3394 3543 3466 Ingressus
3588 3406 3663 3450 est
3698 3396 3755 3449 iri

2177 3495 2355 3532 arcam
2384 3479 2493 3549 ipse
2526 3490 2573 3534 et
2600 3480 2699 3549 filii
2725 3481 2873 3552 ejus;
2901 3483 3093 3540 deinde
3121 3502 3135 3539 :
3165 3501 3302 3541 ua'or
3337 3486 3451 3556 ejus
3489 3497 3535 3541 et
3565 3503 3755 3541 uxores

2175 3567 2408 3637 ﬁliorum
2441 3569 2575 3639 ejus.
2617 3562 2844 3636 Quando
2881 3585 3011 3629 vero
3044 3574 3246 3643 egressi
3293 3585 3444 3640 sunt,
3478 3575 3578 3630 vit‘i
3623 3587 3751 3631 cunt

2179 3662 2437 3717 uxoribus
2489 3663 2733 3734 permiin
2778 3663 3045 3732 leguntur.
3100 3666 3242 3722 Dicit
3285 3665 3751 3738 enim:£gressus

2175 3759 2249 3805 est
2291 3747 2409 3805 Noe
2445 3759 2496 3806 et
2523 3766 2659 3806 uxor
2695 3752 2830 3822 ejus.
2856 3751 2970 3808 Hoc
2994 3755 3242 3826 estquod
3290 3753 3546 3810 Salomon
3580 3753 3751 3809 dicit:

2179 3839 2401 3913 Tetnpus
2461 3842 2826 3915 amplexandi,
2874 3857 3073 3919 tempus
3133 3848 3283 3920 lange
3332 3849 3448 3918 ﬁeri
3516 3847 3582 3902 ab
3634 3860 3750 3901 am-

2177 3929 2411 4001 plexibus
2436 3931 2627 4004 (Eccli.
2652 3949 2732 3999 ιιι,
2766 3934 2844 4004 5).
2877 3935 3108 4008 lngressi
3140 3949 3259 3993 sunt
3281 3938 3337 3993 in
3378 3953 3577 4004 arcam,
3615 3944 3751 3992 nutu

2174 4022 2425 4079 videlicet
2449 4023 2565 4090 Dei,
2598 4040 2707 4081 non
2738 4025 2956 4082 homine
2977 4027 3227 4085 faciente.

2244 4116 2400 4172 Vers.
2446 4117 2535 4172 ll;
2574 4116 2725 4173 Anno
2766 4120 3155 4188 sexcentesimo,
3203 4128 3378 4179 mense
3418 4129 3665 4182 secundo.
3692 4122 3751 4182 ld

2179 4213 2263 4260 est
2290 4219 2477 4262 mense
2502 4204 2694 4273 Nisan,
2737 4208 2829 4278 qui
2867 4223 2898 4263 a
2928 4208 3134 4267 Latinis
3168 4209 3337 4268 Maius
3366 4212 3580 4270 dicitur.
3621 4215 3747 4271 Pri-

2175 4306 2296 4350 mus
2321 4295 2466 4350 enim
2505 4297 2709 4352 mensis
2741 4309 2827 4353 est
2869 4296 3009 4368 apud
3035 4298 3153 4355 illos
3179 4301 3397 4372 Aprilis.
3427 4303 3743 4362 Cataractre.

2170 4385 2227 4441 ΙιΙ
2261 4395 2346 4443 est
2387 4386 2642 4446 fenestra
2682 4390 2826 4446 cmli.
2867 4386 3144 4449 Fenestrat
3183 4404 3361 4451 autem
3394 4396 3516 4457 εαξη
3569 4399 3743 4456 nubes

2172 4476 2426 4533 dicuntur
2456 4493 2577 4551 qua:
2611 4487 2811 4551 aperta:
2838 4487 2985 4550 sunt,
3009 4490 3071 4537 ut
3097 4482 3219 4539 inde
3244 4485 3472 4543 insolita:
3491 4496 3545 4543 et
3572 4487 3742 4559 majo-

2172 4583 2261 4624 res
2284 4567 2484 4640 pluvia
2508 4568 2885 4627 itinderentur.
2912 4568 3048 4627 Nam
3074 4579 3354 4628 cataractte
3375 4583 3501 4630 sunt
3525 4577 3747 4647 proprie

497 4674 617 4715 rum
644 4673 825 4715 rerum
851 4660 1196 4732 corruptione
1218 4671 1537 4730 nascuntur,
1560 4679 1666 4720 non
1708 4677 1931 4723 necesse
1967 4664 2070 4722 fuit
2096 4658 2146 4719 D
2171 4659 2312 4715 ostia
2351 4658 2480 4726 Nili.
2519 4661 2616 4716 θεά
2640 4659 2866 4718 θδηεὶνθ
2906 4676 3005 4734 pro
3029 4663 3279 4719 omnibus
3315 4663 3564 4722 lencSll‘iS
3600 4668 3746 4722 ποεῖ-δ

498 4746 760 4807 contineri
802 4750 856 4806 in
885 4765 1031 4806 arca.
1059 4750 1194 4807 Nam
1222 4761 1277 4810 et
1304 4754 1408 4810 hoc
1447 4755 1847 4829 intelligendum
1882 4757 2064 4817 innui-

500 4851 606 4909 tur,
648 4857 772 4899 cum
814 4843 1145 4899 diciturzbe
1193 4845 1483 4902 volucribus
1504 4848 1662 4919 juxta
1686 4866 1847 4922 genus
1887 4868 2063 4922 suum,

495 4941 543 4986 et
568 4932 631 4987 de
645 4931 899 5002 jumentis
939 4934 993 4987 in
1019 4949 1203 5005 genere
1225 4950 1340 4990 suo.
1379 4934 1471 4990 llla
1497 4951 1710 5010 quoque
1736 4955 1856 5011 qua:
1888 4941 1946 4997 in
1969 4943 2064 4998 do-

495 5025 675 5081 mibus
696 5034 1000 5092 versantur,
1031 5026 1171 5082 sicut
1197 5029 1421 5097 pulices,
1449 5046 1652 5098 mures,
1691 5048 1913 5101 muscas,
1953 5049 2060 5092 non

494 5131 716 5172 necesse
746 5114 848 5170 fuit
886 5115 941 5171 in
989 5117 1074 5172 his
1118 5117 1262 5173 hunc
1290 5134 1573 5176 numerum
1610 5123 1906 5189 observari,
1941 5140 2059 5191 quae

493 5206 865 5278 intelliguntur
892 5214 1018 5264 tunc
1059 5207 1212 5279 plura
1259 5207 1314 5265 in
1357 5210 1605 5267 domibus
1642 5210 1827 5270 fuisse.
1873 5213 1981 5270 Sed
2010 5223 2066 5271 et

491 5299 579 5355 illa
619 5301 871 5357 animalia
911 5315 1031 5372 qua:
1077 5316 1143 5357 ex
1191 5303 1562 5361 commistione
1607 5305 1803 5363 diversi
1848 5308 2063 5379 generis

491 5399 803 5458 nascuntur,
851 5392 990 5448 sicut
1020 5392 1146 5449 muli
1179 5401 1235 5448 et
1278 5393 1549 5451 burdones
1586 5406 1640 5451 et
1669 5407 1878 5454 caetera
1911 5399 2059 5466 talia,

490 5492 598 5533 non
634 5488 719 5534 est
744 5480 1026 5537 dicendum
1067 5482 1231 5539 fuisse
1270 5484 1323 5539 in
1366 5500 1511 5542 arca.
1542 5486 1671 5543 Item
1697 5489 1957 5558 quaeritur
1994 5490 2062 5546 de

488 5567 575 5622 his
599 5568 956 5626 animantibus
978 5587 1098 5643 qua:
1138 5572 1190 5627 in
1217 5575 1372 5646 aquis
1400 5586 1456 5632 et
1484 5577 1537 5631 in
1587 5585 1728 5633 terra
1762 5580 2057 5635 communi-

491 5662 575 5709 ter
602 5655 805 5723 vivunt,
830 5667 1011 5714 utrum
1056 5659 1223 5718 fuisse
1257 5664 1553 5721 credantur
1594 5668 1650 5722 in
1678 5682 1831 5735 arca,
1876 5678 1972 5724 aut
2006 5669 2051 5724 si

490 5762 597 5801 non
616 5747 855 5817 luerunt,
887 5751 1154 5820 quomodo
1181 5754 1362 5809 vivere
1380 5756 1652 5825 potuerint
1686 5758 1826 5814 sicut
1850 5759 1979 5813 lutri
1999 5769 2057 5817 et

416 5839 431 5854 ‘
490 5836 641 5892 vituli
680 5838 892 5893 marini.
931 5837 1035 5897 Sed
1081 5842 1146 5898 de
1189 5841 1271 5900 his
1313 5845 1463 5901 credi
1491 5854 1668 5916 potest
1713 5850 1856 5918 quod
1902 5858 2055 5905 extra

2173 4752 2416 4823 piuntur.
2442 4750 2640 4809 Fontes
2666 4769 2869 4825 quoque
2904 4770 3110 4826 magna:
3134 4753 3308 4825 abyssi
3335 4756 3474 4827 rupti
3500 4767 3641 4813 sunt.
3672 4757 3746 4815 Ut

2172 4856 2277 4897 non
2305 4842 2506 4899 sensim
2537 4857 2687 4899 more
2706 4843 2867 4901 solito
2891 4843 3140 4913 ﬂuerent,
3159 4846 3253 4903 sed
3282 4846 3560 4917 repentina
3587 4848 3742 4905 inun-

2170 4931 2384 4988 datione
2410 4932 2749 5002 superﬁciem
2773 4941 2933 4990 terrae
2959 4935 3252 5005 operirent.

2238 5020 2391 5079 Vers.
2444 5020 2533 5078 l6.
2583 5021 2806 5079 lnclusit
2850 5040 2969 5079 eum
3020 5024 3278 5080 Dominus
3318 5025 3536 5096 deforis.
3586 5026 3742 5095 Quod

2165 5112 2311 5169 enim
2348 5127 2541 5170 manus
2583 5113 2817 5170 hominis
2865 5112 3049 5172 facere
3094 5130 3201 5171 non
3251 5123 3461 5186 poterat
3501 5119 3740 5188 potentia

2165 5205 2347 5262 divina
2395 5204 2653 5276 implevit,
2703 5205 2900 5275 deforis
2944 5222 3064 5262 eum
3109 5206 3403 5273 includens,
3435 5222 3535 5263 nec
3570 5224 3743 5280 aquas

2164 5300 2391 5356 introire
2414 5302 2753 5370 permittens.

2232 5392 2390 5448 Vers.
2425 5392 2515 5447 20.
2559 5392 2869 5460 Quindecim
2888 5394 3075 5450 cubitis
3104 5392 3265 5451 altior
3291 5394 3393 5466 fuit
3414 5413 3551 5468 aqua
3580 5413 3741 5466 super

2159 5495 2378 5540 montes.
2427 5485 2623 5541 Dicunt
2660 5487 2805 5541 enim
2830 5486 3049 5558 quidam
3092 5487 3195 5543 hoc
3238 5487 3589 5544 historisliter
3616 5485 3737 5544 ﬁeri

2159 5590 2266 5631 non
2307 5576 2547 5646 potuisse
2601 5576 2696 5632 sed
2738 5587 2960 5647 propter
3004 5576 3253 5647 aliquam:
3286 5576 3737 5649 signiﬁcationem

2158 5665 2254 5721 vel“
2278 5667 2593 5738 mysterium
2634 5668 2737 5725 hoc
2764 5668 3035 5738 scriptum
3070 5682 3213 5724 esse.
3250 5669 3416 5724 Aiunt
3439 5668 3585 5725 enim
3621 5683 3734 5724 non

2159 5762 2400 5831 potuisse
2435 5760 2573 5827 licri,
2602 5769 2662 5816 ut
2687 5776 2826 5831 aqua
2856 5760 3143 5816 crassioris
3160 5760 3373 5817 natura:
3398 5760 3465 5816 ad
3488 5774 3736 5830 superio-

2164 5864 2277 5913 rem
2331 5849 2471 5906 aeris
2525 5858 2733 5921 partem
2787 5850 3172 5905 conscenderet
3230 5851 3466 5906 tnaxime
3511 5860 3735 5921 propter
