  <div class='ocr_page' id='page_1' title='image "/cluster/home/n/w/nwhite01/storage/ocr_20150623/131/hvd.32044015471725/044.png"; bbox 0 0 4026 6408; ppageno 0'>
   <div class='ocr_carea' id='block_1_1' title="bbox 253 444 1003 509">
    <p class='ocr_par' dir='ltr' id='par_1_1' title="bbox 253 444 1003 509">
     <span class='ocr_line' id='line_1_1' title="bbox 253 444 1003 509; baseline 0.008 0"><span class='ocrx_word' id='word_1_1' title='bbox 253 444 315 509; x_wconf 73' lang='grc'><strong>’17</strong></span> <span class='ocrx_word' id='word_1_2' title='bbox 983 456 1003 481; x_wconf 82' lang='grc'><strong><em>⁸</em></strong></span> 
     </span>
    </p>
   </div>
   <div class='ocr_carea' id='block_1_2' title="bbox 250 656 1823 733">
    <p class='ocr_par' dir='ltr' id='par_1_2' title="bbox 250 656 1823 733">
     <span class='ocr_line' id='line_1_2' title="bbox 250 656 1823 733; baseline 0.001 -18"><span class='ocrx_word' id='word_1_3' title='bbox 250 660 317 715; x_wconf 86' lang='lat' dir='ltr'><strong>ibi</strong></span> <span class='ocrx_word' id='word_1_4' title='bbox 340 657 494 723; x_wconf 84' lang='lat' dir='ltr'><strong>ﬂare,</strong></span> <span class='ocrx_word' id='word_1_5' title='bbox 540 659 694 713; x_wconf 61' lang='lat' dir='ltr'><strong>nullae</strong></span> <span class='ocrx_word' id='word_1_6' title='bbox 734 659 902 714; x_wconf 88' lang='lat' dir='ltr'><strong>nubes</strong></span> <span class='ocrx_word' id='word_1_7' title='bbox 932 656 1189 715; x_wconf 83' lang='lat' dir='ltr'><strong>cacumen</strong></span> <span class='ocrx_word' id='word_1_8' title='bbox 1218 660 1337 730; x_wconf 80' lang='lat' dir='ltr'><strong>‘ejus</strong></span> <span class='ocrx_word' id='word_1_9' title='bbox 1360 663 1569 716; x_wconf 88' lang='lat' dir='ltr'><strong>valeant</strong></span> <span class='ocrx_word' id='word_1_10' title='bbox 1594 664 1823 733; x_wconf 85' lang='lat' dir='ltr'><strong>operire.</strong></span> 
     </span>
    </p>
   </div>
   <div class='ocr_carea' id='block_1_3' title="bbox 248 748 1827 823">
    <p class='ocr_par' dir='ltr' id='par_1_3' title="bbox 248 748 1827 823">
     <span class='ocr_line' id='line_1_3' title="bbox 248 748 1827 823; baseline 0.002 -17"><span class='ocrx_word' id='word_1_11' title='bbox 248 750 349 806; x_wconf 88' lang='lat' dir='ltr'><strong>Sed</strong></span> <span class='ocrx_word' id='word_1_12' title='bbox 380 751 474 822; x_wconf 84' lang='lat' dir='ltr'><strong>qui</strong></span> <span class='ocrx_word' id='word_1_13' title='bbox 520 751 623 805; x_wconf 85' lang='lat' dir='ltr'><strong>hoc</strong></span> <span class='ocrx_word' id='word_1_14' title='bbox 645 748 879 805; x_wconf 83' lang='lat' dir='ltr'><strong>fatentur</strong></span> <span class='ocrx_word' id='word_1_15' title='bbox 901 762 1008 804; x_wconf 87' lang='lat' dir='ltr'><strong>non</strong></span> <span class='ocrx_word' id='word_1_16' title='bbox 1048 752 1332 806; x_wconf 89' lang='lat' dir='ltr'><strong>attendunt</strong></span> <span class='ocrx_word' id='word_1_17' title='bbox 1365 751 1490 821; x_wconf 70' lang='lat' dir='ltr'><strong>Quia</strong></span> <span class='ocrx_word' id='word_1_18' title='bbox 1534 768 1687 808; x_wconf 89' lang='lat' dir='ltr'><strong>mons</strong></span> <span class='ocrx_word' id='word_1_19' title='bbox 1716 754 1827 823; x_wconf 86' lang='lat' dir='ltr'><strong>ipsc</strong></span> 
     </span>
    </p>
   </div>
   <div class='ocr_carea' id='block_1_4' title="bbox 246 841 1825 913">
    <p class='ocr_par' dir='ltr' id='par_1_4' title="bbox 246 841 1825 913">
     <span class='ocr_line' id='line_1_4' title="bbox 246 841 1825 913; baseline 0.001 -17"><span class='ocrx_word' id='word_1_20' title='bbox 246 850 385 896; x_wconf 88' lang='lat' dir='ltr'><strong>terra</strong></span> <span class='ocrx_word' id='word_1_21' title='bbox 444 851 552 896; x_wconf 89' lang='lat' dir='ltr'><strong>est.</strong></span> <span class='ocrx_word' id='word_1_22' title='bbox 609 841 834 895; x_wconf 84' lang='lat' dir='ltr'><strong>Terram</strong></span> <span class='ocrx_word' id='word_1_23' title='bbox 890 850 1069 895; x_wconf 87' lang='lat' dir='ltr'><strong>autem</strong></span> <span class='ocrx_word' id='word_1_24' title='bbox 1124 841 1327 897; x_wconf 87' lang='lat' dir='ltr'><strong>scimus</strong></span> <span class='ocrx_word' id='word_1_25' title='bbox 1375 842 1825 913; x_wconf 81' lang='lat' dir='ltr'><strong>corpulentiorem</strong></span> 
     </span>
    </p>
   </div>
   <div class='ocr_carea' id='block_1_5' title="bbox 244 932 1823 1005">
    <p class='ocr_par' dir='ltr' id='par_1_5' title="bbox 244 932 1823 1005">
     <span class='ocr_line' id='line_1_5' title="bbox 244 932 1823 1005; baseline 0.001 -16"><span class='ocrx_word' id='word_1_26' title='bbox 244 949 358 989; x_wconf 87' lang='lat' dir='ltr'><strong>esse</strong></span> <span class='ocrx_word' id='word_1_27' title='bbox 382 949 551 1003; x_wconf 87' lang='lat' dir='ltr'><strong>aqua.</strong></span> <span class='ocrx_word' id='word_1_28' title='bbox 603 932 701 988; x_wconf 86' lang='lat' dir='ltr'><strong>Ubi</strong></span> <span class='ocrx_word' id='word_1_29' title='bbox 729 948 860 1003; x_wconf 87' lang='lat' dir='ltr'><strong>ergo</strong></span> <span class='ocrx_word' id='word_1_30' title='bbox 889 942 1030 987; x_wconf 87' lang='lat' dir='ltr'><strong>terra</strong></span> <span class='ocrx_word' id='word_1_31' title='bbox 1058 935 1275 1003; x_wconf 77' lang='lat' dir='ltr'><strong>gravidr</strong></span> <span class='ocrx_word' id='word_1_32' title='bbox 1303 936 1593 991; x_wconf 85' lang='lat' dir='ltr'><strong>ascendere</strong></span> <span class='ocrx_word' id='word_1_33' title='bbox 1626 936 1823 1005; x_wconf 64' lang='lat' dir='ltr'><strong>potuit&quot;,</strong></span> 
     </span>
    </p>
   </div>
   <div class='ocr_carea' id='block_1_6' title="bbox 243 1021 1260 1093">
    <p class='ocr_par' dir='ltr' id='par_1_6' title="bbox 243 1021 1260 1093">
     <span class='ocr_line' id='line_1_6' title="bbox 243 1021 1260 1093; baseline 0 -17"><span class='ocrx_word' id='word_1_34' title='bbox 243 1038 336 1076; x_wconf 86' lang='lat' dir='ltr'><strong>cur</strong></span> <span class='ocrx_word' id='word_1_35' title='bbox 362 1037 472 1076; x_wconf 91' lang='lat' dir='ltr'><strong>non</strong></span> <span class='ocrx_word' id='word_1_36' title='bbox 499 1022 606 1077; x_wconf 89' lang='lat' dir='ltr'><strong>hoc</strong></span> <span class='ocrx_word' id='word_1_37' title='bbox 633 1021 799 1077; x_wconf 91' lang='lat' dir='ltr'><strong>levior</strong></span> <span class='ocrx_word' id='word_1_38' title='bbox 826 1037 963 1090; x_wconf 89' lang='lat' dir='ltr'><strong>aqua</strong></span> <span class='ocrx_word' id='word_1_39' title='bbox 989 1025 1260 1093; x_wconf 84' lang='lat' dir='ltr'><strong>potuerit?</strong></span> 
     </span>
    </p>
   </div>
   <div class='ocr_carea' id='block_1_7' title="bbox 837 1152 1234 1210">
    <p class='ocr_par' dir='ltr' id='par_1_7' title="bbox 837 1152 1234 1210">
     <span class='ocr_line' id='line_1_7' title="bbox 837 1152 1234 1210; baseline 0.003 -2"><span class='ocrx_word' id='word_1_40' title='bbox 837 1152 1065 1210; x_wconf 81' lang='lat' dir='ltr'><strong>CAPUT</strong></span> <span class='ocrx_word' id='word_1_41' title='bbox 1104 1155 1234 1209; x_wconf 84' lang='lat' dir='ltr'><strong>Vlll.</strong></span> 
     </span>
    </p>
   </div>
   <div class='ocr_carea' id='block_1_8' title="bbox 311 1246 1823 1320">
    <p class='ocr_par' dir='ltr' id='par_1_8' title="bbox 311 1246 1823 1320">
     <span class='ocr_line' id='line_1_8' title="bbox 311 1246 1823 1320; baseline 0.005 -19"><span class='ocrx_word' id='word_1_42' title='bbox 311 1249 460 1304; x_wconf 80' lang='lat' dir='ltr'><strong>\‘crs.</strong></span> <span class='ocrx_word' id='word_1_43' title='bbox 498 1252 551 1304; x_wconf 76' lang='grc'><strong>1.</strong></span> <span class='ocrx_word' id='word_1_44' title='bbox 594 1250 825 1303; x_wconf 73' lang='lat' dir='ltr'><strong>Adduxit</strong></span> <span class='ocrx_word' id='word_1_45' title='bbox 850 1251 1113 1320; x_wconf 77' lang='lat' dir='ltr'><strong>spiritum.</strong></span> <span class='ocrx_word' id='word_1_46' title='bbox 1144 1251 1199 1306; x_wconf 85' lang='lat' dir='ltr'><strong>id</strong></span> <span class='ocrx_word' id='word_1_47' title='bbox 1229 1262 1309 1306; x_wconf 87' lang='lat' dir='ltr'><strong>est</strong></span> <span class='ocrx_word' id='word_1_48' title='bbox 1342 1262 1579 1317; x_wconf 88' lang='lat' dir='ltr'><strong>ventum,</strong></span> <span class='ocrx_word' id='word_1_49' title='bbox 1608 1253 1711 1318; x_wconf 91' lang='lat' dir='ltr'><strong>vel,</strong></span> <span class='ocrx_word' id='word_1_50' title='bbox 1764 1246 1823 1308; x_wconf 83' lang='lat' dir='ltr'><strong>ut</strong></span> 
     </span>
    </p>
   </div>
   <div class='ocr_carea' id='block_1_9' title="bbox 243 1340 1824 1412">
    <p class='ocr_par' dir='ltr' id='par_1_9' title="bbox 243 1340 1824 1412">
     <span class='ocr_line' id='line_1_9' title="bbox 243 1340 1824 1412; baseline 0.004 -19"><span class='ocrx_word' id='word_1_51' title='bbox 243 1343 449 1410; x_wconf 87' lang='lat' dir='ltr'><strong>quidam</strong></span> <span class='ocrx_word' id='word_1_52' title='bbox 483 1342 691 1407; x_wconf 84' lang='lat' dir='ltr'><strong>volunt,</strong></span> <span class='ocrx_word' id='word_1_53' title='bbox 719 1341 907 1405; x_wconf 89' lang='lat' dir='ltr'><strong>solem,</strong></span> <span class='ocrx_word' id='word_1_54' title='bbox 933 1341 1043 1396; x_wconf 84' lang='lat' dir='ltr'><strong>sive</strong></span> <span class='ocrx_word' id='word_1_55' title='bbox 1080 1340 1340 1412; x_wconf 86' lang='lat' dir='ltr'><strong>Spiritum</strong></span> <span class='ocrx_word' id='word_1_56' title='bbox 1381 1352 1629 1397; x_wconf 91' lang='lat' dir='ltr'><strong>sanctum</strong></span> <span class='ocrx_word' id='word_1_57' title='bbox 1660 1343 1824 1399; x_wconf 77' lang='lat' dir='ltr'><strong>debe-</strong></span> 
     </span>
    </p>
   </div>
   <div class='ocr_carea' id='block_1_10' title="bbox 242 1433 1820 1504">
    <p class='ocr_par' dir='ltr' id='par_1_10' title="bbox 242 1433 1820 1504">
     <span class='ocr_line' id='line_1_10' title="bbox 242 1433 1820 1504; baseline 0.003 -19"><span class='ocrx_word' id='word_1_58' title='bbox 242 1450 350 1487; x_wconf 85' lang='lat' dir='ltr'><strong>mus</strong></span> <span class='ocrx_word' id='word_1_59' title='bbox 374 1434 630 1503; x_wconf 88' lang='lat' dir='ltr'><strong>accipere</strong></span> <span class='ocrx_word' id='word_1_60' title='bbox 665 1434 730 1488; x_wconf 90' lang='lat' dir='ltr'><strong>de</strong></span> <span class='ocrx_word' id='word_1_61' title='bbox 768 1448 873 1502; x_wconf 91' lang='lat' dir='ltr'><strong>quo</strong></span> <span class='ocrx_word' id='word_1_62' title='bbox 916 1434 969 1487; x_wconf 92' lang='lat' dir='ltr'><strong>in</strong></span> <span class='ocrx_word' id='word_1_63' title='bbox 1006 1434 1269 1504; x_wconf 90' lang='lat' dir='ltr'><strong>principio</strong></span> <span class='ocrx_word' id='word_1_64' title='bbox 1318 1435 1515 1489; x_wconf 89' lang='lat' dir='ltr'><strong>dicitur</strong></span> <span class='ocrx_word' id='word_1_65' title='bbox 1543 1451 1557 1488; x_wconf 89' lang='lat'><strong>:</strong></span> <span class='ocrx_word' id='word_1_66' title='bbox 1590 1433 1820 1503; x_wconf 86' lang='lat' dir='ltr'><strong>Spiritus</strong></span> 
     </span>
    </p>
   </div>
   <div class='ocr_carea' id='block_1_11' title="bbox 241 1526 1818 1597">
    <p class='ocr_par' dir='ltr' id='par_1_11' title="bbox 241 1526 1818 1597">
     <span class='ocr_line' id='line_1_11' title="bbox 241 1526 1818 1597; baseline 0.003 -19"><span class='ocrx_word' id='word_1_67' title='bbox 241 1526 441 1579; x_wconf 78' lang='lat' dir='ltr'><strong>Domini</strong></span> <span class='ocrx_word' id='word_1_68' title='bbox 472 1526 743 1595; x_wconf 73' lang='lat' dir='ltr'><strong>ferebatur</strong></span> <span class='ocrx_word' id='word_1_69' title='bbox 766 1543 923 1597; x_wconf 87' lang='lat' dir='ltr'><strong>super</strong></span> <span class='ocrx_word' id='word_1_70' title='bbox 954 1544 1135 1597; x_wconf 82' lang='lat' dir='ltr'><strong>aquas.</strong></span> <span class='ocrx_word' id='word_1_71' title='bbox 1165 1526 1263 1594; x_wconf 85' lang='lat' dir='ltr'><strong>Qui</strong></span> <span class='ocrx_word' id='word_1_72' title='bbox 1287 1527 1430 1581; x_wconf 89' lang='lat' dir='ltr'><strong>enim</strong></span> <span class='ocrx_word' id='word_1_73' title='bbox 1460 1527 1511 1581; x_wconf 89' lang='lat' dir='ltr'><strong>in</strong></span> <span class='ocrx_word' id='word_1_74' title='bbox 1555 1527 1818 1597; x_wconf 88' lang='lat' dir='ltr'><strong>principio</strong></span> 
     </span>
    </p>
   </div>
   <div class='ocr_carea' id='block_1_12' title="bbox 241 1616 1815 1687">
    <p class='ocr_par' dir='ltr' id='par_1_12' title="bbox 241 1616 1815 1687">
     <span class='ocr_line' id='line_1_12' title="bbox 241 1616 1815 1687; baseline 0.004 -21"><span class='ocrx_word' id='word_1_75' title='bbox 241 1616 511 1670; x_wconf 79' lang='lat' dir='ltr'><strong>ferebatur</strong></span> <span class='ocrx_word' id='word_1_76' title='bbox 534 1632 699 1685; x_wconf 84' lang='lat' dir='ltr'><strong>super</strong></span> <span class='ocrx_word' id='word_1_77' title='bbox 728 1632 918 1686; x_wconf 89' lang='lat' dir='ltr'><strong>aquas,</strong></span> <span class='ocrx_word' id='word_1_78' title='bbox 952 1626 1011 1669; x_wconf 89' lang='lat' dir='ltr'><strong>ut</strong></span> <span class='ocrx_word' id='word_1_79' title='bbox 1037 1633 1129 1672; x_wconf 87' lang='lat' dir='ltr'><strong>eas</strong></span> <span class='ocrx_word' id='word_1_80' title='bbox 1153 1618 1204 1671; x_wconf 88' lang='lat' dir='ltr'><strong>in</strong></span> <span class='ocrx_word' id='word_1_81' title='bbox 1233 1633 1395 1670; x_wconf 90' lang='lat' dir='ltr'><strong>unum</strong></span> <span class='ocrx_word' id='word_1_82' title='bbox 1440 1628 1815 1687; x_wconf 86' lang='lat' dir='ltr'><strong>congregaret,</strong></span> 
     </span>
    </p>
   </div>
   <div class='ocr_carea' id='block_1_13' title="bbox 241 1696 1817 1779">
    <p class='ocr_par' dir='ltr' id='par_1_13' title="bbox 241 1696 1817 1779">
     <span class='ocr_line' id='line_1_13' title="bbox 241 1696 1817 1779; baseline 0.006 -21"><span class='ocrx_word' id='word_1_83' title='bbox 241 1717 291 1759; x_wconf 92' lang='lat' dir='ltr'><strong>ut</strong></span> <span class='ocrx_word' id='word_1_84' title='bbox 314 1718 605 1777; x_wconf 84' lang='lat' dir='ltr'><strong>appareret</strong></span> <span class='ocrx_word' id='word_1_85' title='bbox 635 1709 809 1774; x_wconf 87' lang='lat' dir='ltr'><strong>arida,</strong></span> <span class='ocrx_word' id='word_1_86' title='bbox 840 1709 952 1779; x_wconf 83' lang='lat' dir='ltr'><strong>ipse</strong></span> <span class='ocrx_word' id='word_1_87' title='bbox 984 1725 1123 1763; x_wconf 90' lang='lat' dir='ltr'><strong>nunc</strong></span> <span class='ocrx_word' id='word_1_88' title='bbox 1147 1725 1241 1763; x_wconf 88' lang='lat' dir='ltr'><strong>sua</strong></span> <span class='ocrx_word' id='word_1_89' title='bbox 1268 1718 1321 1763; x_wconf 87' lang='lat' dir='ltr'><strong>et</strong></span> <span class='ocrx_word' id='word_1_90' title='bbox 1349 1709 1511 1763; x_wconf 87' lang='lat' dir='ltr'><strong>totius</strong></span> <span class='ocrx_word' id='word_1_91' title='bbox 1535 1696 1817 1767; x_wconf 78' lang='lat' dir='ltr'><strong>Trinitatis</strong></span> 
     </span>
    </p>
   </div>
   <div class='ocr_carea' id='block_1_14' title="bbox 238 1798 1814 1872">
    <p class='ocr_par' dir='ltr' id='par_1_14' title="bbox 238 1798 1814 1872">
     <span class='ocr_line' id='line_1_14' title="bbox 238 1798 1814 1872; baseline 0.008 -25"><span class='ocrx_word' id='word_1_92' title='bbox 238 1798 505 1854; x_wconf 79' lang='lat' dir='ltr'><strong>voluntate</strong></span> <span class='ocrx_word' id='word_1_93' title='bbox 530 1800 797 1854; x_wconf 91' lang='lat' dir='ltr'><strong>adductus</strong></span> <span class='ocrx_word' id='word_1_94' title='bbox 818 1811 900 1854; x_wconf 87' lang='lat' dir='ltr'><strong>est</strong></span> <span class='ocrx_word' id='word_1_95' title='bbox 922 1816 1083 1871; x_wconf 87' lang='lat' dir='ltr'><strong>super</strong></span> <span class='ocrx_word' id='word_1_96' title='bbox 1105 1812 1323 1866; x_wconf 89' lang='lat' dir='ltr'><strong>terram,</strong></span> <span class='ocrx_word' id='word_1_97' title='bbox 1354 1811 1413 1855; x_wconf 93' lang='lat' dir='ltr'><strong>ut</strong></span> <span class='ocrx_word' id='word_1_98' title='bbox 1441 1817 1470 1854; x_wconf 91' lang='lat' dir='ltr'><strong>a</strong></span> <span class='ocrx_word' id='word_1_99' title='bbox 1498 1802 1814 1872; x_wconf 89' lang='lat' dir='ltr'><strong>pcrvasione</strong></span> 
     </span>
    </p>
   </div>
   <div class='ocr_carea' id='block_1_15' title="bbox 237 1890 1811 1963">
    <p class='ocr_par' dir='ltr' id='par_1_15' title="bbox 237 1890 1811 1963">
     <span class='ocr_line' id='line_1_15' title="bbox 237 1890 1811 1963; baseline 0.005 -22"><span class='ocrx_word' id='word_1_100' title='bbox 237 1904 485 1958; x_wconf 83' lang='lat' dir='ltr'><strong>aquarum</strong></span> <span class='ocrx_word' id='word_1_101' title='bbox 510 1890 751 1959; x_wconf 74' lang='lat' dir='ltr'><strong>eriperet</strong></span> <span class='ocrx_word' id='word_1_102' title='bbox 775 1907 917 1956; x_wconf 86' lang='lat' dir='ltr'><strong>eam,</strong></span> <span class='ocrx_word' id='word_1_103' title='bbox 945 1904 999 1946; x_wconf 92' lang='lat' dir='ltr'><strong>et</strong></span> <span class='ocrx_word' id='word_1_104' title='bbox 1021 1892 1101 1947; x_wconf 89' lang='lat' dir='ltr'><strong>eis</strong></span> <span class='ocrx_word' id='word_1_105' title='bbox 1144 1892 1429 1962; x_wconf 80' lang='lat' dir='ltr'><strong>pristinam</strong></span> <span class='ocrx_word' id='word_1_106' title='bbox 1460 1894 1811 1963; x_wconf 83' lang='lat' dir='ltr'><strong>pulchritudi-</strong></span> 
     </span>
    </p>
   </div>
   <div class='ocr_carea' id='block_1_16' title="bbox 235 1980 1095 2037">
    <p class='ocr_par' dir='ltr' id='par_1_16' title="bbox 235 1980 1095 2037">
     <span class='ocr_line' id='line_1_16' title="bbox 235 1980 1095 2037; baseline 0.006 -6"><span class='ocrx_word' id='word_1_107' title='bbox 235 1992 343 2032; x_wconf 88' lang='lat' dir='ltr'><strong>nem</strong></span> <span class='ocrx_word' id='word_1_108' title='bbox 373 1987 425 2032; x_wconf 87' lang='lat' dir='ltr'><strong>et</strong></span> <span class='ocrx_word' id='word_1_109' title='bbox 453 1980 790 2036; x_wconf 79' lang='lat' dir='ltr'><strong>fertilitatem</strong></span> <span class='ocrx_word' id='word_1_110' title='bbox 821 1984 1095 2037; x_wconf 73' lang='lat' dir='ltr'><strong>redderet.</strong></span> 
     </span>
    </p>
   </div>
   <div class='ocr_carea' id='block_1_17' title="bbox 295 2088 1801 2169">
    <p class='ocr_par' dir='ltr' id='par_1_17' title="bbox 295 2088 1801 2169">
     <span class='ocr_line' id='line_1_17' title="bbox 295 2088 1801 2169; baseline 0.009 -27"><span class='ocrx_word' id='word_1_111' title='bbox 295 2088 444 2145; x_wconf 76' lang='lat' dir='ltr'><strong>Vers.</strong></span> <span class='ocrx_word' id='word_1_112' title='bbox 475 2092 534 2147; x_wconf 90' lang='lat'><strong>8.</strong></span> <span class='ocrx_word' id='word_1_113' title='bbox 590 2092 777 2147; x_wconf 86' lang='lat' dir='ltr'><strong>Emisit</strong></span> <span class='ocrx_word' id='word_1_114' title='bbox 821 2111 1031 2150; x_wconf 78' lang='lat' dir='ltr'><strong>corvum</strong></span> <span class='ocrx_word' id='word_1_115' title='bbox 1069 2108 1115 2151; x_wconf 82' lang='lat' dir='ltr'><strong>et</strong></span> <span class='ocrx_word' id='word_1_116' title='bbox 1167 2097 1460 2153; x_wconf 85' lang='lat' dir='ltr'><strong>columbam</strong></span> <span class='ocrx_word' id='word_1_117' title='bbox 1504 2111 1619 2169; x_wconf 87' lang='lat' dir='ltr'><strong>post</strong></span> <span class='ocrx_word' id='word_1_118' title='bbox 1664 2117 1801 2155; x_wconf 85' lang='lat' dir='ltr'><strong>eum.</strong></span> 
     </span>
    </p>
   </div>
   <div class='ocr_carea' id='block_1_18' title="bbox 235 2179 1807 2259">
    <p class='ocr_par' dir='ltr' id='par_1_18' title="bbox 235 2179 1807 2259">
     <span class='ocr_line' id='line_1_18' title="bbox 235 2179 1807 2259; baseline 0.012 -28"><span class='ocrx_word' id='word_1_119' title='bbox 235 2179 577 2252; x_wconf 72' lang='lat' dir='ltr'><strong>Septuaginta</strong></span> <span class='ocrx_word' id='word_1_120' title='bbox 633 2186 820 2241; x_wconf 89' lang='lat' dir='ltr'><strong>dicunt</strong></span> <span class='ocrx_word' id='word_1_121' title='bbox 870 2189 995 2258; x_wconf 86' lang='lat' dir='ltr'><strong>quia</strong></span> <span class='ocrx_word' id='word_1_122' title='bbox 1051 2204 1247 2245; x_wconf 77' lang='lat' dir='ltr'><strong>corvus</strong></span> <span class='ocrx_word' id='word_1_123' title='bbox 1292 2191 1545 2259; x_wconf 88' lang='lat' dir='ltr'><strong>emissus,</strong></span> <span class='ocrx_word' id='word_1_124' title='bbox 1584 2210 1689 2248; x_wconf 91' lang='lat' dir='ltr'><strong>non</strong></span> <span class='ocrx_word' id='word_1_125' title='bbox 1726 2206 1807 2250; x_wconf 89' lang='lat' dir='ltr'><strong>est</strong></span> 
     </span>
    </p>
   </div>
   <div class='ocr_carea' id='block_1_19' title="bbox 234 2278 1809 2360">
    <p class='ocr_par' dir='ltr' id='par_1_19' title="bbox 234 2278 1809 2360">
     <span class='ocr_line' id='line_1_19' title="bbox 234 2278 1809 2360; baseline 0.013 -34"><span class='ocrx_word' id='word_1_126' title='bbox 234 2291 468 2332; x_wconf 80' lang='lat' dir='ltr'><strong>reversus</strong></span> <span class='ocrx_word' id='word_1_127' title='bbox 495 2278 569 2331; x_wconf 91' lang='lat' dir='ltr'><strong>ad</strong></span> <span class='ocrx_word' id='word_1_128' title='bbox 603 2294 808 2333; x_wconf 88' lang='lat' dir='ltr'><strong>arcam.</strong></span> <span class='ocrx_word' id='word_1_129' title='bbox 835 2280 944 2336; x_wconf 83' lang='lat' dir='ltr'><strong>Aut</strong></span> <span class='ocrx_word' id='word_1_130' title='bbox 968 2283 1112 2338; x_wconf 88' lang='lat' dir='ltr'><strong>enim</strong></span> <span class='ocrx_word' id='word_1_131' title='bbox 1156 2287 1312 2356; x_wconf 85' lang='lat' dir='ltr'><strong>aquis</strong></span> <span class='ocrx_word' id='word_1_132' title='bbox 1355 2288 1683 2360; x_wconf 86' lang='lat' dir='ltr'><strong>interceptus</strong></span> <span class='ocrx_word' id='word_1_133' title='bbox 1723 2302 1809 2347; x_wconf 80' lang='lat' dir='ltr'><strong>est</strong></span> 
     </span>
    </p>
   </div>
   <div class='ocr_carea' id='block_1_20' title="bbox 231 2374 1802 2449">
    <p class='ocr_par' dir='ltr' id='par_1_20' title="bbox 231 2374 1802 2449">
     <span class='ocr_line' id='line_1_20' title="bbox 231 2374 1802 2449; baseline 0.009 -28"><span class='ocrx_word' id='word_1_134' title='bbox 231 2379 277 2421; x_wconf 90' lang='lat' dir='ltr'><strong>et</strong></span> <span class='ocrx_word' id='word_1_135' title='bbox 304 2381 548 2438; x_wconf 87' lang='lat' dir='ltr'><strong>necatus,</strong></span> <span class='ocrx_word' id='word_1_136' title='bbox 578 2384 672 2426; x_wconf 89' lang='lat' dir='ltr'><strong>aut</strong></span> <span class='ocrx_word' id='word_1_137' title='bbox 701 2374 953 2428; x_wconf 83' lang='lat' dir='ltr'><strong>cadaveri</strong></span> <span class='ocrx_word' id='word_1_138' title='bbox 980 2376 1136 2445; x_wconf 86' lang='lat' dir='ltr'><strong>aquis</strong></span> <span class='ocrx_word' id='word_1_139' title='bbox 1170 2382 1539 2448; x_wconf 87' lang='lat' dir='ltr'><strong>supernatanti</strong></span> <span class='ocrx_word' id='word_1_140' title='bbox 1571 2382 1802 2449; x_wconf 56' lang='lat' dir='ltr'><strong>inhaesit,</strong></span> 
     </span>
    </p>
   </div>
   <div class='ocr_carea' id='block_1_21' title="bbox 231 2462 1801 2542">
    <p class='ocr_par' dir='ltr' id='par_1_21' title="bbox 231 2462 1801 2542">
     <span class='ocr_line' id='line_1_21' title="bbox 231 2462 1801 2542; baseline 0.011 -31"><span class='ocrx_word' id='word_1_141' title='bbox 231 2468 279 2511; x_wconf 83' lang='lat' dir='ltr'><strong>et</strong></span> <span class='ocrx_word' id='word_1_142' title='bbox 312 2471 532 2529; x_wconf 87' lang='lat' dir='ltr'><strong>propter</strong></span> <span class='ocrx_word' id='word_1_143' title='bbox 569 2462 748 2532; x_wconf 89' lang='lat' dir='ltr'><strong>gulam</strong></span> <span class='ocrx_word' id='word_1_144' title='bbox 776 2465 956 2533; x_wconf 87' lang='lat' dir='ltr'><strong>periit.</strong></span> <span class='ocrx_word' id='word_1_145' title='bbox 987 2465 1171 2537; x_wconf 84' lang='lat' dir='ltr'><strong>Neque</strong></span> <span class='ocrx_word' id='word_1_146' title='bbox 1196 2470 1343 2523; x_wconf 90' lang='lat' dir='ltr'><strong>enim</strong></span> <span class='ocrx_word' id='word_1_147' title='bbox 1387 2479 1529 2525; x_wconf 90' lang='lat' dir='ltr'><strong>terra</strong></span> <span class='ocrx_word' id='word_1_148' title='bbox 1548 2472 1660 2542; x_wconf 87' lang='lat' dir='ltr'><strong>jam</strong></span> <span class='ocrx_word' id='word_1_149' title='bbox 1694 2475 1801 2528; x_wconf 78' lang='lat' dir='ltr'><strong>sic-</strong></span> 
     </span>
    </p>
   </div>
   <div class='ocr_carea' id='block_1_22' title="bbox 231 2554 1801 2634">
    <p class='ocr_par' dir='ltr' id='par_1_22' title="bbox 231 2554 1801 2634">
     <span class='ocr_line' id='line_1_22' title="bbox 231 2554 1801 2634; baseline 0.011 -31"><span class='ocrx_word' id='word_1_150' title='bbox 231 2561 335 2605; x_wconf 88' lang='lat' dir='ltr'><strong>cata</strong></span> <span class='ocrx_word' id='word_1_151' title='bbox 364 2564 507 2619; x_wconf 90' lang='lat' dir='ltr'><strong>erat,</strong></span> <span class='ocrx_word' id='word_1_152' title='bbox 541 2554 671 2624; x_wconf 88' lang='lat' dir='ltr'><strong>quia</strong></span> <span class='ocrx_word' id='word_1_153' title='bbox 715 2556 780 2610; x_wconf 89' lang='lat' dir='ltr'><strong>de</strong></span> <span class='ocrx_word' id='word_1_154' title='bbox 824 2556 1071 2615; x_wconf 88' lang='lat' dir='ltr'><strong>columba</strong></span> <span class='ocrx_word' id='word_1_155' title='bbox 1132 2562 1331 2617; x_wconf 89' lang='lat' dir='ltr'><strong>dicitur</strong></span> <span class='ocrx_word' id='word_1_156' title='bbox 1378 2565 1503 2634; x_wconf 85' lang='lat' dir='ltr'><strong>quia</strong></span> <span class='ocrx_word' id='word_1_157' title='bbox 1549 2583 1666 2619; x_wconf 86' lang='lat' dir='ltr'><strong>cum</strong></span> <span class='ocrx_word' id='word_1_158' title='bbox 1699 2584 1801 2621; x_wconf 80' lang='lat' dir='ltr'><strong>non</strong></span> 
     </span>
    </p>
   </div>
   <div class='ocr_carea' id='block_1_23' title="bbox 232 2643 1803 2725">
    <p class='ocr_par' dir='ltr' id='par_1_23' title="bbox 232 2643 1803 2725">
     <span class='ocr_line' id='line_1_23' title="bbox 232 2643 1803 2725; baseline 0.011 -32"><span class='ocrx_word' id='word_1_159' title='bbox 232 2643 460 2698; x_wconf 72' lang='lat' dir='ltr'><strong>inveniret</strong></span> <span class='ocrx_word' id='word_1_160' title='bbox 485 2645 581 2698; x_wconf 82' lang='lat' dir='ltr'><strong>ubi</strong></span> <span class='ocrx_word' id='word_1_161' title='bbox 604 2648 939 2716; x_wconf 83' lang='lat' dir='ltr'><strong>requiesceret</strong></span> <span class='ocrx_word' id='word_1_162' title='bbox 965 2667 1055 2719; x_wconf 86' lang='lat' dir='ltr'><strong>pes</strong></span> <span class='ocrx_word' id='word_1_163' title='bbox 1084 2652 1219 2720; x_wconf 83' lang='lat' dir='ltr'><strong>ejus.</strong></span> <span class='ocrx_word' id='word_1_164' title='bbox 1242 2653 1541 2725; x_wconf 85' lang='lat' dir='ltr'><strong>Allegorice</strong></span> <span class='ocrx_word' id='word_1_165' title='bbox 1568 2656 1803 2711; x_wconf 79' lang='lat' dir='ltr'><strong>diximus</strong></span> 
     </span>
    </p>
   </div>
   <div class='ocr_carea' id='block_1_24' title="bbox 231 2736 1796 2814">
    <p class='ocr_par' dir='ltr' id='par_1_24' title="bbox 231 2736 1796 2814">
     <span class='ocr_line' id='line_1_24' title="bbox 231 2736 1796 2814; baseline 0.012 -28"><span class='ocrx_word' id='word_1_166' title='bbox 231 2736 461 2803; x_wconf 86' lang='lat' dir='ltr'><strong>superius</strong></span> <span class='ocrx_word' id='word_1_167' title='bbox 489 2752 681 2791; x_wconf 89' lang='lat' dir='ltr'><strong>arcam</strong></span> <span class='ocrx_word' id='word_1_168' title='bbox 709 2737 1005 2794; x_wconf 87' lang='lat' dir='ltr'><strong>Ecclesiam</strong></span> <span class='ocrx_word' id='word_1_169' title='bbox 1035 2742 1342 2813; x_wconf 87' lang='lat' dir='ltr'><strong>signiﬁcare</strong></span> <span class='ocrx_word' id='word_1_170' title='bbox 1369 2760 1487 2814; x_wconf 74' lang='lat' dir='ltr'><strong>qua:</strong></span> <span class='ocrx_word' id='word_1_171' title='bbox 1528 2755 1796 2803; x_wconf 88' lang='lat' dir='ltr'><strong>trecento-</strong></span> 
     </span>
    </p>
   </div>
   <div class='ocr_carea' id='block_1_25' title="bbox 230 2827 1800 2905">
    <p class='ocr_par' dir='ltr' id='par_1_25' title="bbox 230 2827 1800 2905">
     <span class='ocr_line' id='line_1_25' title="bbox 230 2827 1800 2905; baseline 0.011 -29"><span class='ocrx_word' id='word_1_172' title='bbox 230 2839 334 2877; x_wconf 88' lang='lat' dir='ltr'><strong>rum</strong></span> <span class='ocrx_word' id='word_1_173' title='bbox 368 2827 681 2883; x_wconf 86' lang='lat' dir='ltr'><strong>cubitorum</strong></span> <span class='ocrx_word' id='word_1_174' title='bbox 706 2827 810 2883; x_wconf 77' lang='lat' dir='ltr'><strong>fuit</strong></span> <span class='ocrx_word' id='word_1_175' title='bbox 847 2830 1220 2902; x_wconf 74' lang='lat' dir='ltr'><strong>longitudinis,</strong></span> <span class='ocrx_word' id='word_1_176' title='bbox 1250 2835 1374 2905; x_wconf 84' lang='lat' dir='ltr'><strong>quia</strong></span> <span class='ocrx_word' id='word_1_177' title='bbox 1407 2846 1592 2891; x_wconf 82' lang='lat' dir='ltr'><strong>sancta</strong></span> <span class='ocrx_word' id='word_1_178' title='bbox 1618 2838 1800 2893; x_wconf 75' lang='lat' dir='ltr'><strong>Eccle-</strong></span> 
     </span>
    </p>
   </div>
   <div class='ocr_carea' id='block_1_26' title="bbox 230 2916 1794 2994">
    <p class='ocr_par' dir='ltr' id='par_1_26' title="bbox 230 2916 1794 2994">
     <span class='ocr_line' id='line_1_26' title="bbox 230 2916 1794 2994; baseline 0.01 -27"><span class='ocrx_word' id='word_1_179' title='bbox 230 2916 299 2969; x_wconf 86' lang='lat' dir='ltr'><strong>sia</strong></span> <span class='ocrx_word' id='word_1_180' title='bbox 327 2917 375 2971; x_wconf 91' lang='lat' dir='ltr'><strong>in</strong></span> <span class='ocrx_word' id='word_1_181' title='bbox 410 2919 516 2974; x_wconf 91' lang='lat' dir='ltr'><strong>ﬁde</strong></span> <span class='ocrx_word' id='word_1_182' title='bbox 568 2919 862 2977; x_wconf 67' lang='lat' dir='ltr'><strong>Dominirse</strong></span> <span class='ocrx_word' id='word_1_183' title='bbox 903 2924 1082 2978; x_wconf 91' lang='lat' dir='ltr'><strong>crucis</strong></span> <span class='ocrx_word' id='word_1_184' title='bbox 1129 2934 1181 2979; x_wconf 91' lang='lat' dir='ltr'><strong>et</strong></span> <span class='ocrx_word' id='word_1_185' title='bbox 1226 2926 1494 2994; x_wconf 88' lang='lat' dir='ltr'><strong>passionis</strong></span> <span class='ocrx_word' id='word_1_186' title='bbox 1535 2927 1794 2983; x_wconf 91' lang='lat' dir='ltr'><strong>salvatur.</strong></span> 
     </span>
    </p>
   </div>
   <div class='ocr_carea' id='block_1_27' title="bbox 231 3004 1795 3089">
    <p class='ocr_par' dir='ltr' id='par_1_27' title="bbox 231 3004 1795 3089">
     <span class='ocr_line' id='line_1_27' title="bbox 231 3004 1795 3089; baseline 0.01 -29"><span class='ocrx_word' id='word_1_187' title='bbox 231 3004 513 3079; x_wconf 83' lang='lat' dir='ltr'><strong>Longitudo</strong></span> <span class='ocrx_word' id='word_1_188' title='bbox 551 3012 696 3065; x_wconf 91' lang='lat' dir='ltr'><strong>enim</strong></span> <span class='ocrx_word' id='word_1_189' title='bbox 729 3021 1096 3081; x_wconf 88' lang='lat' dir='ltr'><strong>trecentorum</strong></span> <span class='ocrx_word' id='word_1_190' title='bbox 1141 3016 1446 3073; x_wconf 85' lang='lat' dir='ltr'><strong>cubitorum</strong></span> <span class='ocrx_word' id='word_1_191' title='bbox 1490 3018 1795 3089; x_wconf 81' lang='lat' dir='ltr'><strong>passionem</strong></span> 
     </span>
    </p>
   </div>
   <div class='ocr_carea' id='block_1_28' title="bbox 231 3095 1794 3178">
    <p class='ocr_par' dir='ltr' id='par_1_28' title="bbox 231 3095 1794 3178">
     <span class='ocr_line' id='line_1_28' title="bbox 231 3095 1794 3178; baseline 0.01 -29"><span class='ocrx_word' id='word_1_192' title='bbox 231 3095 422 3153; x_wconf 87' lang='lat' dir='ltr'><strong>Domini</strong></span> <span class='ocrx_word' id='word_1_193' title='bbox 453 3100 752 3172; x_wconf 89' lang='lat' dir='ltr'><strong>signiﬁcat.</strong></span> <span class='ocrx_word' id='word_1_194' title='bbox 778 3101 913 3157; x_wconf 82' lang='lat' dir='ltr'><strong>Nam</strong></span> <span class='ocrx_word' id='word_1_195' title='bbox 941 3112 995 3158; x_wconf 89' lang='lat' dir='ltr'><strong>et</strong></span> <span class='ocrx_word' id='word_1_196' title='bbox 1026 3104 1207 3160; x_wconf 89' lang='lat' dir='ltr'><strong>littera</strong></span> <span class='ocrx_word' id='word_1_197' title='bbox 1240 3105 1352 3161; x_wconf 90' lang='lat' dir='ltr'><strong>Tau</strong></span> <span class='ocrx_word' id='word_1_198' title='bbox 1375 3124 1496 3178; x_wconf 75' lang='lat' dir='ltr'><strong>qua:</strong></span> <span class='ocrx_word' id='word_1_199' title='bbox 1527 3111 1671 3166; x_wconf 90' lang='lat' dir='ltr'><strong>hunc</strong></span> <span class='ocrx_word' id='word_1_200' title='bbox 1700 3126 1794 3165; x_wconf 72' lang='lat' dir='ltr'><strong>ex~</strong></span> 
     </span>
    </p>
   </div>
   <div class='ocr_carea' id='block_1_29' title="bbox 228 3189 1792 3286">
    <p class='ocr_par' dir='ltr' id='par_1_29' title="bbox 228 3189 1792 3286">
     <span class='ocr_line' id='line_1_29' title="bbox 228 3189 1792 3286; baseline 0.011 -46"><span class='ocrx_word' id='word_1_201' title='bbox 228 3189 392 3255; x_wconf 85' lang='lat' dir='ltr'><strong>primit</strong></span> <span class='ocrx_word' id='word_1_202' title='bbox 443 3208 756 3259; x_wconf 87' lang='lat' dir='ltr'><strong>numerum,</strong></span> <span class='ocrx_word' id='word_1_203' title='bbox 795 3193 1022 3265; x_wconf 88' lang='lat' dir='ltr'><strong>ﬁguram</strong></span> <span class='ocrx_word' id='word_1_204' title='bbox 1079 3197 1241 3253; x_wconf 88' lang='lat' dir='ltr'><strong>habet</strong></span> <span class='ocrx_word' id='word_1_205' title='bbox 1286 3202 1483 3256; x_wconf 87' lang='lat' dir='ltr'><strong>crucis.</strong></span> <span class='ocrx_word' id='word_1_206' title='bbox 1540 3201 1792 3286; x_wconf 60' lang='lat' dir='ltr'><strong>Lptitudo</strong></span> 
     </span>
    </p>
   </div>
   <div class='ocr_carea' id='block_1_30' title="bbox 230 3279 1869 3363">
    <p class='ocr_par' dir='ltr' id='par_1_30' title="bbox 230 3279 1869 3363">
     <span class='ocr_line' id='line_1_30' title="bbox 230 3279 1869 3363; baseline 0.01 -32"><span class='ocrx_word' id='word_1_207' title='bbox 230 3279 607 3353; x_wconf 83' lang='lat' dir='ltr'><strong>quinquaginta</strong></span> <span class='ocrx_word' id='word_1_208' title='bbox 635 3285 938 3339; x_wconf 87' lang='lat' dir='ltr'><strong>cubitorum</strong></span> <span class='ocrx_word' id='word_1_209' title='bbox 990 3289 1405 3345; x_wconf 86' lang='lat' dir='ltr'><strong>resurrectionis</strong></span> <span class='ocrx_word' id='word_1_210' title='bbox 1449 3279 1650 3347; x_wconf 72' lang='lat' dir='ltr'><strong>Christi</strong></span> <span class='ocrx_word' id='word_1_211' title='bbox 1682 3292 1798 3363; x_wconf 84' lang='lat' dir='ltr'><strong>glo-</strong></span> <span class='ocrx_word' id='word_1_212' title='bbox 1824 3295 1869 3355; x_wconf 90' lang='lat' dir='ltr'><strong>C</strong></span> 
     </span>
    </p>
   </div>
   <div class='ocr_carea' id='block_1_31' title="bbox 227 3369 1796 3451">
    <p class='ocr_par' dir='ltr' id='par_1_31' title="bbox 227 3369 1796 3451">
     <span class='ocr_line' id='line_1_31' title="bbox 227 3369 1796 3451; baseline 0.011 -28"><span class='ocrx_word' id='word_1_213' title='bbox 227 3369 344 3424; x_wconf 84' lang='lat' dir='ltr'><strong>tiam</strong></span> <span class='ocrx_word' id='word_1_214' title='bbox 374 3372 770 3447; x_wconf 72' lang='lat' dir='ltr'><strong>designatqna:</strong></span> <span class='ocrx_word' id='word_1_215' title='bbox 814 3376 1259 3451; x_wconf 85' lang='lat' dir='ltr'><strong>quinquagesima</strong></span> <span class='ocrx_word' id='word_1_216' title='bbox 1311 3382 1399 3437; x_wconf 90' lang='lat' dir='ltr'><strong>die</strong></span> <span class='ocrx_word' id='word_1_217' title='bbox 1444 3382 1796 3441; x_wconf 87' lang='lat' dir='ltr'><strong>Pentecostes</strong></span> 
     </span>
    </p>
   </div>
   <div class='ocr_carea' id='block_1_32' title="bbox 228 3464 1794 3541">
    <p class='ocr_par' dir='ltr' id='par_1_32' title="bbox 228 3464 1794 3541">
     <span class='ocr_line' id='line_1_32' title="bbox 228 3464 1794 3541; baseline 0.01 -28"><span class='ocrx_word' id='word_1_218' title='bbox 228 3475 311 3526; x_wconf 83' lang='lat' dir='ltr'><strong>per</strong></span> <span class='ocrx_word' id='word_1_219' title='bbox 336 3482 345 3512; x_wconf 85' lang='lat'><strong>:</strong></span> <span class='ocrx_word' id='word_1_220' title='bbox 366 3464 609 3533; x_wconf 82' lang='lat' dir='ltr'><strong>postoios</strong></span> <span class='ocrx_word' id='word_1_221' title='bbox 635 3468 925 3537; x_wconf 76' lang='lat' dir='ltr'><strong>przedicata</strong></span> <span class='ocrx_word' id='word_1_222' title='bbox 955 3479 1058 3535; x_wconf 89' lang='lat' dir='ltr'><strong>est,</strong></span> <span class='ocrx_word' id='word_1_223' title='bbox 1110 3470 1262 3539; x_wconf 89' lang='lat' dir='ltr'><strong>cujus</strong></span> <span class='ocrx_word' id='word_1_224' title='bbox 1289 3487 1382 3541; x_wconf 88' lang='lat' dir='ltr'><strong>spe</strong></span> <span class='ocrx_word' id='word_1_225' title='bbox 1411 3472 1665 3528; x_wconf 86' lang='lat' dir='ltr'><strong>dilatatur</strong></span> <span class='ocrx_word' id='word_1_226' title='bbox 1694 3475 1794 3529; x_wconf 80' lang='lat' dir='ltr'><strong>Ec-</strong></span> 
     </span>
    </p>
   </div>
   <div class='ocr_carea' id='block_1_33' title="bbox 224 3550 1793 3636">
    <p class='ocr_par' dir='ltr' id='par_1_33' title="bbox 224 3550 1793 3636">
     <span class='ocr_line' id='line_1_33' title="bbox 224 3550 1793 3636; baseline 0.01 -33"><span class='ocrx_word' id='word_1_227' title='bbox 224 3550 391 3607; x_wconf 86' lang='lat' dir='ltr'><strong>clesia.</strong></span> <span class='ocrx_word' id='word_1_228' title='bbox 418 3556 668 3611; x_wconf 78' lang='lat' dir='ltr'><strong>Altitudo</strong></span> <span class='ocrx_word' id='word_1_229' title='bbox 725 3573 853 3612; x_wconf 88' lang='lat' dir='ltr'><strong>vero</strong></span> <span class='ocrx_word' id='word_1_230' title='bbox 903 3559 1121 3629; x_wconf 86' lang='lat' dir='ltr'><strong>triginta</strong></span> <span class='ocrx_word' id='word_1_231' title='bbox 1168 3563 1472 3617; x_wconf 88' lang='lat' dir='ltr'><strong>cubitorum</strong></span> <span class='ocrx_word' id='word_1_232' title='bbox 1529 3565 1793 3636; x_wconf 80' lang='lat' dir='ltr'><strong>signiﬁcat</strong></span> 
     </span>
    </p>
   </div>
   <div class='ocr_carea' id='block_1_34' title="bbox 224 3644 1793 3724">
    <p class='ocr_par' dir='ltr' id='par_1_34' title="bbox 224 3644 1793 3724">
     <span class='ocr_line' id='line_1_34' title="bbox 224 3644 1793 3724; baseline 0.013 -33"><span class='ocrx_word' id='word_1_233' title='bbox 224 3644 445 3699; x_wconf 79' lang='lat' dir='ltr'><strong>eamdem</strong></span> <span class='ocrx_word' id='word_1_234' title='bbox 477 3646 781 3702; x_wconf 85' lang='lat' dir='ltr'><strong>Ecclesiam</strong></span> <span class='ocrx_word' id='word_1_235' title='bbox 824 3665 921 3719; x_wconf 87' lang='lat' dir='ltr'><strong>per</strong></span> <span class='ocrx_word' id='word_1_236' title='bbox 970 3660 1079 3706; x_wconf 87' lang='lat' dir='ltr'><strong>tres</strong></span> <span class='ocrx_word' id='word_1_237' title='bbox 1122 3654 1303 3707; x_wconf 90' lang='lat' dir='ltr'><strong>mundi</strong></span> <span class='ocrx_word' id='word_1_238' title='bbox 1342 3664 1524 3724; x_wconf 88' lang='lat' dir='ltr'><strong>partes</strong></span> <span class='ocrx_word' id='word_1_239' title='bbox 1566 3657 1793 3711; x_wconf 89' lang='lat' dir='ltr'><strong>dilatan-</strong></span> 
     </span>
    </p>
   </div>
   <div class='ocr_carea' id='block_1_35' title="bbox 226 3729 1794 3811">
    <p class='ocr_par' dir='ltr' id='par_1_35' title="bbox 226 3729 1794 3811">
     <span class='ocr_line' id='line_1_35' title="bbox 226 3729 1794 3811; baseline 0.014 -30"><span class='ocrx_word' id='word_1_240' title='bbox 226 3729 351 3794; x_wconf 85' lang='lat' dir='ltr'><strong>dam,</strong></span> <span class='ocrx_word' id='word_1_241' title='bbox 382 3735 648 3804; x_wconf 81' lang='lat' dir='ltr'><strong>Africam,</strong></span> <span class='ocrx_word' id='word_1_242' title='bbox 674 3739 880 3805; x_wconf 81' lang='lat' dir='ltr'><strong>Asiam,</strong></span> <span class='ocrx_word' id='word_1_243' title='bbox 910 3741 1197 3811; x_wconf 81' lang='lat' dir='ltr'><strong>Europam.</strong></span> <span class='ocrx_word' id='word_1_244' title='bbox 1234 3744 1498 3801; x_wconf 88' lang='lat' dir='ltr'><strong>Denarius</strong></span> <span class='ocrx_word' id='word_1_245' title='bbox 1535 3748 1677 3802; x_wconf 89' lang='lat' dir='ltr'><strong>enim</strong></span> <span class='ocrx_word' id='word_1_246' title='bbox 1710 3759 1794 3802; x_wconf 88' lang='lat' dir='ltr'><strong>ter</strong></span> 
     </span>
    </p>
   </div>
   <div class='ocr_carea' id='block_1_36' title="bbox 226 3821 1789 3907">
    <p class='ocr_par' dir='ltr' id='par_1_36' title="bbox 226 3821 1789 3907">
     <span class='ocr_line' id='line_1_36' title="bbox 226 3821 1789 3907; baseline 0.013 -33"><span class='ocrx_word' id='word_1_247' title='bbox 226 3821 399 3880; x_wconf 88' lang='lat' dir='ltr'><strong>ductus</strong></span> <span class='ocrx_word' id='word_1_248' title='bbox 425 3828 476 3881; x_wconf 93' lang='lat' dir='ltr'><strong>in</strong></span> <span class='ocrx_word' id='word_1_249' title='bbox 509 3829 845 3898; x_wconf 84' lang='lat' dir='ltr'><strong>trigesimum</strong></span> <span class='ocrx_word' id='word_1_250' title='bbox 876 3848 1158 3889; x_wconf 89' lang='lat' dir='ltr'><strong>numerum</strong></span> <span class='ocrx_word' id='word_1_251' title='bbox 1192 3839 1491 3907; x_wconf 83' lang='lat' dir='ltr'><strong>consurgit.</strong></span> <span class='ocrx_word' id='word_1_252' title='bbox 1522 3838 1647 3894; x_wconf 65' lang='lat' dir='ltr'><strong>llaec</strong></span> <span class='ocrx_word' id='word_1_253' title='bbox 1689 3841 1789 3895; x_wconf 82' lang='lat' dir='ltr'><strong>Ee-</strong></span> 
     </span>
    </p>
   </div>
   <div class='ocr_carea' id='block_1_37' title="bbox 224 3910 1788 3994">
    <p class='ocr_par' dir='ltr' id='par_1_37' title="bbox 224 3910 1788 3994">
     <span class='ocr_line' id='line_1_37' title="bbox 224 3910 1788 3994; baseline 0.012 -28"><span class='ocrx_word' id='word_1_254' title='bbox 224 3910 367 3967; x_wconf 73' lang='lat' dir='ltr'><strong>t‘iesia</strong></span> <span class='ocrx_word' id='word_1_255' title='bbox 415 3919 665 3974; x_wconf 72' lang='lat' dir='ltr'><strong>continuet</strong></span> <span class='ocrx_word' id='word_1_256' title='bbox 701 3921 905 3990; x_wconf 88' lang='lat' dir='ltr'><strong>pariter</strong></span> <span class='ocrx_word' id='word_1_257' title='bbox 939 3938 1161 3977; x_wconf 81' lang='lat' dir='ltr'><strong>corvum</strong></span> <span class='ocrx_word' id='word_1_258' title='bbox 1206 3936 1261 3979; x_wconf 88' lang='lat' dir='ltr'><strong>et</strong></span> <span class='ocrx_word' id='word_1_259' title='bbox 1307 3927 1634 3994; x_wconf 85' lang='lat' dir='ltr'><strong>columbam,</strong></span> <span class='ocrx_word' id='word_1_260' title='bbox 1688 3931 1788 3985; x_wconf 88' lang='lat' dir='ltr'><strong>hoc</strong></span> 
     </span>
    </p>
   </div>
   <div class='ocr_carea' id='block_1_38' title="bbox 222 4008 1787 4075">
    <p class='ocr_par' dir='ltr' id='par_1_38' title="bbox 222 4008 1787 4075">
     <span class='ocr_line' id='line_1_38' title="bbox 222 4008 1787 4075; baseline 0.012 -19"><span class='ocrx_word' id='word_1_261' title='bbox 222 4013 311 4070; x_wconf 83' lang='lat' dir='ltr'><strong>est,</strong></span> <span class='ocrx_word' id='word_1_262' title='bbox 352 4008 523 4065; x_wconf 88' lang='lat' dir='ltr'><strong>bonos</strong></span> <span class='ocrx_word' id='word_1_263' title='bbox 558 4019 614 4065; x_wconf 87' lang='lat' dir='ltr'><strong>et</strong></span> <span class='ocrx_word' id='word_1_264' title='bbox 641 4012 834 4067; x_wconf 89' lang='lat' dir='ltr'><strong>malos.</strong></span> <span class='ocrx_word' id='word_1_265' title='bbox 892 4014 997 4068; x_wconf 87' lang='lat' dir='ltr'><strong>Sed</strong></span> <span class='ocrx_word' id='word_1_266' title='bbox 1040 4030 1235 4072; x_wconf 79' lang='lat' dir='ltr'><strong>corvus</strong></span> <span class='ocrx_word' id='word_1_267' title='bbox 1278 4018 1343 4073; x_wconf 88' lang='lat' dir='ltr'><strong>de</strong></span> <span class='ocrx_word' id='word_1_268' title='bbox 1379 4034 1504 4074; x_wconf 82' lang='lat' dir='ltr'><strong>arca</strong></span> <span class='ocrx_word' id='word_1_269' title='bbox 1554 4022 1787 4075; x_wconf 77' lang='lat' dir='ltr'><strong>emissus</strong></span> 
     </span>
    </p>
   </div>
   <div class='ocr_carea' id='block_1_39' title="bbox 222 4102 1786 4179">
    <p class='ocr_par' dir='ltr' id='par_1_39' title="bbox 222 4102 1786 4179">
     <span class='ocr_line' id='line_1_39' title="bbox 222 4102 1786 4179; baseline 0.013 -33"><span class='ocrx_word' id='word_1_270' title='bbox 222 4110 315 4149; x_wconf 88' lang='lat' dir='ltr'><strong>non</strong></span> <span class='ocrx_word' id='word_1_271' title='bbox 351 4102 662 4167; x_wconf 80' lang='lat' dir='ltr'><strong>revertitur,</strong></span> <span class='ocrx_word' id='word_1_272' title='bbox 691 4104 816 4173; x_wconf 89' lang='lat' dir='ltr'><strong>quia</strong></span> <span class='ocrx_word' id='word_1_273' title='bbox 851 4106 1065 4175; x_wconf 87' lang='lat' dir='ltr'><strong>reprobi</strong></span> <span class='ocrx_word' id='word_1_274' title='bbox 1106 4106 1233 4162; x_wconf 90' lang='lat' dir='ltr'><strong>licet</strong></span> <span class='ocrx_word' id='word_1_275' title='bbox 1284 4111 1491 4179; x_wconf 85' lang='lat' dir='ltr'><strong>gremio</strong></span> <span class='ocrx_word' id='word_1_276' title='bbox 1533 4111 1786 4166; x_wconf 68' lang='lat' dir='ltr'><strong>ECclcsiae</strong></span> 
     </span>
    </p>
   </div>
   <div class='ocr_carea' id='block_1_40' title="bbox 222 4189 1787 4267">
    <p class='ocr_par' dir='ltr' id='par_1_40' title="bbox 222 4189 1787 4267">
     <span class='ocr_line' id='line_1_40' title="bbox 222 4189 1787 4267; baseline 0.012 -27"><span class='ocrx_word' id='word_1_277' title='bbox 222 4200 305 4255; x_wconf 83' lang='lat' dir='ltr'><strong>per</strong></span> <span class='ocrx_word' id='word_1_278' title='bbox 331 4189 483 4246; x_wconf 89' lang='lat' dir='ltr'><strong>ﬁdem</strong></span> <span class='ocrx_word' id='word_1_279' title='bbox 516 4195 917 4263; x_wconf 86' lang='lat' dir='ltr'><strong>contineantur,</strong></span> <span class='ocrx_word' id='word_1_280' title='bbox 951 4206 1127 4251; x_wconf 88' lang='lat' dir='ltr'><strong>tamen</strong></span> <span class='ocrx_word' id='word_1_281' title='bbox 1172 4200 1555 4267; x_wconf 89' lang='lat' dir='ltr'><strong>cupiditatibus</strong></span> <span class='ocrx_word' id='word_1_282' title='bbox 1589 4213 1641 4258; x_wconf 92' lang='lat' dir='ltr'><strong>et</strong></span> <span class='ocrx_word' id='word_1_283' title='bbox 1671 4203 1787 4257; x_wconf 85' lang='lat' dir='ltr'><strong>ille-</strong></span> 
     </span>
    </p>
   </div>
   <div class='ocr_carea' id='block_1_41' title="bbox 223 4279 1783 4358">
    <p class='ocr_par' dir='ltr' id='par_1_41' title="bbox 223 4279 1783 4358">
     <span class='ocr_line' id='line_1_41' title="bbox 223 4279 1783 4358; baseline 0.013 -30"><span class='ocrx_word' id='word_1_284' title='bbox 223 4279 380 4333; x_wconf 85' lang='lat' dir='ltr'><strong>cebris</strong></span> <span class='ocrx_word' id='word_1_285' title='bbox 425 4285 612 4338; x_wconf 82' lang='lat' dir='ltr'><strong>saeculi</strong></span> <span class='ocrx_word' id='word_1_286' title='bbox 660 4285 1046 4342; x_wconf 66' lang='lat' dir='ltr'><strong>inhaererentes</strong></span> <span class='ocrx_word' id='word_1_287' title='bbox 1070 4300 1317 4358; x_wconf 89' lang='lat' dir='ltr'><strong>pereunt.</strong></span> <span class='ocrx_word' id='word_1_288' title='bbox 1346 4291 1602 4349; x_wconf 85' lang='lat' dir='ltr'><strong>Columba</strong></span> <span class='ocrx_word' id='word_1_289' title='bbox 1656 4310 1783 4349; x_wconf 87' lang='lat' dir='ltr'><strong>vero</strong></span> 
     </span>
    </p>
   </div>
   <div class='ocr_carea' id='block_1_42' title="bbox 223 4368 1781 4446">
    <p class='ocr_par' dir='ltr' id='par_1_42' title="bbox 223 4368 1781 4446">
     <span class='ocr_line' id='line_1_42' title="bbox 223 4368 1781 4446; baseline 0.012 -26"><span class='ocrx_word' id='word_1_290' title='bbox 223 4368 416 4425; x_wconf 83' lang='lat' dir='ltr'><strong>rediens</strong></span> <span class='ocrx_word' id='word_1_291' title='bbox 464 4374 534 4426; x_wconf 91' lang='lat' dir='ltr'><strong>ad</strong></span> <span class='ocrx_word' id='word_1_292' title='bbox 586 4389 767 4429; x_wconf 88' lang='lat' dir='ltr'><strong>arcam</strong></span> <span class='ocrx_word' id='word_1_293' title='bbox 806 4386 986 4446; x_wconf 86' lang='lat' dir='ltr'><strong>portat</strong></span> <span class='ocrx_word' id='word_1_294' title='bbox 1023 4393 1232 4433; x_wconf 90' lang='lat' dir='ltr'><strong>ramum</strong></span> <span class='ocrx_word' id='word_1_295' title='bbox 1279 4380 1435 4436; x_wconf 72' lang='lat' dir='ltr'><strong>oliva:</strong></span> <span class='ocrx_word' id='word_1_296' title='bbox 1484 4383 1781 4439; x_wconf 88' lang='lat' dir='ltr'><strong>virentibus</strong></span> 
     </span>
    </p>
   </div>
   <div class='ocr_carea' id='block_1_43' title="bbox 224 4456 1780 4545">
    <p class='ocr_par' dir='ltr' id='par_1_43' title="bbox 224 4456 1780 4545">
     <span class='ocr_line' id='line_1_43' title="bbox 224 4456 1780 4545; baseline 0.015 -36"><span class='ocrx_word' id='word_1_297' title='bbox 224 4456 347 4515; x_wconf 79' lang='lat' dir='ltr'><strong>foliis</strong></span> <span class='ocrx_word' id='word_1_298' title='bbox 373 4462 421 4515; x_wconf 93' lang='lat' dir='ltr'><strong>in</strong></span> <span class='ocrx_word' id='word_1_299' title='bbox 448 4479 547 4518; x_wconf 86' lang='lat' dir='ltr'><strong>ore</strong></span> <span class='ocrx_word' id='word_1_300' title='bbox 581 4479 700 4530; x_wconf 91' lang='lat' dir='ltr'><strong>suo,</strong></span> <span class='ocrx_word' id='word_1_301' title='bbox 729 4468 855 4536; x_wconf 91' lang='lat' dir='ltr'><strong>quia</strong></span> <span class='ocrx_word' id='word_1_302' title='bbox 885 4469 1058 4523; x_wconf 88' lang='lat' dir='ltr'><strong>sancti</strong></span> <span class='ocrx_word' id='word_1_303' title='bbox 1094 4470 1441 4541; x_wconf 85' lang='lat' dir='ltr'><strong>simplicitate</strong></span> <span class='ocrx_word' id='word_1_304' title='bbox 1484 4477 1780 4545; x_wconf 85' lang='lat' dir='ltr'><strong>gaudentes</strong></span> 
     </span>
    </p>
   </div>
   <div class='ocr_carea' id='block_1_44' title="bbox 221 4555 1777 4628">
    <p class='ocr_par' dir='ltr' id='par_1_44' title="bbox 221 4555 1777 4628">
     <span class='ocr_line' id='line_1_44' title="bbox 221 4555 1777 4628; baseline 0.014 -29"><span class='ocrx_word' id='word_1_305' title='bbox 221 4563 393 4607; x_wconf 82' lang='lat' dir='ltr'><strong>manus</strong></span> <span class='ocrx_word' id='word_1_306' title='bbox 416 4555 569 4623; x_wconf 85' lang='lat' dir='ltr'><strong>pacis</strong></span> <span class='ocrx_word' id='word_1_307' title='bbox 603 4556 655 4610; x_wconf 91' lang='lat' dir='ltr'><strong>in</strong></span> <span class='ocrx_word' id='word_1_308' title='bbox 695 4572 789 4612; x_wconf 90' lang='lat' dir='ltr'><strong>ore</strong></span> <span class='ocrx_word' id='word_1_309' title='bbox 834 4568 1075 4628; x_wconf 87' lang='lat' dir='ltr'><strong>portant,</strong></span> <span class='ocrx_word' id='word_1_310' title='bbox 1110 4573 1164 4616; x_wconf 87' lang='lat' dir='ltr'><strong>et</strong></span> <span class='ocrx_word' id='word_1_311' title='bbox 1209 4576 1332 4617; x_wconf 92' lang='lat' dir='ltr'><strong>cum</strong></span> <span class='ocrx_word' id='word_1_312' title='bbox 1372 4563 1654 4621; x_wconf 84' lang='lat' dir='ltr'><strong>Psalmista</strong></span> <span class='ocrx_word' id='word_1_313' title='bbox 1693 4568 1777 4621; x_wconf 86' lang='lat' dir='ltr'><strong>di-</strong></span> 
     </span>
    </p>
   </div>
   <div class='ocr_carea' id='block_1_45' title="bbox 220 4644 1774 4726">
    <p class='ocr_par' dir='ltr' id='par_1_45' title="bbox 220 4644 1774 4726">
     <span class='ocr_line' id='line_1_45' title="bbox 220 4644 1774 4726; baseline 0.014 -35"><span class='ocrx_word' id='word_1_314' title='bbox 220 4653 332 4696; x_wconf 89' lang='lat' dir='ltr'><strong>cunt</strong></span> <span class='ocrx_word' id='word_1_315' title='bbox 365 4663 377 4697; x_wconf 94' lang='lat'><strong>:</strong></span> <span class='ocrx_word' id='word_1_316' title='bbox 408 4644 541 4700; x_wconf 85' lang='lat' dir='ltr'><strong>Cum</strong></span> <span class='ocrx_word' id='word_1_317' title='bbox 580 4649 662 4702; x_wconf 83' lang='lat' dir='ltr'><strong>Itis</strong></span> <span class='ocrx_word' id='word_1_318' title='bbox 690 4650 779 4719; x_wconf 87' lang='lat' dir='ltr'><strong>qui</strong></span> <span class='ocrx_word' id='word_1_319' title='bbox 830 4651 1049 4705; x_wconf 81' lang='lat' dir='ltr'><strong>oderunt</strong></span> <span class='ocrx_word' id='word_1_320' title='bbox 1090 4670 1270 4722; x_wconf 83' lang='lat' dir='ltr'><strong>pacem</strong></span> <span class='ocrx_word' id='word_1_321' title='bbox 1328 4671 1471 4710; x_wconf 85' lang='lat' dir='ltr'><strong>eram</strong></span> <span class='ocrx_word' id='word_1_322' title='bbox 1523 4659 1774 4726; x_wconf 77' lang='lat' dir='ltr'><strong>paciﬁcus</strong></span> 
     </span>
    </p>
   </div>
   <div class='ocr_carea' id='block_1_46' title="bbox 220 4730 648 4809">
    <p class='ocr_par' dir='ltr' id='par_1_46' title="bbox 220 4730 648 4809">
     <span class='ocr_line' id='line_1_46' title="bbox 220 4730 648 4809; baseline 0.016 -22"><span class='ocrx_word' id='word_1_323' title='bbox 220 4730 371 4800; x_wconf 85' lang='lat' dir='ltr'><strong>(Psal.</strong></span> <span class='ocrx_word' id='word_1_324' title='bbox 397 4754 545 4806; x_wconf 70' lang='grc' dir='ltr'>ειυς,</span> <span class='ocrx_word' id='word_1_325' title='bbox 572 4742 648 4809; x_wconf 78' lang='lat'><strong>7).</strong></span> 
     </span>
    </p>
   </div>
   <div class='ocr_carea' id='block_1_47' title="bbox 286 4849 1773 4936">
    <p class='ocr_par' dir='ltr' id='par_1_47' title="bbox 286 4849 1773 4936">
     <span class='ocr_line' id='line_1_47' title="bbox 286 4849 1773 4936; baseline 0.011 -32"><span class='ocrx_word' id='word_1_326' title='bbox 286 4849 427 4907; x_wconf 81' lang='lat' dir='ltr'><strong>Vers.</strong></span> <span class='ocrx_word' id='word_1_327' title='bbox 456 4854 541 4908; x_wconf 74' lang='grc' dir='ltr'><strong>Μ.</strong></span> <span class='ocrx_word' id='word_1_328' title='bbox 578 4855 755 4911; x_wconf 78' lang='lat' dir='ltr'><strong>Mense</strong></span> <span class='ocrx_word' id='word_1_329' title='bbox 782 4861 1028 4914; x_wconf 84' lang='lat' dir='ltr'><strong>secundo.</strong></span> <span class='ocrx_word' id='word_1_330' title='bbox 1067 4861 1122 4917; x_wconf 86' lang='lat' dir='ltr'><strong>id</strong></span> <span class='ocrx_word' id='word_1_331' title='bbox 1159 4871 1243 4918; x_wconf 90' lang='lat' dir='ltr'><strong>est</strong></span> <span class='ocrx_word' id='word_1_332' title='bbox 1277 4862 1433 4919; x_wconf 75' lang='lat' dir='ltr'><strong>Maio.</strong></span> <span class='ocrx_word' id='word_1_333' title='bbox 1465 4865 1698 4936; x_wconf 83' lang='lat' dir='ltr'><strong>Septima</strong></span> <span class='ocrx_word' id='word_1_334' title='bbox 1724 4879 1773 4921; x_wconf 87' lang='lat' dir='ltr'><strong>et</strong></span> 
     </span>
    </p>
   </div>
   <div class='ocr_carea' id='block_1_48' title="bbox 219 4940 1770 5022">
    <p class='ocr_par' dir='ltr' id='par_1_48' title="bbox 219 4940 1770 5022">
     <span class='ocr_line' id='line_1_48' title="bbox 219 4940 1770 5022; baseline 0.014 -32"><span class='ocrx_word' id='word_1_335' title='bbox 219 4940 439 4997; x_wconf 80' lang='lat' dir='ltr'><strong>vicesima</strong></span> <span class='ocrx_word' id='word_1_336' title='bbox 464 4947 548 5000; x_wconf 85' lang='lat' dir='ltr'><strong>die</strong></span> <span class='ocrx_word' id='word_1_337' title='bbox 579 4951 788 5002; x_wconf 84' lang='lat' dir='ltr'><strong>mensis.</strong></span> <span class='ocrx_word' id='word_1_338' title='bbox 820 4950 1132 5008; x_wconf 85' lang='lat' dir='ltr'><strong>lntueamur</strong></span> <span class='ocrx_word' id='word_1_339' title='bbox 1152 4954 1463 5022; x_wconf 81' lang='lat' dir='ltr'><strong>diligentius</strong></span> <span class='ocrx_word' id='word_1_340' title='bbox 1506 4958 1649 5013; x_wconf 87' lang='lat' dir='ltr'><strong>hunc</strong></span> <span class='ocrx_word' id='word_1_341' title='bbox 1688 4959 1770 5012; x_wconf 83' lang='lat' dir='ltr'><strong>io-</strong></span> 
     </span>
    </p>
   </div>
   <div class='ocr_carea' id='block_1_49' title="bbox 217 5035 1766 5113">
    <p class='ocr_par' dir='ltr' id='par_1_49' title="bbox 217 5035 1766 5113">
     <span class='ocr_line' id='line_1_49' title="bbox 217 5035 1766 5113; baseline 0.011 -28"><span class='ocrx_word' id='word_1_342' title='bbox 217 5045 341 5088; x_wconf 84' lang='lat' dir='ltr'><strong>cam.</strong></span> <span class='ocrx_word' id='word_1_343' title='bbox 377 5035 617 5094; x_wconf 83' lang='lat' dir='ltr'><strong>Diximus</strong></span> <span class='ocrx_word' id='word_1_344' title='bbox 645 5041 889 5110; x_wconf 88' lang='lat' dir='ltr'><strong>superius</strong></span> <span class='ocrx_word' id='word_1_345' title='bbox 918 5041 1031 5098; x_wconf 85' lang='lat' dir='ltr'><strong>Noe</strong></span> <span class='ocrx_word' id='word_1_346' title='bbox 1057 5060 1257 5100; x_wconf 90' lang='lat' dir='ltr'><strong>annum</strong></span> <span class='ocrx_word' id='word_1_347' title='bbox 1296 5046 1488 5102; x_wconf 79' lang='lat' dir='ltr'><strong>fecisse</strong></span> <span class='ocrx_word' id='word_1_348' title='bbox 1526 5048 1577 5101; x_wconf 92' lang='lat' dir='ltr'><strong>in</strong></span> <span class='ocrx_word' id='word_1_349' title='bbox 1619 5064 1766 5113; x_wconf 85' lang='lat' dir='ltr'><strong>arca,</strong></span> 
     </span>
    </p>
   </div>
   <div class='ocr_carea' id='block_1_50' title="bbox 215 5124 1770 5210">
    <p class='ocr_par' dir='ltr' id='par_1_50' title="bbox 215 5124 1770 5210">
     <span class='ocr_line' id='line_1_50' title="bbox 215 5124 1770 5210; baseline 0.012 -33"><span class='ocrx_word' id='word_1_350' title='bbox 215 5132 261 5174; x_wconf 83' lang='lat' dir='ltr'><strong>et</strong></span> <span class='ocrx_word' id='word_1_351' title='bbox 288 5124 394 5194; x_wconf 86' lang='lat' dir='ltr'><strong>ipsa</strong></span> <span class='ocrx_word' id='word_1_352' title='bbox 416 5128 502 5184; x_wconf 89' lang='lat' dir='ltr'><strong>die</strong></span> <span class='ocrx_word' id='word_1_353' title='bbox 528 5146 634 5201; x_wconf 88' lang='lat' dir='ltr'><strong>qua</strong></span> <span class='ocrx_word' id='word_1_354' title='bbox 657 5132 929 5202; x_wconf 81' lang='lat' dir='ltr'><strong>ingressus</strong></span> <span class='ocrx_word' id='word_1_355' title='bbox 955 5143 1038 5189; x_wconf 89' lang='lat' dir='ltr'><strong>est</strong></span> <span class='ocrx_word' id='word_1_356' title='bbox 1056 5149 1334 5207; x_wconf 88' lang='lat' dir='ltr'><strong>egressum</strong></span> <span class='ocrx_word' id='word_1_357' title='bbox 1359 5138 1542 5193; x_wconf 77' lang='lat' dir='ltr'><strong>fuisse.</strong></span> <span class='ocrx_word' id='word_1_358' title='bbox 1568 5139 1770 5210; x_wconf 86' lang='lat' dir='ltr'><strong>Ingres-</strong></span> 
     </span>
    </p>
   </div>
   <div class='ocr_carea' id='block_1_51' title="bbox 217 5225 1763 5293">
    <p class='ocr_par' dir='ltr' id='par_1_51' title="bbox 217 5225 1763 5293">
     <span class='ocr_line' id='line_1_51' title="bbox 217 5225 1763 5293; baseline 0.01 -25"><span class='ocrx_word' id='word_1_359' title='bbox 217 5229 297 5271; x_wconf 86' lang='lat' dir='ltr'><strong>sus</strong></span> <span class='ocrx_word' id='word_1_360' title='bbox 347 5232 520 5277; x_wconf 86' lang='lat' dir='ltr'><strong>autem</strong></span> <span class='ocrx_word' id='word_1_361' title='bbox 556 5225 782 5293; x_wconf 89' lang='lat' dir='ltr'><strong>septima</strong></span> <span class='ocrx_word' id='word_1_362' title='bbox 833 5227 1037 5281; x_wconf 89' lang='lat' dir='ltr'><strong>decima</strong></span> <span class='ocrx_word' id='word_1_363' title='bbox 1091 5228 1178 5282; x_wconf 91' lang='lat' dir='ltr'><strong>die</strong></span> <span class='ocrx_word' id='word_1_364' title='bbox 1229 5230 1430 5284; x_wconf 87' lang='lat' dir='ltr'><strong>mensis</strong></span> <span class='ocrx_word' id='word_1_365' title='bbox 1484 5231 1704 5285; x_wconf 87' lang='lat' dir='ltr'><strong>secundi</strong></span> <span class='ocrx_word' id='word_1_366' title='bbox 1749 5249 1763 5283; x_wconf 89' lang='lat'><strong>:</strong></span> 
     </span>
    </p>
   </div>
   <div class='ocr_carea' id='block_1_52' title="bbox 219 5316 1764 5390">
    <p class='ocr_par' dir='ltr' id='par_1_52' title="bbox 219 5316 1764 5390">
     <span class='ocr_line' id='line_1_52' title="bbox 219 5316 1764 5390; baseline 0.012 -29"><span class='ocrx_word' id='word_1_367' title='bbox 219 5325 345 5366; x_wconf 88' lang='lat' dir='ltr'><strong>nunc</strong></span> <span class='ocrx_word' id='word_1_368' title='bbox 372 5316 500 5371; x_wconf 88' lang='lat' dir='ltr'><strong>dicit</strong></span> <span class='ocrx_word' id='word_1_369' title='bbox 526 5318 650 5386; x_wconf 92' lang='lat' dir='ltr'><strong>quia</strong></span> <span class='ocrx_word' id='word_1_370' title='bbox 674 5334 922 5387; x_wconf 85' lang='lat' dir='ltr'><strong>egressus</strong></span> <span class='ocrx_word' id='word_1_371' title='bbox 951 5330 1033 5375; x_wconf 88' lang='lat' dir='ltr'><strong>est</strong></span> <span class='ocrx_word' id='word_1_372' title='bbox 1057 5322 1282 5390; x_wconf 86' lang='lat' dir='ltr'><strong>septima</strong></span> <span class='ocrx_word' id='word_1_373' title='bbox 1310 5332 1366 5376; x_wconf 92' lang='lat' dir='ltr'><strong>et</strong></span> <span class='ocrx_word' id='word_1_374' title='bbox 1396 5323 1650 5377; x_wconf 73' lang='lat' dir='ltr'><strong>vicesima</strong></span> <span class='ocrx_word' id='word_1_375' title='bbox 1676 5325 1764 5379; x_wconf 90' lang='lat' dir='ltr'><strong>die</strong></span> 
     </span>
    </p>
   </div>
   <div class='ocr_carea' id='block_1_53' title="bbox 1390 442 2407 518">
    <p class='ocr_par' dir='ltr' id='par_1_53' title="bbox 1390 442 2407 518">
     <span class='ocr_line' id='line_1_53' title="bbox 1390 442 2407 518; baseline 0.007 -7"><span class='ocrx_word' id='word_1_376' title='bbox 1390 442 1932 516; x_wconf 73' lang='lat' dir='ltr'><strong>COMMENTARIUS</strong></span> <span class='ocrx_word' id='word_1_377' title='bbox 1972 460 2035 512; x_wconf 75' lang='lat' dir='ltr'><strong>IN</strong></span> <span class='ocrx_word' id='word_1_378' title='bbox 2087 458 2407 518; x_wconf 66' lang='lat' dir='ltr'><strong>omnesut.</strong></span> 
     </span>
    </p>
   </div>
   <div class='ocr_carea' id='block_1_54' title="bbox 249 544 1906 639">
    <p class='ocr_par' dir='ltr' id='par_1_54' title="bbox 249 544 1906 639">
     <span class='ocr_line' id='line_1_54' title="bbox 249 544 1906 639; baseline 0.005 -20"><span class='ocrx_word' id='word_1_379' title='bbox 249 566 537 639; x_wconf 84' lang='lat' dir='ltr'><strong>Olympum</strong></span> <span class='ocrx_word' id='word_1_380' title='bbox 570 576 828 631; x_wconf 86' lang='lat' dir='ltr'><strong>montem,</strong></span> <span class='ocrx_word' id='word_1_381' title='bbox 847 563 1002 636; x_wconf 70' lang='lat' dir='ltr'><strong>&#39;cujus</strong></span> <span class='ocrx_word' id='word_1_382' title='bbox 1026 576 1175 622; x_wconf 87' lang='lat' dir='ltr'><strong>tanta</strong></span> <span class='ocrx_word' id='word_1_383' title='bbox 1198 544 1423 627; x_wconf 89' lang='lat' dir='ltr'><strong>altitudo</strong></span> <span class='ocrx_word' id='word_1_384' title='bbox 1451 582 1507 626; x_wconf 89' lang='lat' dir='ltr'><strong>ut</strong></span> <span class='ocrx_word' id='word_1_385' title='bbox 1530 571 1656 627; x_wconf 90' lang='lat' dir='ltr'><strong>nulli</strong></span> <span class='ocrx_word' id='word_1_386' title='bbox 1685 574 1829 627; x_wconf 87' lang='lat' dir='ltr'><strong>venti</strong></span> <span class='ocrx_word' id='word_1_387' title='bbox 1864 578 1906 636; x_wconf 83' lang='grc' dir='ltr'><strong>Λ</strong></span> 
     </span>
    </p>
   </div>
   <div class='ocr_carea' id='block_1_55' title="bbox 3425 480 3496 534">
    <p class='ocr_par' dir='ltr' id='par_1_55' title="bbox 3425 480 3496 534">
     <span class='ocr_line' id='line_1_55' title="bbox 3425 480 3496 534; baseline 0.028 -2"><span class='ocrx_word' id='word_1_388' title='bbox 3425 480 3496 534; x_wconf 81' lang='lat'><strong>78</strong></span> 
     </span>
    </p>
   </div>
   <div class='ocr_carea' id='block_1_56' title="bbox 2010 572 3505 651">
    <p class='ocr_par' dir='ltr' id='par_1_56' title="bbox 2010 572 3505 651">
     <span class='ocr_line' id='line_1_56' title="bbox 2010 572 3505 651; baseline 0.016 -24"><span class='ocrx_word' id='word_1_389' title='bbox 2010 572 2158 629; x_wconf 72' lang='lat' dir='ltr'><strong>Vers.</strong></span> <span class='ocrx_word' id='word_1_390' title='bbox 2213 578 2303 632; x_wconf 63' lang='lat'><strong>92.</strong></span> <span class='ocrx_word' id='word_1_391' title='bbox 2361 581 2478 633; x_wconf 78' lang='lat' dir='ltr'><strong>Non</strong></span> <span class='ocrx_word' id='word_1_392' title='bbox 2536 584 2874 651; x_wconf 73' lang='lat' dir='ltr'><strong>requiescant.</strong></span> <span class='ocrx_word' id='word_1_393' title='bbox 2932 580 3039 644; x_wconf 81' lang='lat' dir='ltr'><strong>Sed</strong></span> <span class='ocrx_word' id='word_1_394' title='bbox 3098 590 3333 647; x_wconf 77' lang='lat' dir='ltr'><strong>servient</strong></span> <span class='ocrx_word' id='word_1_395' title='bbox 3402 597 3505 651; x_wconf 77' lang='lat' dir='ltr'><strong>ho-</strong></span> 
     </span>
    </p>
   </div>
   <div class='ocr_carea' id='block_1_57' title="bbox 1934 667 2080 720">
    <p class='ocr_par' dir='ltr' id='par_1_57' title="bbox 1934 667 2080 720">
     <span class='ocr_line' id='line_1_57' title="bbox 1934 667 2080 720; baseline 0.007 -1"><span class='ocrx_word' id='word_1_396' title='bbox 1934 667 2080 720; x_wconf 85' lang='lat' dir='ltr'><strong>mini.</strong></span> 
     </span>
    </p>
   </div>
   <div class='ocr_carea' id='block_1_58' title="bbox 2538 765 2927 825">
    <p class='ocr_par' dir='ltr' id='par_1_58' title="bbox 2538 765 2927 825">
     <span class='ocr_line' id='line_1_58' title="bbox 2538 765 2927 825; baseline 0.01 -6"><span class='ocrx_word' id='word_1_397' title='bbox 2538 765 2764 823; x_wconf 79' lang='lat' dir='ltr'><strong>CAPUT</strong></span> <span class='ocrx_word' id='word_1_398' title='bbox 2802 770 2891 825; x_wconf 74' lang='grc' dir='ltr'><strong>ΙΧ.</strong></span> <span class='ocrx_word' id='word_1_399' title='bbox 2924 820 2927 823; x_wconf 72' lang='lat'>,</span> 
     </span>
    </p>
   </div>
   <div class='ocr_carea' id='block_1_59' title="bbox 2000 850 3499 941">
    <p class='ocr_par' dir='ltr' id='par_1_59' title="bbox 2000 850 3499 941">
     <span class='ocr_line' id='line_1_59' title="bbox 2000 850 3499 941; baseline 0.015 -37"><span class='ocrx_word' id='word_1_400' title='bbox 2000 851 2152 906; x_wconf 78' lang='lat' dir='ltr'><strong>V&#39;ers.</strong></span> <span class='ocrx_word' id='word_1_401' title='bbox 2183 850 2236 905; x_wconf 72' lang='lat'><strong>2.</strong></span> <span class='ocrx_word' id='word_1_402' title='bbox 2274 852 2460 909; x_wconf 78' lang='lat' dir='ltr'><strong>Terror</strong></span> <span class='ocrx_word' id='word_1_403' title='bbox 2496 865 2660 911; x_wconf 74' lang='lat' dir='ltr'><strong>vester</strong></span> <span class='ocrx_word' id='word_1_404' title='bbox 2685 870 2731 912; x_wconf 92' lang='lat' dir='ltr'><strong>et</strong></span> <span class='ocrx_word' id='word_1_405' title='bbox 2759 872 2969 918; x_wconf 87' lang='lat' dir='ltr'><strong>tremor.</strong></span> <span class='ocrx_word' id='word_1_406' title='bbox 2996 862 3111 921; x_wconf 79' lang='lat' dir='ltr'><strong>Non</strong></span> <span class='ocrx_word' id='word_1_407' title='bbox 3139 867 3340 925; x_wconf 84' lang='lat' dir='ltr'><strong>homini</strong></span> <span class='ocrx_word' id='word_1_408' title='bbox 3364 886 3499 941; x_wconf 70' lang='lat' dir='ltr'><strong>prte-</strong></span> 
     </span>
    </p>
   </div>
   <div class='ocr_carea' id='block_1_60' title="bbox 1928 942 3499 1027">
    <p class='ocr_par' dir='ltr' id='par_1_60' title="bbox 1928 942 3499 1027">
     <span class='ocr_line' id='line_1_60' title="bbox 1928 942 3499 1027; baseline 0.015 -34"><span class='ocrx_word' id='word_1_409' title='bbox 1928 942 2107 1011; x_wconf 87' lang='lat' dir='ltr'><strong>posuit</strong></span> <span class='ocrx_word' id='word_1_410' title='bbox 2136 942 2275 997; x_wconf 89' lang='lat' dir='ltr'><strong>Deus</strong></span> <span class='ocrx_word' id='word_1_411' title='bbox 2304 945 2575 1001; x_wconf 87' lang='lat' dir='ltr'><strong>hominem</strong></span> <span class='ocrx_word' id='word_1_412' title='bbox 2608 950 2701 1003; x_wconf 87' lang='lat' dir='ltr'><strong>sed</strong></span> <span class='ocrx_word' id='word_1_413' title='bbox 2724 952 3109 1011; x_wconf 75' lang='lat' dir='ltr'><strong>animantibus.</strong></span> <span class='ocrx_word' id='word_1_414' title='bbox 3132 955 3315 1027; x_wconf 84' lang='lat' dir='ltr'><strong>Neque</strong></span> <span class='ocrx_word' id='word_1_415' title='bbox 3354 962 3499 1017; x_wconf 88' lang='lat' dir='ltr'><strong>enim</strong></span> 
     </span>
    </p>
   </div>
   <div class='ocr_carea' id='block_1_61' title="bbox 1926 1033 3501 1119">
    <p class='ocr_par' dir='ltr' id='par_1_61' title="bbox 1926 1033 3501 1119">
     <span class='ocr_line' id='line_1_61' title="bbox 1926 1033 3501 1119; baseline 0.013 -33"><span class='ocrx_word' id='word_1_416' title='bbox 1926 1033 2063 1088; x_wconf 81' lang='lat' dir='ltr'><strong>dixit</strong></span> <span class='ocrx_word' id='word_1_417' title='bbox 2091 1053 2104 1086; x_wconf 85' lang='lat'><strong>;</strong></span> <span class='ocrx_word' id='word_1_418' title='bbox 2140 1033 2332 1089; x_wconf 86' lang='lat' dir='ltr'><strong>Terror</strong></span> <span class='ocrx_word' id='word_1_419' title='bbox 2356 1048 2519 1091; x_wconf 81' lang='lat' dir='ltr'><strong>vester</strong></span> <span class='ocrx_word' id='word_1_420' title='bbox 2539 1040 2602 1093; x_wconf 85' lang='lat' dir='ltr'><strong>sit</strong></span> <span class='ocrx_word' id='word_1_421' title='bbox 2622 1057 2779 1111; x_wconf 82' lang='lat' dir='ltr'><strong>super</strong></span> <span class='ocrx_word' id='word_1_422' title='bbox 2802 1044 3058 1112; x_wconf 79' lang='lat' dir='ltr'><strong>homines,</strong></span> <span class='ocrx_word' id='word_1_423' title='bbox 3089 1049 3182 1103; x_wconf 85' lang='lat' dir='ltr'><strong>sed</strong></span> <span class='ocrx_word' id='word_1_424' title='bbox 3206 1066 3362 1119; x_wconf 80' lang='lat' dir='ltr'><strong>super</strong></span> <span class='ocrx_word' id='word_1_425' title='bbox 3382 1055 3501 1105; x_wconf 85' lang='lat' dir='ltr'><strong>ani-</strong></span> 
     </span>
    </p>
   </div>
   <div class='ocr_carea' id='block_1_62' title="bbox 1925 1125 3497 1206">
    <p class='ocr_par' dir='ltr' id='par_1_62' title="bbox 1925 1125 3497 1206">
     <span class='ocr_line' id='line_1_62' title="bbox 1925 1125 3497 1206; baseline 0.012 -31"><span class='ocrx_word' id='word_1_426' title='bbox 1925 1125 2125 1178; x_wconf 83' lang='lat' dir='ltr'><strong>mantia</strong></span> <span class='ocrx_word' id='word_1_427' title='bbox 2162 1135 2316 1179; x_wconf 74' lang='lat' dir='ltr'><strong>terraz</strong></span> <span class='ocrx_word' id='word_1_428' title='bbox 2338 1139 2356 1177; x_wconf 89' lang='lat'><strong>.&#39;</strong></span> <span class='ocrx_word' id='word_1_429' title='bbox 2380 1136 2540 1199; x_wconf 90' lang='lat' dir='ltr'><strong>atque</strong></span> <span class='ocrx_word' id='word_1_430' title='bbox 2564 1130 2700 1196; x_wconf 88' lang='lat' dir='ltr'><strong>ideo,</strong></span> <span class='ocrx_word' id='word_1_431' title='bbox 2728 1141 2787 1186; x_wconf 87' lang='lat' dir='ltr'><strong>ut</strong></span> <span class='ocrx_word' id='word_1_432' title='bbox 2819 1133 2879 1186; x_wconf 86' lang='grc' dir='ltr'><strong>Β.</strong></span> <span class='ocrx_word' id='word_1_433' title='bbox 2909 1133 3203 1206; x_wconf 86' lang='lat' dir='ltr'><strong>Gregorius</strong></span> <span class='ocrx_word' id='word_1_434' title='bbox 3226 1138 3377 1204; x_wconf 90' lang='lat' dir='ltr'><strong>dicit,</strong></span> <span class='ocrx_word' id='word_1_435' title='bbox 3403 1156 3497 1193; x_wconf 88' lang='lat' dir='ltr'><strong>sn-</strong></span> 
     </span>
    </p>
   </div>
   <div class='ocr_carea' id='block_1_63' title="bbox 1922 1215 3497 1294">
    <p class='ocr_par' dir='ltr' id='par_1_63' title="bbox 1922 1215 3497 1294">
     <span class='ocr_line' id='line_1_63' title="bbox 1922 1215 3497 1294; baseline 0.011 -27"><span class='ocrx_word' id='word_1_436' title='bbox 1922 1229 2018 1284; x_wconf 92' lang='lat' dir='ltr'><strong>pra</strong></span> <span class='ocrx_word' id='word_1_437' title='bbox 2045 1215 2260 1271; x_wconf 91' lang='lat' dir='ltr'><strong>modum</strong></span> <span class='ocrx_word' id='word_1_438' title='bbox 2291 1220 2568 1288; x_wconf 70' lang='lat' dir='ltr'><strong>superbire</strong></span> <span class='ocrx_word' id='word_1_439' title='bbox 2620 1232 2703 1277; x_wconf 88' lang='lat' dir='ltr'><strong>est</strong></span> <span class='ocrx_word' id='word_1_440' title='bbox 2759 1224 2827 1279; x_wconf 89' lang='lat' dir='ltr'><strong>ab</strong></span> <span class='ocrx_word' id='word_1_441' title='bbox 2863 1226 3057 1294; x_wconf 73' lang='lat' dir='ltr'><strong>tequali</strong></span> <span class='ocrx_word' id='word_1_442' title='bbox 3108 1227 3244 1282; x_wconf 89' lang='lat' dir='ltr'><strong>velle</strong></span> <span class='ocrx_word' id='word_1_443' title='bbox 3295 1231 3497 1284; x_wconf 88' lang='lat' dir='ltr'><strong>timeri.</strong></span> 
     </span>
    </p>
   </div>
   <div class='ocr_carea' id='block_1_64' title="bbox 1922 1304 3494 1386">
    <p class='ocr_par' dir='ltr' id='par_1_64' title="bbox 1922 1304 3494 1386">
     <span class='ocr_line' id='line_1_64' title="bbox 1922 1304 3494 1386; baseline 0.011 -28"><span class='ocrx_word' id='word_1_444' title='bbox 1922 1304 2124 1361; x_wconf 89' lang='lat' dir='ltr'><strong>Omnes</strong></span> <span class='ocrx_word' id='word_1_445' title='bbox 2153 1307 2401 1365; x_wconf 88' lang='lat' dir='ltr'><strong>homines</strong></span> <span class='ocrx_word' id='word_1_446' title='bbox 2432 1320 2623 1366; x_wconf 85' lang='lat' dir='ltr'><strong>natura</strong></span> <span class='ocrx_word' id='word_1_447' title='bbox 2652 1316 2835 1384; x_wconf 87' lang='lat' dir='ltr'><strong>genuit</strong></span> <span class='ocrx_word' id='word_1_448' title='bbox 2860 1316 3113 1386; x_wconf 66' lang='lat' dir='ltr'><strong>aequales,</strong></span> <span class='ocrx_word' id='word_1_449' title='bbox 3137 1319 3232 1373; x_wconf 86' lang='lat' dir='ltr'><strong>sed</strong></span> <span class='ocrx_word' id='word_1_450' title='bbox 3274 1320 3494 1375; x_wconf 86' lang='lat' dir='ltr'><strong>merito-</strong></span> 
     </span>
    </p>
   </div>
   <div class='ocr_carea' id='block_1_65' title="bbox 1923 1399 3497 1477">
    <p class='ocr_par' dir='ltr' id='par_1_65' title="bbox 1923 1399 3497 1477">
     <span class='ocr_line' id='line_1_65' title="bbox 1923 1399 3497 1477; baseline 0.01 -26"><span class='ocrx_word' id='word_1_451' title='bbox 1923 1414 2041 1453; x_wconf 88' lang='lat' dir='ltr'><strong>rum</strong></span> <span class='ocrx_word' id='word_1_452' title='bbox 2072 1399 2328 1456; x_wconf 89' lang='lat' dir='ltr'><strong>distantia</strong></span> <span class='ocrx_word' id='word_1_453' title='bbox 2361 1403 2509 1473; x_wconf 87' lang='lat' dir='ltr'><strong>justo</strong></span> <span class='ocrx_word' id='word_1_454' title='bbox 2544 1406 2635 1459; x_wconf 85' lang='lat' dir='ltr'><strong>Dei</strong></span> <span class='ocrx_word' id='word_1_455' title='bbox 2670 1407 2895 1477; x_wconf 89' lang='lat' dir='ltr'><strong>judicio,</strong></span> <span class='ocrx_word' id='word_1_456' title='bbox 2946 1410 3040 1465; x_wconf 86' lang='lat' dir='ltr'><strong>sed</strong></span> <span class='ocrx_word' id='word_1_457' title='bbox 3081 1411 3313 1477; x_wconf 85' lang='lat' dir='ltr'><strong>occulto,</strong></span> <span class='ocrx_word' id='word_1_458' title='bbox 3362 1413 3497 1467; x_wconf 87' lang='lat' dir='ltr'><strong>alios</strong></span> 
     </span>
    </p>
   </div>
   <div class='ocr_carea' id='block_1_66' title="bbox 1920 1489 3491 1565">
    <p class='ocr_par' dir='ltr' id='par_1_66' title="bbox 1920 1489 3491 1565">
     <span class='ocr_line' id='line_1_66' title="bbox 1920 1489 3491 1565; baseline 0.009 -24"><span class='ocrx_word' id='word_1_459' title='bbox 1920 1489 2038 1545; x_wconf 87' lang='lat' dir='ltr'><strong>aliis</strong></span> <span class='ocrx_word' id='word_1_460' title='bbox 2070 1490 2316 1561; x_wconf 77' lang='lat' dir='ltr'><strong>subjecit.</strong></span> <span class='ocrx_word' id='word_1_461' title='bbox 2347 1492 2538 1549; x_wconf 82' lang='lat' dir='ltr'><strong>Omnes</strong></span> <span class='ocrx_word' id='word_1_462' title='bbox 2558 1498 2722 1565; x_wconf 84' lang='lat' dir='ltr'><strong>pisces</strong></span> <span class='ocrx_word' id='word_1_463' title='bbox 2742 1500 2923 1553; x_wconf 87' lang='lat' dir='ltr'><strong>manui</strong></span> <span class='ocrx_word' id='word_1_464' title='bbox 2944 1510 3126 1554; x_wconf 72' lang='lat' dir='ltr'><strong>vestra:</strong></span> <span class='ocrx_word' id='word_1_465' title='bbox 3147 1501 3327 1554; x_wconf 87' lang='lat' dir='ltr'><strong>traditi</strong></span> <span class='ocrx_word' id='word_1_466' title='bbox 3350 1513 3491 1555; x_wconf 89' lang='lat' dir='ltr'><strong>sunt.</strong></span> 
     </span>
    </p>
   </div>
   <div class='ocr_carea' id='block_1_67' title="bbox 1921 1582 3495 1665">
    <p class='ocr_par' dir='ltr' id='par_1_67' title="bbox 1921 1582 3495 1665">
     <span class='ocr_line' id='line_1_67' title="bbox 1921 1582 3495 1665; baseline 0.006 -30"><span class='ocrx_word' id='word_1_467' title='bbox 1921 1582 1975 1636; x_wconf 92' lang='lat' dir='ltr'><strong>Id</strong></span> <span class='ocrx_word' id='word_1_468' title='bbox 2002 1592 2103 1647; x_wconf 90' lang='lat' dir='ltr'><strong>cst,</strong></span> <span class='ocrx_word' id='word_1_469' title='bbox 2138 1587 2393 1665; x_wconf 68' lang='lat' dir='ltr'><strong>potestati</strong></span> <span class='ocrx_word' id='word_1_470' title='bbox 2424 1606 2435 1639; x_wconf 89' lang='lat'><strong>:</strong></span> <span class='ocrx_word' id='word_1_471' title='bbox 2472 1587 2536 1639; x_wconf 79' lang='lat' dir='ltr'><strong>Et</strong></span> <span class='ocrx_word' id='word_1_472' title='bbox 2562 1606 2712 1643; x_wconf 83' lang='lat' dir='ltr'><strong>autne</strong></span> <span class='ocrx_word' id='word_1_473' title='bbox 2734 1591 2873 1661; x_wconf 84' lang='lat' dir='ltr'><strong>quod</strong></span> <span class='ocrx_word' id='word_1_474' title='bbox 2901 1604 3133 1645; x_wconf 79' lang='lat' dir='ltr'><strong>moretur</strong></span> <span class='ocrx_word' id='word_1_475' title='bbox 3159 1594 3254 1647; x_wconf 85' lang='lat' dir='ltr'><strong>erit</strong></span> <span class='ocrx_word' id='word_1_476' title='bbox 3278 1594 3418 1649; x_wconf 77' lang='lat' dir='ltr'><strong>vobis</strong></span> <span class='ocrx_word' id='word_1_477' title='bbox 3441 1595 3495 1646; x_wconf 81' lang='lat' dir='ltr'><strong>in</strong></span> 
     </span>
    </p>
   </div>
   <div class='ocr_carea' id='block_1_68' title="bbox 1920 1670 3491 1752">
    <p class='ocr_par' dir='ltr' id='par_1_68' title="bbox 1920 1670 3491 1752">
     <span class='ocr_line' id='line_1_68' title="bbox 1920 1670 3491 1752; baseline 0.007 -25"><span class='ocrx_word' id='word_1_478' title='bbox 1920 1674 2113 1729; x_wconf 82' lang='lat' dir='ltr'><strong>cibum.</strong></span> <span class='ocrx_word' id='word_1_479' title='bbox 2143 1676 2271 1731; x_wconf 90' lang='lat' dir='ltr'><strong>Post</strong></span> <span class='ocrx_word' id='word_1_480' title='bbox 2307 1677 2562 1734; x_wconf 88' lang='lat' dir='ltr'><strong>diluvium</strong></span> <span class='ocrx_word' id='word_1_481' title='bbox 2589 1696 2715 1736; x_wconf 89' lang='lat' dir='ltr'><strong>esus</strong></span> <span class='ocrx_word' id='word_1_482' title='bbox 2752 1670 3049 1752; x_wconf 80' lang='lat' dir='ltr'><strong>permissus</strong></span> <span class='ocrx_word' id='word_1_483' title='bbox 3099 1693 3181 1740; x_wconf 87' lang='lat' dir='ltr'><strong>est</strong></span> <span class='ocrx_word' id='word_1_484' title='bbox 3223 1686 3491 1740; x_wconf 89' lang='lat' dir='ltr'><strong>carnium.</strong></span> 
     </span>
    </p>
   </div>
   <div class='ocr_carea' id='block_1_69' title="bbox 1918 1764 3495 1839">
    <p class='ocr_par' dir='ltr' id='par_1_69' title="bbox 1918 1764 3495 1839">
     <span class='ocr_line' id='line_1_69' title="bbox 1918 1764 3495 1839; baseline 0.008 -21"><span class='ocrx_word' id='word_1_485' title='bbox 1918 1764 2283 1822; x_wconf 25' lang='lat' dir='ltr'><strong>Antearenim</strong></span> <span class='ocrx_word' id='word_1_486' title='bbox 2325 1771 2500 1839; x_wconf 88' lang='lat' dir='ltr'><strong>pomis</strong></span> <span class='ocrx_word' id='word_1_487' title='bbox 2549 1781 2604 1826; x_wconf 89' lang='lat' dir='ltr'><strong>et</strong></span> <span class='ocrx_word' id='word_1_488' title='bbox 2666 1772 2901 1829; x_wconf 79' lang='lat' dir='ltr'><strong>oleribus</strong></span> <span class='ocrx_word' id='word_1_489' title='bbox 2957 1777 3333 1832; x_wconf 84' lang='lat' dir='ltr'><strong>vescebantur.</strong></span> <span class='ocrx_word' id='word_1_490' title='bbox 3388 1775 3495 1831; x_wconf 81' lang='lat' dir='ltr'><strong>Sed</strong></span> 
     </span>
    </p>
   </div>
   <div class='ocr_carea' id='block_1_70' title="bbox 1923 1857 3491 1926">
    <p class='ocr_par' dir='ltr' id='par_1_70' title="bbox 1923 1857 3491 1926">
     <span class='ocr_line' id='line_1_70' title="bbox 1923 1857 3491 1926; baseline 0.007 -17"><span class='ocrx_word' id='word_1_491' title='bbox 1923 1857 2048 1926; x_wconf 88' lang='lat' dir='ltr'><strong>quia</strong></span> <span class='ocrx_word' id='word_1_492' title='bbox 2078 1858 2130 1911; x_wconf 92' lang='lat' dir='ltr'><strong>in</strong></span> <span class='ocrx_word' id='word_1_493' title='bbox 2162 1860 2361 1917; x_wconf 92' lang='lat' dir='ltr'><strong>diluvio</strong></span> <span class='ocrx_word' id='word_1_494' title='bbox 2389 1870 2532 1917; x_wconf 85' lang='lat' dir='ltr'><strong>terra</strong></span> <span class='ocrx_word' id='word_1_495' title='bbox 2566 1864 2816 1921; x_wconf 88' lang='lat' dir='ltr'><strong>virtutem</strong></span> <span class='ocrx_word' id='word_1_496' title='bbox 2861 1881 2973 1922; x_wconf 71' lang='lat' dir='ltr'><strong>sua:</strong></span> <span class='ocrx_word' id='word_1_497' title='bbox 3017 1866 3315 1923; x_wconf 79' lang='lat' dir='ltr'><strong>fertilitatis</strong></span> <span class='ocrx_word' id='word_1_498' title='bbox 3354 1868 3491 1922; x_wconf 88' lang='lat' dir='ltr'><strong>ami-</strong></span> 
     </span>
    </p>
   </div>
   <div class='ocr_carea' id='block_1_71' title="bbox 1842 1942 3493 2027">
    <p class='ocr_par' dir='ltr' id='par_1_71' title="bbox 1842 1942 3493 2027">
     <span class='ocr_line' id='line_1_71' title="bbox 1842 1942 3493 2027; baseline 0.005 -26"><span class='ocrx_word' id='word_1_499' title='bbox 1842 1942 1886 2001; x_wconf 87' lang='lat' dir='ltr'><strong>B</strong></span> <span class='ocrx_word' id='word_1_500' title='bbox 1914 1954 2075 2011; x_wconf 81' lang='lat' dir='ltr'><strong>serat,</strong></span> <span class='ocrx_word' id='word_1_501' title='bbox 2108 1948 2227 2004; x_wconf 84' lang='lat' dir='ltr'><strong>ideo</strong></span> <span class='ocrx_word' id='word_1_502' title='bbox 2254 1949 2395 2006; x_wconf 89' lang='lat' dir='ltr'><strong>Deus</strong></span> <span class='ocrx_word' id='word_1_503' title='bbox 2428 1954 2715 2027; x_wconf 84' lang='lat' dir='ltr'><strong>consulens</strong></span> <span class='ocrx_word' id='word_1_504' title='bbox 2756 1955 3006 2012; x_wconf 70' lang='lat' dir='ltr'><strong>humana:</strong></span> <span class='ocrx_word' id='word_1_505' title='bbox 3048 1956 3327 2027; x_wconf 83' lang='lat' dir='ltr'><strong>fragilitati</strong></span> <span class='ocrx_word' id='word_1_506' title='bbox 3370 1972 3493 2027; x_wconf 86' lang='lat' dir='ltr'><strong>per-</strong></span> 
     </span>
    </p>
   </div>
   <div class='ocr_carea' id='block_1_72' title="bbox 1915 2026 2758 2101">
    <p class='ocr_par' dir='ltr' id='par_1_72' title="bbox 1915 2026 2758 2101">
     <span class='ocr_line' id='line_1_72' title="bbox 1915 2026 2758 2101; baseline 0.008 -9"><span class='ocrx_word' id='word_1_507' title='bbox 1915 2038 2062 2093; x_wconf 89' lang='lat' dir='ltr'><strong>misit</strong></span> <span class='ocrx_word' id='word_1_508' title='bbox 2088 2040 2288 2095; x_wconf 87' lang='lat' dir='ltr'><strong>homini</strong></span> <span class='ocrx_word' id='word_1_509' title='bbox 2321 2026 2462 2098; x_wconf 81' lang='lat' dir='ltr'><strong>vesci</strong></span> <span class='ocrx_word' id='word_1_510' title='bbox 2488 2045 2758 2101; x_wconf 88' lang='lat' dir='ltr'><strong>carnibus.</strong></span> 
     </span>
    </p>
   </div>
   <div class='ocr_carea' id='block_1_73' title="bbox 1982 2131 3489 2209">
    <p class='ocr_par' dir='ltr' id='par_1_73' title="bbox 1982 2131 3489 2209">
     <span class='ocr_line' id='line_1_73' title="bbox 1982 2131 3489 2209; baseline 0.005 -24"><span class='ocrx_word' id='word_1_511' title='bbox 1982 2131 2137 2185; x_wconf 82' lang='lat' dir='ltr'><strong>Vers.</strong></span> <span class='ocrx_word' id='word_1_512' title='bbox 2168 2132 2222 2186; x_wconf 73' lang='lat'><strong>4.</strong></span> <span class='ocrx_word' id='word_1_513' title='bbox 2259 2133 2487 2205; x_wconf 71' lang='lat' dir='ltr'><strong>Excepto</strong></span> <span class='ocrx_word' id='word_1_514' title='bbox 2513 2138 2650 2207; x_wconf 81' lang='lat' dir='ltr'><strong>quod</strong></span> <span class='ocrx_word' id='word_1_515' title='bbox 2685 2139 2991 2209; x_wconf 74' lang='lat' dir='ltr'><strong>sanguinem</strong></span> <span class='ocrx_word' id='word_1_516' title='bbox 3033 2155 3149 2193; x_wconf 77' lang='lat' dir='ltr'><strong>cum</strong></span> <span class='ocrx_word' id='word_1_517' title='bbox 3196 2157 3352 2195; x_wconf 87' lang='lat' dir='ltr'><strong>carne</strong></span> <span class='ocrx_word' id='word_1_518' title='bbox 3385 2156 3489 2194; x_wconf 86' lang='lat' dir='ltr'><strong>non</strong></span> 
     </span>
    </p>
   </div>
   <div class='ocr_carea' id='block_1_74' title="bbox 1909 2224 3489 2303">
    <p class='ocr_par' dir='ltr' id='par_1_74' title="bbox 1909 2224 3489 2303">
     <span class='ocr_line' id='line_1_74' title="bbox 1909 2224 3489 2303; baseline 0.008 -28"><span class='ocrx_word' id='word_1_519' title='bbox 1909 2224 2201 2279; x_wconf 80' lang='lat' dir='ltr'><strong>comedetis.</strong></span> <span class='ocrx_word' id='word_1_520' title='bbox 2235 2226 2299 2279; x_wconf 83' lang='lat' dir='ltr'><strong>Et</strong></span> <span class='ocrx_word' id='word_1_521' title='bbox 2326 2227 2412 2282; x_wconf 90' lang='lat' dir='ltr'><strong>hic</strong></span> <span class='ocrx_word' id='word_1_522' title='bbox 2457 2236 2515 2283; x_wconf 91' lang='lat' dir='ltr'><strong>et</strong></span> <span class='ocrx_word' id='word_1_523' title='bbox 2558 2230 2612 2284; x_wconf 93' lang='lat' dir='ltr'><strong>in</strong></span> <span class='ocrx_word' id='word_1_524' title='bbox 2658 2228 2780 2301; x_wconf 82' lang='lat' dir='ltr'><strong>lege</strong></span> <span class='ocrx_word' id='word_1_525' title='bbox 2824 2230 2995 2303; x_wconf 77' lang='lat' dir='ltr'><strong>Moysi</strong></span> <span class='ocrx_word' id='word_1_526' title='bbox 3037 2248 3165 2290; x_wconf 89' lang='lat' dir='ltr'><strong>esus</strong></span> <span class='ocrx_word' id='word_1_527' title='bbox 3211 2233 3489 2303; x_wconf 83' lang='lat' dir='ltr'><strong>sanguinis</strong></span> 
     </span>
    </p>
   </div>
   <div class='ocr_carea' id='block_1_75' title="bbox 1908 2309 3486 2391">
    <p class='ocr_par' dir='ltr' id='par_1_75' title="bbox 1908 2309 3486 2391">
     <span class='ocr_line' id='line_1_75' title="bbox 1908 2309 3486 2391; baseline 0.01 -32"><span class='ocrx_word' id='word_1_528' title='bbox 1908 2309 2243 2376; x_wconf 86' lang='lat' dir='ltr'><strong>prohibetur.</strong></span> <span class='ocrx_word' id='word_1_529' title='bbox 2274 2311 2328 2365; x_wconf 92' lang='lat' dir='ltr'><strong>ln</strong></span> <span class='ocrx_word' id='word_1_530' title='bbox 2366 2313 2592 2371; x_wconf 86' lang='lat' dir='ltr'><strong>Actibus</strong></span> <span class='ocrx_word' id='word_1_531' title='bbox 2631 2316 2845 2388; x_wconf 83' lang='lat' dir='ltr'><strong>quoque</strong></span> <span class='ocrx_word' id='word_1_532' title='bbox 2884 2319 3251 2390; x_wconf 87' lang='lat' dir='ltr'><strong>apostolorum</strong></span> <span class='ocrx_word' id='word_1_533' title='bbox 3299 2322 3486 2391; x_wconf 85' lang='lat' dir='ltr'><strong>prohi-</strong></span> 
     </span>
    </p>
   </div>
   <div class='ocr_carea' id='block_1_76' title="bbox 1909 2397 3495 2477">
    <p class='ocr_par' dir='ltr' id='par_1_76' title="bbox 1909 2397 3495 2477">
     <span class='ocr_line' id='line_1_76' title="bbox 1909 2397 3495 2477; baseline 0.013 -27"><span class='ocrx_word' id='word_1_534' title='bbox 1909 2397 2030 2452; x_wconf 72' lang='lat' dir='ltr'><strong>bita:</strong></span> <span class='ocrx_word' id='word_1_535' title='bbox 2068 2412 2193 2455; x_wconf 89' lang='lat' dir='ltr'><strong>sunt</strong></span> <span class='ocrx_word' id='word_1_536' title='bbox 2242 2413 2430 2472; x_wconf 84' lang='lat' dir='ltr'><strong>gentes</strong></span> <span class='ocrx_word' id='word_1_537' title='bbox 2477 2422 2508 2459; x_wconf 88' lang='lat' dir='ltr'><strong>a</strong></span> <span class='ocrx_word' id='word_1_538' title='bbox 2549 2406 2928 2476; x_wconf 80' lang='lat' dir='ltr'><strong>fornicatione,</strong></span> <span class='ocrx_word' id='word_1_539' title='bbox 2981 2420 3028 2463; x_wconf 87' lang='lat' dir='ltr'><strong>et</strong></span> <span class='ocrx_word' id='word_1_540' title='bbox 3084 2410 3397 2477; x_wconf 84' lang='lat' dir='ltr'><strong>immolatis,</strong></span> <span class='ocrx_word' id='word_1_541' title='bbox 3438 2424 3495 2471; x_wconf 29' lang='lat' dir='ltr'><strong>et.</strong></span> 
     </span>
    </p>
   </div>
   <div class='ocr_carea' id='block_1_77' title="bbox 1896 2488 3487 2570">
    <p class='ocr_par' dir='ltr' id='par_1_77' title="bbox 1896 2488 3487 2570">
     <span class='ocr_line' id='line_1_77' title="bbox 1896 2488 3487 2570; baseline 0.01 -31"><span class='ocrx_word' id='word_1_542' title='bbox 1896 2488 2187 2557; x_wconf 45' lang='lat' dir='ltr'><strong>‘sujfocato,</strong></span> <span class='ocrx_word' id='word_1_543' title='bbox 2217 2502 2263 2546; x_wconf 86' lang='lat' dir='ltr'><strong>et</strong></span> <span class='ocrx_word' id='word_1_544' title='bbox 2298 2495 2551 2564; x_wconf 84' lang='lat' dir='ltr'><strong>sanguine</strong></span> <span class='ocrx_word' id='word_1_545' title='bbox 2578 2496 2716 2565; x_wconf 81' lang='lat' dir='ltr'><strong>(Act.</strong></span> <span class='ocrx_word' id='word_1_546' title='bbox 2770 2513 2858 2563; x_wconf 80' lang='lat' dir='ltr'><strong>xv,</strong></span> <span class='ocrx_word' id='word_1_547' title='bbox 2905 2497 2997 2570; x_wconf 74' lang='lat'><strong>20)</strong></span> <span class='ocrx_word' id='word_1_548' title='bbox 3026 2517 3041 2553; x_wconf 86' lang='lat'><strong>:</strong></span> <span class='ocrx_word' id='word_1_549' title='bbox 3069 2500 3195 2570; x_wconf 85' lang='lat' dir='ltr'><strong>quia</strong></span> <span class='ocrx_word' id='word_1_550' title='bbox 3240 2500 3487 2556; x_wconf 87' lang='lat' dir='ltr'><strong>videlicet</strong></span> 
     </span>
    </p>
   </div>
   <div class='ocr_carea' id='block_1_78' title="bbox 1905 2580 3486 2664">
    <p class='ocr_par' dir='ltr' id='par_1_78' title="bbox 1905 2580 3486 2664">
     <span class='ocr_line' id='line_1_78' title="bbox 1905 2580 3486 2664; baseline 0.009 -32"><span class='ocrx_word' id='word_1_551' title='bbox 1905 2580 2057 2634; x_wconf 85' lang='lat' dir='ltr'><strong>sedes</strong></span> <span class='ocrx_word' id='word_1_552' title='bbox 2078 2582 2271 2664; x_wconf 67' lang='lat' dir='ltr'><strong>animae</strong></span> <span class='ocrx_word' id='word_1_553' title='bbox 2309 2584 2361 2638; x_wconf 91' lang='lat' dir='ltr'><strong>in</strong></span> <span class='ocrx_word' id='word_1_554' title='bbox 2391 2588 2648 2658; x_wconf 84' lang='lat' dir='ltr'><strong>sanguine</strong></span> <span class='ocrx_word' id='word_1_555' title='bbox 2682 2600 2784 2653; x_wconf 87' lang='lat' dir='ltr'><strong>est,</strong></span> <span class='ocrx_word' id='word_1_556' title='bbox 2828 2590 2948 2648; x_wconf 88' lang='lat' dir='ltr'><strong>ideo</strong></span> <span class='ocrx_word' id='word_1_557' title='bbox 2993 2592 3270 2660; x_wconf 85' lang='lat' dir='ltr'><strong>sanguinis</strong></span> <span class='ocrx_word' id='word_1_558' title='bbox 3299 2592 3486 2662; x_wconf 82' lang='lat' dir='ltr'><strong>prohi-</strong></span> 
     </span>
    </p>
   </div>
   <div class='ocr_carea' id='block_1_79' title="bbox 1906 2668 2369 2730">
    <p class='ocr_par' dir='ltr' id='par_1_79' title="bbox 1906 2668 2369 2730">
     <span class='ocr_line' id='line_1_79' title="bbox 1906 2668 2369 2730; baseline 0.017 -8"><span class='ocrx_word' id='word_1_559' title='bbox 1906 2668 2060 2724; x_wconf 88' lang='lat' dir='ltr'><strong>betur</strong></span> <span class='ocrx_word' id='word_1_560' title='bbox 2089 2676 2369 2730; x_wconf 88' lang='lat' dir='ltr'><strong>comestio.</strong></span> 
     </span>
    </p>
   </div>
   <div class='ocr_carea' id='block_1_80' title="bbox 1975 2763 3478 2848">
    <p class='ocr_par' dir='ltr' id='par_1_80' title="bbox 1975 2763 3478 2848">
     <span class='ocr_line' id='line_1_80' title="bbox 1975 2763 3478 2848; baseline 0.012 -32"><span class='ocrx_word' id='word_1_561' title='bbox 1975 2763 2128 2819; x_wconf 85' lang='lat' dir='ltr'><strong>Vcrs.</strong></span> <span class='ocrx_word' id='word_1_562' title='bbox 2159 2765 2211 2819; x_wconf 75' lang='grc' dir='ltr'><strong>ὅ.</strong></span> <span class='ocrx_word' id='word_1_563' title='bbox 2242 2765 2564 2838; x_wconf 76' lang='lat' dir='ltr'><strong>Sanguinem</strong></span> <span class='ocrx_word' id='word_1_564' title='bbox 2582 2771 2646 2826; x_wconf 86' lang='lat' dir='ltr'><strong>de</strong></span> <span class='ocrx_word' id='word_1_565' title='bbox 2664 2787 2825 2828; x_wconf 77' lang='lat' dir='ltr'><strong>manu</strong></span> <span class='ocrx_word' id='word_1_566' title='bbox 2868 2775 3151 2831; x_wconf 78' lang='lat' dir='ltr'><strong>bestiarum</strong></span> <span class='ocrx_word' id='word_1_567' title='bbox 3197 2781 3478 2848; x_wconf 74' lang='lat' dir='ltr'><strong>requiram.</strong></span> 
     </span>
    </p>
   </div>
   <div class='ocr_carea' id='block_1_81' title="bbox 1901 2852 3480 2928">
    <p class='ocr_par' dir='ltr' id='par_1_81' title="bbox 1901 2852 3480 2928">
     <span class='ocr_line' id='line_1_81' title="bbox 1901 2852 3480 2928; baseline 0.013 -23"><span class='ocrx_word' id='word_1_568' title='bbox 1901 2852 2131 2910; x_wconf 81' lang='lat' dir='ltr'><strong>Bestiam</strong></span> <span class='ocrx_word' id='word_1_569' title='bbox 2175 2868 2331 2914; x_wconf 88' lang='lat' dir='ltr'><strong>vocat</strong></span> <span class='ocrx_word' id='word_1_570' title='bbox 2356 2862 2601 2919; x_wconf 87' lang='lat' dir='ltr'><strong>crudeles</strong></span> <span class='ocrx_word' id='word_1_571' title='bbox 2636 2866 2884 2923; x_wconf 87' lang='lat' dir='ltr'><strong>homines</strong></span> <span class='ocrx_word' id='word_1_572' title='bbox 2909 2877 2962 2922; x_wconf 90' lang='lat' dir='ltr'><strong>et</strong></span> <span class='ocrx_word' id='word_1_573' title='bbox 2998 2868 3163 2924; x_wconf 80' lang='lat' dir='ltr'><strong>feros.</strong></span> <span class='ocrx_word' id='word_1_574' title='bbox 3205 2870 3281 2924; x_wconf 82' lang='lat' dir='ltr'><strong>De</strong></span> <span class='ocrx_word' id='word_1_575' title='bbox 3318 2888 3480 2928; x_wconf 85' lang='lat' dir='ltr'><strong>manu</strong></span> 
     </span>
    </p>
   </div>
   <div class='ocr_carea' id='block_1_82' title="bbox 1901 2946 3480 3020">
    <p class='ocr_par' dir='ltr' id='par_1_82' title="bbox 1901 2946 3480 3020">
     <span class='ocr_line' id='line_1_82' title="bbox 1901 2946 3480 3020; baseline 0.013 -23"><span class='ocrx_word' id='word_1_576' title='bbox 1901 2946 1996 2998; x_wconf 68' lang='lat' dir='ltr'><strong>t&#39;irt&#39;</strong></span> <span class='ocrx_word' id='word_1_577' title='bbox 2024 2958 2071 3001; x_wconf 88' lang='lat' dir='ltr'><strong>et</strong></span> <span class='ocrx_word' id='word_1_578' title='bbox 2094 2947 2277 3016; x_wconf 85' lang='lat' dir='ltr'><strong>fratris</strong></span> <span class='ocrx_word' id='word_1_579' title='bbox 2304 2951 2439 3020; x_wconf 84' lang='lat' dir='ltr'><strong>ejus.</strong></span> <span class='ocrx_word' id='word_1_580' title='bbox 2472 2950 2712 3009; x_wconf 79' lang='lat' dir='ltr'><strong>Fratrem</strong></span> <span class='ocrx_word' id='word_1_581' title='bbox 2752 2968 2906 3012; x_wconf 81' lang='lat' dir='ltr'><strong>vocat</strong></span> <span class='ocrx_word' id='word_1_582' title='bbox 2951 2976 3163 3014; x_wconf 89' lang='lat' dir='ltr'><strong>onmem</strong></span> <span class='ocrx_word' id='word_1_583' title='bbox 3206 2961 3480 3017; x_wconf 87' lang='lat' dir='ltr'><strong>hominem</strong></span> 
     </span>
    </p>
   </div>
   <div class='ocr_carea' id='block_1_83' title="bbox 1899 3036 2729 3106">
    <p class='ocr_par' dir='ltr' id='par_1_83' title="bbox 1899 3036 2729 3106">
     <span class='ocr_line' id='line_1_83' title="bbox 1899 3036 2729 3106; baseline 0.014 -15"><span class='ocrx_word' id='word_1_584' title='bbox 1899 3036 2137 3106; x_wconf 87' lang='lat' dir='ltr'><strong>ejusdem</strong></span> <span class='ocrx_word' id='word_1_585' title='bbox 2166 3050 2475 3099; x_wconf 82' lang='lat' dir='ltr'><strong>consortem</strong></span> <span class='ocrx_word' id='word_1_586' title='bbox 2502 3055 2729 3103; x_wconf 65' lang='lat' dir='ltr'><strong>naturae.</strong></span> 
     </span>
    </p>
   </div>
   <div class='ocr_carea' id='block_1_84' title="bbox 1974 3131 3478 3211">
    <p class='ocr_par' dir='ltr' id='par_1_84' title="bbox 1974 3131 3478 3211">
     <span class='ocr_line' id='line_1_84' title="bbox 1974 3131 3478 3211; baseline 0.011 -26"><span class='ocrx_word' id='word_1_587' title='bbox 1974 3131 2128 3188; x_wconf 82' lang='lat' dir='ltr'><strong>Vers.</strong></span> <span class='ocrx_word' id='word_1_588' title='bbox 2167 3136 2250 3190; x_wconf 81' lang='grc'><strong>15.</strong></span> <span class='ocrx_word' id='word_1_589' title='bbox 2276 3136 2471 3192; x_wconf 82' lang='lat' dir='ltr'><strong>Arcum</strong></span> <span class='ocrx_word' id='word_1_590' title='bbox 2497 3156 2665 3195; x_wconf 75' lang='lat' dir='ltr'><strong>meum</strong></span> <span class='ocrx_word' id='word_1_591' title='bbox 2688 3151 2897 3211; x_wconf 82' lang='lat' dir='ltr'><strong>ponant.</strong></span> <span class='ocrx_word' id='word_1_592' title='bbox 2933 3144 3100 3199; x_wconf 73' lang='lat' dir='ltr'><strong>Arcus</strong></span> <span class='ocrx_word' id='word_1_593' title='bbox 3139 3148 3275 3203; x_wconf 85' lang='lat' dir='ltr'><strong>duos</strong></span> <span class='ocrx_word' id='word_1_594' title='bbox 3316 3148 3478 3204; x_wconf 89' lang='lat' dir='ltr'><strong>habet</strong></span> 
     </span>
    </p>
   </div>
   <div class='ocr_carea' id='block_1_85' title="bbox 1903 3221 3473 3309">
    <p class='ocr_par' dir='ltr' id='par_1_85' title="bbox 1903 3221 3473 3309">
     <span class='ocr_line' id='line_1_85' title="bbox 1903 3221 3473 3309; baseline 0.012 -33"><span class='ocrx_word' id='word_1_595' title='bbox 1903 3221 2129 3290; x_wconf 85' lang='lat' dir='ltr'><strong>colores,</strong></span> <span class='ocrx_word' id='word_1_596' title='bbox 2176 3232 2243 3280; x_wconf 84' lang='lat' dir='ltr'><strong>&#39;ex</strong></span> <span class='ocrx_word' id='word_1_597' title='bbox 2289 3236 2441 3297; x_wconf 86' lang='lat' dir='ltr'><strong>parte</strong></span> <span class='ocrx_word' id='word_1_598' title='bbox 2494 3233 2782 3290; x_wconf 66' lang='lat' dir='ltr'><strong>carrulcum</strong></span> <span class='ocrx_word' id='word_1_599' title='bbox 2825 3243 2880 3289; x_wconf 85' lang='lat' dir='ltr'><strong>et</strong></span> <span class='ocrx_word' id='word_1_600' title='bbox 2920 3250 2986 3289; x_wconf 79' lang='lat' dir='ltr'><strong>ex</strong></span> <span class='ocrx_word' id='word_1_601' title='bbox 3033 3248 3189 3306; x_wconf 88' lang='lat' dir='ltr'><strong>parte</strong></span> <span class='ocrx_word' id='word_1_602' title='bbox 3227 3240 3473 3309; x_wconf 87' lang='lat' dir='ltr'><strong>igneum;</strong></span> 
     </span>
    </p>
   </div>
   <div class='ocr_carea' id='block_1_86' title="bbox 1899 3314 3472 3399">
    <p class='ocr_par' dir='ltr' id='par_1_86' title="bbox 1899 3314 3472 3399">
     <span class='ocr_line' id='line_1_86' title="bbox 1899 3314 3472 3399; baseline 0.014 -35"><span class='ocrx_word' id='word_1_603' title='bbox 1899 3325 1997 3380; x_wconf 90' lang='lat' dir='ltr'><strong>per</strong></span> <span class='ocrx_word' id='word_1_604' title='bbox 2046 3314 2147 3369; x_wconf 91' lang='lat' dir='ltr'><strong>hoc</strong></span> <span class='ocrx_word' id='word_1_605' title='bbox 2198 3316 2551 3388; x_wconf 86' lang='lat' dir='ltr'><strong>designantur</strong></span> <span class='ocrx_word' id='word_1_606' title='bbox 2604 3322 2710 3377; x_wconf 92' lang='lat' dir='ltr'><strong>duo</strong></span> <span class='ocrx_word' id='word_1_607' title='bbox 2754 3324 2953 3379; x_wconf 83' lang='lat' dir='ltr'><strong>diluvia</strong></span> <span class='ocrx_word' id='word_1_608' title='bbox 3008 3344 3020 3379; x_wconf 89' lang='lat'>:</span> <span class='ocrx_word' id='word_1_609' title='bbox 3069 3344 3230 3382; x_wconf 91' lang='lat' dir='ltr'><strong>unum</strong></span> <span class='ocrx_word' id='word_1_610' title='bbox 3297 3346 3472 3399; x_wconf 74' lang='lat' dir='ltr'><strong>aqtnr.</strong></span> 
     </span>
    </p>
   </div>
   <div class='ocr_carea' id='block_1_87' title="bbox 1900 3403 3471 3486">
    <p class='ocr_par' dir='ltr' id='par_1_87' title="bbox 1900 3403 3471 3486">
     <span class='ocr_line' id='line_1_87' title="bbox 1900 3403 3471 3486; baseline 0.014 -31"><span class='ocrx_word' id='word_1_611' title='bbox 1900 3404 2040 3471; x_wconf 90' lang='lat' dir='ltr'><strong>quod</strong></span> <span class='ocrx_word' id='word_1_612' title='bbox 2061 3403 2174 3472; x_wconf 88' lang='lat' dir='ltr'><strong>jatn</strong></span> <span class='ocrx_word' id='word_1_613' title='bbox 2209 3410 2489 3476; x_wconf 70' lang='lat' dir='ltr'><strong>prmteriit,</strong></span> <span class='ocrx_word' id='word_1_614' title='bbox 2537 3411 2682 3466; x_wconf 89' lang='lat' dir='ltr'><strong>aliud</strong></span> <span class='ocrx_word' id='word_1_615' title='bbox 2718 3414 2873 3483; x_wconf 87' lang='lat' dir='ltr'><strong>ignis,</strong></span> <span class='ocrx_word' id='word_1_616' title='bbox 2903 3418 3043 3486; x_wconf 89' lang='lat' dir='ltr'><strong>quod</strong></span> <span class='ocrx_word' id='word_1_617' title='bbox 3075 3419 3128 3472; x_wconf 92' lang='lat' dir='ltr'><strong>in</strong></span> <span class='ocrx_word' id='word_1_618' title='bbox 3159 3420 3264 3474; x_wconf 87' lang='lat' dir='ltr'><strong>ﬁne</strong></span> <span class='ocrx_word' id='word_1_619' title='bbox 3289 3422 3471 3477; x_wconf 69' lang='lat' dir='ltr'><strong>saeculi</strong></span> 
     </span>
    </p>
   </div>
   <div class='ocr_carea' id='block_1_88' title="bbox 1898 3499 3475 3569">
    <p class='ocr_par' dir='ltr' id='par_1_88' title="bbox 1898 3499 3475 3569">
     <span class='ocr_line' id='line_1_88' title="bbox 1898 3499 3475 3569; baseline 0.015 -23"><span class='ocrx_word' id='word_1_620' title='bbox 1898 3501 2184 3549; x_wconf 87' lang='lat' dir='ltr'><strong>venturum</strong></span> <span class='ocrx_word' id='word_1_621' title='bbox 2218 3499 2479 3554; x_wconf 88' lang='lat' dir='ltr'><strong>creditur.</strong></span> <span class='ocrx_word' id='word_1_622' title='bbox 2506 3501 2662 3563; x_wconf 82' lang='lat' dir='ltr'><strong>Unde</strong></span> <span class='ocrx_word' id='word_1_623' title='bbox 2710 3506 2969 3562; x_wconf 54' lang='lat' dir='ltr'><strong>caeruleus</strong></span> <span class='ocrx_word' id='word_1_624' title='bbox 3015 3510 3163 3564; x_wconf 91' lang='lat' dir='ltr'><strong>color</strong></span> <span class='ocrx_word' id='word_1_625' title='bbox 3208 3514 3475 3569; x_wconf 75' lang='lat' dir='ltr'><strong>extrinse-</strong></span> 
     </span>
    </p>
   </div>
   <div class='ocr_carea' id='block_1_89' title="bbox 1896 3587 3468 3671">
    <p class='ocr_par' dir='ltr' id='par_1_89' title="bbox 1896 3587 3468 3671">
     <span class='ocr_line' id='line_1_89' title="bbox 1896 3587 3468 3671; baseline 0.013 -35"><span class='ocrx_word' id='word_1_626' title='bbox 1896 3598 1991 3637; x_wconf 93' lang='lat' dir='ltr'><strong>cus</strong></span> <span class='ocrx_word' id='word_1_627' title='bbox 2016 3587 2275 3655; x_wconf 87' lang='lat' dir='ltr'><strong>cernitur,</strong></span> <span class='ocrx_word' id='word_1_628' title='bbox 2297 3589 2484 3659; x_wconf 88' lang='lat' dir='ltr'><strong>igneus</strong></span> <span class='ocrx_word' id='word_1_629' title='bbox 2514 3606 2642 3647; x_wconf 86' lang='lat' dir='ltr'><strong>vero</strong></span> <span class='ocrx_word' id='word_1_630' title='bbox 2671 3594 3015 3652; x_wconf 88' lang='lat' dir='ltr'><strong>intrinsecus.</strong></span> <span class='ocrx_word' id='word_1_631' title='bbox 3042 3600 3261 3671; x_wconf 75' lang='lat' dir='ltr'><strong>Mystice</strong></span> <span class='ocrx_word' id='word_1_632' title='bbox 3291 3620 3468 3667; x_wconf 80' lang='lat' dir='ltr'><strong>arcus,</strong></span> 
     </span>
    </p>
   </div>
   <div class='ocr_carea' id='block_1_90' title="bbox 1896 3675 3464 3761">
    <p class='ocr_par' dir='ltr' id='par_1_90' title="bbox 1896 3675 3464 3761">
     <span class='ocr_line' id='line_1_90' title="bbox 1896 3675 3464 3761; baseline 0.013 -35"><span class='ocrx_word' id='word_1_633' title='bbox 1896 3675 1987 3744; x_wconf 93' lang='lat' dir='ltr'><strong>qui</strong></span> <span class='ocrx_word' id='word_1_634' title='bbox 2019 3676 2078 3729; x_wconf 89' lang='lat' dir='ltr'><strong>ﬁt</strong></span> <span class='ocrx_word' id='word_1_635' title='bbox 2108 3678 2222 3733; x_wconf 89' lang='lat' dir='ltr'><strong>sole</strong></span> <span class='ocrx_word' id='word_1_636' title='bbox 2252 3681 2393 3735; x_wconf 91' lang='lat' dir='ltr'><strong>nube</strong></span> <span class='ocrx_word' id='word_1_637' title='bbox 2425 3682 2716 3751; x_wconf 82' lang='lat' dir='ltr'><strong>iilustrata,</strong></span> <span class='ocrx_word' id='word_1_638' title='bbox 2749 3688 3015 3757; x_wconf 87' lang='lat' dir='ltr'><strong>signiﬁcat</strong></span> <span class='ocrx_word' id='word_1_639' title='bbox 3041 3706 3163 3745; x_wconf 88' lang='lat' dir='ltr'><strong>eum</strong></span> <span class='ocrx_word' id='word_1_640' title='bbox 3187 3709 3218 3746; x_wconf 89' lang='lat' dir='ltr'><strong>a</strong></span> <span class='ocrx_word' id='word_1_641' title='bbox 3245 3694 3464 3761; x_wconf 78' lang='lat' dir='ltr'><strong>diluvio,</strong></span> 
     </span>
    </p>
   </div>
   <div class='ocr_carea' id='block_1_91' title="bbox 1895 3766 3469 3854">
    <p class='ocr_par' dir='ltr' id='par_1_91' title="bbox 1895 3766 3469 3854">
     <span class='ocr_line' id='line_1_91' title="bbox 1895 3766 3469 3854; baseline 0.015 -36"><span class='ocrx_word' id='word_1_642' title='bbox 1895 3766 1945 3819; x_wconf 92' lang='lat' dir='ltr'><strong>id</strong></span> <span class='ocrx_word' id='word_1_643' title='bbox 1969 3776 2072 3832; x_wconf 92' lang='lat' dir='ltr'><strong>cst,</strong></span> <span class='ocrx_word' id='word_1_644' title='bbox 2113 3770 2180 3824; x_wconf 87' lang='lat' dir='ltr'><strong>ab</strong></span> <span class='ocrx_word' id='word_1_645' title='bbox 2214 3779 2415 3825; x_wconf 58' lang='lat' dir='ltr'><strong>aeterna</strong></span> <span class='ocrx_word' id='word_1_646' title='bbox 2444 3774 2793 3832; x_wconf 88' lang='lat' dir='ltr'><strong>damnatione</strong></span> <span class='ocrx_word' id='word_1_647' title='bbox 2824 3795 2980 3849; x_wconf 91' lang='lat' dir='ltr'><strong>posse</strong></span> <span class='ocrx_word' id='word_1_648' title='bbox 3016 3782 3211 3838; x_wconf 79' lang='lat' dir='ltr'><strong>salvari</strong></span> <span class='ocrx_word' id='word_1_649' title='bbox 3253 3787 3340 3854; x_wconf 88' lang='lat' dir='ltr'><strong>qui</strong></span> <span class='ocrx_word' id='word_1_650' title='bbox 3382 3803 3469 3842; x_wconf 87' lang='lat' dir='ltr'><strong>ve-</strong></span> 
     </span>
    </p>
   </div>
   <div class='ocr_carea' id='block_1_92' title="bbox 1894 3858 3465 3946">
    <p class='ocr_par' dir='ltr' id='par_1_92' title="bbox 1894 3858 3465 3946">
     <span class='ocr_line' id='line_1_92' title="bbox 1894 3858 3465 3946; baseline 0.014 -38"><span class='ocrx_word' id='word_1_651' title='bbox 1894 3869 2009 3909; x_wconf 71' lang='lat' dir='ltr'><strong>ram</strong></span> <span class='ocrx_word' id='word_1_652' title='bbox 2034 3858 2200 3911; x_wconf 90' lang='lat' dir='ltr'><strong>solem</strong></span> <span class='ocrx_word' id='word_1_653' title='bbox 2231 3858 2503 3916; x_wconf 89' lang='lat' dir='ltr'><strong>Christum</strong></span> <span class='ocrx_word' id='word_1_654' title='bbox 2531 3863 2671 3920; x_wconf 88' lang='lat' dir='ltr'><strong>nube</strong></span> <span class='ocrx_word' id='word_1_655' title='bbox 2708 3870 3068 3938; x_wconf 79' lang='lat' dir='ltr'><strong>conspexerit,</strong></span> <span class='ocrx_word' id='word_1_656' title='bbox 3098 3872 3198 3927; x_wconf 91' lang='lat' dir='ltr'><strong>hoc</strong></span> <span class='ocrx_word' id='word_1_657' title='bbox 3228 3884 3309 3928; x_wconf 92' lang='lat' dir='ltr'><strong>est</strong></span> <span class='ocrx_word' id='word_1_658' title='bbox 3330 3916 3344 3941; x_wconf 89' lang='lat'><strong>,</strong></span> <span class='ocrx_word' id='word_1_659' title='bbox 3376 3879 3465 3946; x_wconf 90' lang='lat' dir='ltr'><strong>qni</strong></span> 
     </span>
    </p>
   </div>
   <div class='ocr_carea' id='block_1_93' title="bbox 1890 3947 3467 4038">
    <p class='ocr_par' dir='ltr' id='par_1_93' title="bbox 1890 3947 3467 4038">
     <span class='ocr_line' id='line_1_93' title="bbox 1890 3947 3467 4038; baseline 0.015 -37"><span class='ocrx_word' id='word_1_660' title='bbox 1890 3947 2007 4016; x_wconf 89' lang='lat' dir='ltr'><strong>ejus</strong></span> <span class='ocrx_word' id='word_1_661' title='bbox 2042 3952 2349 4020; x_wconf 85' lang='lat' dir='ltr'><strong>passionem</strong></span> <span class='ocrx_word' id='word_1_662' title='bbox 2402 3963 2457 4008; x_wconf 88' lang='lat' dir='ltr'><strong>et</strong></span> <span class='ocrx_word' id='word_1_663' title='bbox 2516 3961 2968 4017; x_wconf 87' lang='lat' dir='ltr'><strong>resurrectionem</strong></span> <span class='ocrx_word' id='word_1_664' title='bbox 3026 3980 3122 4034; x_wconf 90' lang='lat' dir='ltr'><strong>per</strong></span> <span class='ocrx_word' id='word_1_665' title='bbox 3177 3970 3467 4038; x_wconf 85' lang='lat' dir='ltr'><strong>prophetas</strong></span> 
     </span>
    </p>
   </div>
   <div class='ocr_carea' id='block_1_94' title="bbox 1887 4036 2544 4109">
    <p class='ocr_par' dir='ltr' id='par_1_94' title="bbox 1887 4036 2544 4109">
     <span class='ocr_line' id='line_1_94' title="bbox 1887 4036 2544 4109; baseline 0.012 -16"><span class='ocrx_word' id='word_1_666' title='bbox 1887 4036 2202 4109; x_wconf 67' lang='lat' dir='ltr'><strong>priedictam</strong></span> <span class='ocrx_word' id='word_1_667' title='bbox 2233 4043 2544 4101; x_wconf 90' lang='lat' dir='ltr'><strong>crediderit.</strong></span> 
     </span>
    </p>
   </div>
   <div class='ocr_carea' id='block_1_95' title="bbox 1962 4112 3461 4216">
    <p class='ocr_par' dir='ltr' id='par_1_95' title="bbox 1962 4112 3461 4216">
     <span class='ocr_line' id='line_1_95' title="bbox 1962 4112 3461 4216; baseline 0.012 -29"><span class='ocrx_word' id='word_1_668' title='bbox 1962 4134 2114 4189; x_wconf 77' lang='lat' dir='ltr'><strong>Vers.</strong></span> <span class='ocrx_word' id='word_1_669' title='bbox 2143 4135 2229 4191; x_wconf 79' lang='lat' dir='ltr'><strong>i8.</strong></span> <span class='ocrx_word' id='word_1_670' title='bbox 2267 4134 2431 4191; x_wconf 84' lang='lat' dir='ltr'><strong>Erant</strong></span> <span class='ocrx_word' id='word_1_671' title='bbox 2468 4140 2629 4209; x_wconf 77' lang='lat' dir='ltr'><strong>igitur</strong></span> <span class='ocrx_word' id='word_1_672' title='bbox 2672 4154 2773 4196; x_wconf 84' lang='lat' dir='ltr'><strong>tres</strong></span> <span class='ocrx_word' id='word_1_673' title='bbox 2801 4112 3057 4212; x_wconf 8' lang='lat' dir='ltr'><strong>ﬁliiiNoe</strong></span> <span class='ocrx_word' id='word_1_674' title='bbox 3100 4146 3242 4216; x_wconf 84' lang='lat' dir='ltr'><strong>Sent,</strong></span> <span class='ocrx_word' id='word_1_675' title='bbox 3297 4151 3461 4207; x_wconf 79' lang='lat' dir='ltr'><strong>Citam</strong></span> 
     </span>
    </p>
   </div>
   <div class='ocr_carea' id='block_1_96' title="bbox 1846 4225 3460 4310">
    <p class='ocr_par' dir='ltr' id='par_1_96' title="bbox 1846 4225 3460 4310">
     <span class='ocr_line' id='line_1_96' title="bbox 1846 4225 3460 4310; baseline 0.014 -32"><span class='ocrx_word' id='word_1_676' title='bbox 1846 4284 1851 4289; x_wconf 43' lang='grc'><strong>,</strong></span> <span class='ocrx_word' id='word_1_677' title='bbox 1884 4237 1931 4280; x_wconf 89' lang='lat' dir='ltr'><strong>et</strong></span> <span class='ocrx_word' id='word_1_678' title='bbox 1956 4225 2202 4296; x_wconf 77' lang='lat' dir='ltr'><strong>Japlteth.</strong></span> <span class='ocrx_word' id='word_1_679' title='bbox 2231 4228 2355 4283; x_wconf 83' lang='lat' dir='ltr'><strong>Sent</strong></span> <span class='ocrx_word' id='word_1_680' title='bbox 2387 4231 2778 4301; x_wconf 89' lang='lat' dir='ltr'><strong>interpretatur</strong></span> <span class='ocrx_word' id='word_1_681' title='bbox 2810 4254 2994 4293; x_wconf 87' lang='lat' dir='ltr'><strong>nomen</strong></span> <span class='ocrx_word' id='word_1_682' title='bbox 3028 4241 3108 4295; x_wconf 89' lang='lat' dir='ltr'><strong>vel</strong></span> <span class='ocrx_word' id='word_1_683' title='bbox 3140 4245 3460 4310; x_wconf 83' lang='lat' dir='ltr'><strong>nominatus,</strong></span> 
     </span>
    </p>
   </div>
   <div class='ocr_carea' id='block_1_97' title="bbox 1884 4316 3463 4401">
    <p class='ocr_par' dir='ltr' id='par_1_97' title="bbox 1884 4316 3463 4401">
     <span class='ocr_line' id='line_1_97' title="bbox 1884 4316 3463 4401; baseline 0.013 -30"><span class='ocrx_word' id='word_1_684' title='bbox 1884 4316 2052 4372; x_wconf 87' lang='lat' dir='ltr'><strong>Cham</strong></span> <span class='ocrx_word' id='word_1_685' title='bbox 2098 4319 2357 4385; x_wconf 85' lang='lat' dir='ltr'><strong>callidus,</strong></span> <span class='ocrx_word' id='word_1_686' title='bbox 2399 4321 2629 4392; x_wconf 83' lang='lat' dir='ltr'><strong>Japheth</strong></span> <span class='ocrx_word' id='word_1_687' title='bbox 2677 4325 2921 4383; x_wconf 85' lang='lat' dir='ltr'><strong>latitudo.</strong></span> <span class='ocrx_word' id='word_1_688' title='bbox 2974 4329 3195 4401; x_wconf 80' lang='lat' dir='ltr'><strong>Mystice</strong></span> <span class='ocrx_word' id='word_1_689' title='bbox 3251 4335 3376 4391; x_wconf 89' lang='lat' dir='ltr'><strong>Sem</strong></span> <span class='ocrx_word' id='word_1_690' title='bbox 3408 4350 3463 4392; x_wconf 92' lang='lat' dir='ltr'><strong>ct</strong></span> 
     </span>
    </p>
   </div>
   <div class='ocr_carea' id='block_1_98' title="bbox 1881 4402 3456 4495">
    <p class='ocr_par' dir='ltr' id='par_1_98' title="bbox 1881 4402 3456 4495">
     <span class='ocr_line' id='line_1_98' title="bbox 1881 4402 3456 4495; baseline 0.013 -32"><span class='ocrx_word' id='word_1_691' title='bbox 1881 4402 2109 4482; x_wconf 77' lang='lat' dir='ltr'><strong>Japheth</strong></span> <span class='ocrx_word' id='word_1_692' title='bbox 2175 4414 2481 4485; x_wconf 88' lang='lat' dir='ltr'><strong>signiﬁcant</strong></span> <span class='ocrx_word' id='word_1_693' title='bbox 2538 4416 2723 4473; x_wconf 91' lang='lat' dir='ltr'><strong>ﬁdeles</strong></span> <span class='ocrx_word' id='word_1_694' title='bbox 2767 4435 2830 4474; x_wconf 79' lang='lat' dir='ltr'><strong>ex</strong></span> <span class='ocrx_word' id='word_1_695' title='bbox 2885 4430 3113 4491; x_wconf 87' lang='lat' dir='ltr'><strong>utroque</strong></span> <span class='ocrx_word' id='word_1_696' title='bbox 3164 4426 3359 4495; x_wconf 89' lang='lat' dir='ltr'><strong>popqu</strong></span> <span class='ocrx_word' id='word_1_697' title='bbox 3403 4430 3456 4483; x_wconf 92' lang='lat' dir='ltr'><strong>in</strong></span> 
     </span>
    </p>
   </div>
   <div class='ocr_carea' id='block_1_99' title="bbox 1881 4503 3454 4590">
    <p class='ocr_par' dir='ltr' id='par_1_99' title="bbox 1881 4503 3454 4590">
     <span class='ocr_line' id='line_1_99' title="bbox 1881 4503 3454 4590; baseline 0.011 -33"><span class='ocrx_word' id='word_1_698' title='bbox 1881 4503 2155 4558; x_wconf 85' lang='lat' dir='ltr'><strong>Christum</strong></span> <span class='ocrx_word' id='word_1_699' title='bbox 2187 4506 2487 4561; x_wconf 89' lang='lat' dir='ltr'><strong>credentes.</strong></span> <span class='ocrx_word' id='word_1_700' title='bbox 2514 4506 2682 4563; x_wconf 87' lang='lat' dir='ltr'><strong>Cham</strong></span> <span class='ocrx_word' id='word_1_701' title='bbox 2713 4526 2841 4565; x_wconf 86' lang='lat' dir='ltr'><strong>vero</strong></span> <span class='ocrx_word' id='word_1_702' title='bbox 2878 4512 3161 4570; x_wconf 74' lang='lat' dir='ltr'><strong>luereticos</strong></span> <span class='ocrx_word' id='word_1_703' title='bbox 3190 4516 3454 4590; x_wconf 87' lang='lat' dir='ltr'><strong>designat,</strong></span> 
     </span>
    </p>
   </div>
   <div class='ocr_carea' id='block_1_100' title="bbox 1884 4596 3455 4672">
    <p class='ocr_par' dir='ltr' id='par_1_100' title="bbox 1884 4596 3455 4672">
     <span class='ocr_line' id='line_1_100' title="bbox 1884 4596 3455 4672; baseline 0.013 -24"><span class='ocrx_word' id='word_1_704' title='bbox 1884 4597 2025 4651; x_wconf 88' lang='lat' dir='ltr'><strong>unde</strong></span> <span class='ocrx_word' id='word_1_705' title='bbox 2048 4604 2105 4651; x_wconf 88' lang='lat' dir='ltr'><strong>et</strong></span> <span class='ocrx_word' id='word_1_706' title='bbox 2132 4597 2268 4651; x_wconf 89' lang='lat' dir='ltr'><strong>bene</strong></span> <span class='ocrx_word' id='word_1_707' title='bbox 2314 4596 2540 4652; x_wconf 82' lang='lat' dir='ltr'><strong>callidus</strong></span> <span class='ocrx_word' id='word_1_708' title='bbox 2588 4600 2991 4672; x_wconf 86' lang='lat' dir='ltr'><strong>interpretatur.</strong></span> <span class='ocrx_word' id='word_1_709' title='bbox 3025 4606 3276 4666; x_wconf 68' lang='lat' dir='ltr'><strong>Hmretici</strong></span> <span class='ocrx_word' id='word_1_710' title='bbox 3310 4613 3455 4668; x_wconf 91' lang='lat' dir='ltr'><strong>enim</strong></span> 
     </span>
    </p>
   </div>
   <div class='ocr_carea' id='block_1_101' title="bbox 1882 4685 3454 4777">
    <p class='ocr_par' dir='ltr' id='par_1_101' title="bbox 1882 4685 3454 4777">
     <span class='ocr_line' id='line_1_101' title="bbox 1882 4685 3454 4777; baseline 0.014 -39"><span class='ocrx_word' id='word_1_711' title='bbox 1882 4685 2059 4740; x_wconf 88' lang='lat' dir='ltr'><strong>callidi</strong></span> <span class='ocrx_word' id='word_1_712' title='bbox 2089 4695 2235 4751; x_wconf 90' lang='lat' dir='ltr'><strong>sunt,</strong></span> <span class='ocrx_word' id='word_1_713' title='bbox 2260 4704 2365 4742; x_wconf 92' lang='lat' dir='ltr'><strong>non</strong></span> <span class='ocrx_word' id='word_1_714' title='bbox 2394 4690 2678 4758; x_wconf 88' lang='lat' dir='ltr'><strong>sapientia,</strong></span> <span class='ocrx_word' id='word_1_715' title='bbox 2707 4696 2799 4749; x_wconf 89' lang='lat' dir='ltr'><strong>sed</strong></span> <span class='ocrx_word' id='word_1_716' title='bbox 2827 4696 3028 4752; x_wconf 90' lang='lat' dir='ltr'><strong>malitia</strong></span> <span class='ocrx_word' id='word_1_717' title='bbox 3056 4716 3070 4753; x_wconf 88' lang='lat'><strong>:</strong></span> <span class='ocrx_word' id='word_1_718' title='bbox 3094 4701 3221 4769; x_wconf 88' lang='lat' dir='ltr'><strong>quia</strong></span> <span class='ocrx_word' id='word_1_719' title='bbox 3245 4704 3454 4777; x_wconf 83' lang='lat' dir='ltr'><strong>simpli-</strong></span> 
     </span>
    </p>
   </div>
   <div class='ocr_carea' id='block_1_102' title="bbox 1880 4775 3451 4868">
    <p class='ocr_par' dir='ltr' id='par_1_102' title="bbox 1880 4775 3451 4868">
     <span class='ocr_line' id='line_1_102' title="bbox 1880 4775 3451 4868; baseline 0.013 -37"><span class='ocrx_word' id='word_1_720' title='bbox 1880 4789 1972 4849; x_wconf 88' lang='lat' dir='ltr'><strong>ces</strong></span> <span class='ocrx_word' id='word_1_721' title='bbox 1995 4775 2047 4829; x_wconf 90' lang='lat' dir='ltr'><strong>in</strong></span> <span class='ocrx_word' id='word_1_722' title='bbox 2079 4776 2317 4832; x_wconf 83' lang='lat' dir='ltr'><strong>Ecclesia</strong></span> <span class='ocrx_word' id='word_1_723' title='bbox 2354 4779 2601 4849; x_wconf 85' lang='lat' dir='ltr'><strong>decipere</strong></span> <span class='ocrx_word' id='word_1_724' title='bbox 2645 4796 2912 4853; x_wconf 66' lang='lat' dir='ltr'><strong>quaerunt.</strong></span> <span class='ocrx_word' id='word_1_725' title='bbox 2958 4788 3181 4861; x_wconf 79' lang='lat' dir='ltr'><strong>Mystice</strong></span> <span class='ocrx_word' id='word_1_726' title='bbox 3204 4793 3315 4850; x_wconf 84' lang='lat' dir='ltr'><strong>Noe</strong></span> <span class='ocrx_word' id='word_1_727' title='bbox 3355 4775 3451 4868; x_wconf 82' lang='lat' dir='ltr'><strong>qui</strong></span> 
     </span>
    </p>
   </div>
   <div class='ocr_carea' id='block_1_103' title="bbox 1878 4867 3452 4953">
    <p class='ocr_par' dir='ltr' id='par_1_103' title="bbox 1878 4867 3452 4953">
     <span class='ocr_line' id='line_1_103' title="bbox 1878 4867 3452 4953; baseline 0.017 -35"><span class='ocrx_word' id='word_1_728' title='bbox 1878 4868 2078 4937; x_wconf 78' lang='lat' dir='ltr'><strong>requies</strong></span> <span class='ocrx_word' id='word_1_729' title='bbox 2103 4867 2492 4937; x_wconf 86' lang='lat' dir='ltr'><strong>interpretatur</strong></span> <span class='ocrx_word' id='word_1_730' title='bbox 2519 4874 2794 4930; x_wconf 76' lang='lat' dir='ltr'><strong>Christum</strong></span> <span class='ocrx_word' id='word_1_731' title='bbox 2823 4879 3090 4949; x_wconf 87' lang='lat' dir='ltr'><strong>signiﬁcat</strong></span> <span class='ocrx_word' id='word_1_732' title='bbox 3109 4885 3201 4953; x_wconf 91' lang='lat' dir='ltr'><strong>qui</strong></span> <span class='ocrx_word' id='word_1_733' title='bbox 3222 4867 3452 4943; x_wconf 82' lang='lat' dir='ltr'><strong>inebria-</strong></span> 
     </span>
    </p>
   </div>
   <div class='ocr_carea' id='block_1_104' title="bbox 1874 4961 3449 5046">
    <p class='ocr_par' dir='ltr' id='par_1_104' title="bbox 1874 4961 3449 5046">
     <span class='ocr_line' id='line_1_104' title="bbox 1874 4961 3449 5046; baseline 0.013 -31"><span class='ocrx_word' id='word_1_734' title='bbox 1874 4973 1958 5016; x_wconf 85' lang='lat' dir='ltr'><strong>tus</strong></span> <span class='ocrx_word' id='word_1_735' title='bbox 1983 4971 2055 5016; x_wconf 88' lang='lat' dir='ltr'><strong>est</strong></span> <span class='ocrx_word' id='word_1_736' title='bbox 2083 4961 2250 5017; x_wconf 86' lang='lat' dir='ltr'><strong>calice</strong></span> <span class='ocrx_word' id='word_1_737' title='bbox 2276 4964 2566 5033; x_wconf 83' lang='lat' dir='ltr'><strong>passionis.</strong></span> <span class='ocrx_word' id='word_1_738' title='bbox 2603 4968 2851 5025; x_wconf 83' lang='lat' dir='ltr'><strong>Nudatus</strong></span> <span class='ocrx_word' id='word_1_739' title='bbox 2891 4984 2987 5039; x_wconf 82' lang='lat' dir='ltr'><strong>est,</strong></span> <span class='ocrx_word' id='word_1_740' title='bbox 3015 4976 3141 5046; x_wconf 87' lang='lat' dir='ltr'><strong>quia</strong></span> <span class='ocrx_word' id='word_1_741' title='bbox 3184 4987 3311 5037; x_wconf 86' lang='lat' dir='ltr'><strong>tunc</strong></span> <span class='ocrx_word' id='word_1_742' title='bbox 3338 4998 3449 5036; x_wconf 87' lang='lat' dir='ltr'><strong>ma-</strong></span> 
     </span>
    </p>
   </div>
   <div class='ocr_carea' id='block_1_105' title="bbox 1872 5052 3447 5140">
    <p class='ocr_par' dir='ltr' id='par_1_105' title="bbox 1872 5052 3447 5140">
     <span class='ocr_line' id='line_1_105' title="bbox 1872 5052 3447 5140; baseline 0.014 -35"><span class='ocrx_word' id='word_1_743' title='bbox 1872 5052 2125 5107; x_wconf 84' lang='lat' dir='ltr'><strong>nifestata</strong></span> <span class='ocrx_word' id='word_1_744' title='bbox 2152 5062 2236 5109; x_wconf 88' lang='lat' dir='ltr'><strong>est</strong></span> <span class='ocrx_word' id='word_1_745' title='bbox 2267 5053 2555 5111; x_wconf 87' lang='lat' dir='ltr'><strong>inﬁrmitas</strong></span> <span class='ocrx_word' id='word_1_746' title='bbox 2594 5062 2940 5119; x_wconf 84' lang='lat' dir='ltr'><strong>mortalitatis</strong></span> <span class='ocrx_word' id='word_1_747' title='bbox 2968 5065 3107 5133; x_wconf 89' lang='lat' dir='ltr'><strong>ejus,</strong></span> <span class='ocrx_word' id='word_1_748' title='bbox 3136 5077 3211 5134; x_wconf 90' lang='lat' dir='ltr'><strong>et,</strong></span> <span class='ocrx_word' id='word_1_749' title='bbox 3242 5080 3299 5124; x_wconf 92' lang='lat' dir='ltr'><strong>nt</strong></span> <span class='ocrx_word' id='word_1_750' title='bbox 3327 5087 3447 5140; x_wconf 90' lang='lat' dir='ltr'><strong>pro-</strong></span> 
     </span>
    </p>
   </div>
   <div class='ocr_carea' id='block_1_106' title="bbox 1869 5143 3445 5229">
    <p class='ocr_par' dir='ltr' id='par_1_106' title="bbox 1869 5143 3445 5229">
     <span class='ocr_line' id='line_1_106' title="bbox 1869 5143 3445 5229; baseline 0.011 -32"><span class='ocrx_word' id='word_1_751' title='bbox 1869 5143 2029 5213; x_wconf 86' lang='lat' dir='ltr'><strong>pheta</strong></span> <span class='ocrx_word' id='word_1_752' title='bbox 2061 5144 2406 5213; x_wconf 74' lang='lat' dir='ltr'><strong>pncdixerat,</strong></span> <span class='ocrx_word' id='word_1_753' title='bbox 2459 5146 2530 5201; x_wconf 84' lang='lat' dir='ltr'><strong>ibi</strong></span> <span class='ocrx_word' id='word_1_754' title='bbox 2578 5150 2881 5207; x_wconf 81' lang='lat' dir='ltr'><strong>abscondita</strong></span> <span class='ocrx_word' id='word_1_755' title='bbox 2921 5171 2995 5209; x_wconf 66' lang='lat' dir='ltr'><strong>es.</strong></span> <span class='ocrx_word' id='word_1_756' title='bbox 3043 5155 3301 5226; x_wconf 81' lang='lat' dir='ltr'><strong>fortitudo</strong></span> <span class='ocrx_word' id='word_1_757' title='bbox 3331 5162 3445 5229; x_wconf 83' lang='lat' dir='ltr'><strong>ejus</strong></span> 
     </span>
    </p>
   </div>
   <div class='ocr_carea' id='block_1_107' title="bbox 1868 5233 2312 5303">
    <p class='ocr_par' dir='ltr' id='par_1_107' title="bbox 1868 5233 2312 5303">
     <span class='ocr_line' id='line_1_107' title="bbox 1868 5233 2312 5303; baseline 0.007 -17"><span class='ocrx_word' id='word_1_758' title='bbox 1868 5233 2095 5303; x_wconf 84' lang='lat' dir='ltr'><strong>(Habac.</strong></span> <span class='ocrx_word' id='word_1_759' title='bbox 2124 5251 2203 5298; x_wconf 86' lang='grc' dir='ltr'>ιιι,</span> <span class='ocrx_word' id='word_1_760' title='bbox 2234 5235 2312 5303; x_wconf 75' lang='grc'><strong>4).</strong></span> 
     </span>
    </p>
   </div>
   <div class='ocr_carea' id='block_1_108' title="bbox 1942 5327 3443 5402">
    <p class='ocr_par' dir='ltr' id='par_1_108' title="bbox 1942 5327 3443 5402">
     <span class='ocr_line' id='line_1_108' title="bbox 1942 5327 3443 5402; baseline 0.013 -21"><span class='ocrx_word' id='word_1_761' title='bbox 1942 5327 2091 5382; x_wconf 79' lang='lat' dir='ltr'><strong>Vers.</strong></span> <span class='ocrx_word' id='word_1_762' title='bbox 2126 5328 2215 5381; x_wconf 70' lang='lat'><strong>2|.</strong></span> <span class='ocrx_word' id='word_1_763' title='bbox 2255 5328 2320 5382; x_wconf 86' lang='lat' dir='ltr'><strong>Et</strong></span> <span class='ocrx_word' id='word_1_764' title='bbox 2368 5330 2419 5383; x_wconf 88' lang='lat' dir='ltr'><strong>in</strong></span> <span class='ocrx_word' id='word_1_765' title='bbox 2471 5332 2804 5388; x_wconf 80' lang='lat' dir='ltr'><strong>tabernaculo</strong></span> <span class='ocrx_word' id='word_1_766' title='bbox 2851 5354 2946 5390; x_wconf 87' lang='lat' dir='ltr'><strong>suo</strong></span> <span class='ocrx_word' id='word_1_767' title='bbox 2995 5340 3221 5395; x_wconf 82' lang='lat' dir='ltr'><strong>nudatus</strong></span> <span class='ocrx_word' id='word_1_768' title='bbox 3260 5353 3355 5398; x_wconf 82' lang='lat' dir='ltr'><strong>est.</strong></span> <span class='ocrx_word' id='word_1_769' title='bbox 3386 5346 3443 5402; x_wconf 87' lang='lat' dir='ltr'><strong>Id</strong></span> 
     </span>
    </p>
   </div>
   <div class='ocr_carea' id='block_1_109' title="bbox 220 5405 1761 5484">
    <p class='ocr_par' dir='ltr' id='par_1_109' title="bbox 220 5405 1761 5484">
     <span class='ocr_line' id='line_1_109' title="bbox 220 5405 1761 5484; baseline 0.01 -31"><span class='ocrx_word' id='word_1_770' title='bbox 220 5406 399 5459; x_wconf 86' lang='lat' dir='ltr'><strong>mensis</strong></span> <span class='ocrx_word' id='word_1_771' title='bbox 420 5405 679 5475; x_wconf 86' lang='lat' dir='ltr'><strong>ejusdem.</strong></span> <span class='ocrx_word' id='word_1_772' title='bbox 711 5410 817 5464; x_wconf 85' lang='lat' dir='ltr'><strong>Sed</strong></span> <span class='ocrx_word' id='word_1_773' title='bbox 849 5413 1123 5466; x_wconf 88' lang='lat' dir='ltr'><strong>sciendum</strong></span> <span class='ocrx_word' id='word_1_774' title='bbox 1164 5423 1243 5467; x_wconf 89' lang='lat' dir='ltr'><strong>est</strong></span> <span class='ocrx_word' id='word_1_775' title='bbox 1284 5416 1406 5482; x_wconf 86' lang='lat' dir='ltr'><strong>quia</strong></span> <span class='ocrx_word' id='word_1_776' title='bbox 1437 5415 1480 5468; x_wconf 93' lang='lat' dir='ltr'><strong>si</strong></span> <span class='ocrx_word' id='word_1_777' title='bbox 1510 5415 1761 5484; x_wconf 66' lang='lat' dir='ltr'><strong>praesenti</strong></span> 
     </span>
    </p>
   </div>
   <div class='ocr_carea' id='block_1_110' title="bbox 216 5493 1762 5575">
    <p class='ocr_par' dir='ltr' id='par_1_110' title="bbox 216 5493 1762 5575">
     <span class='ocr_line' id='line_1_110' title="bbox 216 5493 1762 5575; baseline 0.009 -27"><span class='ocrx_word' id='word_1_778' title='bbox 216 5493 308 5549; x_wconf 85' lang='lat' dir='ltr'><strong>diei</strong></span> <span class='ocrx_word' id='word_1_779' title='bbox 336 5500 499 5556; x_wconf 84' lang='lat' dir='ltr'><strong>addas</strong></span> <span class='ocrx_word' id='word_1_780' title='bbox 532 5503 798 5568; x_wconf 85' lang='lat' dir='ltr'><strong>undecim,</strong></span> <span class='ocrx_word' id='word_1_781' title='bbox 836 5505 1010 5575; x_wconf 90' lang='lat' dir='ltr'><strong>qualis</strong></span> <span class='ocrx_word' id='word_1_782' title='bbox 1042 5506 1202 5560; x_wconf 87' lang='lat' dir='ltr'><strong>hodie</strong></span> <span class='ocrx_word' id='word_1_783' title='bbox 1242 5507 1367 5561; x_wconf 90' lang='lat' dir='ltr'><strong>luna</strong></span> <span class='ocrx_word' id='word_1_784' title='bbox 1418 5516 1500 5563; x_wconf 84' lang='lat' dir='ltr'><strong>est</strong></span> <span class='ocrx_word' id='word_1_785' title='bbox 1531 5508 1651 5563; x_wconf 90' lang='lat' dir='ltr'><strong>talis</strong></span> <span class='ocrx_word' id='word_1_786' title='bbox 1678 5519 1762 5562; x_wconf 87' lang='lat' dir='ltr'><strong>est</strong></span> 
     </span>
    </p>
   </div>
   <div class='ocr_carea' id='block_1_111' title="bbox 217 5598 1760 5671">
    <p class='ocr_par' dir='ltr' id='par_1_111' title="bbox 217 5598 1760 5671">
     <span class='ocr_line' id='line_1_111' title="bbox 217 5598 1760 5671; baseline 0.01 -30"><span class='ocrx_word' id='word_1_787' title='bbox 217 5598 321 5651; x_wconf 86' lang='lat' dir='ltr'><strong>post</strong></span> <span class='ocrx_word' id='word_1_788' title='bbox 341 5606 531 5649; x_wconf 85' lang='lat' dir='ltr'><strong>annum</strong></span> <span class='ocrx_word' id='word_1_789' title='bbox 557 5598 668 5665; x_wconf 89' lang='lat' dir='ltr'><strong>ipsa</strong></span> <span class='ocrx_word' id='word_1_790' title='bbox 696 5599 802 5653; x_wconf 90' lang='lat' dir='ltr'><strong>die.</strong></span> <span class='ocrx_word' id='word_1_791' title='bbox 833 5600 973 5669; x_wconf 81' lang='lat' dir='ltr'><strong>Ergo</strong></span> <span class='ocrx_word' id='word_1_792' title='bbox 999 5601 1212 5669; x_wconf 88' lang='lat' dir='ltr'><strong>quando</strong></span> <span class='ocrx_word' id='word_1_793' title='bbox 1240 5600 1353 5655; x_wconf 88' lang='lat' dir='ltr'><strong>Noe</strong></span> <span class='ocrx_word' id='word_1_794' title='bbox 1378 5602 1650 5671; x_wconf 83' lang='lat' dir='ltr'><strong>ingressus</strong></span> <span class='ocrx_word' id='word_1_795' title='bbox 1674 5613 1760 5657; x_wconf 57' lang='lat' dir='ltr'><strong>est</strong></span> 
     </span>
    </p>
   </div>
   <div class='ocr_carea' id='block_1_112' title="bbox 220 5678 1752 5760">
    <p class='ocr_par' dir='ltr' id='par_1_112' title="bbox 220 5678 1752 5760">
     <span class='ocr_line' id='line_1_112' title="bbox 220 5678 1752 5760; baseline 0.01 -29"><span class='ocrx_word' id='word_1_796' title='bbox 220 5678 401 5736; x_wconf 86' lang='lat' dir='ltr'><strong>decima</strong></span> <span class='ocrx_word' id='word_1_797' title='bbox 430 5687 650 5756; x_wconf 88' lang='lat' dir='ltr'><strong>septima</strong></span> <span class='ocrx_word' id='word_1_798' title='bbox 680 5689 824 5755; x_wconf 87' lang='lat' dir='ltr'><strong>luna,</strong></span> <span class='ocrx_word' id='word_1_799' title='bbox 856 5692 1063 5744; x_wconf 89' lang='lat' dir='ltr'><strong>decima</strong></span> <span class='ocrx_word' id='word_1_800' title='bbox 1103 5692 1326 5760; x_wconf 87' lang='lat' dir='ltr'><strong>septima</strong></span> <span class='ocrx_word' id='word_1_801' title='bbox 1358 5694 1488 5747; x_wconf 62' lang='lat' dir='ltr'><strong>dies</strong></span> <span class='ocrx_word' id='word_1_802' title='bbox 1526 5693 1627 5747; x_wconf 76' lang='lat' dir='ltr'><strong>fuit</strong></span> <span class='ocrx_word' id='word_1_803' title='bbox 1667 5708 1752 5747; x_wconf 87' lang='lat' dir='ltr'><strong>se-</strong></span> 
     </span>
    </p>
   </div>
   <div class='ocr_carea' id='block_1_113' title="bbox 220 5774 1755 5851">
    <p class='ocr_par' dir='ltr' id='par_1_113' title="bbox 220 5774 1755 5851">
     <span class='ocr_line' id='line_1_113' title="bbox 220 5774 1755 5851; baseline 0.008 -25"><span class='ocrx_word' id='word_1_804' title='bbox 220 5774 358 5828; x_wconf 81' lang='lat' dir='ltr'><strong>cundi</strong></span> <span class='ocrx_word' id='word_1_805' title='bbox 384 5780 601 5846; x_wconf 89' lang='lat' dir='ltr'><strong>mensis,</strong></span> <span class='ocrx_word' id='word_1_806' title='bbox 639 5791 697 5836; x_wconf 88' lang='lat' dir='ltr'><strong>et</strong></span> <span class='ocrx_word' id='word_1_807' title='bbox 742 5783 859 5838; x_wconf 90' lang='lat' dir='ltr'><strong>ideo</strong></span> <span class='ocrx_word' id='word_1_808' title='bbox 887 5794 1007 5851; x_wconf 84' lang='lat' dir='ltr'><strong>post</strong></span> <span class='ocrx_word' id='word_1_809' title='bbox 1056 5801 1252 5839; x_wconf 88' lang='lat' dir='ltr'><strong>annum</strong></span> <span class='ocrx_word' id='word_1_810' title='bbox 1291 5784 1485 5839; x_wconf 89' lang='lat' dir='ltr'><strong>additis</strong></span> <span class='ocrx_word' id='word_1_811' title='bbox 1534 5786 1624 5849; x_wconf 75' lang='lat' dir='ltr'><strong>ll,</strong></span> <span class='ocrx_word' id='word_1_812' title='bbox 1658 5785 1755 5839; x_wconf 83' lang='lat' dir='ltr'><strong>fuit</strong></span> 
     </span>
    </p>
   </div>
   <div class='ocr_carea' id='block_1_114' title="bbox 223 5861 1676 5945">
    <p class='ocr_par' dir='ltr' id='par_1_114' title="bbox 223 5861 1676 5945">
     <span class='ocr_line' id='line_1_114' title="bbox 223 5861 1676 5945; baseline 0.012 -32"><span class='ocrx_word' id='word_1_813' title='bbox 223 5861 450 5922; x_wconf 72' lang='lat' dir='ltr'><strong>Vicesima</strong></span> <span class='ocrx_word' id='word_1_814' title='bbox 475 5874 693 5942; x_wconf 83' lang='lat' dir='ltr'><strong>septima</strong></span> <span class='ocrx_word' id='word_1_815' title='bbox 720 5875 854 5939; x_wconf 56' lang='lat' dir='ltr'><strong>ilii‘a,</strong></span> <span class='ocrx_word' id='word_1_816' title='bbox 889 5876 966 5929; x_wconf 80' lang='lat' dir='ltr'><strong>vel</strong></span> <span class='ocrx_word' id='word_1_817' title='bbox 996 5878 1245 5932; x_wconf 66' lang='lat' dir='ltr'><strong>vicesima</strong></span> <span class='ocrx_word' id='word_1_818' title='bbox 1275 5877 1499 5945; x_wconf 75' lang='lat' dir='ltr'><strong>septima</strong></span> <span class='ocrx_word' id='word_1_819' title='bbox 1523 5878 1676 5933; x_wconf 82' lang='lat' dir='ltr'><strong>Juna.</strong></span> 
     </span>
    </p>
   </div>
   <div class='ocr_carea' id='block_1_115' title="bbox 1866 5417 3438 5501">
    <p class='ocr_par' dir='ltr' id='par_1_115' title="bbox 1866 5417 3438 5501">
     <span class='ocr_line' id='line_1_115' title="bbox 1866 5417 3438 5501; baseline 0.015 -31"><span class='ocrx_word' id='word_1_820' title='bbox 1866 5426 1949 5471; x_wconf 89' lang='lat' dir='ltr'><strong>est</strong></span> <span class='ocrx_word' id='word_1_821' title='bbox 1973 5417 2026 5471; x_wconf 90' lang='lat' dir='ltr'><strong>in</strong></span> <span class='ocrx_word' id='word_1_822' title='bbox 2056 5418 2208 5487; x_wconf 87' lang='lat' dir='ltr'><strong>plebe</strong></span> <span class='ocrx_word' id='word_1_823' title='bbox 2255 5417 2500 5486; x_wconf 84' lang='lat' dir='ltr'><strong>Judaica,</strong></span> <span class='ocrx_word' id='word_1_824' title='bbox 2531 5423 2673 5478; x_wconf 90' lang='lat' dir='ltr'><strong>inter</strong></span> <span class='ocrx_word' id='word_1_825' title='bbox 2709 5427 3033 5484; x_wconf 90' lang='lat' dir='ltr'><strong>domesticos</strong></span> <span class='ocrx_word' id='word_1_826' title='bbox 3070 5433 3286 5501; x_wconf 86' lang='lat' dir='ltr'><strong>generis</strong></span> <span class='ocrx_word' id='word_1_827' title='bbox 3332 5440 3438 5495; x_wconf 91' lang='lat' dir='ltr'><strong>sui.</strong></span> 
     </span>
    </p>
   </div>
   <div class='ocr_carea' id='block_1_116' title="bbox 1865 5510 3438 5589">
    <p class='ocr_par' dir='ltr' id='par_1_116' title="bbox 1865 5510 3438 5589">
     <span class='ocr_line' id='line_1_116' title="bbox 1865 5510 3438 5589; baseline 0.013 -24"><span class='ocrx_word' id='word_1_828' title='bbox 1865 5512 2032 5565; x_wconf 90' lang='lat' dir='ltr'><strong>Cham</strong></span> <span class='ocrx_word' id='word_1_829' title='bbox 2092 5510 2232 5565; x_wconf 90' lang='lat' dir='ltr'><strong>ﬁlius</strong></span> <span class='ocrx_word' id='word_1_830' title='bbox 2282 5512 2417 5582; x_wconf 88' lang='lat' dir='ltr'><strong>ejus,</strong></span> <span class='ocrx_word' id='word_1_831' title='bbox 2469 5516 2557 5584; x_wconf 86' lang='lat' dir='ltr'><strong>qui</strong></span> <span class='ocrx_word' id='word_1_832' title='bbox 2609 5519 2902 5573; x_wconf 86' lang='lat' dir='ltr'><strong>nuditatem</strong></span> <span class='ocrx_word' id='word_1_833' title='bbox 2948 5524 3114 5589; x_wconf 85' lang='lat' dir='ltr'><strong>patris</strong></span> <span class='ocrx_word' id='word_1_834' title='bbox 3180 5526 3438 5585; x_wconf 78' lang='lat' dir='ltr'><strong>fratribus</strong></span> 
     </span>
    </p>
   </div>
   <div class='ocr_carea' id='block_1_117' title="bbox 1865 5602 3439 5697">
    <p class='ocr_par' dir='ltr' id='par_1_117' title="bbox 1865 5602 3439 5697">
     <span class='ocr_line' id='line_1_117' title="bbox 1865 5602 3439 5697; baseline 0.016 -42"><span class='ocrx_word' id='word_1_835' title='bbox 1865 5602 2151 5668; x_wconf 88' lang='lat' dir='ltr'><strong>nuntiavit,</strong></span> <span class='ocrx_word' id='word_1_836' title='bbox 2192 5602 2406 5659; x_wconf 66' lang='lat' dir='ltr'><strong>Judmos</strong></span> <span class='ocrx_word' id='word_1_837' title='bbox 2443 5608 2686 5678; x_wconf 88' lang='lat' dir='ltr'><strong>designat</strong></span> <span class='ocrx_word' id='word_1_838' title='bbox 2727 5612 3026 5679; x_wconf 85' lang='lat' dir='ltr'><strong>passionem</strong></span> <span class='ocrx_word' id='word_1_839' title='bbox 3054 5616 3253 5675; x_wconf 88' lang='lat' dir='ltr'><strong>Christi</strong></span> <span class='ocrx_word' id='word_1_840' title='bbox 3281 5623 3439 5697; x_wconf 82' lang='lat' dir='ltr'><strong>longe</strong></span> 
     </span>
    </p>
   </div>
   <div class='ocr_carea' id='block_1_118' title="bbox 1865 5695 3435 5773">
    <p class='ocr_par' dir='ltr' id='par_1_118' title="bbox 1865 5695 3435 5773">
     <span class='ocr_line' id='line_1_118' title="bbox 1865 5695 3435 5773; baseline 0.017 -28"><span class='ocrx_word' id='word_1_841' title='bbox 1865 5702 1986 5748; x_wconf 90' lang='lat' dir='ltr'><strong>ante</strong></span> <span class='ocrx_word' id='word_1_842' title='bbox 2022 5695 2073 5747; x_wconf 90' lang='lat' dir='ltr'><strong>in</strong></span> <span class='ocrx_word' id='word_1_843' title='bbox 2102 5696 2375 5764; x_wconf 82' lang='lat' dir='ltr'><strong>prophetis</strong></span> <span class='ocrx_word' id='word_1_844' title='bbox 2414 5698 2649 5767; x_wconf 87' lang='lat' dir='ltr'><strong>legentes</strong></span> <span class='ocrx_word' id='word_1_845' title='bbox 2679 5701 2769 5770; x_wconf 88' lang='lat' dir='ltr'><strong>qui</strong></span> <span class='ocrx_word' id='word_1_846' title='bbox 2814 5706 3134 5763; x_wconf 88' lang='lat' dir='ltr'><strong>nttntiabant</strong></span> <span class='ocrx_word' id='word_1_847' title='bbox 3180 5695 3435 5773; x_wconf 78' lang='lat' dir='ltr'><strong>futuram.</strong></span> 
     </span>
    </p>
   </div>
   <div class='ocr_carea' id='block_1_119' title="bbox 1865 5783 3437 5869">
    <p class='ocr_par' dir='ltr' id='par_1_119' title="bbox 1865 5783 3437 5869">
     <span class='ocr_line' id='line_1_119' title="bbox 1865 5783 3437 5869; baseline 0.014 -31"><span class='ocrx_word' id='word_1_848' title='bbox 1865 5783 1970 5839; x_wconf 90' lang='lat' dir='ltr'><strong>Sed</strong></span> <span class='ocrx_word' id='word_1_849' title='bbox 2000 5785 2099 5839; x_wconf 89' lang='lat' dir='ltr'><strong>hoc</strong></span> <span class='ocrx_word' id='word_1_850' title='bbox 2128 5787 2268 5854; x_wconf 90' lang='lat' dir='ltr'><strong>quod</strong></span> <span class='ocrx_word' id='word_1_851' title='bbox 2294 5789 2380 5841; x_wconf 89' lang='lat' dir='ltr'><strong>diu</strong></span> <span class='ocrx_word' id='word_1_852' title='bbox 2407 5790 2900 5856; x_wconf 74' lang='lat' dir='ltr'><strong>prtenuntiaverunt</strong></span> <span class='ocrx_word' id='word_1_853' title='bbox 2937 5798 3209 5869; x_wconf 76' lang='lat' dir='ltr'><strong>impletum</strong></span> <span class='ocrx_word' id='word_1_854' title='bbox 3258 5806 3437 5859; x_wconf 75' lang='lat' dir='ltr'><strong>viden-</strong></span> 
     </span>
    </p>
   </div>
   <div class='ocr_carea' id='block_1_120' title="bbox 1866 5877 3429 5952">
    <p class='ocr_par' dir='ltr' id='par_1_120' title="bbox 1866 5877 3429 5952">
     <span class='ocr_line' id='line_1_120' title="bbox 1866 5877 3429 5952; baseline 0.014 -22"><span class='ocrx_word' id='word_1_855' title='bbox 1866 5885 1945 5930; x_wconf 81' lang='lat' dir='ltr'><strong>tes</strong></span> <span class='ocrx_word' id='word_1_856' title='bbox 1990 5877 2234 5932; x_wconf 82' lang='lat' dir='ltr'><strong>deridere</strong></span> <span class='ocrx_word' id='word_1_857' title='bbox 2264 5881 2438 5947; x_wconf 78' lang='lat' dir='ltr'><strong>potius</strong></span> <span class='ocrx_word' id='word_1_858' title='bbox 2477 5899 2635 5939; x_wconf 78' lang='lat' dir='ltr'><strong>quam</strong></span> <span class='ocrx_word' id='word_1_859' title='bbox 2679 5886 2900 5942; x_wconf 80' lang='lat' dir='ltr'><strong>credere</strong></span> <span class='ocrx_word' id='word_1_860' title='bbox 2932 5894 3252 5950; x_wconf 83' lang='lat' dir='ltr'><strong>maluerunt.</strong></span> <span class='ocrx_word' id='word_1_861' title='bbox 3307 5900 3429 5952; x_wconf 80' lang='lat' dir='ltr'><strong>Scin</strong></span> 
     </span>
    </p>
   </div>
  </div>
