4026 6448
520 466 589 528 19
900 439 902 441 ’
1154 469 1415 528 arinen
1451 466 2081 526 Aurtsstoooaeusu

2203 467 2302 524 PP.
2343 468 2545 526 PARS.
2587 471 3147 528 l.—EXEGETICA.
3721 478 3790 539 80

487 595 650 641 vero
677 581 1065 655 primogenitus
1112 591 1169 638 et
1210 580 1441 653 Japheth
1479 581 1738 636 minimus
1783 580 2091 647 signiﬁcant
2120 583 2168 642 Α
2194 579 2488 649 prolepsin,
2519 580 2581 634 id
2624 591 2708 636 est
2746 597 2842 652 per
2863 582 3379 653 praeoccupationem
3420 584 3787 656 accipiendum

517 694 614 735 eos
659 677 750 746 qui
805 675 857 730 in
913 673 1189 746 primitiva
1228 673 1470 729 Ecclesia
1534 671 1773 738 fuerunt,
1821 671 2095 743 apostolos

517 769 766 824 videlicet
793 777 846 822 et
867 781 960 822 eos
983 766 1073 837 qui
1105 781 1170 819 ex
1207 766 1455 837 gentibus
1496 764 1858 817 crediderunt.
1892 762 2096 819 Medius

517 859 687 915 Cham
716 857 932 913 Judaeos
954 858 1222 928 signiﬁcat
1251 855 1362 925 qui,
1400 869 1497 909 nec
1524 854 1756 924 primum
1795 868 1918 908 cum
1967 867 2097 922 apo-

520 951 693 1014 stolis,
729 965 826 1004 nec
872 957 1059 1018 postea
1107 947 1358 1020 gentibus
1397 945 1555 1000 ﬁdem
1600 944 1810 999 Domini
1853 944 2096 1014 recipere

515 1029 820 1095 veluernrit.
853 1038 978 1094 Sem
1021 1053 1150 1094 vero
1200 1046 1254 1092 et
1293 1037 1525 1108 Japheth
1589 1034 1888 1091 nuditatem
1925 1034 2096 1106 patris

516 1133 618 1188 sibi
659 1132 960 1186 nuntiatam
993 1132 1180 1186 audire
1224 1130 1532 1193 noluerunt,
1562 1128 1843 1200 sed‘pallio
1868 1143 2095 1198 operue-

514 1231 680 1278 runt:
715 1223 838 1292 quia
887 1221 1070 1276 ﬁdeles
1116 1221 1373 1293 mysteria
1424 1221 1691 1290 passionis
1736 1219 1937 1276 Christi
1987 1235 2092 1274 non

512 1331 634 1371 cum
666 1313 866 1370 Judzeis
887 1313 1208 1384 despiciunt,
1237 1314 1332 1370 sed
1361 1313 1519 1383 digna
1545 1311 1896 1368 veneratione
1917 1313 2090 1368 hono-

510 1416 650 1463 rant.
689 1408 757 1462 Et
779 1409 913 1462 bene
939 1407 1161 1477 pallium
1207 1406 1261 1460 in
1306 1406 1536 1460 humeris
1580 1415 1790 1475 portant
1819 1405 1985 1475 :quia
2016 1404 2092 1474 ip-

509 1516 624 1556 sam
653 1499 958 1570 passionem
1003 1513 1109 1554 non
1138 1498 1374 1554 futuram
1413 1504 1750 1568 exspectant,
1781 1497 1874 1553 sed
1905 1497 2093 1568 imple-

505 1602 614 1646 tam
655 1592 898 1647 credunt.
2081 1591 2087 1594 ·

575 1682 729 1739 Vers.
761 1682 853 1737 24.
884 1681 1152 1754 Evigilans
1190 1692 1362 1738 autem
1392 1682 1510 1736 Noe
1542 1698 1609 1737 ea:
1633 1683 1769 1749 vino,
1799 1699 1916 1737 cum
1945 1681 2087 1736 didi-

502 1781 683 1835 cisset.
726 1779 1051 1850 Pr0phetico
1085 1778 1334 1834 videlicet
1387 1777 1597 1848 spiritu.
1641 1776 1774 1844 Quae
1823 1777 2013 1846 fecerat
2041 1777 2091 1831 ei

402 1850 413 1862 ⁸
499 1871 640 1941 [ilius
668 1890 792 1926 suus
837 1873 1006 1926 minor
1025 1912 1040 1938 ,
1083 1873 1157 1926 ait
1191 1884 1209 1922 :
1239 1870 1552 1925 Maledictus
1582 1869 1859 1925 Chanaan.
1887 1871 2088 1926 Notau-

499 1964 623 2017 dum
662 1963 827 2033 quod,
882 1978 987 2018 non
1030 1963 1207 2033 ipsum
1259 1961 1450 2027 Cham,
1484 1961 1578 2017 sed
1614 1960 1868 2016 Chanaan
1917 1961 2084 2016 ﬁlium

497 2069 612 2122 ejus
663 2048 958 2122 maledicit,
1009 2055 1100 2124 qui
1148 2064 1318 2108 motus
1357 2070 1536 2108 eorum
1595 2053 2002 2122 interpretatur,
2055 2068 2083 2107 a

495 2160 603 2215 quo
631 2153 818 2215 postea
847 2145 972 2200 dicti
1005 2155 1128 2201 sunt
1157 2145 1470 2210 Chanantci,
1495 2159 1632 2214 quos
1667 2144 1926 2199 Dominus
1949 2141 2085 2199 'ante

495 2238 688 2293 faciem
734 2237 967 2292 ﬁliorum
1012 2236 1180 2292 Israel
1230 2235 1411 2306 ejecit.
1466 2234 1621 2302 Quod
1661 2251 1793 2306 ergo
1825 2233 2085 2296 Chanaan

492 2327 860 2395 maledicitur,
890 2329 1174 2400 prophetia
1201 2336 1321 2384 erat
1357 2348 1370 2382 :
1401 2327 1528 2398 quia
1573 2341 1703 2397 gens
1734 2326 1820 2382 illa
1867 2327 1932 2382 de
1962 2326 2084 2384 loco

493 2433 607 2475 suae
630 2419 978 2474 habitatit’mis
999 2419 1244 2490 pellenda
1270 2426 1406 2474 erat.

564 2509 720 2564 Vers.
764 2510 857 2574 ‘26,
900 2508 990 2564 27.
1031 2507 1342 2564 Benedictus
1377 2508 1633 2564 Dominus
1675 2508 1836 2564 Deus.
1885 2507 2084 2562 Dilatet

492 2599 634 2654 Deus
669 2599 917 2670 Japheth.
969 2598 1047 2655 De
1093 2597 1217 2654 Sem
1261 2598 1480 2654 fuerunt
1522 2599 1847 2670 patriarcha:
1875 2610 1928 2655 et
1958 2614 2082 2669 pro-

487 2691 668 2760 pbctm
718 2690 1006 2760 czcteriquc
1056 2689 1245 2747 Patres
1297 2689 1509 2746 Veteris
1566 2691 1898 2748 Testamcnti
1950 2709 1963 2746 :
2014 2691 2080 2746 de

487 2780 722 2851 Japheth
745 2781 1024 2853 gentilium
1057 2781 1344 2837 multitudo
1368 2798 1489 2854 qua:
1508 2787 1564 2837 in
1589 2783 1864 2839 Christum
1887 2785 2076 2840 credit.

487 2871 756 2926 Dilatatus
779 2883 850 2927 est
877 2872 1129 2944 Japheth,
1171 2873 1297 2944 quia
1327 2873 1382 2927 in
1414 2873 1588 2943 ipsum
1637 2874 1807 2928 crevit
1850 2875 2077 2929 creden-

2197 682 2302 728 est.
2335 673 2569 729 Necdum
2595 676 2738 730 enim
2765 676 2960 731 divisio
2987 677 3291 748 linguarum
3312 677 3451 734 facta
3472 689 3609 737 erat.

2268 766 2423 822 Vers.
2455 767 2509 822 6.
2585 766 2715 822 Filii
2746 769 2912 824 Cham
2965 769 3127 824 Chiis.
3187 770 3304 842 Ipsa
3345 783 3427 828 est
3490 773 3787 844 Ethiopia,

2199 857 2448 913 Mesraim
2482 859 2768 932 Egyptus,
2824 859 3001 916 Phth
3058 859 3246 934 Libya,
3299 866 3442 920 unde
3487 875 3542 921 et
3596 868 3791 922 ﬂuvius

2196 947 2532 1006 Mauritania;
2580 951 2756 1006 Phuth
2799 954 3120 1026 appellatur,
3161 964 3216 1010 et
3265 957 3446 1012 omnis
3506 958 3598 1014 illa
3639 959 3789 1030 regio

2193 1040 2521 1098 Phuthensis
2547 1044 2761 1099 dicitur.
2791 1045 3071 1112 Chanaan,
3096 1061 3126 1100 a
3149 1062 3256 1117 quo
3275 1047 3587 1104 Chananzei.

2266 1130 2420 1187 Vcrs.
2472 1133 2527 1186 7.
2586 1131 2716 1188 Filii
2766 1133 2906 1190 Chus
2953 1133 3117 1191 Saba.
3149 1136 3205 1192 ld
3249 1147 3350 1202 est,
3397 1140 3595 1195 Arabia
3639 1141 3792 1212 regio

2196 1220 2478 1277 thurifera.
2517 1223 2699 1278 Hevila
2724 1241 2851 1295 pars
2888 1226 3174 1298 A'ZthiOpim
3203 1228 3580 1286 Occidentalis.
3622 1230 3793 1286 Saba-

2193 1313 2304 1391 llta,
2336 1311 2530 1384 Regina
2556 1325 2603 1370 et
2632 1313 2952 1371 Sabataclta.
2996 1316 3196 1374 Horum
3228 1319 3446 1375 nomina
3477 1323 3542 1375 ab
3571 1339 3670 1377 usu
3704 1338 3793 1377 re-

2191 1414 2490 1471 cesserunt,
2519 1415 2572 1460 et
2595 1423 2715 1477 qua:
2739 1423 2836 1479 pro
2855 1409 3100 1480 eisnunc
3126 1411 3426 1466 habeantur
3455 1413 3790 1484 ignoramus.

2189 1493 2322 1550 Filii
2368 1496 2562 1568 Regma
2599 1496 2759 1554 Saba.
2799 1500 2920 1555 Alia
2968 1511 3051 1557 est
3111 1503 3227 1558 huic
3283 1502 3428 1559 Saba
3482 1520 3646 1575 quam
3695 1505 3787 1560 illa

2191 1602 2310 1658 qua:
2331 1589 2578 1660 superius
2603 1585 2816 1662 legitur,
2842 1603 2897 1647 et
2922 1590 3100 1648 dili'ert
3125 1592 3178 1646 in
3208 1591 3507 1664 Scriptura.
3536 1593 3669 1650 Nam
3697 1595 3789 1649 illa

2188 1691 2286 1746 per
2314 1673 2430 1743 Sin,
2457 1678 2571 1733 hmc
2595 1693 2692 1749 per
2716 1677 2934 1734 Sameclt
2958 1679 3232 1738 scribitur.
3259 1679 3397 1736 Nam
3421 1691 3477 1738 et
3503 1684 3556 1739 in
3579 1685 3791 1754 psalmo

2188 1765 2278 1820 ubi
2304 1781 2403 1822 nos
2422 1767 2698 1824 canimus:
2737 1764 2901 1839 Reges
2927 1770 3158 1824 Arabum
3187 1779 3235 1825 et
3262 1768 3402 1826 Saba
3432 1769 3604 1843 (Psal.
3637 1784 3790 1837 Lxxr,

2191 1856 2300 1925 l0),
2335 1857 2388 1912 in
2441 1857 2668 1916 Hebraeo
2693 1860 2958 1916 habetur:
2988 1861 3158 1931 Reges
3176 1861 3319 1918 Saba
3339 1873 3385 1919 et
3409 1863 3571 1920 Saba.
3597 1865 3792 1920 Dadan

2121 1937 2163 1996 Β
2192 1947 2478 2019 .Ethiopice
2501 1950 2686 2006 ultima
2719 1952 2867 2022 regio
2897 1959 2998 2007 est.

2259 2038 2414 2093 Vers.
2448 2038 2499 2094 8.
2531 2037 2670 2095 Chus
2691 2042 2866 2112 genuit
2897 2041 3133 2097 Nemrod
3183 2043 3234 2098 ἀ.
3265 2045 3338 2102 De
3367 2046 3470 2102 hoc
3519 2037 3793 2119 Josephus

2187 2129 2320 2186 dicit
2346 2132 2487 2201 quod
2513 2147 2649 2190 nova
2681 2134 2830 2206 regni
2861 2136 3157 2205 cupiditate
3189 2138 3526 2208 tyrannidem
3543 2140 3791 2210 arripue-

2189 2223 2282 2290 rit,
2314 2223 2488 2294 ignem
2526 2240 2624 2296 pro
2671 2225 2780 2281 Deo
2833 2225 3024 2294 coluit,
3077 2235 3132 2282 et
3182 2229 3296 2298 ipse
3341 2239 3532 2284 auctor
3577 2231 3791 2286 exstitit

2187 2317 2514 2372 tediﬁcandaz
2539 2318 2702 2374 turris
2733 2317 2884 2389 cujus
2905 2335 3166 2376 cacumen
3193 2322 3534 2395 contingeret
3561 2324 3783 2380 coelum.

2259 2407 2410 2463 Vers.
2442 2407 2495 2463 9.
2524 2407 2595 2462 Et
2647 2420 2760 2463 erat
2788 2411 3030 2466 robustus
3061 2423 3273 2467 venator
3301 2432 3478 2469 coram
3533 2416 3782 2471 Domino.

2188 2493 2501 2552 Venabatur
2532 2497 2677 2554 enim
2710 2500 2920 2556 animas
2947 2503 3014 2556 ad
3037 2502 3334 2570 interitum,
3364 2504 3572 2561 faciens
3600 2507 3783 2561 homi-

2183 2605 2306 2644 nem
2351 2591 2530 2659 ignem
2590 2593 2836 2649 adorare.
2887 2593 3004 2650 Alia
3058 2595 3342 2651 translatio
3381 2597 3545 2652 dicit:
3596 2609 3783 2653 contra

2180 2681 2484 2737 Dominum.

2248 2771 2405 2827 Vers.
2425 2773 2509 2828 10.
2529 2773 2766 2846 Babylon
2787 2791 3046 2832 courusm
3074 2776 3464 2848 interpretatur
3485 2779 3784 2849 oblingua-

2176 2881 2296 2921 rum
2323 2867 2692 2924 confusionem
2724 2883 2844 2937 quae
2865 2869 2937 2924 ibi
2968 2867 3105 2924 facta
3136 2879 3237 2926 est.
3272 2869 3340 2924 Et
3359 2869 3566 2926 llarath
3594 2869 3778 2944 [Vulgn

487 2964 620 3017 tium
648 2979 713 3018 cx
737 2963 986 3034 gentibus
1013 2963 1318 3019 multitudo.
1351 2963 1618 3018 Habitat-it
1650 2964 1702 3017 in
1727 2964 2075 3018 tabernaculis
2175 2955 2536 3029 Arachj..'lpsa
2553 2967 2634 3012 est
2649 2958 2848 3013 Edessa
2870 2959 3268 3031 Mesopotamiae
3297 2962 3506 3019 civitas.
3537 2963 3781 3019 Archa:h

489 3052 630 3117 Scin,
664 3053 788 3122 quia
821 3053 1050 3124 gratiam
1078 3068 1239 3124 quam
1274 3053 1578 3107 habuerunt
1609 3053 1817 3121 priores
1861 3052 2070 3118 Patres,
2177 3046 2353 3119 [ναις.
2389 3049 2616 3121 Achati],
2651 3065 2770 3120 qua:
2793 3067 2934 3106 nunc
2973 3051 3140 3108 Nisibi
3196 3053 3413 3110 dicitur.
3452 3055 3519 3110 Et
3557 3056 3778 3133 Calene.

487 3154 675 3215 gentes
707 3144 760 3199 in
792 3143 1069 3200 Christum
1107 3143 1394 3200 credentes
1431 3153 1628 3199 secuta'
1657 3153 1801 3208 sunt,
1831 3153 1886 3198 et
1931 3158 2074 3201 nunc
2172 3141 2288 3212 Ipsa
2310 3151 2394 3198 est
2420 3142 2660 3212 Seleucia
2689 3162 2720 3199 a
2758 3143 2985 3200 Seleuco
3026 3161 3150 3217 rege
3176 3147 3338 3202 Asiae.
3368 3147 3436 3202 In
3471 3158 3610 3204 terra
3641 3148 3778 3204 Sen-

487 3251 609 3289 cum
635 3235 932 3300 Abraham,
966 3234 1118 3289 Isaac
1148 3233 1392 3288 ctJacob
1419 3234 1788 3304 requiescunt,
1827 3232 1983 3287 ﬁdem
2016 3241 2069 3288 et
2107 3301 2141 3308 _
2173 3250 2324 3288 naar.
2363 3233 2418 3290 ιι]
2463 3243 2564 3301 est,
2598 3235 2650 3290 in
2686 3235 2994 3308 Babylonia,
3023 3237 3112 3290 ubi
3135 3248 3258 3293 sunt
3277 3239 3420 3308 putei
3445 3239 3733 3296 bituminis.

485 3326 626 3380 bona
661 3340 825 3395 opera
855 3325 1067 3379 illorum
1091 3325 1372 3380 imitando.
1405 3301 1585 3395 Sitque
1606 3324 1860 3379 Chanaan
1889 3341 2068 3380 servus
2097 3301 2141 3363 C
2243 3325 2400 3381 Vers.
2429 3325 2514 3380 Η.
2542 3326 2620 3382 De
2643 3337 2782 3382 terra
2799 3301 2918 3382 illa.
2949 3328 3006 3383 id
3029 3330 3196 3385 estde
3224 3301 3490 3386 sennaar.
3519 3331 3779 3403 Egressus

484 3418 597 3486 ejus
622 3417 895 3472 Chanaan.
931 3417 985 3473 Id
1020 3428 1103 3473 est
1145 3415 1313 3473 Judaei
1358 3418 1601 3473 serviunt
1629 3419 1786 3472 modo
1828 3417 2072 3474 ﬁdelibus
2173 3433 2247 3472 est
2268 3419 2452 3471 Assur.
2508 3417 2565 3474 ld
2594 3427 2694 3484 est,
2744 3419 3030 3488 imperium
3083 3420 3452 3492 Assyriorum,
3500 3423 3641 3494 quod
3663 3425 3776 3494 pri-

487 3526 550 3565 ex
577 3521 806 3582 utroque
830 3511 1048 3581 populo,
1080 3511 1204 3580 quia
1243 3511 1408 3566 libros
1429 3511 1730 3564 divinarum
1757 3509 2068 3579 Scriptura~
2174 3525 2320 3564 mum
2353 3509 2452 3564 fuit
2478 3512 2577 3565 sub
2604 3511 2762 3565 Nino.
2795 3510 2862 3564 Et
2905 3511 3186 3581 trdi/icavit
3239 3513 3491 3569 Niniven.
3545 3513 3775 3570 Niniven

487 3619 605 3656 rum
636 3617 742 3656 non
764 3601 886 3665 sibi,
921 3602 1015 3656 sed
1046 3601 1151 3656 illis
1187 3602 1515 3667 custodiunt,
1541 3609 1593 3655 et
1622 3601 1775 3671 quasi
1823 3600 2071 3656 scrinarii
2173 3607 2258 3653 est
2287 3598 2480 3653 civitas
2513 3599 2884 3672 Assyriorum.
2931 3601 3102 3657 Ninus
3139 3601 3252 3658 Beli
3309 3602 3452 3659 ﬁlius
3491 3603 3782 3660 aediﬁcavit

485 3700 614 3746 80111.
641 3706 850 3746 eorum.

1107 3781 1337 3839 CAPUT
1376 3781 1419 3836 X

557 3875 712 3930 Vers.
741 3875 796 3928 ‘2.
832 3871 958 3927 Filii
987 3873 1235 3944 Japheth.
1273 3873 1674 3930 Commemorat
1702 3874 1859 3930 modo
1887 3883 2074 3944 gentes

484 3966 824 4037 septuaginta
854 3967 987 4020 duas
1015 3981 1134 4036 qua:
1170 3981 1198 4018 a
1229 3966 1399 4022 tribus
1428 3964 1551 4021 ﬁliis
1577 3964 1690 4020 Noe
1715 3965 2078 4020 disseminata:

485 4067 612 4112 sunt
639 4067 759 4126 post
780 4057 1058 4112 diluvium.
1083 4057 1146 4112 Et
1171 4058 1405 4128 primum
1454 4056 1582 4111 dicit
1620 4055 1686 4110 de
1719 4053 1950 4132 Japhcth
1976 4037 2086 4108 mi!

485 4163 638 4214 nere,
673 4149 739 4204 de
776 4164 880 4218 quo
923 4148 1032 4202 nati
1065 4159 1268 4218 septem
1302 4147 1392 4201 ﬁlii
1423 4147 1512 4217 qui
1539 4154 1826 4201 tenuerunt
1862 4155 2076 4216 septen-

488 4241 770 4297 trionalem
798 4241 1071 4312 regionem
1122 4256 1152 4294 a
1195 4239 1373 4295 Tauro
1403 4249 1457 4293 et
1481 4239 1709 4293 Amcino
1737 4251 1760 4278 ιι
1805 4239 2078 4293 montibus

484 4323 686 4389 Cilicia:
732 4343 786 4388 ct
830 4333 1085 4404 Assyriae.
1136 4331 1345 4397 Gomer,
1407 4341 1464 4384 ut
1503 4330 1767 4400 Josephus
1794 4330 1939 4393 dicit,
1975 4329 2075 4400 ipsi

482 4436 607 4481 sunt
633 4424 837 4481 Galatae
865 4425 954 4495 qui
981 4424 1169 4480 Latine
1203 4423 1520 4495 Gallograeci
1572 4423 1843 4477 dicuntur.
1884 4420 2076 4491 Magog

482 4534 618 4587 quos
647 4519 863 4588 quidam
891 4525 1084 4586 putant
1113 4516 1462 4585 Massagetas.
1496 4514 1680 4568 Madai
1715 4512 1873 4580 Medi,
1904 4512 2076 4567 lavan

482 4607 665 4673 Jones,
687 4608 777 4678 qui
804 4616 859 4662 et
883 4606 1078 4671 Grmci,
1109 4623 1138 4661 a
1161 4607 1356 4678 quibus
1382 4604 1596 4660 Jonium
1631 4619 1778 4658 mare
1809 4613 1863 4659 et
1889 4604 2072 4673 quinta

483 4717 667 4756 eorum
691 4702 870 4773 lingua
891 4699 1078 4756 Jonica
1105 4701 1323 4756 dicitur.
1351 4699 1516 4754 Tubal
1531 4699 1709 4755 lberes
1728 4714 1864 4768 quos
1884 4697 2074 4769 Hispa-

483 4807 582 4845 nos
611 4791 858 4857 dicimus,
887 4789 1128 4845 Meosoch
1175 4790 1523 4861 Cappadoces
1552 4781 1781 4861 quorum
1812 4790 2077 4859 hodieque

483 4880 796 4950 metropolis
835 4881 1026 4936 civitas
1075 4879 1297 4934 Mazaca
1348 4880 1563 4934 dicitur.
1600 4878 1786 4934 Thiras
1817 4878 2074 4934 Thraces.

557 4968 707 5023 Vers.
735 4971 787 5024 5.
821 4968 948 5022 Filii
995 4968 1186 5025 Gomer
1206 4967 1452 5023 Ascenez.
1479 4967 1626 5036 Quos
1647 4967 1820 5023 Grieci
1845 4968 2077 5039 Reginus

483 5071 697 5114 vocant.
732 5059 960 5131 Riphath
987 5061 1377 5132 Paphlagones.
1412 5059 1671 5130 Togorma
1698 5060 1959 5132 Phryges.

554 5152 708 5208 Vers.
730 5152 782 5207 4.
797 5151 970 5207 Javan
987 5153 1088 5223 ﬁlii
1104 5154 1154 5220 δ,
1170 5151 1339 5220 Elisa,
1357 5169 1386 5208 a
1401 5167 1506 5224 quo
1522 5153 1702 5218 Elisei,
1722 5154 1772 5208 id
1786 5162 1889 5220 est,
1903 5153 2076 5209 Graeci

483 5244 573 5313 qui
605 5254 660 5299 et
695 5243 943 5299 Heliades
971 5245 1324 5316 appellantur.
1360 5245 1574 5300 Tharsis
1604 5245 1798 5302 Cilices
1844 5262 2071 5316 quorum

485 5335 675 5390 civitas
702 5345 784 5391 est
808 5335 1048 5393 Tharsus
1079 5339 1272 5394 nobilis
1301 5337 1468 5393 Paulo
1495 5338 1736 5408 apostolo
1768 5339 1891 5395 inde
1919 5349 2067 5394 nato.

483 5427 704 5482 Cellhim
774 5431 935 5485 Cithii
991 5447 1219 5502 quorum
1285 5432 1552 5503 hodieque
1595 5433 1786 5488 civitas
1833 5432 2068 5488 Cithium

483 5515 800 5586 appellatur,
828 5519 1088 5574 Dodanim
1123 5533 1143 5560 ε
1175 5521 1390 5577 Rhodii.

556 5604 707 5660 Vers.
735 5607 787 5659 li.
822 5607 1186 5683 Unusquisque
1221 5614 1504 5666 secundum
1547 5615 1798 5684 linguam.
1836 5615 1944 5672 Hoc
1972 5632 2069 5686 per

510 5838 515 5846 _
557 5778 579 5804 η
621 5765 752 5819 Cod.
789 5765 916 5834 Tag.
955 5767 1150 5833 Tauro,
1192 5770 1381 5826 Iit/tant
1417 5784 1465 5826 et
1509 5773 1702 5827 Eitlou.
1758 5773 1918 5829 Forte
1964 5775 2069 5846 leg.

482 5838 700 5891 Amano.

513 5929 516 5932 ’
555 5909 578 5946 δ
621 5905 857 5975 Uterque
887 5909 1006 5962 coJ.
1041 5907 1219 5963 Luban
1244 5913 1320 5982 ﬁl.

2175 3685 2370 3740 Ninum
2409 3701 2569 3758 quam
2593 3687 2802 3744 Hehrmi
2847 3689 3114 3744 Ninniven
3142 3691 3580 3762 appellaverunt.
3606 3691 3779 3746 luter-

2175 3785 2424 3847 pretatur
2448 3785 2628 3834 autem
2653 3788 2876 3850 propter
2914 3781 3288 3850 ptenitentiam
3312 3781 3550 3851 pulchra.

2251 3869 2404 3925 Vers.
2440 3872 2524 3926 l5.
2555 3871 2622 3925 At
2674 3889 2792 3927 vero
2827 3871 3078 3926 Mesraim
3108 3873 3285 3943 genuit
3331 3872 3541 3930 Ludint.
3582 3871 3778 3927 Ludim

2176 3974 2260 4020 est
2286 3964 2472 4036 Lybia,
2510 3981 2630 4036 qua:
2655 3966 2802 4036 prius
2828 3963 3005 4020 Phuth
3042 3967 3356 4021 vocabatur.

2249 4058 2404 4114 Vers.
2437 4061 2525 4115 iii.
2550 4059 2806 4115 Chanaan
2849 4061 2994 4130 ﬁlius
3019 4061 3183 4115 Citam
3227 4063 3406 4132 genuit
3433 4061 3700 4116 Sidonent.
3729 4061 3770 4114 A

2176 4165 2283 4220 quo
2313 4148 2500 4215 Sidon,
2530 4151 2720 4206 civitas
2745 4150 3038 4207 thnicis.

2243 4239 2400 4296 Vers.
2460 4240 2545 4296 18.
2579 4239 2786 4295 Aradii.
2818 4241 2921 4313 lpsi
2946 4251 3070 4296 sum
3117 4243 3208 4312 qui
3246 4242 3484 4297 Aradum
3540 4242 3772 4297 insulam

2179 4342 2488 4388 tenuerunt.

2247 4425 2403 4480 Vers.
2435 4424 2520 4479 l9.
2550 4423 2836 4480 Sodomatn
2867 4434 2914 4478 et
2947 4421 3317 4478 Gomorrham.
3356 4423 3476 4480 ista:
3521 4424 3772 4480 civitates

2177 4525 2320 4570 nota:
2359 4523 2484 4570 sunt
2524 4515 2744 4569 interitu
2794 4531 2905 4570 sua:
2956 4513 3343 4569 subversionis.
3369 4515 3690 4570 Samariten.
3725 4517 3774 4570 Λ

2178 4623 2285 4677 quo
2313 4606 2576 4672 Samaria,
2602 4622 2721 4676 qum
2741 4607 2819 4663 sic
2845 4616 3068 4662 vocatur
3084 4615 3138 4660 et
3177 4606 3417 4676 Assyriis
3435 4613 3488 4661 et
3501 4606 3768 4661 Hebrteis.

2179 4700 2329 4754 Dicta
2347 4708 2430 4754 est
2451 4707 2629 4755 autem
2655 4699 2942 4754 Antiochia
2966 4697 3046 4754 vel
3066 4697 3384 4768 Epiphania.
3409 4697 3767 4753 Amathtrum.

2177 4789 2541 4847 Hmcuomina
2592 4791 2936 4860 ignorantur,
2959 4788 3044 4844 vel
3084 4789 3210 4858 quia
3263 4787 3450 4843 deletae
3478 4796 3604 4842 sunt
3652 4788 3770 4843 ista}

2176 4892 2362 4954 gentes
2427 4883 2570 4938 bello
2617 4881 2963 4954 Ethiopico,
3017 4881 3100 4937 vel
3152 4882 3276 4953 quia
3308 4881 3592 4952 ignoratur
3646 4895 3770 4952 quae

2177 4979 2395 5034 nemina
2421 4994 2564 5033 nunc
2592 4979 2827 5035 habeant

2192 5103 2194 5106 ν
2252 5070 2410 5124 V’ers.
2452 5069 2545 5124 21.
2595 5068 2673 5123 De
2721 5067 2842 5124 Sent
2872 5086 3072 5140 quoque
3102 5069 3213 5124 nati
3258 5079 3402 5132 sunt,
3445 5082 3582 5138 quos
3622 5081 3766 5122 nunc

2178 5159 2439 5222 dicemus,
2487 5160 2575 5230 qui
2607 5159 2706 5229 fuit
2755 5169 2904 5229 pater
2939 5159 3171 5212 omnium
3212 5156 3447 5227 ﬁliorum
3492 5155 3685 5219 Heber,
3713 5164 3768 5210 et

2175 5246 2347 5302 frater
2372 5247 2782 5317 majorminoris
2803 5233 2990 5302 fratris
3021 5246 3274 5318 Japbeth.
3315 5245 3439 5302 Ideo
3487 5254 3671 5300 autem
3699 5244 3768 5299 de

2177 5341 2280 5396 hoc
2305 5342 2598 5398 novissime
2624 5340 2835 5396 locutus
2854 5349 2960 5407 est,
2990 5339 3115 5410 quia
3142 5339 3209 5393 de
3234 5338 3393 5394 istius
3409 5334 3766 5407 generatione

2173 5439 2449 5494 locuturus
2475 5447 2667 5494 eratet
2709 5435 2867 5506 hujus
2892 5435 3088 5490 lineam
3123 5442 3529 5504 prosecuturus.

2252 5522 2404 5585 Vers.
2433 5530 2523 5584 22.
2547 5526 2676 5582 Filii
2705 5526 2827 5583 Sent
2852 5526 2926 5581 [Ε
2931 5526 3058 5580 lam.
3087 5525 3131 5577 A
3157 5539 3267 5593 quo
3293 5521 3586 5584 Elamitaz,
3605 5519 3658 5572 id
3683 5525 3769 5572 est

2175 5620 2446 5691 principes
2470 5618 2725 5675 Persidis.
2750 5617 2932 5671 Assur.
2957 5616 3032 5670 De
3053 5615 3154 5670 hoc
3181 5613 3432 5683 superius
3459 5611 3661 5666 dictum
3685 5617 3768 5663 est

2261 5791 2281 5816 ·
2327 5780 2458 5834 Cod.
2490 5777 2652 5832 Gttt'sl
2674 5777 2957 5832 Dodamin.
2985 5776 3244 5845 'l‘cgcrus.
3281 5773 3583 5829 Dotlamim.

2251 5849 2276 5887 ἀ
2322 5849 2559 5920 [ίιοιηιιο
2590 5849 2733 5912 cud.,
2767 5846 3026 5901 Manrolh.
3079 5891 3094 5902 κ
