3986 5630
234 333 297 388 81
1400 322 1825 401 (ΣΟΜΜΕῌΤΑΒ

1980 320 2044 376 1N
2084 321 2402 381 GENESINI.
3428 343 3495 400 εξ

236 450 381 518 quod
410 447 759 503 mdillcaverit
783 446 1028 503 Niniven.
1054 449 1355 518 .lrp/m.cad.
1375 447 1414 500 Δ
1442 442 1819 515 quoClialdzei,
1850 436 1901 498 A
1930 440 2040 510 ipsa
2073 452 2153 496 est
2178 442 2353 496 Jesca.
2386 445 2510 499 Fuit
2538 446 2678 501 enim
2730 447 3019 507 diunomia.
3053 449 3102 503 id
3130 457 3211 502 est
3240 448 3501 509 binomia.

235 551 288 594 et
320 539 458 594 Lud.
486 542 524 594 A
552 554 657 609 quo
685 540 858 611 Lydii.
878 542 1037 594 .lran.
1071 541 1112 595 A
1137 556 1242 610 quo
1270 538 1409 611 Syri.

308 632 468 688 V'ers.
493 634 583 688 25.
619 633 749 688 Filii
768 635 911 687 Arun
950 618 1086 689 llus.
1112 636 1156 689 A
1196 649 1303 705 quo
1329 645 1466 687 terra
1492 630 1608 685 Hus
1650 646 1700 685 m
1729 626 1830 683 Job

235 723 454 795 legitur,
502 742 663 796 quam
698 725 840 779 LXX
880 735 1077 779 terram
1102 725 1371 795 appellant
1423 723 1720 784 Ausititem,
1776 717 1827 771 id

234 821 316 867 est
339 814 670 869 Australem.
694 815 756 869 Et
794 814 922 871 Hul.
951 816 989 868 A
1009 834 1113 887 quo
1134 816 1396 872 Armenii.
1420 815 1627 873 Cether.
1652 817 1692 871 A
1724 830 1831 885 quo

233 906 531 960 Acarnani.
592 907 745 963 .llesi.
780 908 926 974 Quos
978 909 1121 966 LXX
1153 910 1368 965 Mosoch
1400 918 1611 965 vocant.
1646 910 1697 963 id
1725 919 1829 975 est,

233 994 499 1055 Mmones.

313 1091 467 1145 Vers.
493 1090 585 1145 25.
611 1090 742 1145 Nati
764 1102 880 1145 sunt
911 1090 1082 1145 Ileber
1102 1093 1205 1145 duo
1218 1090 1336 1159 ﬁlii.
1365 1089 1536 1145 [leber
1556 1101 1827 1154 transttor,

236 1200 265 1237 a
297 1200 408 1253 quo
431 1183 641 1237 llehrzei
698 1184 1023 1238 transitores.
1073 1182 1196 1237 Veri
1232 1182 1439 1237 Hebraei
1483 1192 1608 1236 sunt
1638 1183 1727 1252 qui
1766 1182 1831 1237 de

235 1277 598 1346 praesentibus
627 1276 690 1331 ad
713 1275 915 1341 futura,
940 1278 1006 1331 de
1041 1276 1261 1331 caducis
1276 1276 1340 1330 ad
1366 1290 1619 1330 mansura
1650 1285 1830 1330 trans-

234 1371 370 1425 itum
405 1370 628 1427 faciunt.
666 1369 865 1442 Phaleg
907 1371 1115 1426 divisio.
1140 1370 1253 1426 Sub
1280 1371 1383 1426 isto
1408 1370 1553 1425 enim
1577 1369 1715 1424 facta
1749 1376 1832 1425 est

234 1467 433 1523 divisio
462 1467 787 1538 linguarum.
936 1506 949 1516 .

847 1536 1078 1594 CAPUT
1113 1536 1202 1591 XI.

326 1646 467 1687 vers.
526 1632 576 1685 1.
628 1632 760 1686 Erat
811 1641 949 1686 terra
1003 1632 1129 1685 labii
1162 1632 1337 1685 unius.
1391 1629 1445 1685 ld
1484 1638 1585 1692 est,
1638 1628 1832 1698 linguae

240 1724 483 1780 Hebraea)
504 1739 624 1794 qua:
653 1723 791 1777 facta
831 1723 1093 1778 divisione
1131 1723 1429 1794 linguarum
1469 1720 1708 1776 creditur
1740 1733 1828 1774 re-

239 1815 511 1870 mansisse
559 1815 611 1870 in
643 1815 843 1869 familia
892 1814 1107 1870 lleher:
1143 1830 1249 1885 qua
1292 1814 1456 1869 etiam
1502 1813 1681 1883 lingua
1733 1812 1826 1867 Dei
1857 1798 1906 1859 Β

239 1906 408 1960 Filius
436 1906 503 1959 ad
551 1905 797 1960 homines
843 1905 1068 1960 veniens
1115 1904 1446 1974 pnediuavit.
1493 1902 1831 1958 Conveniens

238 1999 384 2056 enim
414 2008 532 2053 erat
562 2005 642 2062 ut,
674 1998 725 2052 in
755 2014 858 2068 qua
880 1998 1060 2068 lingua
1088 1998 1255 2052 Adam
1300 1996 1497 2051 diaboli
1523 1997 1829 2052 suasionem

240 2090 517 2154 audierat,
545 2088 601 2143 in
627 2088 815 2144 eadem
845 2087 1024 2159 lingua
1056 2088 1349 2143 Salvatoris
1375 2087 1678 2157 perciperet
1701 2100 1832 2154 prie-

236 2181 586 2236 dicationem.
612 2179 720 2234 Nec
769 2180 1055 2235 dicendum
1092 2189 1177 2235 est
1220 2179 1341 2234 novi
1388 2178 1589 2248 aliquid
1640 2178 1833 2233 fecisse

238 2274 431 2337 Deum,
462 2272 681 2343 quando
711 2272 1014 2344 linguarum
1045 2272 1185 2328 facta
1217 2281 1301 2326 est
1322 2271 1537 2335 divisio,
1580 2270 1672 2326 sed
1723 2286 1833 2325 mo-

238 2366 337 2419 dos
363 2373 417 2418 et
432 2364 635 2420 formas
662 2364 992 2419 locutionum
1038 2363 1283 2419 divisisse
1311 2362 1430 2417 aliis
1451 2361 1829 2417 intellectibus.

239 2450 396 2509 Unde
441 2462 498 2508 et
534 2454 722 2508 eadem
778 2454 943 2509 verba
997 2454 1050 2508 in
1101 2453 1331 2508 diversis
1388 2452 1637 2507 sensibus
1691 2452 1832 2519 apud

237 2547 487 2601 diversas
515 2554 703 2617 gentes
754 2544 1121 2600 inveniuntur.
1174 2543 1309 2598 Nam
1363 2543 1504 2597 alma
1550 2544 1691 2613 apud
1724 2542 1832 2598 lle--

237 2637 415 2694 bra-os
441 2644 662 2701 secreta,
699 2636 841 2705 apud
882 2634 1104 2691 Latinos
1136 2644 1317 2690 sancta
1369 2634 1586 2690 dicitur.
1642 2634 1835 2690 Sidera

237 2729 407 2785 stellae
434 2739 702 2784 vocantur
724 2744 753 2782 a
777 2727 1010 2793 Latinis,
1042 2744 1071 2782 a
1094 2727 1299 2784 Graecis
1328 2727 1516 2797 ferrea.
1543 2727 1599 2783 ln
1629 2727 1835 2785 Graecis

236 2820 513 2875 habetur:
553 2818 751 2873 rhabdo
783 2819 976 2874 sidera.

362 2927 466 2968 :rs.
516 2912 573 2966 4.
630 2910 916 2967 Faciamus
982 2913 1129 2968 nobis
1172 2914 1379 2967 turrim.
1430 2910 1718 2968 Timebant
1767 2928 1836 2968 ne

240 3004 447 3073 iterum,
466 3004 927 3068 ﬁeretdiluvium,
957 3015 1011 3061 et
1040 3005 1160 3061 ideo
1207 3014 1428 3061 auctore
1475 3004 1709 3062 Nemrod
1736 3021 1832 3061 vo-

239 3094 457 3159 luerunt
478 3097 675 3151 turrim
708 3097 885 3152 facere
911 3097 1230 3153 altissimam
1262 3098 1316 3152 in
1347 3113 1474 3167 qua,
1499 3098 1542 3152 si
1573 3097 1831 3152 diluvium

1930 531 2091 602 Cujus
2120 549 2272 589 soror
2298 535 2397 589 fuit
2428 536 2631 592 Melcha
2660 553 2821 607 quam
2854 539 3006 593 duxit
3044 538 3275 594 Narhur.

2520 630 2746 686 CAPUT
2788 632 2879 688 Xll

2015 734 2157 773 vers.
2193 735 2245 774 ο.
2276 722 2590 775 oenedicam
2634 722 2984 779 benedicentes
3016 737 3084 788 te,
3121 737 3167 779 et
3201 724 3509 778 maledicam

1934 809 2361 865 maledicentibus
2407 822 2474 866 te.
2529 812 2655 866 Duae
2694 815 3139 883 repromissiones
3188 815 3341 870 factrc
3388 822 3513 868 sunt

1933 899 1999 952 ad
2035 899 2352 953 Abraham:
2384 918 2486 955 una
2537 910 2771 968 terrena,
2822 918 2924 972 qua
2971 906 3018 959 ei
3066 916 3207 959 terra
3256 904 3511 959 Chanaan

1936 992 2258 1061 repromissa
2291 1002 2395 1058 est,
2423 1009 2544 1049 cum
2581 995 2780 1051 dictum
2812 1005 2928 1051 est:
2964 997 3224 1066 Egredere
3266 998 3329 1051 de
3373 1011 3512 1049 terra

1932 1096 2023 1139 tua
2053 1095 2098 1140 et
2127 1088 2452 1157 cognatione,
2492 1096 2596 1143 etc.
2628 1089 2743 1142 Alia
2775 1104 2894 1158 qua:
2940 1090 3114 1160 major
3143 1098 3225 1144 est
3254 1098 3309 1144 et
3350 1086 3513 1156 spiri-

1937 1178 2073 1242 talis,
2116 1194 2220 1249 qua
2258 1179 2459 1234 dictum
2486 1190 2569 1235 est
2594 1195 2607 1233 :
2637 1180 2947 1236 Benedicam
2975 1182 3089 1247 tibi,
3119 1192 3176 1235 ut
3196 1191 3339 1235 esset
3368 1179 3517 1233 vidc-

1935 1268 2061 1323 licet
2086 1278 2241 1337 pater
2264 1269 2465 1325 Christi
2494 1279 2547 1324 et
2565 1272 2803 1326 omnium
2834 1272 2885 1326 in
2912 1272 3126 1327 Christo
3152 1272 3510 1327 credentium.

1936 1358 2041 1414 Sed
2069 1360 2252 1414 ethoc
2283 1360 2576 1415 notandum
2605 1363 2729 1432 quia
2772 1362 2882 1431 jam
2931 1378 3179 1435 egressus
3229 1365 3403 1417 fuerat
3451 1362 3515 1415 de

1936 1461 2079 1507 terra
2107 1466 2204 1506 sua
2229 1455 2441 1520 quando
2464 1453 2513 1508 ei
2548 1453 2747 1509 dictum
2772 1453 2945 1508 fuerat
2970 1473 2981 1507 :
3010 1454 3270 1524 Egredere
3291 1453 3353 1506 de
3375 1462 3515 1506 terra

1934 1552 2043 1596 tua.
2078 1541 2183 1597 Sed
2210 1542 2282 1596 ibi
2309 1558 2561 1614 egressus
2590 1559 2836 1613 corpore,
2873 1544 2961 1599 hic
2990 1560 3116 1599 vero
3140 1554 3318 1599 mente
3347 1550 3400 1595 et
3430 1557 3516 1594 vo-

1933 1633 2159 1691 luntate.
2176 1634 2446 1690 Fortassis
2471 1637 2645 1691 adhuc
2667 1636 2900 1691 habebat
2926 1635 3176 1691 affectum
3208 1632 3514 1690 revertendi

1935 1729 2062 1785 illuc
2100 1730 2316 1799 quando
2354 1729 2554 1785 dictum
2580 1739 2701 1785 est:
2743 1729 3019 1800 Egredere.
3045 1760 3113 1770 -——
3138 1728 3203 1782 In
3242 1738 3289 1781 te
3312 1726 3520 1781 benedi-

1932 1832 2115 1877 centur
2141 1821 2396 1875 universa:
2425 1822 2757 1891 cognationes
2782 1831 2885 1876 tua:
2908 1835 2925 1872 :
2956 1820 3079 1890 quia
3132 1820 3196 1875 de
3227 1820 3342 1888 ipso
3364 1817 3520 1873 Chri-

1933 1920 2049 1966 stus
2079 1916 2197 1965 erat
2226 1908 2535 1964 nasciturus
2557 1924 2652 1978 per
2690 1924 2850 1978 quem
2892 1916 3101 1964 cunctae
3140 1906 3519 1979 generationes

1932 2000 2361 2057 benedictionem
2400 2000 2678 2069 percipere
2714 2000 3028 2055 debuerant.
3494 2064 3500 2075 ι

2003 2092 2157 2149 Vcrs.
2190 2093 2243 2146 4.
2278 2092 2534 2163 Egressus
2564 2101 2636 2145 est
2665 2091 2928 2145 Abraham
2956 2101 3001 2145 et
3032 2108 3147 2144 cum
3171 2108 3227 2144 eo
3256 2089 3368 2143 Lot.
3404 2087 3521 2143 Sci-

1933 2183 2058 2238 licet
2090 2192 2269 2237 mente
2300 2181 2560 2236 deliniens
2593 2188 2649 2234 ut
2684 2196 2959 2251 nunquam
2992 2178 3115 2234 illuc
3155 2179 3377 2234 rediret.
3416 2178 3518 2231 Su-

1932 2276 2115 2345 perius
2141 2274 2347 2329 exierat
2376 2288 2625 2335 cornere,
2649 2287 2790 2326 nunc
2820 2286 2946 2325 vero
2972 2280 3149 2325 mente
3177 2268 3522 2340 pra-cipicnte

1932 2358 2180 2421 Domino.

2004 2456 2158 2512 Vers.
2197 2454 2247 2509 6.
2280 2453 2625 2510 Pertransivit
2664 2471 2825 2526 usque
2855 2454 2922 2507 ad
2960 2453 3131 2507 locum
3166 2452 3394 2508 Sichem.
3431 2452 3488 2507 Si
3502 2481 3520 2491 -

1933 2548 2080 2602 chem
2106 2547 2298 2602 civitas
2326 2554 2431 2611 est,
2481 2562 2600 2617 quae
2629 2563 2657 2600 a
2695 2545 3015 2615 quibusdam
3048 2553 3299 2615 corrupte
3333 2545 3525 2600 Sic/car

1936 2641 2153 2695 dicitur.
2179 2639 2569 2709 Interpretatur
2612 2648 2790 2694 autem
2821 2640 3086 2694 humerus.
3120 2637 3419 2693 Convaltem
3456 2636 3519 2690 il-

1934 2730 2147 2785 lustrem
2177 2730 2489 2801 Pentapolin
2516 2732 2664 2797 dicit,
2700 2747 2821 2802 qua:
2858 2746 2999 2786 nunc
3022 2739 3105 2786 est
3130 2748 3273 2785 mare
3300 2730 3439 2785 Satis
3465 2738 3521 2786 ct

1936 2819 2206 2873 Mortuum
2236 2818 2450 2885 dicitur,
2506 2828 2559 2874 et
2597 2820 2743 2874 lacus
2792 2818 3029 2890 Asphalti
3079 2827 3135 2874 et
3184 2818 3328 2873 lacus
3378 2817 3520 2873 Sali-

1937 2928 2146 2965 narum.

2006 3001 2161 3056 Vers.
2195 3001 2247 3055 7.
2279 3002 2633 3074 Apparuitque
2658 3001 2916 3057 Dominus
2953 3003 3235 3057 Abraham.
3280 3003 3442 3057 Recte
3470 3003 3519 3057 ei

1939 3090 2196 3148 Dominus
2224 3094 2490 3164 apparuit,
2537 3093 2627 3163 qui
2662 3093 2979 3149 rcnuntians
3009 3092 3323 3148 idololatriae
3353 3093 3523 3147 altare

239 3189 438 3253 iterum
510 3190 705 3253 lierct;
756 3189 1118 3243 salvarentur.
1172 3188 1419 3243 Bitumen
1475 3188 1618 3242 enim
1675 3159 1904 3257 aquisC
1937 3184 2163 3240 Domino
2193 3184 2497 3240 azdilicavit.

242 3279 459 3335 dissolvi
487 3295 591 3334 non
626 3287 857 3348 poterat.
885 3278 1039 3334 Nulla
1089 3280 1232 3335 enim
1264 3294 1323 3334 re
1368 3277 1585 3334 dissolvi
1632 3285 1829 3346 potest,

240 3379 527 3442 postquam
556 3370 815 3425 siccatum
839 3368 1004 3425 fuerit
1045 3370 1157 3425 nisi
1174 3378 1453 3427 menstruo
1480 3368 1760 3439 sanguine.

311 3462 472 3517 Vers.
528 3461 581 3515 5.
630 3460 927 3526 Descendit,
977 3471 1033 3515 ut
1077 3462 1285 3516 videret.
1322 3461 1643 3516 Descendere
1693 3461 1834 3516 Deus

239 3553 443 3608 dicitur
463 3553 693 3621 quando,
724 3567 786 3608 se
840 3552 1088 3609 sensibus
1114 3553 1198 3609 vel
1226 3554 1480 3623 operibus
1527 3553 1834 3609 commodat

240 3643 517 3707 humanis,
541 3644 681 3698 sicut
708 3644 774 3698 ad
798 3642 1016 3713 Moysen
1048 3643 1185 3698 dixit
1209 3663 1220 3697 :
1260 3643 1453 3698 Videas
1480 3644 1583 3698 vidi
1599 3644 1832 3715 afﬂictio-

240 3751 354 3788 nem
376 3735 558 3805 pepuli
581 3735 705 3798 mei,
726 3743 774 3787 et
797 3735 1039 3790 descendi
1061 3735 1283 3790 liberare
1309 3752 1393 3791 eos
1412 3734 1611 3805 (Exod.
1644 3751 1725 3797 Ill,
1751 3733 1829 3803 8).

236 3823 304 3887 Et
335 3824 403 3879 de
433 3822 727 3880 Sodomitis
766 3825 964 3882 dictum
1010 3833 1091 3881 est
1123 3844 1135 3880 :
1170 3825 1517 3891 Descendam,
1561 3834 1609 3882 et
1654 3825 1831 3879 videbo

236 3925 418 3968 utrum
453 3930 571 3968 eum
602 3913 884 3968 clamorem
941 3916 1031 3985 qui
1056 3916 1189 3970 venit
1231 3916 1299 3969 ad
1329 3932 1408 3971 me
1428 3930 1579 3985 opere
1604 3913 1830 3984 comple-r

236 4006 402 4059 verint
434 4001 588 4072 (Gen.
616 4021 772 4071 xvm,
799 4006 912 4075 21).
963 4006 1027 4060 Ει
1056 4016 1179 4061 nota
1233 4006 1284 4061 in
1339 4006 1691 4077 sequentibus
1743 4005 1832 4059 hic

238 4094 557 4165 mysterium
599 4094 883 4149 Trinitatis
918 4095 1305 4160 commendari,
1353 4111 1477 4150 curn
1505 4095 1667 4150 dicit:
1702 4095 1831 4151 Des-

236 4185 522 4239 cendamus
553 4196 600 4239 et
622 4185 1027 4256 confundamus.
1058 4185 1282 4258 Mystice
1298 4186 1460 4242 turris
1483 4187 1597 4241 haec
1644 4187 1830 4240 mundi

236 4279 547 4349 superbiam
600 4278 797 4349 signat,
843 4277 957 4334 sive
1000 4280 1162 4334 etiam
1195 4278 1483 4335 elationem
1545 4278 1830 4342 haereticoe

237 4386 354 4424 rum
372 4371 465 4441 qui
498 4370 691 4424 turrim
721 4370 871 4440 pravi
910 4370 1178 4442 dogmatis
1209 4378 1395 4425 contra
1437 4370 1605 4425 Deum
1644 4370 1831 4436 volunt

236 4461 523 4535 :edilicare.
554 4459 684 4527 Quae
716 4460 909 4515 merito
938 4463 1098 4534 turris
1135 4460 1319 4527 Babel,
1368 4461 1419 4515 id
1451 4460 1827 4529 estgconfusio-
1858 4459 1900 4535 ,ζ

237 4552 320 4609 Itis
369 4551 691 4621 appellatur.
723 4549 957 4620 Profecti
990 4561 1109 4605 sunt
1158 4561 1332 4605 autem
1354 4551 1417 4605 de
1439 4550 1669 4616 Oriente,
1702 4551 1828 4621 quia

237 4656 425 4697 verum
478 4640 644 4696 solem
694 4640 1051 4709 reliquerunt.
1089 4639 1404 4711 Invenerunt
1430 4656 1669 4710 campum
1701 4638 1830 4709 Sen-

238 4749 393 4797 naar,
409 4732 499 4802 qui
522 4732 909 4802 interpretatur
930 4732 1062 4800 fetor
1077 4730 1158 4786 vel
1182 4731 1418 4785 excussio
1434 4730 1688 4796 dentium,
1703 4730 1829 4803 quia

235 4825 487 4896 dogmata
506 4824 891 4880 haereticorum
922 4837 1025 4877 non
1041 4822 1239 4879 bonum
1261 4822 1460 4878 Christi
1475 4821 1719 4887 odorem,
1738 4821 1832 4877 sed

236 4914 459 4972 fetorem
504 4915 728 4982 habent,
775 4923 831 4969 et
879 4916 1175 4972 amiserunt
1207 4916 1396 4971 dentes
1438 4915 1634 4985 quibus
1682 4914 1832 4972 cibos

238 5009 390 5064 verbi
421 5008 517 5063 Dei
555 5007 973 5064 commolerent.
1454 5011 1458 5015 ’

307 5100 460 5156 Vers.
490 5100 579 5157 28.
608 5100 860 5156 Mortuus
888 5108 961 5153 est
991 5099 1135 5154 Aran
1168 5109 1217 5154 et
1265 5098 1435 5153 Thare
1478 5100 1533 5153 in
1564 5097 1642 5153 Ur
1664 5095 1828 5151 Chal-

232 5192 489 5247 daeorum.
510 5191 758 5247 Tradunt
772 5188 983 5244 Hebraei
1008 5190 1149 5260 quod
1164 5190 1438 5245 Abraham
1459 5198 1515 5246 et
1542 5190 1690 5245 Aran
1714 5188 1825 5242 fra-

235 5291 361 5348 tres,
405 5298 526 5338 cum
557 5282 768 5339 nollent
792 5280 967 5351 ignem
1000 5281 1248 5347 adorare,
1288 5282 1343 5336 in
1370 5282 1547 5354 ignem
1602 5278 1827 5355 projecti

231 5384 357 5431 sunt
384 5392 452 5431 ex
478 5392 587 5447 quo
618 5375 920 5430 miserante
962 5373 1070 5429 Deo
1111 5374 1390 5429 Abraham
1416 5376 1614 5431 illmsus
1637 5373 1825 5430 exivit.

232 5464 384 5522 Unde
407 5473 461 5521 et
473 5481 613 5536 stupe
628 5464 778 5520 Deus
804 5459 872 5515 ad
895 5460 1040 5517 illum
1064 5464 1234 5519 dicit:
1262 5462 1373 5534 Ego
1399 5482 1514 5519 sum
1564 5465 1704 5520 Deus
1739 5460 1829 5533 qui

234 5566 281 5592 sa
307 5556 469 5592 Α-οὸηοιὲ
497 5552 578 5592 ’μ’
606 5551 685 5592 ῘῙν
712 5548 1103 5596 ("sabinum-qm-
1173 5553 1312 5602 Aron
1366 5570 1495 5610 vero
1522 5556 1644 5622 igne
1696 5567 1828 5607 con-

2008 3271 2160 3328 Vers.
2182 3273 2235 3328 8.
2252 3274 2327 3327 Ab
2346 3273 2623 3329 Occidente
2643 3275 2837 3329 habens
2857 3273 3055 3339 Bethet,
3073 3274 3135 3327 ab
3153 3270 3364 3327 Oriente
3393 3270 3517 3324 Hui.

1938 3363 2116 3418 Bethel
2142 3364 2331 3419 civitas
2355 3374 2437 3419 est
2467 3365 2519 3419 in
2550 3367 2692 3420 tribu
2717 3366 2993 3436 Benjamin
3016 3382 3136 3436 qua:
3162 3376 3317 3420 antea
3352 3363 3521 3429 Luzn,

1935 3455 1987 3510 id
2017 3462 2099 3510 est
2151 3455 2462 3527 amygdalus
2510 3457 2824 3513 vocabatur.
2870 3456 2981 3511 Hai
3029 3458 3221 3512 civitas
3270 3457 3321 3511 in
3379 3457 3518 3511 tribu

1934 3552 2069 3608 Juda
2100 3562 2186 3607 est
2212 3553 2527 3608 constituta.
2564 3552 2744 3608 Bethel
2780 3552 3167 3628 interpretatur
3209 3552 3394 3606 domus
3429 3550 3524 3629 Dei

1936 3657 2058 3712 qua:
2086 3650 2269 3711 postea
2300 3641 2562 3697 Bethaven
2591 3650 2781 3698 vocata
2818 3649 2922 3708 est,
2958 3642 3009 3697 id
3039 3651 3121 3697 est
3149 3642 3334 3696 domus
3370 3640 3517 3695 idoli.

1936 3729 2034 3785 llai
2080 3730 2260 3786 oculus
2291 3732 2535 3801 velfons
2573 3734 2981 3802 interpretatur.
3032 3733 3173 3804 Ergo
3212 3732 3519 3802 patriarcha

1935 3821 2159 3875 tendens
2200 3821 2267 3875 ad
2299 3829 2495 3875 terram
2542 3821 2917 3891 promissionis
2948 3823 3173 3878 tetendit
3206 3824 3522 3879 tabernacu-

1932 3911 2042 3966 lum
2088 3911 2229 3965 inter
2272 3910 2458 3965 Bethel
2504 3922 2558 3967 et
2606 3912 2704 3968 llai
2754 3914 2881 3983 quia
2939 3914 3109 3970 sancti
3142 3929 3331 3969 omnes
3375 3914 3520 3968 fonte

1894 4030 1895 4033 η
1933 4000 2273 4071 baptismatis
2316 4003 2637 4072 regenerati,
2683 4010 2739 4058 et
2785 4018 3003 4058 cursum
3054 4002 3212 4071 hujus
3246 4004 3369 4058 vitae
3411 4004 3522 4059 Cir-‘-

1933 4100 2241 4162 cumspecte
2267 4103 2486 4164 agentes
2512 4094 2580 4149 ad
2606 4094 2701 4148 Dei
2728 4094 3131 4150 tabernaculum
3159 4103 3214 4149 et
3253 4094 3319 4149 ad
3354 4090 3521 4151 caele;

1930 4191 2065 4238 stem
2093 4191 2385 4252 properant
2423 4182 2715 4238 civitatem.
3508 4192 3511 4195 ’

2004 4269 2156 4325 Vers.
2192 4271 2277 4324 15.
2308 4270 2427 4335 Dic,
2474 4270 2705 4336 obsecro,
2735 4271 2875 4342 quod
2908 4288 3059 4326 soror
3096 4289 3210 4327 mea
3238 4273 3329 4327 sis.
3364 4271 3520 4340 Quae-

1933 4369 2060 4414 runt
2088 4360 2307 4430 quidam
2338 4376 2435 4416 cur
2463 4369 2681 4416 sanctus
2715 4362 3027 4433 patriarcha
3068 4362 3284 4417 mentiri
3332 4362 3519 4417 volue-

1936 4454 2009 4508 rit
2033 4462 2091 4507 ut
2122 4453 2319 4509 diceret
2364 4454 2556 4508 Saram
2587 4468 2829 4509 sororem
2882 4468 3055 4516 suam,
3089 4461 3145 4508 et
3183 4466 3288 4507 non
3342 4454 3521 4523 potius

1935 4548 2037 4603 hoc
2065 4548 2175 4602 Deo
2204 4546 2538 4607 eorumiserit
2565 4546 2657 4616 qui
2686 4559 2740 4602 et
2778 4546 2895 4617 ejus
2938 4546 3102 4601 vitam
3142 4553 3198 4600 et
3228 4546 3370 4602 illius
3400 4558 3519 4602 ser-

1935 4654 2064 4694 vare
2125 4647 2339 4708 poterat
2389 4640 2708 4694 castitatem.
2765 4638 2822 4693 lu
2869 4655 2976 4710 quo
3024 4641 3327 4709 ostenditur
3387 4641 3515 4711 quia

1935 4727 2171 4796 quandiu
2218 4728 2478 4783 habemus
2527 4727 2670 4798 quod
2713 4744 2777 4783 ex
2820 4729 3030 4784 ratione
3076 4728 3361 4795 faciamus,
3412 4746 3517 4785 non

1936 4816 2194 4872 debemus
2223 4816 2392 4871 Deum
2438 4826 2669 4882 tentare,
2715 4817 2807 4873 sed
2841 4818 2941 4888 ipsi
2974 4828 3170 4875 nostrae
3205 4818 3364 4873 saluti
3397 4832 3521 4889 pro.

1935 4907 2140 4962 videre.
2189 4907 2597 4981 Quodammodo
2632 4908 2796 4962 Deum
2840 4916 3120 4976 tentasset,
3160 4908 3206 4964 si
3236 4922 3356 4963 eam
3389 4895 3525 4961 υχοῖ

1934 5014 2049 5054 rem
2076 4997 2543 5069 suam‘confessus
2585 4998 2798 5064 fuisset,
2832 5000 2964 5056 duas
2994 5001 3105 5057 Deo
3145 5014 3230 5055 res
3271 4999 3523 5053 commit-

1936 5098 2076 5157 tens,
2120 5105 2274 5145 suam
2324 5092 2488 5145 vitam
2536 5100 2591 5146 et
2636 5090 2779 5146 illius
2816 5093 3141 5149 castitatem.
3198 5090 3344 5145 Fecit
3395 5103 3527 5160 ergo

1935 5197 2032 5251 pro
2075 5183 2185 5236 vita
2233 5182 2374 5252 quod
2409 5183 2629 5252 potuit:
2678 5183 2819 5251 quod
2862 5200 2994 5239 vero
3040 5198 3141 5237 nou
3189 5178 3363 5249 potuit
3422 5180 3532 5234 Deo

1934 5273 2226 5339 commisit,
2259 5281 2461 5339 certus,
2501 5275 2548 5329 si
2590 5272 2770 5337 vellet,
2800 5274 2963 5328 etiam
3014 5270 3152 5341 apud
3180 5268 3531 5324 Pharaonem

1935 5369 2053 5438 ejus
2082 5368 2395 5438 pudicitiam
2425 5380 2749 5423 conservare
2775 5374 2976 5435 posset.

2009 5460 2164 5518 Vers.
2214 5462 2301 5517 15.
2372 5460 2652 5516 Translata
2702 5468 2775 5513 est
2830 5459 2884 5512 in
2925 5458 3138 5511 domum
3196 5451 3533 5511 Pharaonis.

1939 5555 2201 5613 Excusari
2232 5564 2413 5627 potest
2440 5556 2574 5613 Sara
2619 5555 2673 5610 in
2723 5553 2825 5608 hoc
2852 5554 2996 5623 quod
3028 5553 3083 5608 in
3126 5552 3343 5608 domum
3380 5550 3533 5609 Pha-
