4026 6472
306 358 384 415 ss
912 336 953 343 "
1455 344 1999 407 COMMENTARIUS
2034 344 2101 401 IN
2139 342 2457 400 GENESIM.
3515 349 3583 405 εδ

380 473 551 531 Vers.
580 474 666 529 l5.
710 470 777 525 Ir
804 469 1034 527 convalle
1085 465 1354 532 Mambre,
1387 464 1568 533 fratris
1613 476 1638 504 ι
1688 464 1826 517 Aner
1854 471 1901 515 et
1932 463 1979 521 Α
2008 458 2090 515 vel
2120 456 2529 528 dispensatoris.
2576 458 2783 515 Eliezer
2827 459 3213 536 interpretatur
3257 478 3286 523 ι
3308 486 3397 525 σα,
3436 487 3581 526 me“;

302 564 497 621 Escal.
537 562 772 619 Mambre
799 561 1075 633 proprium
1109 573 1304 615 nomen
1351 564 1453 615 est.
1490 555 1556 610 lii
1587 564 1695 611 tres
1726 554 1901 610 fmdus

302 654 555 710 inierant
580 669 702 711 cum
726 651 1021 708 Abraham.

374 743 549 801 Vers.
580 744 671 801 14.
705 743 1011 799 Numeravit
1048 742 1315 815 expeditos
1356 739 1683 796 vernaculos.
1728 738 1902 809 Expe-

299 837 473 899 di.’os,
506 836 558 889 id
593 842 676 890 est
720 834 836 889 sine
891 833 1166 889 uxoribus.
1199 831 1509 886 Persecutus
1537 838 1612 884 est
1635 846 1721 887 eos
1744 845 1904 900 usque

303 927 450 981 Dan.
488 926 606 981 Dan
646 924 765 981 f‘ons
798 934 881 981 est
922 941 989 981 ex
1032 940 1138 995 quo
1179 923 1427 979 Jordanis
1473 921 1719 978 eflicitur.
1766 920 1904 976 Nam

302 1020 414 1074 duo
445 1020 632 1075 fontes
658 1028 781 1075 sunt
804 1019 871 1073 ad
894 1019 1104 1074 radices
1128 1018 1327 1074 montis
1346 1016 1561 1083 Libani,
1584 1016 1743 1072 Joret
1767 1014 1900 1084 Dan,

302 1115 397 1184 qui
422 1113 608 1184 juncti
636 1112 927 1169 Jordanem
955 1112 1213 1168 efficiunt.
1246 1112 1358 1166 Dan
1406 1118 1588 1165 autem
1618 1109 1900 1180 judicium,

298 1206 397 1262 lor
428 1207 581 1260 rivus
612 1206 1016 1276 interpretatur.
1054 1201 1226 1274 Usque
1265 1202 1333 1256 ad
1376 1200 1695 1256 Phoenicem.
1744 1200 1904 1256 Phoco

302 1298 490 1352 nicem
523 1295 740 1369 Syriam
770 1296 916 1352 dicit.
949 1294 1253 1365 Allegorice
1299 1294 1403 1349 hoc
1438 1293 1633 1349 bellum
1671 1292 1906 1349 Abrahae

300 1398 506 1445 contra
537 1397 772 1459 quatuor
818 1403 972 1459 reges
1001 1388 1201 1444 bellum
1250 1387 1519 1459 significat
1556 1388 1815 1443 virtutum
1851 1392 1906 1442 et

301 1477 597 1533 vitiorum.
644 1476 805 1532 Pater
845 1493 973 1549 ergo
1018 1476 1139 1533 fidei
1193 1485 1247 1533 et
1287 1477 1461 1547 prima
1506 1477 1595 1533 via
1653 1476 1905 1532 credendi

303 1566 591 1620 Abraham
622 1581 719 1637 pro
750 1565 920 1620 fratre
958 1581 1057 1621 suo
1098 1565 1199 1620 Lat
1242 1576 1428 1620 contra
1476 1575 1710 1635 quatuor
1752 1581 1907 1636 reges

302 1655 597 1710 dimicavit
622 1664 683 1712 et
704 1655 834 1710 vicit
858 1671 962 1711 non
990 1656 1042 1710 in
1074 1655 1416 1711 multitudine
1460 1656 1729 1711 exercitus
1749 1698 1763 1721 ,
1810 1658 1904 1712 sed

304 1748 358 1800 in
391 1747 659 1803 trecentis
687 1746 870 1803 decem
898 1756 952 1803 et
978 1756 1104 1803 octo
1148 1747 1451 1803 vernaculis
1495 1748 1781 1818 expeditis.
1812 1746 1904 1804 Sic

2003 551 2235 621 adjutor.
2263 550 2344 606 Ab
2370 551 2473 607 hoc
2498 551 2685 609 dicunt
2710 553 3031 613 aedificatam
3071 559 3347 617 civitatem
3386 563 3584 619 Dama‘

2001 655 2151 697 scum
2160 680 2174 695 .

2079 730 2230 786 Vers.
2258 731 2312 787 5.
2353 730 2673 792 Vernaculus
2701 736 3074 797 diminutivum
3119 759 3148 798 a
3188 760 3350 803 verna
3370 790 3385 807 .
3418 750 3470 807 io
3501 759 3588 807 est

2003 837 2190 879 servus
2215 823 2297 879 vel
2325 827 2626 899 domigena.

2036 932 2041 938 ‘
2076 918 2230 974 Vers.
2263 918 2315 973 5.
2354 918 2590 976 Numera
2609 923 2806 980 stellas.
2849 926 2939 983 Sic
2970 928 3068 984 erit
3090 947 3260 989 semen
3281 945 3448 993 tuum.
3477 940 3584 997 Ge-

2004 1007 2406 1103 mina-species—
2404 1012 2706 1070 ostenditur
2735 1018 2958 1075 seminis
2980 1020 3229 1083 Abrahae.
3262 1027 3392 1084 Nam
3421 1047 3582 1103 supe-

2005 1097 2119 1153 rius
2148 1098 2325 1155 dixit:
2356 1099 2477 1157 Erit
2512 1120 2683 1161 semen
2713 1116 2859 1163 tuum
2896 1111 3030 1166 sicut
3057 1131 3217 1170 arena
3260 1122 3440 1175 maris.
3486 1097 3584 1179 ilic

2005 1205 2134 1246 vero
2159 1192 2318 1248 dicit:
2348 1193 2438 1250 Sic
2466 1197 2564 1251 erit
2589 1214 2763 1255 semen
2785 1209 2933 1257 tuum
2957 1205 3091 1261 sicut
3118 1209 3282 1264 stellw
3304 1213 3441 1281 coeli,
3458 1215 3583 1284 quia

2006 1281 2059 1337 in
2089 1282 2176 1337 illa
2199 1283 2353 1353 plebe
2383 1286 2600 1357 quidam
2631 1288 2796 1346 futuri
2818 1303 2975 1349 erant
2999 1298 3244 1354 carnales
3276 1311 3330 1357 et
3362 1281 3581 1369 terreni.

2006 1370 2097 1440 qui
2142 1386 2322 1427 arenae
2366 1386 2770 1446 comparantur,
2822 1382 2980 1450 aridi,
3035 1385 3309 1444 infecundi
3357 1407 3387 1446 a
3429 1394 3584 1449 bonis

2004 1460 2280 1530 operibus,
2311 1462 2403 1519 alii
2442 1480 2573 1522 vero
2613 1468 2882 1539 spiritales
2920 1483 2976 1529 et
3014 1476 3281 1548 cmlesles,
3325 1483 3581 1540 virtutum

2005 1550 2289 1623 Splendore
2311 1554 2596 1628 fulgentes,
2620 1574 2754 1630 quos
2780 1564 2948 1621 stellis
2973 1568 3097 1622 coeli
3124 1583 3421 1642 comparat.

2075 1642 2231 1701 Vers.
2265 1646 2317 1702 8.
2352 1646 2503 1705 Unde
2537 1653 2669 1708 scire
2706 1672 2915 1725 possum
2945 1660 3085 1730 quod
3120 1678 3449 1732 possessurus
3488 1669 3584 1724 sim

2004 1735 2159 1825 eam?
2186 1734 2389 1803 Quaerit
2417 1740 2628 1811 signum
2654 1758 2760 1799 non
2790 1746 2942 1816 quasi
2973 1748 3225 1809 dubitans
3253 1758 3318 1811 de
3352 1759 3583 1825 promis.

302 1838 687 1909 unusquisque
730 1846 972 1893 nostrum
1008 1854 1106 1909 pro
1150 1838 1328 1893 anima
1375 1853 1473 1895 sua
1517 1828 1772 1910 tanquam
1802 1853 1901 1910 pro

2010 1823 2292 1918 sione_liei,
2324 1828 2417 1883 sed
2443 1831 2661 1887 modum
2706 1834 3002 1909 interrogat
3049 1856 3156 1911 quo
3182 1844 3285 1900 hoc
3316 1823 3430 1901 fieri
3460 1862 3583 1918 pos-

303 1929 479 1986 fratre
529 1946 630 1986 suo
674 1930 773 1986 Lot
815 1940 1001 1986 contra
1032 1940 1265 2000 quatuor
1294 1946 1469 2003 reges,
1503 1930 1555 1986 id
1583 1939 1683 1993 est,
1716 1938 1909 1989 contra

302 2021 585 2090 spiritales
610 2021 878 2091 nequitias
917 2021 1162 2093 spiritale
1192 2021 1389 2078 bellum
1434 2031 1587 2093 gerat
1626 2038 1746 2077 cum
1793 2031 1903 2079 tre-

302 2112 479 2167 centis
510 2111 695 2166 decem
724 2120 779 2166 et
808 2121 929 2167 octo
956 2112 1259 2169 vernaculis
1279 2154 1293 2179 ,
1324 2112 1377 2167 id
1418 2120 1502 2168 est
1538 2128 1659 2168 cum
1704 2113 1905 2168 auxilio

304 2210 516 2256 sancta:
539 2201 736 2256 crucis.
764 2200 861 2257 ilic
890 2217 1143 2257 numerus
1172 2201 1226 2258 in
1255 2200 1369 2257 Tan
1392 2201 1591 2269 littera,
1617 2216 1735 2273 qua:
1770 2202 1904 2274 figu-

303 2309 417 2350 ram
445 2291 656 2349 Christi
686 2294 851 2348 habet
875 2294 1216 2365 exprimitur.

304 2440 311 2462 ,
374 2384 540 2439 Vers.
580 2384 663 2439 f8.
699 2383 1079 2440 Melchisedech
1110 2386 1379 2457 proferens
1410 2404 1595 2458 panem
1627 2398 1673 2443 et
1704 2388 1900 2444 vinum.

304 2464 461 2533 lianc
495 2476 889 2533 Melchisedech
920 2480 1138 2534 tradunt
1173 2494 1290 2535 esse
1330 2478 1454 2534 Sem
1487 2480 1655 2535 filium
1688 2479 1816 2545 Noe,
1852 2491 1907 2537 et

306 2578 690 2641 computantes
749 2585 919 2626 annos
965 2571 1157 2635 dicunt
1201 2586 1325 2627 eum
1378 2572 1578 2628 vixisse
1633 2588 1804 2644 usque
1838 2575 1905 2629 ad

307 2672 526 2734 tempus
551 2662 721 2719 Isaac.
756 2662 934 2720 Salem
964 2679 1092 2720 vero
1129 2665 1320 2721 civitas
1364 2665 1477 2737 ipsa
1520 2674 1602 2721 est
1646 2667 1907 2723 Hierusa-

306 2753 431 2822 lem,
459 2755 757 2827 trionyma,
780 2754 977 2823 Salem,
994 2755 1181 2824 Iebus,
1209 2755 1562 2813 Hierusalem.
1587 2758 1736 2815 Hanc
1759 2760 1902 2816 enim

306 2855 605 2904 tenuerunt
630 2846 895 2915 Iebusati,
945 2856 1000 2904 et
1047 2858 1378 2904 vocaverunt
1427 2864 1545 2905 eam
1593 2850 1799 2907 Jebus:
1828 2852 1906 2908 sic

309 2940 621 3013 conjunctis
646 2940 952 2996 nominibus
990 2939 1131 2996 dicta
1176 2939 1527 2997 Hierusalem.
1570 2940 1701 2998 Erat
1732 2961 1905 2999 sacer-

308 3032 399 3086 dos
431 3032 537 3087 Dei
564 3033 824 3088 altissimi.
856 3032 1057 3090 Omnes
1078 3034 1221 3090 enim
1254 3036 1597 3107 primogeniti
1622 3053 1651 3091 a
1685 3035 1796 3091 Noe
1825 3052 1906 3092 sa-

310 3123 561 3178 cerdotes
583 3122 801 3179 fuerunt
829 3139 997 3193 usque
1041 3124 1106 3179 ad
1141 3124 1322 3180 Aaron
1350 3127 1439 3196 qni
1486 3127 1690 3196 primus
1716 3127 1903 3199 legalis

2005 1922 2109 1969 set.
2155 1914 2292 1972 Hinc
2324 1934 2437 1973 mos
2470 1920 2687 1976 inolevit
2729 1922 2928 1983 ludatis
2959 1937 3016 1983 ut
3060 1946 3274 2002 semper
3314 1914 3586 2008 signa—pe-

2008 2014 2145 2099 tant,
2176 2007 2314 2064 sicut
2362 2010 2649 2080 Apostolus
2694 2016 2865 2071 dicit:
2912 2017 3091 2076 Judaei
3135 2024 3284 2095 signa
3328 2007 3584 2099 petunt(l

2005 2098 2127 2154 Cor.
2154 2118 2194 2167 ι,
2221 2101 2334 2175 22).

2076 2197 2230 2252 Vers.
2262 2197 2314 2253 9.
2342 2198 2503 2254 Sume
2538 2218 2748 2257 vaccam
2788 2206 3062 2273 triennem,
3104 2226 3320 2281 capram
3355 2213 3585 2279 trimam,

2005 2300 2053 2345 et
2073 2293 2287 2347 arietem
2310 2295 2470 2348 trium
2497 2312 2773 2351 annorum.
2804 2297 2927 2354 llaec
2952 2301 3106 2370 juxta
3146 2302 3380 2358 litteram
3412 2306 3587 2360 mani-

2006 2382 2140 2439 t‘esta
2174 2392 2317 2440 sunt.
2349 2386 2571 2458 Mystice
2615 2405 2712 2459 per
2742 2391 2855 2447 haec
2884 2393 3137 2448 animalia
3178 2394 3330 2465 plebs
3368 2395 3591 2456 Iudaica

2006 2475 2319 2546 designatur
2360 2494 2481 2549 quae
2525 2482 2593 2536 ab
2642 2483 2914 2560 Abraham
2963 2486 3110 2540 ducit
3159 2488 3444 2560 originem.
3489 2490 3593 2547 Per

2006 2583 2215 2621 vaccam
2252 2570 2491 2639 quidem,
2542 2573 2666 2642 quia
2708 2558 2892 2647 iugum
2946 2576 3081 2649 legis
3125 2558 3329 2635 traxit:
3362 2597 3461 2652 per
3502 2600 3592 2637 ca-

2004 2673 2154 2727 pram
2177 2659 2378 2716 olidam
2400 2671 2454 2717 et
2494 2662 2745 2733 fetosam,
2774 2667 2899 2737 quia
2922 2671 3197 2740 peccatrix
3227 2672 3406 2729 futura
3431 2683 3547 2732 erat
3572 2695 3586 2730 :

2004 2762 2102 2817 per
2135 2752 2347 2806 arietem
2378 2769 2507 2810 vero
2533 2756 2622 2826 qui
2653 2767 2737 2813 est
2761 2758 2864 2814 dux
2897 2762 3075 2833 gregis
3105 2764 3444 2834 significatur
3465 2768 3590 2837 quia

2005 2838 2110 2893 alio
2149 2847 2388 2911 tempore
2436 2846 2586 2915 regni
2638 2847 2922 2918 imperium
2975 2855 3347 2921 potentissime
3396 2858 3587 2912 tenuit.

2006 2929 2156 2998 Quod
2191 2947 2318 2987 vero
2362 2935 2490 2990 dicit
2522 2936 2604 2992 vel
2649 2921 2899 3007 capram,
2932 2942 3015 2996 vel
3047 2958 3268 2999 vaccam
3292 2986 3306 3009 ,
3338 2945 3422 2999 vel
3448 2947 3591 3001 arie—

2008 3033 2116 3078 tem
2147 3024 2306 3079 trium
2342 3045 2602 3083 annorum
2634 3045 2755 3086 esse
2786 3031 3001 3098 debere,
3035 3036 3268 3091 ostendit
3305 3037 3444 3093 hanc
3480 3039 3590 3108 ple-

2005 3115 2127 3170 bem
2161 3116 2321 3172 trium
2351 3127 2648 3190 temporum
2688 3123 2931 3177 articulis
2971 3127 3035 3179 ad
3079 3128 3228 3195 regni
3277 3127 3590 3197 dignitatem

310 3213 569 3267 sacerdos
611 3212 728 3268 fuit.
779 3213 1003 3285 Mystice
1038 3213 1449 3281 Melchisedech,
1493 3218 1583 3286 qui
1637 3196 1975 3294 interpreﬁC
2006 3205 2298 3274 υνοίθείεδθ
2340 3210 2441 3264 δαὶ)
2494 3212 2681 3267 D‘dVid-
2717 3212 2897 3268 Prima
2947 3226 3078 3272 mlas
3127 3218 3228 3273 fuit
3277 3196 3377 3275 sub
3416 3220 3589 3274 Adam

312 3312 458 3359 tatur
484 3304 814 3373 rexjustitia:
858 3304 943 3360 vel
972 3304 1138 3375 pacis,
1176 3304 1450 3360 Christum
1492 3306 1763 3377 significat
1804 3323 1900 3377 per

309 3406 471 3465 quem
510 3396 783 3451 conciliati
830 3411 1050 3461 sumus,
1082 3404 1137 3453 et
1166 3396 1256 3467 qui
1308 3396 1361 3450 in
1396 3396 1501 3452 fine
1543 3397 1725 3465 saeculi
1754 3397 1899 3468 juste

308 3486 496 3541 orbem
534 3486 874 3556 judicaturus
919 3495 1022 3542 est.
1058 3487 1225 3558 llujns
1258 3488 1569 3559 mysterium
1612 3489 1900 3559 Apostolus

311 3586 703 3631 commemorat
738 3579 922 3633 dicens
950 3595 963 3632 :
999 3576 1128 3634 Sine
1148 3588 1294 3649 patre
1329 3588 1376 3633 et
1417 3580 1530 3634 sine
1563 3592 1728 3635 matre
1749 3622 1762 3646 ,
1790 3581 1901 3636 sine

308 3667 614 3741 genealogia
644 3667 1015 3740 (llebr.vt,5).
1040 3668 1432 3726 Melchisedech
1450 3671 1662 3742 quidem
1694 3682 1900 3742 patrem

312 3764 360 3812 et
386 3768 622 3813 matrem
651 3759 857 3826 habuit,
885 3762 979 3816 sed
1005 3761 1252 3817 Christus
1290 3778 1452 3834 quem
1496 3763 1764 3835 signiﬁcat
1786 3765 1902 3819 sine

311 3859 463 3917 patre
479 3847 577 3904 fuit
591 3850 1237 3921 per’humanitatem,sine
1250 3862 1422 3908 matre
1437 3869 1535 3925 per
1545 3854 1897 3910 divinitatem.

311 3935 481 3995 Natus
516 3948 603 3995 est
635 3940 779 3996 enim
804 3942 869 3997 de
896 3951 1051 4013 patre
1087 3945 1203 3999 sine
1244 3952 1447 4011 matre,
1479 3946 1545 4001 de
1573 3956 1746 4002 matre
1784 3948 1901 4002 sine

311 4038 487 4097 patre.
518 4026 747 4085 Protulit
776 4048 963 4101 panem
998 4042 1045 4087 et
1081 4034 1277 4088 vinum.
1308 4033 1444 4090 Hinc
1471 4035 1582 4105 jam
1611 4036 1902 4106 prtesigna-

311 4119 471 4173 batur
519 4122 746 4177 mutatio
781 4120 967 4193 legalis
1010 4123 1319 4187 sacerdotii.
1360 4125 1416 4179 In
1456 4141 1596 4187 novo
1627 4126 1770 4182 enim
1800 4125 1902 4182 Te-

313 4219 582 4265 stamento
609 4213 934 4268 sacrificium
964 4214 1308 4270 victimarum
1358 4215 1677 4272 translatum
1721 4226 1804 4273 est
1846 4217 1899 4273 itt

313 4312 714 4358 sacramentum
763 4306 1007 4376 corporis
1054 4314 1108 4362 et
1157 4308 1437 4381 sanguinis
1484 4308 1710 4364 Christi.
1760 4311 1901 4382 Ergo

314 4388 416 4449 hoc
448 4409 633 4455 verum
661 4396 859 4451 Christi
903 4397 1265 4453 sacerdotium
1310 4400 1585 4470 antiquius
1614 4410 1697 4457 est
1731 4418 1903 4457 sacer-

312 4481 459 4538 dotio
490 4482 666 4554 legali.
719 4484 1111 4543 Melchisedech
1160 4488 1304 4542 enim
1341 4489 1430 4558 qui
1454 4530 1469 4554 ,
1506 4497 1564 4543 ut
1603 4489 1896 4557 Abraham,

2003 3310 2173 3365 usque
2202 3298 2268 3351 ad
2296 3296 2426 3363 Noe,
2457 3301 2689 3356 secunda
2738 3318 2767 3357 a
2815 3302 2925 3359 Noe
2965 3322 3134 3376 nsque
3180 3308 3247 3363 ad
3293 3310 3587 3376 Abraham,

2006 3386 2163 3439 tertia
2190 3388 2255 3440 ad
2290 3387 2563 3445 Abraham
2596 3408 2765 3463 usque
2797 3396 2862 3450 ad
2899 3397 3088 3451 David.
3131 3398 3283 3465 Quod
3321 3416 3448 3455 vero
3473 3402 3591 3455 ani-

2004 3475 2163 3530 malia
2196 3477 2363 3532 divisa
2393 3487 2543 3545 sunt,
2576 3498 2693 3536 aues
2716 3498 2845 3539 vero
2879 3501 2981 3538 non
3014 3498 3134 3540 sunt
3166 3488 3381 3553 divisa,
3423 3490 3589 3558 signi-

2004 3564 2128 3620 ficat
2170 3566 2293 3637 quia
2326 3570 2573 3626 carnales
2601 3572 2801 3641 quique
2841 3575 3121 3646 subjacent
3145 3576 3415 3634 divisioni.
3448 3580 3590 3634 Divi-

2003 3657 2202 3712 duntur
2226 3660 2367 3714 enim
2396 3677 2492 3732 per
2520 3672 2789 3719 sectarum
2831 3666 3105 3722 scandala.
3151 3668 3433 3739 Spiritales
3460 3687 3589 3729 vero

2002 3749 2091 3816 qui
2126 3750 2499 3819 significantur
2534 3768 2632 3825 per
2668 3770 2795 3811 aves
2836 3756 3189 3821 indivisibiles
3228 3771 3586 3832 permanent,

2002 3838 2124 3905 quia
2155 3839 2353 3894 nullam
2391 3842 2510 3897 fidei
2540 3844 2816 3913 patiuntur
2845 3849 3267 3917 corruptionem.

2077 3929 2229 3985 Vers.
2262 3932 2345 3986 11.
2390 3931 2632 3990 Volucres
2676 3953 2793 4006 qua:
2820 3939 3198 3996 descendebant
3228 3959 3385 4013 super
3425 3946 3587 3999 cada-

2005 4040 2142 4087 vera,
2171 4024 2441 4106 da’tIIOIIeS
2471 4026 2777 4098 significant
2798 4030 2887 4098 qui
2911 4045 2977 4084 ex
2998 4030 3264 4089 divisione
3289 4034 3588 4090 carnalium

2003 4116 2287 4185 quemdam
2320 4118 2421 4173 sibi
2464 4129 2677 4189 pastum
2735 4123 3032 4191 requirunt.
3071 4122 3225 4191 Quod
3264 4140 3393 4182 vero
3422 4126 3588 4180 Abra-

2003 4207 2124 4260 Itam
2151 4224 2311 4262 manu
2336 4227 2424 4264 eas
2453 4210 2688 4281 abigebat
2721 4212 2990 4284 significat
3024 4214 3149 4284 quia
3183 4216 3358 4271 sancti
3398 4215 3588 4274 Patres

2002 4299 2212 4370 plebem
2249 4301 2417 4367 illam,
2450 4318 2606 4357 manu
2636 4313 2837 4360 sanctae
2865 4306 3213 4375 operationis,
3237 4309 3591 4379 protegebant

2004 4393 2071 4447 ab
2108 4394 2322 4449 incursu
2355 4395 2677 4463 spiritalium
2707 4396 2789 4450 vel
2818 4397 3178 4465 corporalium
3217 4399 3475 4453 hostium.

2077 4485 2231 4539 Vers.
2260 4484 2346 4539 12.
2379 4483 2611 4556 Cumque
2649 4486 2728 4541 sol
2762 4488 3104 4542 occumberet.
3132 4486 3273 4544 Solis
3306 4488 3587 4545 occubitus

312 4575 528 4643 gentilis
572 4583 713 4642 erat,
744 4574 870 4641 Levi
912 4593 1042 4633 vero
1084 4577 1333 4648 princeps
1378 4578 1561 4649 tegulis
1608 4580 1894 4635 sacerdotii
1927 4568 1972 4626 D
2001 4573 2159 4629 finem
2188 4575 2365 4630 saeculi
2394 4575 2682 4645 significat,
2707 4576 2921 4647 quando
2948 4592 3045 4649 per
3086 4577 3479 4634 Antichristnm
3510 4589 3586 4635 te-

314 4665 488 4719 adhuc
517 4674 636 4718 erat
662 4665 714 4719 in
752 4665 946 4723 lumbis
974 4666 1206 4722 Abrahae
1226 4708 1241 4731 ,
1267 4675 1323 4722 et
1349 4668 1439 4737 qui
1469 4676 1655 4739 postea
1685 4670 1893 4740 accepit

313 4753 551 4810 decimas
595 4772 627 4810 a
669 4756 864 4833 populo
909 4757 1023 4829 ipse
1066 4758 1118 4812 in
1152 4757 1427 4812 Abraham
1458 4758 1756 4814 decimatus
1785 4769 1890 4827 est,

314 4844 513 4914 quique
539 4854 725 4916 postea
759 4847 1150 4904 benedicebant
1173 4848 1224 4902 in
1259 4846 1533 4902 Abraham
1562 4848 1896 4909 aMelchise—

314 4936 443 4991 dcch
478 4938 748 4993 benedicti
772 4949 913 4996 sunt.
944 4941 1171 5011 Semper
1201 4948 1383 4995 autem
1421 4940 1600 4996 minor
1627 4956 1659 4996 a
1694 4942 1898 5013 majore

316 5027 668 5085 bcnedicitur.

384 5126 539 5181 Vers.
576 5126 667 5180 22.
699 5129 776 5181 Da
806 5130 931 5189 mihi
958 5131 1183 5184 annuas.
1212 5129 1269 5185 ld
1298 5140 1381 5185 est
1416 5146 1428 5185 :
1462 5129 1707 5200 captivos
1735 5129 1899 5185 redde

319 5217 464 5272 mihi.
503 5216 727 5272 Ccetera.
756 5218 810 5272 ld
835 5229 939 5285 est,
970 5220 1138 5290 spolia
1173 5221 1296 5276 tolle
1330 5221 1442 5277 tibi.

385 5313 536 5368 νοτε.
564 5311 653 5368 23.
681 5314 724 5367 A
757 5293 870 5380 [illo
899 5314 1255 5385 subtegminis.
1293 5313 1514 5370 Stamcn
1548 5314 1634 5369 [ila
1670 5314 1898 5369 dicimus

319 5404 506 5458 stantia
534 5392 591 5458 in
641 5404 765 5469 tela,
804 5404 1120 5475 subtegmen
1172 5414 1419 5472 tramam,
1451 5421 1571 5475 qua:
1600 5421 1697 5476 per
1738 5404 1897 5459 telam

320 5495 504 5561 currit,
532 5509 653 5564 qua:
676 5503 729 5549 et
764 5493 1051 5564 pannicuia
1089 5502 1331 5550 vocatur.

916 5582 1145 5641 CAPUT
1184 5584 1300 5640 XV.

390 5675 538 5730 Vcrs.
576 5679 631 5729 2.
664 5673 713 5728 F
717 5674 837 5731 ilius
879 5675 1240 5747 procuratoris
1286 5675 1491 5731 domus.
1536 5674 1593 5731 ld
1626 5682 1709 5731 est
1740 5675 1901 5732 villici

389 5803 411 5829 ³
449 5777 611 5848 Codd.
641 5794 815 5860 ambo,
846 5794 1051 5863 fratres.

2002 4666 2249 4720 nebrosus
2274 4667 2487 4734 horror,
2537 4667 2589 4721 id
2640 4677 2724 4722 est
2768 4667 3075 4738 persecutio
3118 4668 3205 4725 vel
3250 4669 3585 4741 perturbatio

1999 4754 2178 4811 futura
2210 4766 2313 4813 est.

2071 4848 2225 4905 Vers.
2260 4852 2346 4905 l5.
2378 4852 2610 4923 Aﬁligent
2641 4870 2726 4907 eos
2750 4854 3143 4925 quadringentis
3176 4855 3348 4908 annis.
3388 4852 3585 4907 Afilicti

2001 4947 2121 4993 Sili"
2157 4940 2224 4994 ab
2266 4938 2555 5011 Egyptiis,
2605 4942 2699 4996 sed
2746 4941 2933 4996 ultima
2977 4951 3133 5011 parte
3178 4950 3384 4998 tantum
3432 4942 3585 4997 istius

2003 5031 2278 5101 temporis.

2078 5122 2227 5177 Vers.
2282 5123 2366 5177 16.
2419 5122 2763 5178 Genet-(itione
2829 5134 3016 5195 quarta
3080 5134 3396 5183 revertentur
3458 5125 3580 5176 huc.

2003 5213 2213 5283 Moyses
2248 5216 2378 5269 dicit
2414 5234 2425 5269 :
2473 5216 2654 5285 quinta
2701 5216 3048 5287 generatione
3094 5216 3294 5287 egressi
3330 5224 3455 5269 sunt
3490 5214 3581 5267 filii

2001 5303 2165 5359 Israel
2190 5305 2256 5359 de
2283 5303 2539 5377 Egypto.
2570 5304 2667 5362 Hic
2687 5322 2816 5363 vero
2837 5307 2994 5363 dicit:
3023 5308 3352 5378 generatione
3370 5316 3580 5377 quarta.

2004 5395 2113 5452 Sed
2138 5405 2427 5468 utrumque
2446 5414 2631 5453 verum
2657 5408 2759 5455 est.
2784 5398 2918 5455 Nam
2943 5400 2986 5455 si
3007 5414 3105 5470 per
3131 5396 3257 5452 Levi
3280 5406 3578 5467 computes,

2002 5500 2252 5559 quartam
2300 5490 2541 5548 invenies
2587 5494 2986 5562 generationem
3032 5491 3152 5545 ita:
3199 5489 3347 5557 Levi,
3398 5488 3579 5555 Caaz,

2004 5581 2144 5636 Caaz
2173 5582 2355 5651 genuit
2379 5581 2622 5647 Amram,
2652 5582 2874 5636 Amram
2905 5581 3091 5651 genuit
3134 5581 3315 5637 Aaron
3339 5622 3352 5645 ,
3400 5579 3580 5633 Aaron

2005 5674 2187 5747 genuit
2233 5673 2477 5741 Eleazar,
2524 5675 2748 5731 Eleazar
2795 5673 2977 5744 genuit
3019 5671 3266 5729 Phincos.
3318 5672 3455 5727 Caaz
3502 5670 3586 5723 iu-
