4026 6432
427 369 501 442 $7
1046 366 1303 424 REMIGII
1345 363 2000 422 ANTISSIODORENSIS
2037 365 2186 420 OPP.
2230 366 2427 423 PARS.
2457 369 2496 435 l.
2523 401 2591 408 —
2617 369 3031 444 EXECETICA.
3609 372 3686 429 88

420 499 640 553 gessus
664 491 748 538 est
776 481 1068 555 Egyptum
1110 497 1230 540 cum
1261 491 1411 552 patre
1447 497 1545 537 suo
1571 480 1697 535 Levi
1732 497 1744 550 ;
1770 478 1999 540 Phineas
2029 481 2073 538 Α
2105 477 2356 541 misertus
2373 493 2432 534 es
2454 481 2605 534 mihi.
2629 480 2823 545 Videre
2850 483 2993 550 enim
3016 481 3111 536 Det
3136 479 3381 536 misereri
3407 489 3506 544 est.
3527 481 3684 556 Quod

421 587 552 628 vero
583 571 722 626 ﬁlius
748 571 991 627 Eleazari
1035 573 1307 643 ingressus
1346 581 1430 626 est
1464 580 1663 625 terram
1708 571 1997 639 repromis~

422 663 608 735 tionis.
641 661 697 718 Si
729 678 856 721 vero
883 672 939 717 et
966 664 1234 732 quomodo
1275 663 1462 734 quinta
1509 662 1855 732 generatione
1896 663 1997 717 hoc

423 757 622 811 factum
662 756 734 810 sit
760 755 892 810 velis
936 756 1108 821 scire,
1136 770 1234 824 per
1274 755 1468 810 Judam
1500 763 1810 825 computare
1840 754 1999 812 debes

422 847 525 900 bis.
579 843 747 901 Iudas
797 846 981 916 genuit
1026 845 1261 911 Phares,
1306 845 1512 900 Phares
1554 845 1741 916 genuit
1785 845 1994 909 Esrom,

422 941 610 993 Esrom
634 937 816 1010 genuit
850 939 1171 1004 Aminadab,
1196 938 1494 994 Aminadab
1527 938 1709 1009 genuit
1743 936 1953 992 Naason
1979 978 1994 1003 ,

423 1028 631 1084 Naason
661 1029 845 1101 genuit
867 1029 1106 1099 Salmon.
1133 1029 1300 1085 Judas
1327 1032 1603 1101 ingressus
1627 1040 1713 1087 est
1740 1047 1861 1086 cum
1887 1031 2011 1086 ﬁlio.

419 1139 520 1177 suo
545 1123 750 1178 Phares
776 1124 829 1185 in
861 1122 1172 1194 Egyptum.
1208 1123 1422 1179 Naason
1461 1139 1588 1178 vero
1619 1124 1869 1193 princeps
1895 1123 1997 1178 fuit

421 1213 592 1268 tribus
619 1211 769 1282 Judze
797 1214 850 1283 ip
885 1213 1120 1280 deserto,
1153 1213 1306 1283 cujus
1355 1214 1494 1272 ﬁlius
1538 1214 1758 1270 intravit
1797 1215 1850 1277 in
1893 1224 2011 1285 ter--

420 1317 475 1355 ra
485 1319 534 1356 :n
565 1303 954 1372 promissionis.

493 1392 645 1446 Vers.
690 1393 771 1446 17.
830 1393 962 1448 Cum
1009 1395 1328 1450 occubuisset
1379 1413 1478 1450 εοι.
1535 1396 1825 1452 Occubitus
1869 1396 1998 1451 solis

420 1482 578 1539 tinem
601 1485 779 1540 saeculi
802 1485 1087 1556 signiﬁcat,
1114 1486 1282 1557 caligo
1308 1488 1575 1541 tenebrosa
1598 1487 1995 1543 tribulationem

417 1585 474 1629 et
507 1575 808 1646 angustiam
844 1592 964 1646 quae
1001 1577 1179 1632 futura
1214 1587 1351 1634 erat.
1391 1575 1640 1632 Clibanus
1670 1578 1750 1633 vel
1793 1578 1995 1649 lampas

416 1667 552 1748 ignis
575 1669 830 1724 transiens
859 1687 949 1739 per
966 1670 1245 1725 divisiones
1273 1669 1538 1740 signiﬁcat
1563 1671 1822 1740 judicium
1851 1671 1996 1741 quod

416 1772 513 1828 per
541 1759 716 1831 ignem
744 1762 1103 1826 exercendum
1123 1770 1225 1825 est,
1250 1777 1356 1832 quo
1377 1763 1658 1831 separandi
1686 1773 1812 1818 sunt
1837 1763 1993 1820 electi

415 1867 444 1902 ει
478 1850 741 1922 reprobis.

486 1940 643 1997 Vers.
679 1941 762 2004 18.
791 1941 835 1994 Α
861 1943 1078 2012 ﬂumine
1107 1943 1344 2015 ngypti.
1376 1943 1425 1997 F
1428 1944 1624 2009 luvium
1650 1944 1868 2016 Egypti
1888 1961 1994 2001 non

416 2029 589 2087 Nilum
624 2033 882 2089 debemus
903 2036 1166 2104 accipere,
1193 2036 1284 2090 sed
1310 2035 1691 2092 ltinocoluram
1723 2036 1994 2091 ﬁuviolum

411 2125 503 2194 qui
531 2125 720 2181 dividit
740 2125 1078 2182 Palaestinam
1111 2136 1165 2181 et
1190 2126 1506 2198 AEgyptum.

1007 2214 1232 2271 CAPUT
1268 2216 1403 2272 XVI.

484 2303 638 2360 Vers.
673 2307 724 2361 1.
757 2306 929 2377 Igitur
950 2307 1089 2362 Sara
1122 2325 1256 2362 uxor
1292 2309 1559 2363 Abraham
1603 2325 1707 2364 non
1747 2318 1995 2380 genuerat

411 2394 621 2450 liberos.
651 2396 930 2463 Quomodo
957 2408 1136 2468 petest
1158 2398 1430 2454 Abraham
1472 2399 1720 2454 excusari
1748 2399 1817 2454 ab
1845 2398 1996 2453 adul-

413 2487 572 2563 terio,
603 2490 695 2568 qui
719 2489 935 2544 vivente
964 2504 1131 2546 uxore
1159 2506 1254 2545 sua
1273 2487 1478 2546 ancilla:
1501 2490 1720 2562 junctus
1740 2490 1856 2544 est?
1887 2488 1997 2544 Sed

411 2583 639 2638 necdum
682 2583 1015 2654 promulgata
1047 2593 1166 2658 erat
1190 2583 1275 2638 lex
1302 2584 1576 2656 Evangelii
1604 2585 1762 2639 unius
1789 2583 1995 2639 uxoris.

411 2671 585 2728 Simul
641 2673 804 2728 etiam
860 2674 1104 2742 audierat
1149 2674 1615 2746 multiplicandum
1662 2691 1783 2730 esse
1827 2691 1997 2746 genus

411 2782 566 2822 suum
604 2766 745 2840 sicut
797 2766 982 2822 stellas
1031 2767 1181 2828 coeli.
1231 2768 1326 2823 sed
1378 2768 1655 2828 nesciebat
1701 2782 1799 2837 per
1831 2783 1996 2838 quam

412 2856 716 2924 mulierem,
749 2858 874 2928 quia
919 2857 1108 2913 Saram
1143 2858 1381 2914 sterilem
1411 2869 1652 2914 noverat.
1704 2857 1819 2914 Non
1866 2874 1996 2930 ergo

411 2948 512 3004 fuit
559 2951 615 3004 in
661 2952 1065 3007 concumbendo
1112 2951 1397 3008 libidinosa
1446 2952 1711 3022 voluptas,
1758 2952 1854 3008 sed
1909 2953 1995 3022 pia

412 3043 771 3112 propagandae
804 3043 970 3121 prolis
992 3043 1251 3114 charitas.
1299 3043 1473 3100 Simul
1516 3044 1679 3100 etiam
1711 3043 1996 3118 dicendum

2103 578 2280 622 autem
2314 570 2399 625 hic
2420 570 2582 626 dicit:
2616 571 2722 625 vidi
2750 573 3041 642 posteriora
3090 570 3312 633 videntis
3344 587 3425 624 me
3451 586 3682 626 concor-

2102 662 2192 717 dat
2219 677 2339 718 cum
2367 679 2433 718 eo
2459 663 2577 719 loco
2607 665 2694 718 ubi
2721 663 2980 719 Dominus
3007 663 3072 718 ad
3095 663 3314 734 Moysen
3353 664 3487 718 dixit
3511 682 3524 717 :
3555 661 3685 720 Non

2100 755 2233 808 enim
2259 755 2444 823 ridebit
2463 773 2544 809 me
2575 757 2728 810 homo
2769 767 2814 810 et
2853 758 3000 810 viret.
3032 757 3109 811 Ac
3137 755 3328 812 deinde
3355 771 3370 809 :
3402 754 3496 810 Est
3535 756 3684 812 locus

2100 847 2240 917 apud
2268 865 2347 902 me
2370 867 2387 905 :
2413 847 2572 902 stabis
2598 863 2756 916 supra
2784 857 3004 916 petram.
3029 845 3160 900 Cum
3182 847 3554 917 pertransiero,
3584 864 3685 900 au-

2101 939 2265 1007 ferant
2296 956 2506 994 manttm
2537 956 2723 1002 meam,
2746 949 2794 992 et
2819 939 3010 993 videbis
3035 939 3322 1008 posteriora
3348 954 3461 992 mea
3480 935 3679 1009 (Exod.

2098 1047 2290 1094 χχχιιι,
2325 1031 2396 1085 20
2429 1041 2474 1084 et
2496 1030 2648 1101 seq.).
2689 1030 2834 1084 Illam
2869 1031 3013 1084 enim
3055 1029 3396 1102 sapientiam,
3441 1044 3560 1099 quas
3597 1037 3686 1084 est

2099 1121 2260 1188 Deus,
2310 1121 2630 1177 iuvisibilem
2682 1122 2827 1175 omni
2889 1107 3151 1177 creatur-.13
3210 1119 3450 1190 profecto
3501 1119 3686 1174 nullus

2099 1213 2282 1267 videre
2310 1221 2505 1283 potest.
2552 1211 2853 1270 Posteriora
2886 1221 3064 1267 autem
3107 1212 3200 1267 Dei
3240 1210 3555 1283 mysterium
3596 1218 3684 1264 est

2100 1305 2484 1370 incarnationis
2505 1303 2706 1372 Christi
2743 1320 2840 1374 per
2872 1320 3033 1380 quam
3065 1304 3234 1359 videri
3275 1291 3344 1357 ab
3369 1302 3684 1356 hominibus

2099 1396 2287 1466 potuit.
2327 1395 2479 1452 Unde
2501 1404 2557 1450 et
2599 1396 2737 1451 bene
2775 1395 2945 1451 dixit:
2986 1394 3117 1465 Cum
3145 1395 3512 1465 pertransiero.
3543 1391 3681 1446 Nam

2101 1487 2331 1542 transire
2362 1486 2594 1542 hominis
2621 1495 2724 1541 est.

2663 1600 2892 1658 CAPUT
2947 1601 3105 1657 xvu.
3345 1671 3352 1674 4

2168 1691 2324 1749 Vers.
2377 1696 2431 1748 5.
2491 1690 2614 1746 Non
2671 1694 2930 1748 vocaberis
2969 1694 3188 1760 Abram,
3245 1693 3335 1748 sed
3387 1692 3678 1746 Abraham.

2100 1769 2292 1835 Abram
2337 1782 2722 1852 interpretatur
2765 1791 2914 1852 pater
2953 1782 3206 1837 excelsus.
3259 1782 3520 1835 Abraham
3552 1798 3685 1838 vero

2096 1879 2247 1941 pater
2275 1869 2560 1926 multarum
2583 1871 2838 1942 gentiunt.
2891 1870 3134 1927 Tradunt
3168 1871 3374 1926 l‘iebhei
3423 1872 3564 1940 quod
3616 1873 3684 1926 de

2097 1961 2314 2016 nomine
2339 1959 2432 2014 Dei
2462 1961 2604 2030 quod
2633 1970 2868 2030 quatuor
2912 1961 3105 2030 litteris
3135 1963 3412 2031 scribitur,
3440 1963 3579 2016 unde
3628 1969 3684 2016 et

2096 2059 2574 2120 tetragrammaton
2627 2059 2853 2105 vocatur
2877 2060 2931 2105 et
2963 2050 3229 2108 ineﬂabile
3252 2051 3472 2116 dicitur,
3501 2053 3564 2106 he
3593 2053 3681 2106 lit-

2096 2151 2266 2196 teram
2286 2141 2568 2210 scripserit
2597 2141 2738 2196 Deus
2763 2152 2818 2196 et
2861 2142 3124 2197 addiderit
3153 2142 3354 2196 nomini
3385 2141 3679 2197 Abraham.

2094 2231 2354 2288 Similiter
2377 2232 2442 2287 de
2477 2232 2692 2286 nomine
2716 2231 2870 2286 Sarai
2890 2232 2973 2302 jot
3000 2231 3237 2286 litteram
3264 2231 3446 2285 tulerit
3465 2239 3518 2286 ct
3537 2245 3682 2286 eam-

2094 2326 2216 2381 dem
2250 2326 2315 2378 he
2341 2325 2629 2380 addiderit.
2666 2322 2777 2379 Nec
2807 2323 3027 2388 mirum,
3059 2323 3104 2378 si
3127 2339 3224 2378 nos
3250 2338 3349 2392 pro
3377 2323 3440 2378 he
3463 2341 3494 2376 a
3517 2322 3684 2378 hahe-

2095 2432 2233 2482 mus,
2258 2417 2383 2486 quia
2422 2415 2631 2470 Hebraai
2662 2429 2759 2485 pro
2788 2402 2850 2468 he
2899 2414 3170 2478 scribunt,
3219 2413 3310 2467 sed
3338 2427 3434 2483 per
3470 2429 3502 2466 a
3557 2427 3680 2482 pro—

2094 2509 2364 2564 nuntiant.
2393 2507 2632 2562 Vocatur
2675 2514 2856 2560 autem
2887 2504 3160 2559 Abraham
3197 2513 3346 2572 pater
3371 2501 3676 2566 multarum,

2095 2599 2426 2660 subauditur,
2479 2598 2710 2668 gentium
2741 2613 2760 2651 :
2809 2596 2935 2666 quia
2985 2609 3174 2650 omnes
3221 2603 3406 2664 gentes
3455 2593 3508 2647 in
3557 2594 3674 2662 ejus

2095 2693 2318 2757 semine,
2370 2691 2422 2745 id
2461 2699 2566 2755 est,
2615 2690 2670 2744 in
2714 2689 2930 2746 Christo
2979 2689 3264 2744 creditura:
3295 2696 3468 2740 erant.
3520 2677 3678 2752 Sarni

2094 2799 2224 2838 vero
2255 2783 2642 2851 interpretatur
2667 2781 2907 2850 princeps
2928 2795 3064 2846 mea.
3091 2777 3231 2832 Sara
3267 2775 3510 2832 absolute
3537 2774 3683 2847 prin-

2095 2889 2233 2940 ceps,
2276 2880 2335 2925 ut
2363 2869 2654 2926 subaudias
2697 2869 2935 2925 omnium
2966 2867 3268 2922 animarum
3309 2865 3362 2920 in
3400 2865 3674 2921 Christum

2093 2962 2448 3019 credentium.

2165 3056 2320 3112 Vers.
2351 3056 2404 3108 7.
2436 3052 2657 3109 Fatdere
2686 3055 3018 3124 sempiterno.
3049 3053 3306 3121 Quaerunt
3347 3051 3496 3106 multi
3546 3067 3679 3120 qun-

409 3131 536 3200 quia
557 3132 661 3189 1100
687 3132 964 3198 voluntate
986 3135 1166 3198 nimiae
1183 3135 1444 3205 cogentia:
1469 3135 1654 3193 uxoris
1690 3133 1815 3195 fecit
1850 3151 1990 3206 qum,
2021 3176 2064 3234 (Ἰ
2097 3145 2256 3202 modo
2283 3145 2483 3200 dictum
2500 3143 2950 3210 sitsempiternum
2979 3142 3163 3210 (trdus,
3194 3158 3315 3197 cum
3339 3155 3676 3212 nequaquam

411 3224 534 3292 quia
567 3225 678 3293 ipsa
695 3225 850 3280 ﬁlios
883 3225 1082 3282 habere
1111 3242 1214 3282 non
1238 3235 1466 3304 poterat,
1496 3243 1562 3292 ex
1587 3228 1690 3284 alia
1706 3244 1798 3286 eos
1822 3228 1993 3289 susci-

412 3330 538 3385 pere
558 3316 826 3386 cupiebat.

486 3405 637 3472 Vers.
669 3407 724 3461 2.
755 3407 862 3463 Sed
892 3408 1027 3478 forte
1055 3426 1120 3464 ea:
1155 3410 1247 3465 illa
1275 3413 1557 3483 suscipiam
1583 3411 1743 3482 ﬁlios.
1788 3411 1862 3468 Ut
1905 3413 1996 3468 illa

411 3495 658 3565 pariente
686 3496 852 3552 ﬁlium
881 3499 1182 3570 susciperet
1210 3509 1265 3555 et
1307 3501 1362 3555 in
1409 3502 1583 3578 locum
1624 3505 1828 3576 proprii
1865 3505 1996 3568 ado-

415 3593 612 3655 ptaret.
1734 3599 1736 3601 ’

489 3679 644 3734 Vcrs.
677 3682 730 3736 9.
771 3681 990 3737 Vocabis
1029 3701 1217 3756 nomen
1249 3686 1363 3755 ejus
1391 3684 1604 3742 lsmael.
1647 3686 1749 3753 Qui
1793 3687 1994 3740 auditio

417 3770 828 3842 interpretatur.
856 3772 992 3840 Quia
1020 3775 1164 3833 enim
1187 3775 1408 3846 angelus
1429 3777 1566 3848 disit
1593 3795 1606 3830 :
1640 3775 1720 3831 Eo
1739 3777 1878 3848 quod
1903 3794 1997 3830 au-

415 3861 584 3915 dierat
618 3861 870 3922 Dominus
891 3880 1065 3934 vocem
1093 3875 1256 3930 tuam,
1281 3867 1405 3924 hinc
1435 3877 1646 3941 sumpta
1674 3866 1994 3939 etymologia

416 3962 637 4007 vocatus
667 3963 752 4008 est
771 3953 983 4021 Ismael,
1017 3955 1068 4011 id
1096 3965 1178 4015 est
1205 3958 1430 4013 auditio.

487 4041 641 4098 Vera.
669 4043 756 4109 12.
799 4043 901 4097 llic
931 4045 1073 4115 ferus
1106 4048 1260 4101 homo
1289 4049 1406 4118 erit.
1459 4049 1515 4103 ld
1563 4057 1648 4104 est
1678 4049 1908 4121 agrestis
1941 4057 1996 4114 et

417 4133 672 4187 rusticus.
693 4133 798 4198 Pro
819 4151 925 4204 quo
950 4134 1093 4197 LXX
1119 4137 1336 4192 dicunt:
1367 4137 1469 4191 Hic
1494 4140 1590 4192 erit
1605 4136 1992 4209 Rhara.Phat-a

415 4223 802 4294 interpretatur
833 4242 1050 4296 onager,
1083 4226 1392 4297 signiﬁcans
1431 4237 1607 4292 autem
1639 4229 1992 4299 Sarracenos,

413 4315 504 4382 qui
543 4314 610 4370 de
640 4314 832 4371 lsmael
863 4316 1066 4371 ducunt
1108 4317 1388 4396 originem,
1419 4319 1509 4389 qui
1547 4334 1643 4390 per
1671 4320 1833 4374 latam
1864 4321 1994 4388 solie

415 4405 654 4462 tudinem
690 4408 913 4464 incertis
938 4409 1156 4465 sedibus
1186 4419 1446 4483 vagantes
1471 4411 1784 4481 impugnant
1807 4427 1995 4479 omnes

2097 3240 2153 3295 in
2176 3248 2435 3294 teternum
2458 3236 2750 3292 duraverit.
2783 3234 2890 3290 Sed
2917 3234 3006 3291 hic
3038 3235 3404 3304 sempiternum
3445 3248 3543 3302 pro
3573 3249 3675 3297 sa:-

1992 3359 1996 3362 -
2095 3332 2266 3388 culari
2291 3331 2508 3401 ponitur
2537 3329 2678 3399 quod
2701 3328 2887 3383 Graece
2909 3328 3096 3381 eonion
3123 3325 3338 3382 dicitur.
3371 3325 3485 3378 Eon
3531 3324 3675 3379 enim

2095 3422 2280 3478 ϐιωυο
2309 3431 2415 3477 tam
2444 3419 2831 3489 sempiternum
2861 3433 3022 3488 quam
3052 3417 3310 3473 smeulare
3345 3415 3433 3471 vel
3473 3425 3679 3484 tempo-

2097 3511 2208 3573 rale
2233 3520 2414 3580 potest
2451 3509 2640 3578 accipi.
2681 3507 2774 3569 Vel
2827 3507 2998 3578 magis
3027 3514 3246 3578 propter
3280 3505 3576 3576 spiritalem
3603 3503 3678 3559 si-

2095 3600 2494 3676 gniﬁcationem
2525 3599 2724 3654 dicitur
2753 3597 2918 3668 {cadus
2933 3599 3322 3668 sempiternum,
3349 3595 3472 3667 quia
3503 3594 3680 3650 ftedus

2095 3679 2296 3752 Christi
2323 3700 2377 3746 et
2421 3691 2473 3744 in
2524 3705 2697 3756 terum
2747 3688 2981 3744 ﬁdelium
3029 3688 3360 3743 credentium
3414 3688 3504 3758 qui
3553 3695 3679 3741 sunt
3740 3678 3749 3683 ’

2095 3779 2365 3850 spiritales
2387 3779 2476 3847 lilii
2506 3779 2774 3838 Abraham
2808 3777 2952 3832 nullo
2975 3778 3079 3838 ﬁne
3103 3777 3498 3833 terminabitur.

2169 3869 2320 3924 Vers.
2353 3868 2438 3936 iQ.
2464 3866 2878 3940 Circttmcidelur
2907 3882 3056 3937 omne
3087 3865 3436 3934 masculinum
3481 3866 3539 3918 in
3583 3880 3676 3918 vo-

2097 3959 2193 4015 bis.
2218 3957 2345 4014 Jurc
2368 3957 2634 4012 Abraham
2678 3957 2763 4012 lex
2803 3957 2906 4011 ista
2950 3957 3239 4011 constituta
3287 3965 3370 4018 cst
3418 3963 3494 4018 ut,
3553 3955 3677 4026 quia

2095 4052 2303 4122 primus
2357 4053 2516 4106 homo
2583 4066 2679 4119 per
2734 4048 3238 4117 prmvaricationem
3299 4045 3676 4102 mandatorum

2095 4142 2189 4220 Dei
2243 4141 2608 4211 displicuerat,
2667 4140 2940 4194 Abraham
2992 4139 3206 4210 signum
3257 4136 3477 4192 foederis
3536 4145 3680 4192 esset

2097 4235 2240 4306 inter
2266 4234 2433 4288 Deum
2469 4241 2523 4288 et
2551 4231 2824 4286 hominem
2858 4242 2908 4284 α.
2940 4229 3208 4295 Secundo,
3239 4236 3296 4282 ut
3333 4243 3431 4298 per
3465 4227 3604 4281 hanc
3647 4242 3680 4281 a

2097 4324 2308 4389 cmteris
2362 4322 2671 4378 nationibus
2723 4320 3162 4375 discernerentur
3220 4319 3272 4372 in
3338 4316 3679 4386 corporibus.

2098 4413 2301 4477 Tertio,
2328 4422 2386 4467 ut
2422 4414 2562 4468 hanc
2608 4427 2674 4466 eo
2703 4411 2947 4465 membro
2976 4409 3332 4479 suscipientes
3379 4408 3429 4461 in
3457 4422 3563 4477 quo
3590 4407 3684 4462 do-

413 4497 579 4550 eremi
611 4498 816 4553 vicinos
859 4507 914 4553 et
941 4500 1008 4553 ab
1041 4500 1293 4555 omnibus
1345 4500 1743 4572 impugnantur.
1786 4500 1992 4570 Altego-
2026 4525 2073 4583 ι)
2102 4505 2292 4559 minari
2317 4504 2482 4558 libido
2509 4501 2646 4568 solet
2681 4501 2951 4556 discerent
2987 4501 3287 4569 castitatem
3321 4498 3424 4553 sibi
3459 4512 3680 4553 servan-

418 4586 530 4641 rice
551 4587 634 4642 ha:
655 4589 772 4643 dua:
800 4589 1070 4653 mulieres,
1097 4601 1398 4660 cxponcnte
1423 4591 1678 4663 Apostolo
1705 4589 1902 4661 (Calat.
1920 4608 1993 4672 tv,

413 4677 480 4732 ‘22
502 4688 549 4732 et
570 4682 728 4750 seq.),
753 4679 1092 4751 Synagogam
1117 4690 1174 4734 et
1200 4681 1494 4736 Ecclesium
1516 4682 1836 4763 signiﬁcant.
1854 4681 2000 4752 Agar

417 4770 632 4839 quidem
667 4769 1002 4842 Synagogam
1033 4787 1154 4840 qua:
1186 4772 1238 4825 in
1287 4773 1599 4827 servitutem
1641 4781 1864 4843 generat
1904 4789 1998 4843 po-

416 4861 602 4933 pulum
632 4859 937 4916 Judzeorum
976 4863 1067 4932 qui
1115 4861 1214 4918 feri
1255 4871 1381 4917 sunt
1408 4872 1464 4918 et
1507 4873 1771 4935 agrestes,
1809 4865 1995 4936 jugum

414 4949 625 5005 Domini
649 4951 767 5006 leve
795 4960 852 5005 et
877 4951 1036 5005 ﬁdem
1067 4950 1185 5019 ejus
1212 4949 1456 5007 nolentes
1483 4952 1741 5023 recipere,
1770 4939 1995 5022 ideoque

413 5039 668 5110 dispersi,
690 5051 745 5095 et
775 5041 1074 5113 vagabundi
1105 5049 1231 5095 sunt
1255 5057 1353 5112 per
1393 5051 1561 5096 totum
1587 5044 1772 5098 orbem
1802 5052 1856 5098 et
1883 5059 1996 5099 om-

417 5131 574 5185 nibus
617 5131 853 5186 maxime
883 5121 1206 5196 Christianis
1244 5134 1524 5188 contrarii.
1563 5134 1694 5189 Sara
1733 5150 1862 5190 vero
1890 5135 1992 5190 Ec-

417 5221 638 5278 clesiam
670 5239 792 5294 qua:
826 5223 1058 5293 primum
1086 5224 1288 5279 sterilis
1311 5234 1366 5279 et
1389 5224 1674 5280 infecunda
1699 5224 1818 5292 fuit,
1848 5237 1996 5296 post-

417 5328 479 5366 ea
503 5329 632 5370 vero
669 5315 722 5369 in
765 5315 1070 5372 libertatem
1105 5315 1230 5370 ﬁdei
1257 5324 1310 5370 et
1335 5299 1522 5389 gratiae
1548 5315 1756 5398 plebem
1772 5317 1995 5371 catholio

412 5419 534 5460 cam
559 5409 856 5477 generavit.

486 5498 642 5552 Vers.
682 5499 765 5554 i5.
809 5500 887 5552 Tu
934 5500 1097 5564 Dens,
1140 5500 1230 5570 qui
1257 5501 1426 5554 vidisti
1474 5517 1573 5554 me.
1608 5499 1719 5571 [loc
1766 5509 1870 5570 est,
1902 5500 1992 5569 qui

2098 4593 2219 4648 dam
2249 4603 2303 4660 et
2327 4607 2543 4649 omnem
2576 4591 2965 4662 impudicitiam
2997 4588 3360 4646 recidendam.

2171 4685 2322 4740 Vcrs.
2365 4685 2448 4739 12.
2503 4683 2631 4752 Tam
2664 4682 2993 4750 vernaculus,
3025 4696 3181 4753 quam
3227 4679 3510 4750 emptitius.
3555 4676 3680 4731 Sive

2097 4781 2237 4851 servi
2267 4780 2357 4850 qui
2387 4778 2645 4835 dominati
2674 4787 2820 4843 sunt,
2861 4777 2975 4832 sive
3015 4776 3105 4846 qui
3147 4773 3489 4841 exemptione
3519 4786 3683 4825 vene-

2100 4881 2243 4940 runt.
2274 4871 2340 4924 Et
2377 4870 2502 4939 quia
2549 4869 2808 4930 Dominus
2851 4866 3092 4922 omnium
3122 4872 3205 4931 est
3237 4872 3450 4922 creator
3477 4860 3680 4915 nullum

2100 4962 2301 5031 excipit
2343 4976 2373 5014 a
2404 4961 2598 5024 salute,
2632 4975 2733 5014 nec
2762 4958 3080 5030 cujusquam
3125 4957 3324 5027 accipit
3366 4970 3679 5027 personam,

2101 5052 2192 5123 sed
2232 5051 2473 5117 omnium
2504 5050 2812 5116 miseretur.

2117 5129 2122 5132 ’
2171 5141 2326 5197 Vers.
2353 5140 2440 5196 14.
2486 5140 2562 5194 De
2598 5137 2791 5210 papula
2817 5155 2933 5193 suo.
2981 5137 3038 5191 ld
3067 5145 3148 5191 est
3177 5136 3242 5191 de
3272 5144 3413 5190 cmtu
3465 5140 3684 5188 sancto-

2099 5248 2240 5286 rum.
2273 5230 2426 5292 Unde
2452 5239 2507 5286 et
2539 5229 2808 5300 legimus:
2849 5227 2927 5280 Tu
2966 5236 3141 5280 autem
3180 5225 3280 5278 ibis
3326 5225 3396 5278 ad
3433 5221 3683 5293 populum

2099 5331 2248 5394 tuum
2279 5361 2294 5387 ,
2347 5321 2471 5392 quia
2522 5329 2730 5396 pactum
2777 5335 2947 5388 meum
2999 5317 3210 5395 irritum
3261 5314 3402 5384 fecit.
3453 5313 3680 5369 Pactum

2103 5393 2307 5468 scilicet
2336 5411 2464 5466 illud
2489 5393 2630 5481 quod
2649 5409 2777 5484 Adae
2799 5395 2852 5462 in
2883 5393 3134 5479 paradiso
3158 5405 3344 5459 datum
3372 5412 3476 5470 est,
3507 5405 3560 5457 in
3580 5419 3683 5474 qua

2103 5518 2279 5556 omnes
2312 5511 2648 5572 peccaverunt
2686 5499 2857 5580 (Rom.
2891 5515 2974 5563 ιιι,
3007 5496 3116 5568 12).
3148 5494 3350 5552 Omnes
3387 5495 3528 5550 enim
3557 5510 3686 5549 cau-

553 5724 688 5781 Cod.
716 5727 931 5798 Teger.,
961 5739 1007 5781 et
1037 5730 1479 5786 Abraham.ldem
1511 5731 1804 5800 scripserat
1836 5730 2008 5800 prima
2043 5745 2236 5788 manus
2279 5731 2332 5787 in
2367 5731 2488 5787 cod.
2531 5728 2740 5796 Camb,
2761 5727 2856 5784 sed
2893 5727 2995 5795 alia
3025 5727 3246 5797 antiqua
3276 5721 3538 5798 correxit,
3584 5721 3680 5776 ho-

417 5796 633 5854 mittam.
