4026 6412
187 411 252 470 89
1313 409 1857 466 COMMENTARIUS
1896 409 1963 466 IN
2001 410 2301 469 GENESIM
3381 425 3452 482 90

185 521 363 581 aliter
385 520 638 612 in‘Adam
662 520 882 612 fuimus,
914 531 967 577 et
995 521 1113 612 ideo
1132 521 1414 612 originalis
1443 525 1649 593 peccati
1679 524 1754 578 rei
1785 531 1831 587 Α
1863 536 2178 593 paruerunt.
2214 527 2364 584 Tunc
2394 545 2524 602 ergo
2552 532 2808 590 Dominus
2836 536 2980 590 venit
3005 539 3218 606 quando
3253 549 3449 612 myste-

130 479 363 760 lgaliter
385 520 441 576 in
467 520 638 576 Adam
662 520 882 586 fuimus,
914 531 967 577 et
995 521 1113 577 ideo
1132 521 1414 592 originalis
1443 525 1649 593 peccati
1679 524 1754 578 rei

185 627 382 670 sumus.
419 609 543 665 Hmc
570 619 751 666 autem
780 611 1122 666 circumcisio
1141 626 1261 681 quae
1291 611 1344 665 in
1373 626 1480 665 uno
1520 612 1762 667 membro

184 702 335 760 ﬂebat
380 700 650 760 signiﬁcat
695 702 1162 756 circumcisionem
1213 701 1509 760 spiritalem
1550 717 1668 760 uiue
1706 702 1759 756 in

184 702 335 760 ﬂebat
380 700 650 772 signiﬁcat
695 702 1162 756 circumcisionem
1213 701 1509 772 spiritalem
1550 717 1668 772 quae
1706 702 1759 756 in

183 795 333 850 corde
362 800 420 848 et
464 793 517 847 in
550 793 804 849 omnibus
837 795 1094 850 membris
1137 794 1440 849 exhibenda
1488 802 1590 849 est.
1645 794 1789 852 Cir-_

183 885 585 941 cumcidendum
624 894 708 940 est
757 901 852 939 cor
898 901 927 939 a
961 886 1140 940 noxiis
1168 885 1606 957 cogitationibus,
1657 887 1764 940 cir-

183 975 512 1031 cumcidendi
567 985 693 1030 sunt
739 976 879 1031 oculi
929 991 997 1030 ne
1044 975 1264 1032 videant
1311 979 1625 1042 vanitatem,
1658 977 1764 1031 eir-

182 1067 540 1123 cumcidendte
583 1076 709 1123 sunt
753 1084 933 1133 aures,
980 1069 1034 1123 id
1065 1076 1166 1134 est,
1200 1067 1516 1123 obturandaa
1559 1083 1627 1123 ne
1668 1084 1764 1122 auo

180 1161 318 1214 diaut
338 1160 682 1230 sanguinem,
716 1170 772 1216 et
818 1161 897 1216 sic
939 1160 996 1216 in
1044 1161 1297 1216 omnibus
1339 1160 1586 1217 sensibus
1630 1161 1766 1217 cele-

181 1245 370 1306 bra'nda
403 1262 494 1306 est
523 1252 888 1308 circumcisio.
1029 1263 1067 1296 ο
1126 1249 1127 1252 “

243 1340 393 1397 Vers.
417 1342 506 1396 17.
526 1341 681 1396 Risit.
697 1341 814 1397 Non
837 1342 1187 1405 dubitatione,
1205 1342 1298 1398 sed
1321 1341 1516 1413 gaudio
1537 1342 1763 1398 credens

182 1431 518 1500 promissioni
537 1431 653 1486 Dei.
670 1431 824 1487 Unde
847 1441 903 1486 et
932 1431 1073 1487 fllius
1099 1431 1216 1501 ejus
1236 1431 1410 1498 Isaac,
1438 1432 1490 1487 id
1519 1443 1603 1489 est
1627 1434 1761 1488 risus

183 1530 391 1577 vocatus
431 1531 538 1576 est.
586 1520 720 1576 Sara
769 1537 898 1578 vero
946 1533 1134 1593 postea
1184 1523 1564 1578 incredulitate
1615 1525 1759 1590 risit,

183 1611 308 1666 unde
331 1619 388 1667 et
413 1612 688 1682 increpari
716 1613 935 1667 meruit.

240 1701 389 1758 Vers.
429 1703 526 1757 20.
578 1703 752 1774 Super
781 1703 971 1758 lsmael
1005 1721 1206 1775 quoque
1235 1704 1479 1758 exaudiui
1504 1714 1571 1758 te.
1613 1703 1763 1757 Dixi-

180 1807 287 1848 mus
313 1793 568 1862 superius
605 1793 831 1848 Ismaele
879 1791 1093 1850 Judzeos
1137 1794 1432 1864 significari
1476 1794 1568 1864 qui
1613 1794 1756 1848 aucti

181 1875 292 1938 sunt
318 1884 528 1939 carnali
582 1885 930 1955 generatione
981 1885 1034 1939 iu
1091 1884 1413 1939 immensam
1465 1882 1759 1938 multitudi-
1789 1877 1838 1942 Β

182 1987 318 2030 nem.
358 1974 523 2030 Unde
562 1989 661 2044 per
698 1977 1020 2045 prephetam
1051 1973 1282 2029 dicitur:
1319 1973 1503 2029 Gloria
1536 1973 1648 2044 ejus
1692 1975 1756 2027 ab

181 2058 328 2131 utero,
355 2076 400 2120 et
427 2065 583 2120 uulua
609 2076 658 2120 et
694 2084 726 2120 a
750 2077 994 2136 conceptu
1024 2065 1171 2138 (Ose.
1199 2084 1273 2134 ix,
1305 2068 1414 2138 ll).
1438 2099 1505 2108 —-
1552 2067 1762 2124 Duode-

180 2157 264 2208 cim
311 2157 476 2211 duces
529 2158 814 2228 generabit.
870 2158 932 2212 ld'
977 2168 1059 2213 est
1116 2159 1396 2214 duodecim
1446 2160 1757 2230 apostolos,

182 2250 426 2305 maximos
475 2251 639 2306 duces
690 2251 966 2317 Ecclesize,
1022 2251 1112 2322 qui
1166 2267 1232 2308 ex
1282 2252 1374 2307 illo
1418 2252 1612 2323 populo
1647 2253 1758 2307 nati

181 2352 304 2395 sunt.
331 2342 426 2397 Vel
457 2341 741 2398 duodecim
773 2343 937 2398 duces
977 2343 1108 2398 dicit
1134 2341 1414 2398 duodecim
1453 2343 1622 2414 ipsius
1659 2357 1757 2414 po—

181 2431 274 2501 puli
303 2433 502 2489 tribus.
1307 2419 1314 2425 ’

246 2523 392 2579 Vers.
429 2523 523 2579 21.
555 2521 780 2579 Pactum
808 2542 978 2579 meum
1009 2511 1385 2580 statuam‘cum
1417 2525 1593 2581 Isaac.
1622 2527 1760 2596 Quia

183 2614 542 2673 misericordia
569 2625 622 2671 et
644 2616 816 2687 gratia
839 2611 955 2685 ejus
985 2617 1036 2671 in
1067 2616 1264 2686 populo
1292 2625 1374 2672 est
1393 2617 1720 2674 Christiano.

241 2705 367 2761 Vers
391 2707 488 2761 25.
528 2706 868 2761 Circumcidit
911 2706 1189 2761 Ismaelem
1228 2716 1276 2760 et
1317 2716 1529 2760 cunctos
1565 2723 1758 2762 mares.

184 2796 340 2862 θακτὶ
387 2805 596 2867 potest,
647 2798 693 2853 si
724 2812 903 2852 mares
931 2797 1345 2852 circumcisione
1390 2797 1758 2864 salvabantur,

186 2889 372 2946 femina:
402 2891 680 2962 quomodo
715 2889 1089 2957 salvabantur,
1112 2905 1231 2959 qua:
1260 2904 1364 2944 non
1410 2890 1764 2945 circumcide-

183 2987 392 3042 bautur?
431 2986 635 3057 Utique
681 2985 784 3042 fide
829 2995 886 3042 et
935 2986 1235 3040 hostiarum
1283 2983 1579 3051 oblatione,
1625 2998 1762 3054 quo-

186 3078 324 3134 modo
347 3089 402 3134 et
453 3094 552 3148 per
574 3087 699 3134 ante
725 3078 927 3134 dictum
975 3085 1303 3148 praeceptum
1336 3076 1764 3132 circumcisionis

185 3171 337 3225 sancti
380 3170 639 3226 homines
681 3169 1099 3233 mandabantur,
1151 3169 1304 3239 juxta
1365 3167 1508 3238 quod
1563 3167 1761 3223 Paulus

187 3261 298 3328 dicit
324 3280 334 3315 :
367 3262 482 3330 ﬁde
504 3261 798 3333 puriﬁcans
831 3262 992 3316 corda
1020 3261 1159 3333 (Act.
1195 3277 1254 3327 Χ,
1277 3259 1352 3331 9).

736 3353 966 3410 CAPUT
1007 3353 1198 3409 XVIII.

247 3449 388 3503 Vers.
418 3449 472 3502 l.
514 3447 769 3518 Apparuit
800 3448 847 3501 ei
881 3445 1137 3500 Dominus
1168 3447 1222 3498 in
1246 3443 1478 3499 convalle
1509 3442 1766 3497 Mambre.

187 3539 342 3608 Quzeri
379 3549 565 3611 potest
602 3540 758 3610 juxta
808 3540 1064 3603 litteram,
1118 3537 1164 3592 si
1217 3536 1492 3591 Abraham
1550 3533 1769 3605 angelos

186 3631 500 3705 intelligebat
525 3647 645 3689 esse
675 3633 765 3702 qui
814 3633 866 3686 in
898 3631 1064 3702 ﬁgura
1099 3629 1378 3685 hominum
1409 3627 1766 3702 apparebant,

185 3742 268 3781 cur
285 3727 358 3781 eis
381 3742 455 3781 ea
481 3741 602 3796 qua:
639 3724 957 3792 mortalibus
979 3724 1305 3778 conveniunt
1328 3720 1583 3790 obsequia
1630 3734 1768 3789 prae-

187 3822 412 3894 paravit?
463 3820 734 3875 Fortassis
775 3819 898 3890 quia
937 3817 1114 3888 primo
1147 3816 1394 3872 homines
1421 3829 1543 3869 esse
1581 3813 1771 3868 crede-

188 3910 281 3986 bat,
309 3921 499 3982 postea
541 3926 670 3966 vero
711 3927 779 3965 ex
826 3910 908 3964 his
936 3925 1055 3979 quae
1087 3909 1155 3962 ab
1209 3905 1315 3962 illis
1341 3905 1485 3960 dicta
1533 3913 1659 3959 sunt
1683 3903 1768 3957 vel

187 4003 308 4072 facta
336 4003 563 4074 angelos
589 4001 869 4062 intellexit.
896 3999 1229 4071 lntelligebat
1256 4012 1351 4052 eos
1381 4011 1501 4052 esse
1523 3994 1767 4066 angelos,

189 4111 297 4150 cum
325 4112 424 4152 eos
459 4095 526 4149 ad
562 4094 758 4151 coelum
810 4093 989 4161 redire
1033 4091 1274 4163 videbat,
1332 4088 1473 4144 sicut
1521 4087 1573 4141 in
1633 4085 1771 4140 libro

157 4181 415 4258 .ludicum
443 4184 511 4239 de
556 4183 750 4239 Manue
777 4183 1018 4252 legimus,
1045 4182 1134 4251 qui
1175 4180 1350 4251 primo
1375 4178 1567 4233 videns
1596 4192 1768 4248 ange-

189 4273 284 4329 lum
318 4274 596 4331 hominem
620 4287 737 4345 esse
759 4273 990 4343 putavit,
1017 4272 1198 4327 dicens
1225 4289 1238 4324 :
1281 4268 1359 4335 Tu
1384 4286 1436 4324 es
1457 4268 1544 4323 ille
1579 4269 1655 4324 vir
1682 4268 1771 4339 qui

189 4363 374 4420 locutus
417 4382 471 4419 es
502 4363 710 4419 mulieri
739 4363 941 4435 (ludio.
982 4379 1100 4427 Xlll,
1133 4361 1264 4442 ll)?
1306 4360 1547 4430 Cumque
1592 4359 1640 4414 ei
1675 4360 1772 4414 lut-

191 4457 455 4513 manitatis
507 4471 670 4512 causa
729 4457 940 4512 haedum
988 4455 1183 4512 fecisse
1208 4454 1486 4522 voluisset,
1539 4453 1672 4508 dicit
1721 4452 1770 4507 ei

189 4549 432 4620 angelus:
473 4548 538 4605 Si
573 4548 713 4620 cogis
768 4565 870 4615 me,
919 4564 1021 4608 non
1069 4548 1359 4612 comedam.
1414 4546 1512 4601 Sin
1555 4555 1772 4600 autent:

188 4640 307 4708 oﬂ'er
330 4639 463 4702 illud
491 4638 738 4695 Domino.
769 4637 1012 4707 Cumque
1053 4637 1157 4691 hoc
1196 4635 1432 4702 fecisset,
1464 4643 1514 4690 et
1556 4633 1771 4689 flamma

189 4729 425 4804 sacrificii
477 4731 834 4796 ascenderet,
895 4729 1117 4800 angelus
1186 4728 1239 4782 in
1291 4726 1507 4781 flamma
1568 4727 1773 4796 pariter

195 4821 445 4877 ascendit.
481 4820 751 4877 Caeterum
799 4820 865 4875 de
918 4818 1052 4875 Sara
1101 4817 1227 4873 nulli
1256 4818 1476 4874 dubium
1503 4818 1645 4888 quod
1677 4818 1774 4873 ho-

193 4913 351 4970 mines
386 4930 508 4970 esse
534 4915 781 4984 putabat.
819 4913 954 4968 Nam
1000 4921 1054 4968 et
1088 4927 1286 4984 negare
1329 4927 1457 4967 ausa
1503 4920 1587 4967 est
1628 4912 1770 4983 quod

193 5009 401 5077 angelus
429 5007 564 5064 dixit
602 5007 668 5061 ad
689 5005 961 5060 Abraham
998 5023 1010 5058 :
1040 5003 1150 5058 Cur
1172 5004 1288 5058 risit
1315 5002 1455 5058 Sara
1479 5020 1612 5058 uxor
1634 5013 1723 5056 tua
1749 5004 1773 5056 Ζ)

193 5100 410 5174 Negavit
438 5104 608 5169 enim,
637 5112 693 5158 et
717 5103 853 5157 dixit
879 5120 892 5156 :
931 5101 1051 5156 Non
1088 5101 1199 5155 risi.

258 5194 478 5266 Mystice
526 5194 798 5249 Abraham
854 5191 1116 5261 triplicem
1167 5190 1333 5262 gessit
1379 5190 1627 5267 ﬁguram,
1683 5189 1774 5243 Dei

200 5284 434 5340 videlicet
465 5283 641 5340 Patris
668 5284 719 5338 in
748 5300 812 5339 eo
838 5284 980 5353 quod
1026 5283 1173 5338 lsaac
1212 5281 1426 5338 obtulit.
1485 5281 1674 5336 Gestat
1722 5289 1775 5336 et

199 5374 414 5446 ﬁgurata
445 5375 562 5430 Filii
591 5376 642 5429 in
679 5391 745 5430 eo
779 5374 920 5446 quod
951 5376 1017 5429 de
1046 5375 1206 5430 domo
1233 5389 1328 5429 sua
1365 5380 1419 5428 et
1457 5373 1775 5443 cognatione

199 5471 374 5524 exivit.
430 5471 528 5525 llic
576 5485 704 5527 vero
751 5484 1183 5539 unamquamque
1231 5478 1472 5523 sanctam
1506 5467 1776 5552 signiﬁcat

201 5562 426 5622 animam
450 5580 568 5633 quae
593 5563 759 5618 Deum
785 5563 837 5618 in
861 5562 1092 5632 hospitio
1123 5577 1233 5618 suae
1264 5560 1462 5616 mentis
1486 5577 1609 5616 cum
1639 5577 1772 5642 gau-

204 5651 286 5713 dio
334 5655 574 5724 suscipit.
605 5654 740 5710 Tres
798 5654 942 5710 viros
999 5654 1087 5724 qui
1121 5653 1170 5708 ei
1215 5661 1602 5724 apparuerunt,
1650 5653 1770 5721 qui-

207 5741 320 5796 dam
347 5745 770 5816 interpretantur
812 5743 1110 5810 Christum,
1141 5751 1196 5798 et
1239 5743 1412 5812 ipsum
1462 5741 1681 5812 Moysen
1722 5751 1775 5798 et

207 5831 368 5891 ﬁliam
399 5837 484 5908 qui
511 5837 676 5894 etiam
705 5853 826 5893 cum
856 5852 922 5893 eo
953 5836 1006 5893 in
1053 5845 1236 5893 monte
1272 5834 1636 5907 transligurati
1677 5849 1771 5905 ap-

1867 617 2006 672 rium
2064 619 2449 677 incarnationis
2486 621 2714 680 Abrahaa
2743 628 2998 692 ostendit,
3044 630 3168 699 quia
3201 630 3285 685 lex
3330 647 3451 701 quae

1865 725 1960 778 per
2000 709 2216 781 Moysen
2257 713 2379 767 data
2407 723 2510 780 est,
2546 725 2601 770 et
2648 719 2928 786 prephetia
2965 735 3084 789 qua:
3136 737 3233 792 per
3277 723 3452 778 Eliam

1866 803 2196 874 designatur,
2226 821 2436 875 semper
2465 807 2580 878 ejus
2611 811 2977 878 praedixerunt
3006 814 3320 870 adventum.

1943 895 2097 950 Vers.
2123 894 2176 949 6.
2217 896 2486 961 Arcelera,
2528 899 2632 953 tria
2667 910 2782 954 sata
2807 902 3012 957 similw.
3059 903 3246 959 Satum
3281 889 3452 977 genus

1864 997 1947 1043 est
1979 1003 2264 1044 mensum.
2311 990 2434 1045 Tria
2458 1001 2574 1046 sata
2607 1001 2716 1049 tres
2746 994 3056 1065 significant
3083 997 3220 1052 filios
3251 997 3386 1064 Noe,
3419 1015 3452 1054 a

1865 1081 2061 1151 quibus
2085 1083 2495 1139 disseminatum
2525 1101 2682 1140 omne
2710 1102 2879 1157 genus
2904 1089 3200 1145 humanum
3225 1100 3347 1162 post
3372 1092 3456 1147 di-

1865 1175 2086 1230 luvium.
2134 1176 2238 1231 Per
2279 1178 2382 1231 tria
2423 1164 2540 1232 sata
2573 1179 2982 1250 significabatur
3007 1182 3248 1238 Ecclesia
3277 1192 3332 1239 et
3360 1184 3458 1239 do-

1863 1272 2040 1328 ctrina
2083 1272 2395 1342 evangelica
2448 1287 2548 1343 per
2595 1282 2706 1328 tres
2754 1275 2939 1330 mundi
2986 1284 3168 1347 partes
3210 1278 3466 1333 dissemi-

1864 1361 2062 1416 nanda.
2091 1361 2228 1418 Hinc
2254 1372 2309 1419 et
2339 1364 2390 1418 in
2421 1365 2710 1434 Evangelia
2738 1366 2960 1431 mulier,
2993 1368 3043 1421 id
3073 1377 3186 1435 est,
3215 1369 3456 1425 Ecclesia

1864 1455 2062 1509 dicitur
2086 1455 2360 1524 accepisse
2385 1455 2710 1528 fermentum
2751 1458 3074 1529 evangelicae
3114 1460 3370 1514 doctrinae
3402 1467 3460 1514 et

1865 1544 2214 1601 abscondisse
2235 1547 2362 1601 illud
2387 1548 2438 1600 in
2465 1549 2633 1602 tribus
2658 1548 2849 1619 farina’
2869 1551 2997 1605 satis
3023 1549 3170 1620 (Luc.
3201 1566 3320 1616 xm,
3338 1551 3458 1621 Ἡ),

1864 1636 1916 1692 id
1940 1648 2047 1701 est,
2077 1637 2128 1691 in
2162 1637 2334 1694 tribus
2361 1640 2544 1693 mundi
2571 1641 2835 1709 partibus,
2861 1641 3000 1696 Asiae
3023 1643 3290 1707 videlicet,
3314 1643 3460 1697 Afri-

1862 1741 1960 1789 cze,
1984 1726 2236 1797 Europze,
2268 1728 2431 1782 donec
2453 1729 2856 1797 fermentaretur
2878 1741 3064 1795 totum,
3093 1731 3145 1786 id
3170 1741 3271 1795 est,
3289 1733 3461 1790 donec

1862 1816 2040 1870 omnis
2084 1817 2317 1878 mundus
2362 1818 2624 1873 crederet.
2672 1817 2836 1873 Panis
2883 1820 3152 1890 significat
3199 1823 3458 1878 unitatem

1865 1906 2220 1973 credentium,
2265 1908 2390 1978 quia
2440 1909 2594 1978 panis
2619 1923 2687 1962 ex
2719 1908 2900 1964 multis
2942 1910 3124 1980 grauis
3153 1911 3456 1965 conﬁcitur.

1865 1997 2052 2067 Λιμηιὶ
2097 2013 2227 2053 vero
2278 1998 2534 2063 fuerunt,
2579 2001 2701 2069 quia
2746 2001 2924 2055 unitas
2967 2010 3167 2056 sanetze
3199 2002 3457 2058 Ecclesim

1867 2090 2176 2161 incorrupta
2216 2100 2318 2146 est.
2365 2090 2718 2146 Subcinerieei
2763 2108 2928 2158 vero,
2973 2095 3098 2162 quia
3145 2096 3316 2151 sancti
3363 2111 3460 2165 per

1865 2181 2160 2250 potentiam
2188 2183 2309 2254 igne
2333 2182 2568 2252 Spiritus
2589 2183 2794 2238 decocti
2824 2185 3148 2240 sacrificium
3171 2186 3253 2240 vel
3277 2202 3460 2242 escam

1866 2270 2236 2328 delectabilem
2287 2291 2346 2328 se
2395 2275 2540 2346 ipsos
2589 2276 2697 2330 Deo
2744 2275 2967 2332 faciunt.
3009 2277 3220 2332 Vitulus
3259 2279 3323 2333 de
3367 2297 3462 2333 aro

1867 2375 2039 2418 mento
2072 2364 2322 2422 Christus
2351 2376 2435 2422 est
2476 2369 2771 2424 secundum
2822 2369 3212 2424 humanitatem
3251 2384 3317 2424 ex
3362 2386 3461 2438 pa-

1870 2457 2063 2524 tribus,
2094 2459 2160 2512 de
2185 2474 2292 2529 quo
2313 2474 2409 2529 per
2439 2459 2780 2524 Psalmistam
2812 2462 3046 2517 dicitur:
3095 2461 3323 2516 Placebit
3351 2462 3462 2518 Deo

1866 2567 2022 2622 super
2047 2550 2268 2606 vitulum
2299 2552 2555 2607 novellum
2587 2554 2758 2624 (Psal.
2785 2571 2974 2616 vant,
3009 2554 3120 2624 32).

1941 2643 2095 2698 Vers.
2129 2642 2182 2696 8.
2217 2641 2458 2715 Tulitque
2482 2645 2722 2716 butyrum
2749 2655 2795 2699 et
2833 2645 2935 2700 lac.
2969 2643 3076 2699 Lac
3106 2645 3257 2700 cibus
3288 2644 3464 2699 infan-

1869 2740 1958 2794 tia:
2003 2748 2116 2802 est,
2161 2739 2388 2810 ideoque
2417 2740 2663 2812 designat
2702 2750 2940 2802 veterem
2979 2741 3172 2809 legem.
3203 2740 3460 2812 Butyrum

1867 2845 1997 2884 vero
2043 2829 2238 2900 pingue
2279 2838 2333 2884 et
2369 2830 2711 2902 coagulatum
2758 2831 3002 2886 doctrina
3031 2841 3116 2886 est
3153 2831 3462 2903 evangelica

1867 2919 2038 2974 solido
2067 2920 2188 2976 cibo
2211 2929 2427 2975 sanctos
2458 2919 2724 2976 reficiens.
2759 2919 2967 2974 Vitulus
2991 2931 3166 2974 coctus
3188 2919 3462 2975 Christum

1865 3026 2083 3081 passum
2113 3010 2404 3081 significat.
2447 3009 2637 3066 Stabat
2673 3010 2770 3064 sub
2813 3010 3016 3065 arbore.
3045 3010 3216 3064 Arbor
3247 3025 3462 3065 crucem

1866 3099 2227 3171 significabat,
2275 3100 2369 3154 sub
2415 3118 2519 3172 qua
2561 3100 2826 3155 Abraham
2865 3101 3069 3165 stabat,
3101 3101 3226 3170 quia
3258 3109 3463 3172 myste-

1874 3193 2015 3246 rium
2061 3192 2332 3263 passionis
2375 3191 2574 3247 Christi
2619 3192 2916 3263 inSpirante
2947 3193 3059 3247 Deo
3079 3191 3192 3262 jam
3222 3201 3464 3247 contem-

1785 3282 1841 3365 ευ
1875 3282 2126 3354 plabatur

1946 3375 2096 3432 Vers.
2128 3375 2181 3430 9.
2228 3375 2361 3428 Ecce
2400 3376 2456 3428 in
2498 3376 2836 3427 tabernaculo
2879 3381 2972 3426 est.
3019 3370 3291 3427 Abraham
3329 3368 3463 3424 foris

1873 3482 1996 3522 cum
2025 3465 2234 3538 angelis
2261 3473 2413 3530 erat;
2440 3463 2572 3519 Sara
2605 3463 2658 3518 in
2683 3460 3043 3517 tabernaculis
3069 3460 3305 3514 latebat:
3335 3459 3463 3529 quia

1870 3556 2196 3627 sapientium
2227 3565 2282 3609 et
2306 3555 2588 3610 doctorum
2615 3562 2697 3608 est
2728 3559 2913 3622 aperte
2939 3548 3254 3619 praedicare,
3277 3563 3465 3603 exem-

1870 3647 1974 3717 plis
2017 3647 2152 3704 alios
2188 3645 2492 3700 instituere.
2524 3642 2726 3698 Inﬁrmi
2763 3655 2892 3696 vero
2921 3640 3159 3710 quinque
3197 3645 3252 3694 et
3285 3637 3465 3693 minus

1871 3737 2013 3794 docti
2038 3753 2097 3792 se
2119 3735 2259 3808 apud
2281 3750 2338 3791 se
2359 3734 2638 3790 continere
2656 3731 2858 3787 debent
2877 3738 2933 3785 et
2951 3728 3261 3784 doctoribus
3284 3726 3461 3783 subdi.

1939 3825 2099 3882 Vers.
2125 3825 2210 3879 ll.
2237 3823 2534 3878 Desierant.
2562 3820 2621 3880 1d
2647 3829 2755 3887 est,
2777 3826 3143 3875 cessaverant.
3170 3815 3322 3872 Sara:
3346 3816 3464 3885 ﬁeri

1872 3914 2164 3970 muliebria.
2199 3912 2256 3967 ld
2282 3920 2365 3968 est
2392 3917 2694 3977 menstrua,
2746 3909 2888 3979 quod
2919 3922 3041 3963 cum
3065 3905 3327 3970 contingit
3347 3919 3465 3960 mu-

1819 4043 1828 4054 .
1873 4005 2018 4072 lieri,
2048 4004 2301 4060 inhabilis
2321 4002 2431 4072 jam
2459 4011 2541 4058 est
2567 4001 2634 4056 ad
2665 4000 3033 4071 procreandos
3058 3998 3218 4054 ﬁlios.

1944 4096 2098 4152 Vers.
2131 4095 2221 4150 20.
2270 4095 2484 4149 Clamor
2526 4094 2876 4149 Sodomorum
2918 4102 2966 4146 et
3004 4089 3465 4146 Comorrlueorum

1875 4186 2251 4258 multiplicatus
2293 4195 2389 4240 est.
2435 4185 2505 4241 Ut
2546 4186 2737 4240 beatus
2774 4173 3071 4253 Gregorius
3097 4181 3246 4245 dicit,
3275 4193 3466 4248 pecea-

1877 4287 1988 4334 tum
2033 4295 2154 4334 cum
2195 4293 2326 4333 voce
2370 4284 2447 4332 est
2483 4283 2764 4348 peccatum
2807 4276 2860 4329 in
2899 4273 3146 4328 actione:
3185 4278 3465 4341 peccatum
3555 4320 3563 4328 ,

1876 4379 2058 4424 autem
2103 4385 2227 4423 eum
2274 4367 2510 4423 clamore
2564 4374 2649 4421 est
2696 4374 2975 4436 peccatum
3021 4377 3143 4418 cum
3191 4361 3461 4415 libertate.

1876 4461 2011 4528 Quia
2040 4475 2168 4531 ergo
2201 4459 2494 4514 Sodomita:
2540 4457 2707 4512 libere
2751 4467 2804 4512 et
2852 4453 3212 4510 inverecunde
3246 4466 3464 4507 omnem

1880 4552 2272 4622 impudicitiam
2301 4549 2650 4614 exercebant,
2679 4549 2788 4603 imo
2818 4548 2869 4602 in
2898 4545 3148 4617 pessimis
3171 4543 3465 4600 sceleribus

1879 4643 2202 4698 hetabantur
2228 4650 2281 4698 et
2307 4641 2670 4705 exsultabant,
2697 4639 2815 4695 ideo
2839 4637 3039 4692 clamor
3059 4651 3245 4693 eorum
3270 4634 3468 4691 dicitur

1880 4735 2188 4807 pervenisse
2219 4734 2285 4788 ad
2318 4733 2508 4788 Deum.

1950 4827 2104 4897 Vers.
2150 4825 2239 4880 2-1.
2277 4825 2598 4880 Descendam
2644 4834 2690 4879 et
2731 4825 2909 4879 videbo
2965 4833 3140 4877 utrum
3185 4820 3465 4875 clamorem

1874 4921 1963 4992 qui
1995 4920 2130 4973 venit
2163 4918 2232 4971 ad
2275 4935 2355 4971 me
2401 4934 2551 4986 opere
2592 4916 2973 4987 compleveriul.
3007 4913 3221 4969 Clamor
3247 4913 3464 4982 quidem

1877 5009 1944 5064 ad
1979 5011 2144 5066 Deum
2173 5018 2515 5080 pervenerat,
2547 5010 2638 5063 sed
2670 5023 2775 5062 non
2806 5006 2988 5062 statim
3018 5005 3337 5076 puniuntur,
3361 5001 3466 5055 nisi

1880 5099 2118 5173 Angelus
2151 5098 2518 5154 descendisset
2560 5108 2614 5154 et
2658 5098 2882 5153 vidisset
2917 5106 3095 5151 utrum
3136 5097 3239 5150 hoc
3278 5105 3466 5165 perpe-

1877 5200 2136 5247 trassent.
2166 5190 2287 5246 Mox
2314 5201 2513 5256 autem,
2548 5199 2605 5245 ut
2634 5190 2910 5245 inventum
2939 5199 3050 5256 est,
3098 5189 3301 5256 absque
3327 5184 3433 5240 dila
3459 5213 3467 5222 -

1883 5283 2028 5356 tione
2068 5283 2231 5337 misso
2260 5282 2474 5337 ccelitus
2510 5282 2632 5352 igne
2671 5280 2973 5350 consumpti
3001 5289 3146 5333 sunt.
3175 5276 3275 5332 Ubi
3307 5276 3467 5330 doce-

1882 5390 2004 5428 mur
2031 5389 2137 5428 nou
2178 5371 2338 5428 facile
2369 5373 2566 5428 auditis
2597 5373 2953 5442 quormndam
2983 5368 3302 5425 criminibus
3343 5381 3466 5422 cre-

1881 5467 2046 5520 dere:
2090 5465 2272 5520 statim
2301 5481 2449 5530 vero,
2488 5473 2548 5519 ut
2579 5480 2664 5520 res
2706 5465 2930 5536 probata
2965 5461 3162 5526 fuerit,
3209 5459 3466 5515 continuo

1879 5559 2011 5614 ultio
2038 5558 2404 5632 subsequitur.
2463 5557 2614 5626 Quod
2655 5565 2833 5613 autem
2871 5555 3068 5610 dicitur
3104 5573 3116 5608 :
3156 5553 3467 5609 descendam

1879 5632 1926 5708 et
1962 5651 2157 5713 videbo,
2195 5665 2345 5705 more
2372 5659 2560 5705 nostro
2590 5649 2731 5704 Deus
2766 5647 3000 5718 loquitur
3032 5655 3286 5716 tanquam
3311 5643 3468 5699 dubi-

1882 5729 2003 5798 tans
2033 5750 2089 5798 et
2112 5742 2392 5812 ignorans,
2420 5756 2544 5797 cum
2575 5749 2753 5797 tamen
2793 5738 2908 5810 ipse
2937 5747 3180 5796 sanctam
3209 5746 3264 5794 et
3293 5741 3469 5791 ratam

1882 5831 2079 5915 habeat
2106 5830 2410 5888 scientiam.
