4026 6430
567 387 627 441 91
1206 376 1466 434 ῐὶΕΜΙϐΙΙ
1503 363 2161 435 ANTlSSIODOllENSlS
2199 362 2348 422 OPP.
2389 365 2588 424 PARS.
2625 365 3178 425 I.—EXEGETICA.
3749 367 3818 424 92

641 501 790 556 Vers.
821 498 910 554 26.
948 495 1071 550 Non
1097 495 1272 550 delebo
1302 501 1510 564 propter
1535 455 1932 562 quinquaginta.
1969 484 2139 553 Quin-.
2162 482 2217 558 Α
2240 483 2442 539 saeculi.
2480 483 2633 542 Unde
2659 493 2716 542 et
2739 485 2932 542 merito
2963 487 3018 540 in
3051 497 3279 550 statuam
3313 485 3438 542 salis
3468 501 3624 545 versa
3653 489 3818 548 fuisse

564 589 925 664 quagenarius
959 601 1216 642 numerus
1246 585 1457 640 dicatus
1493 591 1578 638 est
1611 578 1956 652 paenitentia).
1988 575 2140 632 Unde

559 695 617 741 et
662 681 1138 754 quinquagesimus
1167 679 1406 750 psalmus
1442 679 1495 734 in
1537 674 1849 748 poenitentia
1894 680 2141 728 cantatus

565 789 672 836 est.
705 776 857 846 Quod
884 790 1016 848 ergo
1059 775 1228 832 dicit:
1267 773 1390 829 Non
1422 759 1608 827 delebo°
1631 776 1841 840 prapter
1878 766 2140 836 quinqua-

559 874 728 942 ginta,
758 869 993 926 ostendit
1021 867 1263 939 potuisse
1287 880 1381 920 eos
1405 865 1471 918 ab
1507 858 1806 917 imminenti
1833 856 2049 920 interitu
2077 854 2140 916 li-

560 963 762 1030 berari,
792 962 836 1018 si
860 963 926 1016 ad
948 959 1314 1032 paenitentiam
1335 956 1624 1026 confugere
1645 951 1959 1010 voluissent.
1988 946 2138 1016 Quod

561 1064 739 1108 mitem
767 1052 1024 1123 paulatim
1052 1049 1428 1106 descendemlo
1461 1047 1527 1102 ad
1564 1047 1737 1100 decem
1762 1041 2024 1114 pervenit,
2051 1055 2140 1095 os-

560 1143 734 1198 tendit
764 1142 1037 1196 nemiuem
1065 1155 1221 1212 posse
1248 1137 1475 1202 salvari,
1515 1137 1616 1191 nisi
1647 1151 1769 1191 eum
1797 1134 1884 1204 qui
1921 1146 2136 1216 crucem

560 1233 760 1288 Christi
790 1233 931 1288 ferre
959 1247 1192 1303 eumque
1216 1229 1367 1300 sequi
1397 1228 1685 1294 studuerit,
1715 1236 1770 1283 et
1797 1227 1979 1282 decem
2005 1226 2140 1297 legis

560 1335 829 1396 praecepta
857 1325 1181 1395 impleverit.
1214 1323 1476 1379 Denarius
1513 1321 1656 1377 enim
1698 1335 1910 1376 crucem
1937 1319 2136 1375 Christi

557 1416 826 1486 designat,
867 1415 991 1485 quia
1018 1414 1226 1469 decima
1252 1412 1429 1468 littera
1466 1427 1571 1482 qua
1601 1411 1854 1466 denarius
1882 1425 2138 1466 numerus

555 1505 879 1575 exprimitur
906 1503 1131 1574 ﬁguram
1158 1503 1323 1558 habet
1348 1502 1546 1558 crucis.

1137 1591 1362 1648 CAPUT
1401 1590 1542 1647 XIX.

630 1686 784 1742 γεγε.
811 1687 862 1741 l.
891 1684 1130 1741 Occurrit
1156 1685 1357 1739 obviam
1397 1685 1491 1740 eis.
1529 1684 1606 1740 Ex
1637 1684 1741 1739 hoc
1763 1692 1818 1739 et
1854 1699 1921 1738 ex
1957 1682 2137 1738 multis

558 1777 676 1834 aliis
719 1777 1118 1848 Scripturarum
1161 1775 1294 1831 locis
1336 1775 1509 1831 virtus
1555 1775 1935 1846 hospitalitatis
1982 1790 2133 1830 com-

2240 573 2458 640 dicitur,
2494 575 2621 645 quia
2661 590 2759 631 suo
2787 575 3057 645 exemplo,
3085 576 3250 632 veluti
3283 577 3412 634 salis
3437 579 3862 648 condimento,c

2240 676 2448 723 mentes
2476 667 2765 739 legentium
2791 667 2876 723 vel
2902 668 3228 735 audientium
3271 684 3340 742 ne
3377 670 3503 745 talia
3540 672 3822 746 patiantur

2239 757 2446 813 edocet.

2309 867 2463 934 γει-ε.
2491 867 2582 924 20.
2610 866 2707 923 Est
2729 870 2915 926 civitas.
2932 888 3113 942 parva.
3140 872 3197 929 ld
3228 881 3346 941 est,
3385 874 3553 948 Seqor
3575 892 3697 948 qua:
3720 894 3822 940 an-

2241 967 2324 1014 tea
2353 958 2482 1014 Bale
2506 959 3126 1025 dicebatur,'secundum
3153 965 3294 1033 quod
3318 965 3486 1022 dixit:
3518 967 3612 1030 Est
3636 970 3822 1024 civitas

2238 1068 2421 1121 parva,
2442 1069 2559 1122 quae
2603 1063 2782 1108 vocata
2807 1064 2880 1109 est
2917 1053 3111 1125 Segor,
3138 1055 3189 1110 id
3218 1064 3304 1121 est,
3323 1057 3561 1126 parvula.
3595 1058 3834 1130 Mystice.

2238 1159 2388 1198 mons
2423 1143 2796 1201 celsitudinem
2831 1146 3091 1201 virtutum
3127 1148 3393 1218 signiﬁcat
3416 1149 3483 1204 ad
3522 1165 3682 1220 quem
3717 1167 3824 1208 nos

2239 1231 2459 1303 angelus
2485 1233 2822 1301 cohortatur,
2848 1235 3032 1294 dicens
3056 1253 3070 1290 :
3107 1235 3176 1290 In
3201 1247 3372 1291 monte
3397 1237 3600 1293 salvum
3627 1249 3676 1293 te
3705 1239 3820 1308 fac,

2243 1323 2382 1378 sicut
2410 1324 2560 1380 verbi
2599 1325 2771 1393 gratia
2808 1335 2893 1381 est
2927 1335 3268 1398 contemptus
3307 1329 3547 1384 omnium
3590 1327 3823 1385 faculta-

2240 1423 2372 1468 tum.
2402 1414 2482 1469 Ad
2506 1429 2665 1485 quam
2690 1415 3071 1485 perfectionem
3101 1417 3360 1474 Dominus
3386 1418 3577 1474 invitat
3599 1421 3786 1476 dicens
3801 1439 3826 1492 :_

2240 1501 2299 1558 Si
2318 1503 2392 1558 vis
2421 1503 2678 1574 perfectus
2704 1521 2830 1570 esse,
2861 1506 3009 1573 vade,
3037 1515 3087 1562 et
3107 1506 3264 1562 vende
3293 1507 3466 1561 omnia
3494 1524 3612 1577 qua:
3636 1509 3818 1577 habes,

2267 1603 2286 1648 t
2317 1595 2385 1647 da
2414 1595 2748 1665 pauperibus,
2773 1604 2820 1650 et
2851 1597 2984 1662 veni,
3011 1613 3221 1668 sequere
3257 1613 3359 1662 me,
3388 1607 3444 1653 et
3462 1598 3670 1654 habebis
3700 1601 3824 1659 ιΙιε-Δ

2237 1700 2455 1738 saurum
2486 1684 2540 1738 in
2567 1683 2692 1738 caelo
2720 1683 2934 1756 (Matth.
2960 1702 3075 1753 xu,
3105 1687 3220 1757 21).
3250 1686 3350 1755 Qui
3385 1703 3514 1744 vero
3535 1703 3595 1743 se
3623 1690 3824 1747 viderit

2239 1775 2306 1830 ad
2337 1775 2480 1831 hunc
2509 1784 2744 1832 montem
2781 1791 2886 1832 non
2922 1791 3079 1847 posse
3102 1778 3483 1845 conscendere,
3525 1780 3716 1836 melius
3735 1790 3824 1837 est

557 1827 936 1926 mendaturrde
955 1883 1062 1940 qua
1087 1876 1142 1924 et
1172 1867 1364 1923 beatus
1385 1827 1868 1938 apostolusrPetrus
1894 1864 2136 1938 [Paulus]
2167 1827 2214 1888 Β
2241 1873 2301 1920 ιιι
2319 1866 2372 1920 in
2396 1863 2575 1935 Segor,
2603 1866 2705 1922 hoc
2731 1875 2835 1932 est,
2869 1827 3162 1936 inrparvula
3195 1877 3503 1934 remaneat,
3531 1878 3821 1927 contentus

547 1963 689 2018 dicit
717 1980 730 2016 :
773 1960 1197 2032 Hospitalitatem
1225 1959 1383 2014 nolite
1417 1959 1668 2014 oblivisci.
1709 1957 1816 2014 Per
1847 1958 1980 2012 hanc
2003 1960 2138 2013 enim

552 2054 861 2126 placuerunt
915 2053 1127 2125 quidam
1166 2051 1363 2122 angelis
1415 2051 1640 2122 hospitio
1697 2049 1909 2120 receptis
1949 2048 2135 2121 (Hebr.

553 2161 673 2208 xm,
709 2143 785 2216 2).

2239 1954 2414 2010 laicali
2457 1956 2569 2010 vita
2612 1964 2666 2011 et
2708 1957 2982 2012 communi
3014 1959 3456 2024 conversatione,
3493 1974 3651 2029 quam
3697 1970 3826 2031 post

2238 2052 2513 2114 arreptum
2544 2045 2766 2102 virtutis
2784 2056 3016 2102 montem
3048 2047 3114 2103 ad
3141 2047 3384 2116 humilia,
3421 2049 3474 2104 id
3505 2058 3588 2105 est
3617 2050 3685 2105 ad
3712 2065 3818 2105 sa:-

2237 2134 2441 2190 cularia
2485 2136 2688 2190 redeat.
2719 2137 3013 2208 Virginitas
3037 2153 3250 2208 quoque
3292 2139 3624 2196 celsissimos
3662 2157 3822 2197 mons

626 2234 784 2288 Vers.
815 2235 868 2290 8.
901 2231 1076 2288 Habeo
1098 2233 1231 2288 duas
1256 2232 1418 2301 ﬁlias.
1445 2231 1619 2299 Quaeri
1645 2231 1782 2286 solet
1811 2238 1989 2285 utrum
2021 2231 2143 2286 hmo
2236 2235 2318 2280 est
2344 2225 2410 2282 ad
2433 2241 2600 2296 quem
2618 2227 2804 2281 doctor
2822 2228 3060 2298 gentium
3083 2229 3348 2296 hortatur,
3374 2229 3584 2286 dicens:
3608 2229 3818 2285 Bonum

553 2323 924 2394 compensatio
954 2323 1070 2378 ﬁeri
1117 2323 1342 2387 debeat,
1373 2331 1432 2376 ut
1465 2321 1717 2376 videlicet
1743 2320 1922 2376 minus
1948 2332 2138 2388 pecca-

558 2423 671 2468 tum
707 2413 822 2468 ﬁeri
866 2414 1240 2485 permittamus
1267 2422 1328 2468 ut
1363 2411 1580 2483 gravius
1624 2411 1872 2467 delictum
1915 2410 2134 2466 vitetur.

553 2503 693 2558 Ecce
718 2504 862 2558 enim
889 2503 990 2559 Lot
1017 2502 1153 2557 ﬁlias
1179 2517 1304 2558 suas
1331 2502 1558 2558 incestui
1589 2502 1799 2557 tradere
1829 2499 2026 2566 voluit,
2066 2515 2136 2556 ne

554 2596 728 2666 majus
763 2607 1042 2667 peccatum
1071 2606 1257 2653 contra
1292 2604 1543 2653 naturam
1575 2596 1626 2650 in
1659 2595 1804 2651 viros
1830 2594 2134 2651 committe-

554 2696 727 2742 retur.
757 2686 862 2742 Sed
886 2687 990 2743 hoc
1016 2688 1330 2756 perturbato
1356 2686 1538 2742 animo
1563 2685 1692 2742 dare
1723 2685 1996 2741 debemus.
2037 2684 2136 2740 Ne-

2235 2328 2309 2375 est
2328 2319 2544 2384 homini,
2560 2321 2605 2374 si
2627 2321 2701 2374 sic
2721 2322 3060 2390 permanserit
3083 2322 3217 2375 sicut
3230 2331 3276 2375 et
3299 2339 3391 2392 ego
3407 2321 3457 2393 (Ι
3477 2321 3598 2377 Cor.
3617 2337 3710 2388 vn,
3735 2323 3816 2393 8).

2239 2405 2500 2463 Hortatur
2528 2423 2657 2479 ergo
2678 2409 2907 2479 ‘augclus
2937 2409 3038 2465 Lot
3069 2419 3125 2464 ut
3151 2412 3216 2465 ad
3245 2411 3386 2466 hunc
3417 2421 3651 2468 montem
3680 2428 3815 2467 con-

2237 2498 2480 2563 scendat,
2501 2498 2709 2570 fugiens
2737 2499 2981 2569 incendia
3007 2501 3310 2571 libidinum.
3337 2501 3440 2558 Sed
3465 2503 3556 2572 qui
3579 2519 3637 2560 se
3665 2505 3819 2558 vide-

2236 2587 2308 2642 rit
2335 2589 2437 2644 hoc
2473 2605 2578 2643 non
2622 2604 2780 2658 posse
2815 2606 3031 2646 servare
3057 2592 3345 2652 descendat
3373 2594 3440 2648 ad
3471 2595 3665 2665 Segor,
3713 2595 3823 2652 hoc

2235 2688 2319 2736 est
2338 2721 2354 2747 ,
2402 2690 2586 2736 utatur
2615 2681 2852 2753 legitimo
2882 2683 3148 2755 conjugio,
3176 2686 3298 2754 quia
3333 2703 3362 2737 ιι
3386 2685 3521 2742 elius
3552 2688 3814 2743 mediocri

552 2784 732 2840 sciens
758 2799 888 2856 ergo
909 2784 1036 2855 quid
1063 2795 1266 2855 ageret,
1293 2782 1379 2838 vel
1416 2798 1523 2853 quo
1553 2782 1794 2852 hospites
1818 2788 1879 2848 ⁸,
1904 2795 2012 2852 quo
2035 2781 2140 2836 lio-
2235 2774 2378 2830 bono
2415 2773 2492 2828 uti
2534 2790 2696 2844 quam
2746 2791 2844 2845 per
2876 2775 3107 2846 abrupta
3144 2776 3421 2832 libidinum
3463 2778 3813 2848 prtecipitari.

553 2876 726 2932 mines
751 2884 988 2946 putaret,
1015 2876 1116 2932 hoc
1142 2876 1320 2948 egisse
1343 2876 1668 2945 credendum
1699 2882 1802 2932 est.

620 2964 775 3020 Vers.
807 2965 893 3020 ll.
936 2963 1312 3021 Percusserunt
1355 2967 1606 3020 caecitate.
1653 2965 1928 3032 Quoddam
1965 2978 2134 3034 genus

550 3055 814 3110 cmcitatis
838 3063 921 3110 est
953 3056 1094 3125 quod
1115 3055 1303 3111 Graece
1327 3056 1538 3110 aorasia
1562 3054 1777 3119 dicitur,
1807 3054 1857 3108 id
1885 3063 1990 3120 est,
2021 3054 2131 3108 avi-

550 3144 751 3212 ilenlia,
770 3162 873 3215 qua
899 3147 1437 3216 qumdamyidenlur,
1459 3147 1704 3216 quaedam
1725 3162 1830 3201 non
1857 3146 2125 3201 videntur.
2155 3172 2201 3236 Ο

549 3235 842 3290 Sodomita:
862 3252 992 3310 ergo
1018 3238 1122 3291 alia
1148 3237 1401 3292 videbant
1419 3279 1434 3303 ,
1475 3237 1567 3292 sed
1595 3238 1792 3293 ostium
1820 3238 1922 3294 Lot
1949 3239 2129 3295 videre

537 3342 654 3381 .non
685 3334 956 3395 poterant.
988 3326 1264 3382 Moraliter
1291 3325 1388 3380 Lot
1424 3325 1602 3395 justos
1636 3327 1924 3398 signiﬁcat,
1954 3328 2127 3393 Sodo-

547 3416 689 3470 min
718 3416 927 3473 invidos
949 3424 1004 3473 et
1029 3417 1362 3474 detractores
1397 3417 1701 3488 designant,
1741 3417 1832 3488 qui
1868 3416 2132 3487 quodam-

549 3507 708 3562 modo
732 3509 920 3564 ostium
957 3519 1199 3579 qua’runt
1235 3524 1333 3579 per
1375 3510 1517 3578 quod
1547 3508 1614 3562 ad
1641 3508 1745 3563 Lot
1793 3508 2126 3578 irrumpent,

543 3599 761 3668 quando
785 3599 1031 3655 homines
1059 3599 1194 3653 bona
1218 3598 1356 3654 facta
1381 3600 1776 3670 reprehendere
1804 3600 2007 3664 volunt,
2032 3599 2127 3654 sed

547 3702 658 3742 non
693 3695 919 3756 possunt
961 3688 1204 3744 invenire
1245 3689 1448 3743 aditum
1497 3687 1954 3758 reprehendendi,
2001 3689 2126 3758 quia

545 3778 638 3834 illo
681 3779 894 3835 virtutis
936 3779 1174 3835 claustro
1220 3781 1428 3836 munito
1475 3789 1820 3837 corruptores
1865 3780 2122 3835 mentium

543 3866 680 3922 nihil
710 3867 912 3924 habent
941 3869 1085 3939 quod
1117 3868 1536 3940 reprehendant.

618 3960 772 4015 Vers.
817 3960 905 4015 M.
955 3959 1185 4016 Locutus
1229 3968 1305 4016 est
1351 3962 1420 4015 ad
1461 3977 1674 4032 generos
1707 3978 1850 4016 suos.
1894 3961 2120 4030 Quidam

541 4053 732 4120 putant
775 4049 879 4107 Lot
917 4050 1176 4108 habuisse
1208 4051 1345 4107 ﬁlias
1368 4067 1488 4122 qua:
1515 4053 1664 4108 viros
1696 4052 1959 4108 haberent
1987 4067 2122 4122 quos

541 4137 827 4208 appellavit
853 4156 1092 4210 generos,
1121 4149 1178 4197 et
1219 4141 1338 4198 illas
1379 4157 1503 4197 cum
1548 4143 1758 4198 maritis
1788 4143 1838 4198 in
1870 4141 2121 4199 Sodomis

540 4230 889 4296 remansisse,
914 4230 1122 4287 duabus
1145 4231 1265 4288 aliis
1285 4247 1405 4302 quae
1438 4232 1554 4287 sine
1581 4233 1790 4287 maritis
1815 4243 1969 4288 erant
1995 4249 2116 4288 cum

537 4331 691 4392 patre
715 4316 965 4393 egressis.
997 4321 1103 4378 Sed
1127 4323 1227 4379 alia
1250 4324 1531 4380 translatio
1554 4323 1685 4380 dicit
1711 4333 1925 4394 aperte:
1952 4323 2118 4377 Lacu.

537 4422 621 4468 tus
648 4423 722 4468 est
747 4413 815 4467 ad
837 4431 1050 4484 sponsos
1077 4415 1167 4486 qui
1189 4416 1450 4485 accepturi
1470 4425 1616 4470 erant
1640 4414 1799 4484 ﬁlias.
1823 4414 1962 4485 Ergo
1983 4431 2114 4470 nou-

535 4503 662 4556 dum
695 4512 852 4557 erant
882 4504 1086 4574 generi,
1118 4503 1212 4559 sed
1241 4520 1360 4560 esse
1388 4503 1656 4560 volebant.
2099 4487 2109 4497 ’

527 4641 530 4645 .
608 4591 765 4647 Vers.
797 4595 881 4647 l7.
916 4593 1078 4649 Salva
1108 4595 1338 4649 animam
1359 4604 1524 4648 luant.
1551 4593 1850 4665 Allegorice
1869 4593 1971 4650 Lot
1991 4593 2112 4665 fuga

535 4683 603 4738 de
632 4682 886 4751 Sodoma,
916 4700 1035 4756 quae
1057 4685 1211 4756 juxta
1239 4686 1397 4742 aliam
1424 4687 1871 4758 signiﬁcationem
1899 4687 2114 4744 caecitas

535 4773 947 4843 interpretatur,
980 4775 1249 4846 signiﬁcat
1281 4777 1801 4833 abrenuntiationem
1844 4777 2111 4848 cupidita-

537 4873 648 4928 tum
675 4874 731 4920 et
768 4865 1139 4922 illecebrarum
1184 4868 1385 4924 saeculi.
1426 4869 1743 4940 Praecipitur
1774 4882 1900 4938 ergo
1925 4868 2026 4924 Lot
2054 4878 2112 4922 ut

530 4955 703 5026 fugiat
731 4955 1036 5011 incendium
1065 4955 1312 5012 Sodomm
1339 4967 1484 5013 etne
1512 4967 1660 5014 retro
1686 4958 1912 5028 aspiciat
1936 4977 1949 5011 :
1983 4958 2106 5027 quia

531 5045 710 5102 ontnis
745 5053 865 5114 post
911 5055 1222 5117 perceptam
1269 5049 1494 5120 gratiam
1530 5051 1645 5104 vias
1688 5049 1808 5103 vitae
1837 5049 2109 5120 ingressus

533 5152 638 5192 non
666 5137 823 5191 debet
849 5137 917 5192 ad
943 5152 1006 5192 ea
1036 5154 1156 5208 quae
1185 5139 1468 5208 dereliquit
1497 5139 1694 5193 iterum
1725 5139 1923 5204 redire,
1951 5139 2102 5208 juxta

531 5227 672 5295 quod
701 5228 961 5284 Dominus
990 5228 1121 5283 dicit
1145 5229 1196 5282 in
1220 5229 1509 5300 Evangelio
1535 5229 1851 5300 prmeipiens
1878 5247 1891 5283 :
1924 5229 1989 5283 In
2013 5229 2105 5283 illa

530 5318 636 5391 die,
670 5319 760 5389 qui
787 5318 943 5389 fuerit
983 5321 1038 5373 in
1081 5330 1210 5374 tecto
1245 5320 1321 5374 vel
1369 5323 1421 5375 in
1459 5338 1584 5393 agro
1623 5339 1724 5376 non
1761 5323 1932 5376 redeat
1969 5334 2106 5376 retro

531 5409 682 5481 (Luc.
729 5430 876 5480 xvu,
905 5415 1018 5486 51).
1064 5415 1378 5487 Exemplum
1419 5433 1632 5488 quoque
1675 5434 2103 5474 commemorans

531 5502 715 5575 uxoris
752 5504 853 5560 Lot
881 5523 1028 5576 quae,
1062 5522 1186 5562 cum
1233 5518 1379 5564 retro
1412 5510 1722 5580 reSpicerct,
1766 5511 1820 5566 in
1867 5521 2100 5566 statuam

527 5592 656 5661 salis
685 5611 835 5659 versa
864 5600 1141 5665 remansit,
1169 5601 1477 5670 signiﬁcans
1501 5618 1594 5658 eos
1617 5603 1710 5673 qui
1744 5613 1866 5674 post
1893 5603 2101 5674 profes-

527 5697 640 5753 sam
683 5685 958 5754 servitutis
989 5690 1016 5730 ι)
1050 5692 1142 5758 Dei
1185 5693 1496 5750 relabuntur
1534 5696 1600 5752 ad
1641 5695 2101 5768 concupiscentias

599 5811 620 5838 δ
659 5801 788 5856 Cod.
822 5803 982 5876 Tag»
1000 5822 1126 5874 quos
1151 5809 1391 5878 hospites.

2237 2866 2392 2923 Unde
2438 2875 2494 2924 et
2535 2866 2792 2923 Dominus
2820 2867 3074 2938 apostolis
3113 2868 3456 2923 dicentibus:
3509 2869 3570 2924 Si
3614 2870 3690 2923 sic
3736 2880 3816 2934 est

2235 2979 2396 3018 causa
2439 2964 2638 3028 uxoris,
2683 2980 2786 3017 non
2830 2963 3033 3032 expedit
3070 2963 3284 3030 nubere,
3323 2962 3632 3034 respondit:
3687 2962 3821 3016 Non

2233 3073 2410 3114 omnes
2433 3057 2641 3126 capiunt
2669 3055 2872 3109 verbum
2895 3057 2991 3109 hoc
3009 3095 3024 3121 ,
3053 3055 3142 3109 sed
3171 3055 3356 3125 quibus
3378 3055 3560 3109 datum
3587 3063 3700 3109 est:
3723 3057 3811 3124 qui

2232 3157 2395 3217 potest
2421 3163 2626 3216 capere,
2653 3147 2823 3216 capiat
2853 3143 3069 3216 (Matth.
3103 3162 3215 3209 XIX,
3244 3147 3309 3200 l0
3331 3155 3379 3200 et
3399 3145 3552 3216 scq.).
3575 3145 3641 3199 Et
3666 3145 3811 3214 Apo-

2231 3237 2436 3293 stolus:
2494 3235 2710 3306 PrOpter
2749 3235 3181 3305 fornicationem,
3228 3235 3418 3305 inquit,
3459 3235 3809 3305 unusquisque

2229 3349 2380 3387 suam
2410 3347 2625 3386 uxorem
2647 3329 2831 3384 habeat
2867 3328 2920 3401 (Ι
2951 3328 3073 3383 Cor.
3102 3343 3198 3394 vlt,
3229 3328 3308 3399 2).,

2299 3421 2452 3478 Vers.
2479 3419 2569 3474 24.
2595 3417 2741 3472 Pluit
2766 3418 3022 3474 Dominus
3050 3419 3216 3489 ignem
3247 3427 3293 3471 et
3317 3417 3538 3487 sulphur
3570 3419 3632 3472 de
3657 3418 3799 3472 ratio.

2228 3509 2375 3580 Ignis
2427 3509 2672 3565 ardorem
2716 3508 2897 3574 habet,
2943 3507 3162 3578 sulphur
3204 3506 3451 3562 fetorem.
3499 3508 3632 3575 Quia
3678 3524 3806 3577 ergo

2227 3599 2314 3655 isti
2362 3597 2576 3654 flamma
2624 3599 2861 3654 libidinis
2921 3607 3166 3652 arserant
3209 3607 3264 3652 et
3313 3598 3362 3651 in
3406 3596 3578 3653 fetore
3628 3600 3807 3654 carnis

2224 3689 2602 3755 versabantur,
2625 3688 2770 3758 juste
2796 3689 2954 3744 simul
3000 3690 3114 3759 igne
3150 3699 3198 3742 et
3231 3688 3478 3758 sulphure
3507 3689 3803 3758 perierunt.

2223 3779 2687 3837 Considerandum
2743 3781 2844 3836 hoc
2865 3780 2982 3835 loco
3033 3782 3174 3850 quod
3232 3781 3435 3850 primos
3492 3791 3804 3851 peccatores

2223 3885 2362 3941 aqua
2421 3869 2602 3925 diluvii
2657 3869 3077 3934 exterminavit,
3133 3870 3256 3938 quia
3303 3877 3358 3923 et
3407 3869 3507 3938 ipsi
3555 3869 3804 3924 similiter

2221 3958 2404 4013 carnis
2437 3957 2872 4027 concupiscentia
2918 3958 3084 4012 Deum
3124 3956 3477 4012 oﬁ‘euderant.
3512 3957 3806 4013 Sodomita:

2220 4063 2349 4104 vero
2386 4047 2620 4118 graviori
2673 4047 2952 4118 supplicio,
2997 4048 3048 4101 id
3095 4057 3218 4102 est:
3263 4047 3400 4118 ignis
3438 4056 3493 4102 et
3534 4048 3804 4117 sulphuris

2219 4138 2420 4205 diluvio
2449 4138 2744 4209 perierunt,
2773 4137 2898 4208 quia
2929 4137 3026 4202 illi,
3059 4138 3182 4193 licet
3228 4154 3535 4194 mensuram
3577 4140 3805 4194 excede-

2219 4237 2360 4295 rent,
2396 4229 2712 4285 naturalitcr
2740 4239 2916 4284 tamen
2940 4229 3236 4300 peccabaut
3277 4245 3398 4284 cum
3433 4229 3678 4296 feminis,
3715 4231 3810 4299 isti,

2217 4334 2364 4384 vero,
2394 4319 2834 4375 irrationabiliter
2857 4327 2912 4374 et
2935 4329 3123 4375 contra
3151 4329 3419 4386 naturam,
3451 4319 3572 4375 ideo
3593 4323 3804 4390 gravis-

2214 4409 2354 4465 simo
2377 4408 2620 4479 supplicii
2652 4409 2900 4478 exemplo
2926 4409 3164 4464 damnati
3190 4418 3334 4464 sunt.

2137 4521 2193 4580 ⁵ι)
2289 4500 2443 4556 Vers.
2500 4499 2589 4555 ἓξ).
2639 4499 2957 4555 Recordatus
3007 4511 3082 4556 est
3137 4501 3425 4555 Abraham.
3481 4501 3576 4557 llis
3620 4503 3801 4557 verbis

2218 4594 2519 4650 ostenditur
2564 4592 2773 4648 meritis
2825 4592 3056 4648 Abraha:
3107 4592 3223 4649 Lot-
3260 4593 3424 4649 fuisse
3477 4593 3797 4657 liberatum,

2215 4683 2338 4740 licet
2371 4683 2649 4753 Scriptura
2682 4697 2804 4737 eum
2835 4682 3065 4752 appellet
3092 4697 3211 4736 esse
3230 4685 3459 4754 justum.
3493 4682 3599 4738 Sed
3626 4685 3802 4738 scien-

2216 4775 2340 4845 dum
2370 4773 2494 4842 quia
2527 4788 2630 4826 non
2660 4770 2898 4842 perfecte
2927 4769 3105 4839 justus
3136 4780 3272 4838 erat,
3303 4771 3395 4827 sed
3420 4773 3574 4843 juxta
3603 4788 3798 4842 quem-

2215 4869 2335 4922 dam
2368 4866 2605 4920 modum.
2639 4863 2762 4919 Sive
2786 4863 2963 4934 justus
2991 4862 3155 4920 fuisse
3189 4864 3384 4920 dicitur
3409 4864 3474 4918 ad
3507 4880 3796 4934 compara-

2215 4959 2411 5013 tionem
2454 4956 2856 5011 Sodomitarum
2905 4955 3045 5010 inter
3074 4971 3212 5025 quos
3252 4957 3482 5024 vivebat,
3525 4956 3615 5026 qui
3646 4956 3797 5012 omni

2214 5049 2549 5106 immunditia
2582 5057 2637 5102 et
2666 5048 2944 5119 iniquitate
2973 5049 3157 5118 repleti
3184 5059 3359 5104 erant.

2281 5141 2436 5196 νοτε.
2477 5140 2565 5194 50.
2607 5139 2951 5210 Ascenditque
2982 5139 3072 5194 Lot
3112 5140 3175 5194 de
3214 5139 3396 5210 Segor.
3436 5139 3796 5206 Quaerendum

2210 5242 2293 5288 est
2320 5245 2504 5302 quare,
2535 5246 2656 5286 cum
2685 5231 2798 5300 ipse
2824 5231 3038 5301 petierit
3065 5239 3121 5282 ut
3146 5230 3314 5302 Segor
3346 5230 3634 5294 habitaret,
3664 5233 3795 5286 hor~

2210 5333 2355 5381 tante
2389 5325 2578 5396 angelo
2624 5334 2679 5378 ut
2708 5323 2761 5378 in
2804 5332 2983 5378 monte
3018 5323 3336 5385 salvaretur,
3375 5324 3568 5377 iterum
3603 5323 3794 5378 relicta

2211 5420 2380 5491 Segor
2405 5427 2641 5473 montem
2661 5417 3052 5472 conscenderit.
3080 5415 3185 5471 Sed
3211 5433 3276 5470 ex
3306 5416 3407 5471 hoc
3433 5431 3554 5470 vera
3578 5415 3796 5471 videtur

2208 5512 2554 5568 Hebraeorum
2582 5509 2762 5578 opinio
2786 5510 2875 5579 qui
2922 5509 3107 5564 dicunt
3146 5508 3290 5564 hanc
3315 5507 3588 5563 civitatem
3629 5509 3794 5564 tertio

2209 5611 2367 5658 terra:
2387 5609 2534 5655 motu
2563 5599 2853 5656 corruisse.
2878 5598 2989 5654 lloc
3017 5599 3192 5655 sciens
3213 5598 3313 5653 Lot
3341 5599 3517 5654 timuit
3546 5599 3616 5654 ibi
3646 5615 3790 5665 esse,

2209 5701 2465 5766 reputans
2485 5690 2624 5763 apud
2644 5705 2703 5747 se
2721 5691 2844 5761 quia
2868 5692 2911 5748 si
2933 5691 3050 5748 aliis
3073 5693 3341 5748 stantibus
3361 5692 3472 5747 hare
3497 5690 3769 5748 ceciderat

2287 5810 2315 5852 ι)
2340 5807 2417 5864 lta
2451 5814 2675 5876 uterque
2703 5805 2821 5860 cod.
