3986 5368
201 408 281 468 93
1350 397 1902 459 t2()1\t.\IENTARlUS
1947 397 2010 452 IN
2050 398 2366 457 GENliSIM.
3400 410 3469 467 94
3524 494 3525 497 γ

203 534 383 583 milito
425 522 633 579 facilius
676 537 815 575 nunc
861 520 979 574 aliis
1030 519 1378 589 pereuntibus
1422 520 1535 587 ipsa
1581 526 1794 586 quoque
1819 513 2093 574 AChristi
2122 522 2405 588 prastendit
2430 523 2519 592 qui
2560 539 2658 578 nos
2698 533 2751 580 et
2782 524 2833 578 in
2864 526 3109 593 praesenti
3142 542 3235 596 per
3263 529 3465 599 baptis-

138 600 159 615 ’
204 623 393 685 posset
426 614 623 685 perire.
653 613 720 667 Et
752 620 970 682 propter
997 611 1100 665 hoc
1129 619 1407 679 peccatum
1440 607 1792 667 infidelitatis,

204 706 334 776 quia
364 704 557 775 angelo
590 720 699 760 non
731 703 978 765 credidit,
1008 701 1193 756 dicunt
1220 702 1511 771 contigisse
1539 701 1589 755 ei
1618 700 1795 756 scelus

203 796 422 851 incesti.

271 885 435 941 Vers.
472 885 562 941 51.
593 884 757 939 Pater
800 898 976 942 noster
1014 904 1171 943 senex
1207 897 1301 941 est.
1351 885 1622 940 Putabant
1668 886 1793 941 filiae

201 976 305 1031 Lot
334 992 498 1032 omne
532 993 701 1047 genus
722 977 999 1033 hominum
1026 980 1225 1049 ubique
1248 977 1531 1042 defecisse,
1560 976 1793 1031 nullum-

200 1085 305 1138 que
333 1069 575 1123 virorum
605 1071 928 1127 remansisse
949 1072 1052 1127 nisi
1083 1079 1291 1142 patrem
1331 1086 1507 1124 suum.
1536 1069 1659 1123 ldeo
1688 1070 1790 1124 hoc

199 1162 581 1231 cogitaverunt
618 1170 676 1215 ut
714 1177 778 1217 ex
812 1161 970 1233 'patre
1004 1177 1186 1217 semen
1231 1168 1528 1217 servarent.
1551 1160 1787 1227 Quarum

196 1251 527 1306 adulterium
565 1248 822 1321 Origenes
863 1252 1233 1323 multipliciter
1258 1259 1502 1315 excusat,
1534 1251 1657 1320 quia
1688 1250 1789 1305 hoc

197 1358 305 1395 non
353 1341 643 1396 libidinoso
683 1343 863 1397 animo
901 1344 994 1398 sed
1040 1343 1218 1398 studio
1266 1341 1577 1411 rcparandm
1623 1342 1789 1410 prolis

196 1440 448 1499 egerunt.
502 1431 603 1485 Lot
648 1447 779 1486 vero
827 1433 1206 1487 inexcusabilis
1258 1439 1341 1487 est
1393 1433 1601 1501 primo,
1644 1434 1786 1501 quod

196 1524 387 1593 angelo
428 1539 535 1579 non
581 1525 829 1591 credidit,
872 1525 1081 1591 deinde,
1138 1526 1279 1595 quod
1320 1526 1445 1579 vino
1490 1526 1786 1582 inebriatus

195 1620 308 1675 est;
355 1612 544 1682 sicque
584 1613 762 1668 minus
795 1623 1077 1682 peccatum
1121 1613 1221 1669 fuit
1261 1615 1309 1669 ei
1357 1630 1516 1670 causa
1563 1613 1787 1684 majoris

194 1701 467 1757 criminis.

265 1791 427 1848 Vers.
460 1792 549 1847 '55.
582 1792 655 1846 Ac
689 1792 777 1849 ille
811 1812 913 1849 non
938 1795 1116 1860 sensit,
1154 1811 1246 1849 nec
1272 1796 1481 1863 quando
1502 1795 1595 1851 illa
1625 1813 1783 1850 accu-

1899 623 2043 661 mum
2076 619 2254 665 vetere
2283 613 2495 667 homine
2520 615 2688 681 exuit,
2724 625 2779 670 et
2824 616 2877 670 in
2904 617 3085 671 futuro
3114 635 3209 688 per
3231 635 3468 677 resurre-

1896 701 2127 755 ctionem
2158 702 2494 758 circumcidit
2519 706 2573 760 in
2590 707 2743 762 nobis
2769 722 2984 763 onmem
3015 710 3388 768 mortalitatem
3413 721 3467 769 et

1894 791 2310 861 corruptionem.
2335 794 2468 849 Nam
2490 805 2537 851 et
2567 798 2707 867 quod
2732 798 2784 851 in
2805 808 2986 853 octava
3008 800 3092 854 die
3120 801 3470 860 circumcisus

1892 891 1975 935 est
2014 882 2163 939 Isaac
2210 885 2589 955 designabatur
2630 901 2820 945 octava
2858 892 3039 947 saeculi
3066 901 3215 959 aetas,
3253 897 3468 966 quando

1892 973 2217 1042 generaliter
2240 980 2564 1034 resurrectio
2584 990 2917 1037 mortuorum
2946 983 3324 1041 celebrabitur.

1964 1083 2114 1140 Vers.
2162 1089 2214 1143 8.
2261 1086 2408 1143 Fecit
2443 1092 2639 1160 grande
2681 1095 2987 1149 convivium.
3028 1095 3190 1151 Juxta
3235 1098 3467 1155 litteram

1889 1177 2291 1234 convenientius
2330 1179 2427 1235 fuit
2458 1191 2515 1235 ut
2545 1183 2596 1237 in
2635 1185 2719 1239 die
2748 1186 3041 1243 nativitatis
3065 1189 3147 1243 vel
3187 1190 3468 1248 circumci-

1888 1267 2056 1322 sionis
2090 1270 2206 1338 ejus
2243 1272 2514 1326 Abraham
2555 1276 2767 1344 epulum
2806 1276 3029 1334 faceret.
3078 1279 3182 1335 Sed
3219 1282 3302 1335 vir
3337 1297 3466 1352 pro-

1886 1356 2099 1425 phetico
2124 1358 2309 1426 plenus
2338 1362 2526 1430 spiritu
2556 1364 2657 1419 hoc
2684 1364 2735 1419 in
2763 1367 2848 1421 die
2881 1367 3254 1426 ablactationis
3291 1371 3468 1427 facere

1887 1444 2095 1499 maluit.
2126 1447 2539 1518 Significabatur
2564 1453 2706 1508 enim
2735 1471 2830 1526 per
2856 1458 2980 1522 hoc,
3002 1473 3105 1527 qua
3136 1468 3260 1515 tunc
3284 1462 3394 1517 Deo
3412 1470 3469 1517 et

1886 1536 2090 1607 angelis
2140 1538 2485 1597 festivitatem
2537 1547 2929 1613 quodammodo
2984 1548 3206 1607 facimus
3254 1554 3466 1621 quando

1884 1624 2022 1680 lacte
2063 1625 2303 1683 infantiae
2332 1631 2554 1687 dimisso
2585 1634 2636 1687 in
2663 1635 2834 1689 virum
2870 1637 3164 1707 perfectum
3191 1641 3465 1696 evadimus

1884 1726 1934 1774 et
1957 1719 2253 1788 solidojam
2285 1722 2405 1778 cibo
2430 1724 2651 1781 utimur.

1955 1810 2110 1867 Vers.
2153 1812 2206 1867 9.
2254 1813 2560 1871 Ludentem.
2605 1816 2844 1873 Tradunt
2891 1820 3099 1877 Hebrzei
3145 1822 3286 1891 quod
3325 1822 3465 1877 idola

1288 1862 1291 1863 ν
1977 1862 2109 1867 .--_-
2158 1862 2206 1867 --
2615 1862 2844 1873 -.........-
2892 1862 3099 1877 .....,.....
3145 1862 3285 1891 ιιυυ..
3325 1862 3464 1877 ων...

192 1884 323 1947 buit,
358 1900 453 1938 nec
472 1886 683 1955 quando
716 1888 961 1942 surrexit.
992 1887 1106 1944 Hoc
1129 1887 1297 1943 Judwi
1328 1888 1381 1942 in
1423 1896 1629 1943 tantum
1670 1904 1776 1945 non
1804 1862 1854 1924 Β
1881 1901 2067 1955 fecerit
2093 1903 2242 1972 quasi
2266 1903 2454 1961 ludens
2477 1907 2669 1977 quibus
2692 1907 2971 1963 infantiam
3002 1910 3149 1966 Isaac
3173 1912 3464 1983 deciperet.

192 1973 482 2042 recipiunt,
532 1984 589 2028 ut
629 1977 840 2045 quoties
887 1979 1029 2033 hunc
1074 1977 1250 2033 locum
1294 1977 1477 2048 legunt
1521 1992 1778 2049 compun-

192 2072 408 2134 gantnr.
452 2065 645 2120 Dicunt
683 2067 823 2121 enim
864 2085 969 2123 non
1006 2084 1162 2140 posse
1196 2068 1312 2124 fieri
1361 2077 1419 2125 ut
1466 2070 1627 2126 homo
1670 2086 1775 2126 non

192 2158 433 2213 sentiens
467 2163 809 2217 concumbat.

258 2249 417 2304 Ἶρι-ε.
458 2250 547 2304 37.
598 2249 907 2325 Peperitque
934 2256 1105 2326 major
1131 2256 1321 2325 ﬁlium,
1357 2267 1406 2313 et
1433 2260 1633 2313 vocavit
1657 2276 1775 2315 eum

192 2340 371 2394 Moab.
406 2341 565 2398 Moab
594 2360 657 2399 ex
677 2356 823 2414 patre
854 2348 1255 2418 interpretatur.
1298 2420 1303 2425 Α

260 2433 419 2488 Vers.
452 2435 541 2490 58.
570 2435 746 2491 Minor
783 2456 984 2509 quoque
1021 2444 1212 2512 peperit
1251 2444 1443 2511 ﬁlium,
1492 2454 1542 2499 et
1578 2446 1776 2501 vocavit

189 2540 375 2578 nomen
406 2524 521 2594 ejus
544 2526 731 2582 Aman.
763 2530 936 2587 Annon
977 2532 1120 2602 [ilius
1143 2535 1321 2605 populi
1359 2536 1480 2601 mei,
1514 2536 1595 2593 vel
1631 2536 1777 2607 ﬁlius

185 2622 390 2685 generis
418 2622 521 2676 mei
544 2622 951 2694 interpretatur.
974 2627 1065 2682 Isti
1089 2627 1297 2685 fructus
1318 2640 1444 2686 sunt
1474 2631 1776 2700 ebrietatis,

186 2707 436 2766 Moabitae
474 2722 529 2767 et
555 2712 841 2781 Amunitm,
877 2716 928 2771 id
965 2726 1068 2782 est,
1094 2719 1183 2787 qui
1224 2736 1288 2774 ex
1332 2728 1483 2790 patre
1509 2731 1635 2777 sunt
1664 2722 1776 2777 dia-

184 2799 512 2867 bolo,.juxta
537 2805 679 2872 quod
704 2804 963 2861 Dominus
988 2806 1184 2862 talibus
1206 2806 1337 2863 dicit
1371 2827 1383 2863 :
1423 2806 1524 2864 Vos
1548 2827 1612 2864 ea:
1628 2819 1777 2880 patre

182 2889 395 2951 diabolo
448 2892 573 2946 estis
621 2892 801 2964 (Joan.
846 2910 963 2962 vm,
1005 2896 1117 2967 44).
1158 2898 1223 2952 Et
1282 2908 1408 2955 sunt
1458 2901 1550 2955 lilii
1596 2900 1774 2973 populi

183 2975 477 3034 invidentis
500 2989 557 3035 et
574 2986 945 3053 persequentis
973 2996 1209 3042 sanctos.

790 3073 1017 3131 CAPUT
1056 3075 1173 3131 XX.

252 3154 411 3211 Vers.
438 3158 489 3213 1.
518 3156 888 3231 Peregrinalus
926 3175 1000 3219 est
1033 3167 1087 3220 in
1116 3155 1350 3222 Ceraris.
1384 3170 1603 3229 Geraris
1627 3183 1768 3230 terra

179 3252 263 3311 est
286 3244 719 3306 PalaaStinorum.

248 3336 415 3394 Vers.
465 3339 521 3395 2.
575 3341 724 3397 Misit
770 3343 1094 3412 Abimelech,
1149 3360 1195 3404 et
1248 3350 1362 3405 tulit
1407 3369 1543 3407 eam.
1593 3355 1773 3421 Quaeri

182 3440 361 3499 potest
384 3432 440 3487 in
466 3432 554 3488 illa
574 3435 685 3504 jam
709 3446 867 3494 aetate
892 3442 1161 3510 quomodo
1190 3444 1357 3497 amari
1383 3455 1593 3514 poterat
1617 3448 1769 3515 Sara,

182 3535 301 3574 cum
326 3531 478 3576 esset
504 3537 639 3579 anus
661 3526 971 3597 decrepita?
992 3529 1095 3585 Sed
1124 3532 1227 3587 hoc
1248 3534 1546 3590 mirandum
1572 3539 1771 3606 potius,

180 3626 342 3679 quam
393 3617 763 3683 quaerendum,
811 3620 953 3690 quod
1002 3629 1181 3678 tantus
1220 3624 1381 3679 decor
1410 3625 1595 3683 formae
1626 3629 1677 3684 in
1709 3647 1771 3685 ea

180 3699 344 3756 fuerit
375 3713 433 3758 ut
458 3720 557 3761 nec
582 3717 829 3765 senectus
854 3709 1087 3778 ejusdem
1110 3713 1561 3784 pulchritudinem
1585 3729 1771 3789 potue-

180 3792 249 3845 rit
280 3794 565 3865 derogare.

249 3881 411 3937 Vers.
442 3882 494 3937 6.
524 3884 789 3943 Custodivi
816 3898 885 3953 te,
915 3907 977 3944 ne
1006 3908 1244 3966 peccares
1270 3894 1322 3947 in
1347 3911 1444 3949 me.
1479 3896 1610 3951 Cum
1638 3906 1771 3953 omt

180 3972 443 4028 Dominus
476 3992 488 4027 :
520 3975 786 4031 Custodivi
829 3987 899 4044 te,
931 3997 994 4034 ne
1032 3998 1268 4050 peccares
1299 3984 1352 4037 in
1400 4001 1498 4050 me,
1534 3990 1772 4043 ostendit

178 4063 304 4130 quia
328 4063 422 4132 qui
450 4065 570 4119 talia
598 4078 760 4136 agunt
782 4069 832 4122 in
863 4069 1028 4125 Deum
1055 4081 1295 4138 peccant,
1327 4074 1450 4129 licet
1478 4092 1766 4147 peccamen

177 4150 428 4206 adulterii
470 4154 611 4223 apud
655 4157 833 4213 saeculi
881 4158 1126 4216 homines
1160 4170 1252 4216 aut
1285 4162 1399 4219 leve
1430 4176 1524 4221 aut
1563 4169 1767 4225 nullum

177 4249 415 4307 putetur.

249 4333 406 4387 Vers.
440 4335 525 4390 η.
561 4337 702 4392 Filia
722 4342 890 4409 patris
918 4344 1037 4410 mei,
1058 4353 1107 4399 et
1138 4361 1242 4401 non
1263 4346 1379 4416 [ilia
1399 4352 1582 4405 matris
1614 4370 1763 4409 mete.

172 4423 290 4477 Alia
319 4426 599 4483 translatio
622 4432 858 4500 apertius
880 4434 1010 4489 dicit
1034 4454 1047 4489 :
1080 4436 1119 4490 Α
1142 4447 1309 4507 patre,
1332 4448 1380 4493 et
1397 4457 1501 4495 non
1524 4460 1555 4496 a
1577 4454 1763 4503 matre.

1879 1990 2074 2046 Beatus
2112 2007 2326 2061 quoque
2368 1992 2723 2065 Hieronymus
2766 1996 2895 2051 dicit
2933 2000 3073 2067 quod
3099 2001 3253 2069 quasi
3291 1999 3466 2069 major

1878 2098 1975 2152 per
2002 2083 2183 2138 ludum
2217 2085 2572 2156 primogenita
2610 2086 2708 2140 sibi
2750 2090 3171 2158 praesumpserit.
3219 2090 3466 2147 Absoluta

1880 2183 2057 2228 autem
2087 2190 2370 2243 possumus
2407 2176 2587 2233 dicere
2612 2178 2752 2247 quod
2785 2194 2906 2232 eum
2949 2168 3207 2235 lubricum
3233 2169 3465 2238 et'lasci-

1878 2282 2001 2320 vum
2028 2265 2206 2322 facere
2228 2265 2457 2333 volebat,
2482 2269 2620 2323 sicut
2643 2270 2756 2339 ipse
2778 2280 2914 2325 erat.
2945 2271 3093 2327 Unde
3115 2274 3465 2343 etApostolus

1878 2358 2023 2412 hunc
2068 2356 2248 2411 ludum
2300 2358 2729 2426 persecutionem
2775 2361 3005 2431 appellat
3060 2364 3244 2419 dicens
3282 2382 3296 2419 :
3334 2364 3462 2430 Sed,

1878 2456 2001 2501 tunc
2043 2447 2178 2501 sicut
2218 2447 2264 2501 is
2291 2447 2379 2517 qui
2419 2450 2705 2503 secundum
2744 2466 2955 2504 carnem
3002 2461 3155 2506 natus
3182 2462 3257 2508 est
3297 2470 3466 2524 perse-

1876 2537 2133 2609 quebatur
2173 2554 2290 2592 eum
2327 2538 2416 2609 qui
2457 2540 2741 2594 secundum
2781 2540 3022 2595 spiritum
3046 2580 3062 2600 .
3124 2543 3203 2597 ita
3240 2554 3288 2598 et
3330 2558 3465 2598 nunc

1879 2625 2022 2698 (Gal.
2060 2642 2134 2693 tv,
2161 2627 2277 2697 29).

1948 2719 2103 2774 Vers.
2130 2721 2213 2773 11.
2250 2719 2390 2775 Dure
2410 2721 2607 2792 accepit
2625 2722 2722 2776 hoc
2743 2723 3029 2777 Abraham.
3056 2723 3207 2780 Licet
3232 2725 3377 2780 enim
3409 2725 3463 2779 in

1877 2811 2140 2879 mysterio
2162 2810 2260 2865 ista
2288 2810 2401 2865 lieri
2426 2823 2795 2882 cognosceret,
2823 2823 3000 2869 tamen
3027 2815 3253 2885 paterno
3268 2815 3460 2872 affectu

1878 2916 2002 2970 erga
2038 2900 2204 2956 lilium
2231 2903 2565 2957 movebatur.

1947 2990 2101 3046 Vers.
2146 2992 2233 3046 14.
2274 2992 2531 3048 Bersabee
2566 2994 2956 3064 interpretatur
2987 3005 3170 3064 puteus
3216 2998 3461 3066 septimus

1873 3083 1956 3135 vel
2005 3094 2189 3153 puteus
2231 3084 2541 3153 juramenli.
2601 3085 2709 3141 Sed
2757 3086 2906 3141 locus
2950 3087 3038 3140 ille
3078 3087 3309 3143 necdum
3358 3090 3461 3143 hoc

1799 3212 1842 3273 Ο
1876 3189 2069 3228 nomen
2100 3173 2351 3228 habebat.
2390 3173 2540 3229 Unde
2559 3184 2612 3229 et
2638 3190 2735 3245 per
2762 3177 3285 3246 praeoccupationem
3314 3178 3458 3233 acci-

1874 3263 2102 3332 piendus
2131 3270 2233 3316 est.

1947 3351 2101 3406 Vcrs.
2155 3353 2243 3406 15.
2279 3353 2480 3423 Abjecit
2510 3355 2654 3425 Agar
2693 3373 2931 3425 puerum.
2960 3356 3074 3411 Non
3106 3372 3214 3427 quo
3240 3372 3361 3413 eum
3404 3359 3457 3413 in

1874 3444 2092 3515 scapula
2138 3453 2381 3514 portaret
2420 3446 2536 3516 qui,
2570 3447 2785 3515 quando
2825 3447 3179 3504 circumcisus
3218 3458 3319 3515 est,
3353 3458 3457 3505 tre-

1873 3536 2045 3591 decim
2072 3550 2337 3591 annorum
2370 3554 2382 3589 :
2422 3536 2515 3592 sed
2554 3537 2744 3607 abjecit
2773 3553 2896 3592 eum
2928 3537 2996 3593 ab
3023 3540 3204 3595 animo
3233 3550 3288 3595 ct
3328 3556 3455 3595 cura

1872 3642 1967 3681 sua
1990 3640 2111 3680 eum
2139 3625 2356 3695 repulit.
2396 3625 2487 3682 Sic
2512 3626 2656 3682 enim
2695 3627 2956 3683 usualiter
2993 3627 3137 3698 loqui
3172 3629 3405 3685 solemus
3438 3648 3451 3684 :

1871 3717 2037 3786 abjeci
2066 3733 2130 3771 ex
2156 3717 2352 3771 animo.

1942 3808 2097 3862 Vers.
2129 3807 2216 3861 17.
2251 3806 2534 3862 Επαυάίυἰε
2570 3808 2826 3864 Dominus
2864 3827 3035 3865 vocem
3066 3814 3234 3883 pueri.
3283 3811 3456 3868 Matre

1868 3896 2029 3951 ﬂente
2054 3897 2201 3966 pueri
2241 3912 2410 3949 vocem
2434 3896 2634 3953 dicitur
2659 3900 2957 3967 exaudisse,
2989 3902 3116 3971 quia
3145 3917 3242 3972 pro
3276 3903 3366 3957 illo
3400 3910 3455 3957 et

1871 4002 1976 4042 non
2013 4002 2111 4057 pro
2138 4003 2197 4043 se
2242 3990 2423 4053 ﬂebat,
2469 3990 2655 4059 sicque
2684 4005 2785 4044 vox
2826 3992 3016 4047 matris
3061 3992 3454 4063 quodammodo

1871 4096 1971 4133 vox
2015 4081 2165 4149 pueri
2198 4090 2336 4136 erat.
2375 4082 2576 4152 Typice
2614 4081 2758 4153 Agar
2796 4082 3134 4155 Synagogam
3183 4086 3451 4156 designat,

1867 4168 2057 4224 lsmael
2086 4169 2295 4239 plebem
2332 4168 2632 4225 Judaicam.
2666 4170 2919 4227 Portatur
2947 4172 3136 4229 lsmael
3165 4174 3233 4229 ab
3260 4176 3446 4245 Agar:

1866 4269 1922 4313 et
1954 4269 2208 4329 peccator
2254 4260 2482 4330 populus
2517 4260 2823 4316 Judaaorum
2855 4263 3006 4332 gravi
3055 4264 3452 4320 maledictionis

1864 4350 2104 4418 pondere
2126 4351 2366 4406 cervices
2387 4353 2576 4407 matris
2599 4368 2708 4407 sua:
2732 4351 3029 4425 Synagoga:
3051 4358 3265 4425 premit.
3284 4355 3450 4411 Panis

1866 4453 2024 4508 quem
2050 4441 2299 4509 portabat
2333 4441 2606 4511 signiﬁcat
2642 4457 2811 4511 panes
2843 4443 3246 4513 propositionis,
3278 4446 3369 4515 qui
3394 4446 3448 4499 in

174 4514 375 4569 Fuerat
409 4519 551 4573 enim
576 4520 684 4576 filia
713 4523 855 4578 Aran
886 4524 1069 4582 fratris
1099 4528 1392 4596 Abraham,
1424 4548 1578 4589 soror
1605 4535 1724 4592 Lot.
1786 4551 1840 4611 Ι)
1867 4545 2051 4585 mensa
2077 4530 2396 4587 sancliﬁcali
2425 4543 2601 4588 cranl-
2633 4533 2782 4604 Aqua
2808 4536 3030 4603 quae-eis
3062 4534 3258 4592 defBCil
3284 4514 3450 4609 Signi-

246 4603 398 4660 Vers.
432 4608 519 4662 16.
572 4609 690 4665 Hoc
728 4614 823 4668 erit
864 4616 1093 4672 velamen
1124 4619 1414 4677 oculorum.
1455 4624 1509 4679 Id
1557 4635 1639 4681 est
1668 4646 1680 4681 :
1709 4629 1759 4683 in

172 4696 376 4754 funeris
403 4707 793 4772 praeparatione
837 4728 849 4762 :
896 4709 1254 4785 Mementoque
1288 4726 1334 4771 le
1369 4718 1756 4789 deprehensam.

170 4785 286 4845 Hoc
312 4792 466 4859 quasi
497 4793 731 4863 jocando
769 4799 899 4855 dicit
936 4818 1161 4861 monens
1201 4821 1321 4861 eam
1361 4812 1665 4868 amabiliter
1693 4831 1761 4870 ne

168 4874 273 4964 hoc
294 4879 515 4936 auderet
536 4881 733 4952 facere,
756 4902 825 4943 ne
842 4889 1089 4948 similiter
1109 4894 1441 4964 deprehensa
1463 4900 1755 4958 videretur.

166 4962 388 5036 Mystice
414 4969 534 5027 loco
561 4973 664 5029 hoc
694 4975 957 5032 Abraham
983 4962 1259 5039 Christum
1298 4986 1587 5057 significat,
1620 4990 1757 5048 Sara

165 5068 297 5145 vero
322 5057 638 5117 Ecclesiam.
667 5064 939 5122 Abraham
971 5071 1338 5128 honorabatur
1359 5088 1576 5148 propter
1607 5080 1756 5136 Sam

166 5144 617 5215 pulchritudinem
632 5155 947 5217 etChristus
960 5161 1210 5220 laudatur
1230 5165 1282 5219 in
1304 5144 1502 5228 mundo
1516 5179 1569 5225 et
1585 5172 1752 5228 hono-

167 5248 317 5282 Mlnr
357 5257 453 5282 σιρι-
491 5245 823 5290 Rnnlnciom-
880 5251 1000 5296 nnlq
1061 5253 1199 5299 cinnt
1247 5254 1523 5298 psalmicln
1567 5261 1688 5292 Αἶρε.
1738 5280 1750 5293 .

1864 4622 1992 4677 ﬁcat
2024 4623 2247 4693 legalem
2285 4625 2776 4695 purificationem“
2799 4627 2913 4683 sive
2961 4629 3124 4684 etiam
3176 4631 3447 4687 carnalem

1864 4711 2176 4768 Scribarum
2202 4723 2258 4769 et
2293 4715 2683 4771 Pharisaeorum
2722 4718 3026 4773 doctrinam
3057 4734 3175 4789 qum
3212 4720 3262 4775 in
3307 4721 3447 4791 pelle

1863 4814 2097 4871 mortua,
2122 4807 2224 4861 hoc
2246 4816 2350 4873 est,
2375 4807 2427 4862 in
2448 4808 2649 4863 carnali
2674 4809 3052 4867 observatione
3071 4812 3448 4868 continebatur

1860 4905 1914 4953 et
1959 4899 2334 4955 observatores
2376 4916 2503 4956 suos
2543 4901 2698 4970 juxta
2739 4902 2976 4959 litteram
3010 4905 3293 4960 occidebat
3334 4919 3447 4960 non

1860 4987 2064 5046 habens
2088 4989 2337 5060 spiritum
2359 4991 2737 5048 vivificantem.
2765 4993 2920 5061 Quod
2943 4997 3087 5065 Agar
3108 4990 3323 5066 puerum
3349 4994 3445 5048 sub
3490 5015 3513 5078 τ

1858 5077 2043 5133 arbore
2066 5078 2285 5150 projecit
2313 5094 2407 5134 eos
2434 5081 2702 5150 signiﬁcat
2721 5082 2816 5151 qui
2845 5083 2900 5138 in
2936 5082 3208 5140 Christum
3248 5098 3315 5137 ex
3353 5080 3449 5141 illo
3491 5078 3495 5089 '

1857 5171 2053 5240 populo
2082 5171 2365 5228 credentes
2404 5176 2593 5229 umbra
2620 5175 2893 5244 passionis
2915 5185 2969 5231 et
2994 5178 3171 5232 crucis
3196 5181 3445 5248 protege~

1860 5256 2054 5298 Imnlslr
