4026 6406
522 379 594 438 95
1161 375 1420 433 REMIGII
1457 369 2112 430 ANTISSIODORENSIS
2147 367 2296 426 OPI’.
2337 367 2534 424 PARS.
2578 368 2617 422 l.
2641 398 2706 406 —
2737 367 3141 424 EAEGE'I‘ICA.
3715 367 3785 420 96

522 495 610 552 vel
645 497 925 569 portando,
965 495 1058 552 sed
1085 495 1138 550 in
1179 511 1276 550 sua
1301 509 1431 550 cura
1465 502 1518 546 et
1550 488 1888 561 providentia
1927 484 2100 541 susci-
2132 488 2178 545 Α
2209 484 2452 558 regnavit
2481 483 2722 538 Rohoam
2749 482 2890 538 ﬁlius
2913 479 3238 546 Salomonis,
3261 495 3383 550 quae
3405 481 3661 536 dicuntur
3687 478 3786 536 Ju-

523 590 739 660 piendo.

596 681 752 740 Vers.
791 682 882 738 25.
925 682 1087 735 Serra
1112 698 1166 734 m
1189 697 1294 751 qua
1319 689 1552 734 versatus
1581 695 1633 731 es
1665 677 1884 730 advena.
1936 674 1989 728 l.l
2021 681 2105 728 est

525 773 579 828 in
605 771 908 834 Palaestina,
950 771 1220 826 Abraham
1261 769 1404 824 enim
1453 769 1504 822 in
1557 765 1780 823 Geraris
1826 764 2104 819 habitabat

523 863 860 935 peregrinus.
903 863 1107 920 Gerara
1152 877 1279 918 vero
1322 869 1406 916 est
1451 877 1570 931 qua:
1621 874 1765 913 nunc
1819 856 2104 911 Palwstina

523 954 790 1010 Salutaris
820 954 1028 1010 dicitur.
1050 953 1140 1009 ubi
1172 960 1330 1006 natus
1353 959 1438 1006 est
1482 950 1652 1015 Isaae,
1715 947 1841 1002 licet
1884 946 2102 1016 quidam

521 1056 767 1102 asserant
795 1061 916 1102 eum
947 1045 1011 1100 ad
1043 1045 1216 1102 ilicem
1251 1043 1491 1097 Mambre
1515 1049 1717 1096 natum.

592 1139 748 1194 Vers.
789 1140 878 1194 51.
929 1135 1161 1191 νοεαιιιει
1190 1145 1263 1190 est
1289 1136 1432 1189 locus
1462 1133 1735 1188 Bersabee.
1786 1130 1983 1184 Puteus
2008 1128 2104 1184 Se-

521 1230 738 1301 ptimus,
767 1237 986 1298 propter
1015 1243 1107 1282 sex
1147 1242 1316 1298 agnas
1358 1241 1479 1295 quae
1509 1225 1579 1280 ibi
1611 1222 1897 1279 immolatae
1957 1228 2100 1276 sunt.

523 1318 623 1374 Vel
649 1328 836 1387 puteus
873 1316 1199 1381 Juramenti,
1231 1316 1358 1386 quia
1403 1323 1632 1385 uterque
1685 1312 1756 1368 ibi
1798 1313 2099 1384 juraverat.

523 1406 686 1463 Sabee
735 1417 1021 1477 utrumque
1066 1415 1250 1473 sonat,
1301 1416 1348 1460 et
1394 1415 1588 1475 septem
1633 1414 1681 1460 et
1717 1405 2098 1475 juramentum.

521 1497 635 1554 lloc
663 1499 781 1554 loco
813 1499 1158 1569 quaerendum
1187 1498 1314 1568 quid
1337 1499 1409 1553 sit
1445 1499 1594 1567 quod
1615 1497 1865 1566 superius
1907 1494 2103 1565 legitur

521 1590 667 1660 Agar
694 1591 907 1646 stetisse
936 1591 1002 1644 ad
1037 1599 1248 1660 puteum
1261 1590 1555 1659 juramenti
1582 1588 1725 1658 quod
1774 1595 1961 1656 postea
1987 1586 2106 1641 lon-

522 1697 592 1754 go
622 1692 861 1753 tempore
890 1681 1090 1737 factum
1112 1690 1213 1738 est.
1256 1681 1495 1738 Necdum
1519 1681 1662 1736 enim
1685 1681 1758 1734 ita
1784 1679 2100 1733 vocabatur.

483 1754 496 1845 l
522 1772 664 1845 Ergo
692 1789 787 1843 per
812 1772 1105 1843 prolepsin,
1135 1773 1188 1827 id
1225 1780 1308 1828 est
1340 1787 1435 1841 per
1459 1768 1979 1842 prmoccnpationem
2005 1783 2100 1822 ac-

2204 578 2290 643 da,
2321 591 2441 632 cum
2472 575 2666 644 quibus
2715 581 2836 629 erat
2889 581 2945 628 et
2979 572 3150 627 tribus
3185 571 3559 639 sacerdotalis,
3604 573 3655 628 id
3699 583 3784 628 est
3821 585 3844 592 “

2207 668 2369 738 Levia
2412 669 2607 723 Asinus
2652 681 2813 736 quem
2845 680 3027 721 secum
3066 664 3332 720 ducebant
3381 662 3660 719 stultitiam
3687 663 3787 718 Ju-

2165 785 2168 788 ~
2203 756 2439 812 daeorum
2469 756 2730 827 designat.
2761 755 2959 811 Asinus
2977 755 3120 810 enim
3144 754 3283 824 quod
3299 753 3552 822 portabat
3579 756 3790 810 nescie-

2203 850 2338 904 bat:
2376 857 2431 902 et
2456 847 2625 903 Judaei
2672 848 2723 902 in
2766 846 2919 901 libris
2964 845 3291 916 propheticis
3311 843 3586 900 Christum
3637 845 3787 914 lege-

2203 939 2353 1004 bant,
2385 941 2476 996 sed
2506 939 2808 995 venientem
2834 953 2939 993 non
2966 935 3355 1007 intelligebant.
3386 936 3539 992 Unde
3559 946 3616 991 et
3640 935 3777 992 bene

2209 1032 2290 1085 eis
2325 1031 2552 1085 dicitur:
2597 1027 2908 1100 Exspectate
2930 1029 3016 1082 hic
3041 1043 3159 1081 cum
3200 1027 3369 1080 asino.
3411 1023 3595 1095 Usque
3624 1025 3789 1080 hodie

2209 1120 2354 1175 enim
2382 1128 2438 1175 et
2471 1133 2640 1188 usque
2684 1119 2752 1172 ad
2809 1117 2973 1172 ﬁnem
3016 1115 3198 1174 saeculi
3249 1115 3403 1185 quasi
3459 1122 3780 1184 exspectant

2202 1209 2479 1265 Christum
2508 1223 2630 1263 cum
2660 1206 2885 1262 stultitia
2913 1221 3008 1262 sua
3035 1214 3094 1260 ut
3117 1204 3410 1276 Apostolus
3433 1204 3582 1259 dicit:
3613 1202 3784 1261 Ctesi-

2203 1310 2282 1354 tas
2308 1308 2540 1368 exparte
2575 1298 2788 1368 contigit
2811 1297 2867 1351 in
2893 1296 3083 1362 Israel,
3132 1296 3294 1352 donec
3344 1295 3612 1366 plenitudo
3661 1311 3790 1364 gen-

2202 1394 2332 1447 tium
2357 1394 2598 1458 introeat,
2628 1400 2676 1446 et
2699 1391 2772 1445 sic
2807 1390 2975 1444 omnis
3017 1388 3182 1443 Israel
3223 1386 3401 1442 salvus
3456 1388 3553 1456 ﬁat
3605 1386 3784 1458 (Rom.

2202 1501 2278 1551 χι,
2315 1483 2430 1556 25).
2470 1483 2624 1551 Quod
2643 1481 2775 1538 dicit
2801 1501 2813 1536 :
2841 1480 3127 1550 Postquam
3151 1479 3564 1542 adoraverimus,
3612 1493 3780 1533 rever-

2202 1586 2371 1630 temur
2389 1575 2459 1630 ad
2488 1591 2596 1639 vos,
2637 1572 2905 1643 signiﬁcat
2933 1569 3075 1640 quod
3099 1569 3318 1638 impleta
3342 1568 3592 1637 passione
3621 1567 3673 1620 in
3700 1565 3785 1620 ul-

2205 1667 2333 1721 tima
2360 1665 2542 1721 szeculi
2573 1672 2731 1719 aetate
2760 1671 3063 1717 revertatur
3099 1659 3262 1726 Deus,
3317 1669 3374 1714 et
3408 1657 3790 1715 reconcilietur

2202 1755 2400 1810 Judteis
2434 1753 2795 1810 credentibus.
2855 1752 3008 1820 Quod
3048 1761 3227 1807 autem
3270 1751 3423 1805 tertio
3463 1751 3548 1803 die
3571 1748 3786 1804 elevatis

471 1835 490 1958 ί
521 1832 825 1933 cipiendum
845 1871 926 1919 est
945 1832 1072 1933 {qui
1098 1863 1288 1918 modus
1311 1832 1594 1918 locutionis
1613 1859 1998 1915 usitatissimus
2020 1869 2105 1916 est
2131 1832 2178 1892 Β
2205 1847 2392 1912 oculis.
2413 1855 2526 1902 "es
2547 1846 2669 1902 dies
2695 1846 2796 1901 "'33
2825 1843 3136 1917 εῖεηῖΰοεηι
3164 1842 3348 1899 5330"“
3391 1850 3631 1910 ιθηιβοη
3660 1850 3790 1896 ante

526 1956 537 1958 _
626 1955 655 1958 __
700 1956 708 1958 _
758 1955 768 1958 -
836 1953 863 1958 ._
938 1957 945 1958 κ
1084 1956 1091 1958 Α
1382 1955 1392 1958 -
1642 1953 1653 1958 -
1861 1951 1913 1958 .-.
2206 1939 2371 1958 I--_-__-
2429 1939 2519 1958 ---ι
2548 1937 2742 1958 1-μ-.-ι
2780 1938 2868 1958 ---1-
2900 1936 3065 1958 ..μ-ιε-
3134 1935 3265 1958 Kl-“
3304 1943 3348 1958 ..ι
3381 1934 3472 1958 ΠΑΣ
3500 1933 3668 1958 D112..-
3703 1933 3785 1958 ,δελ

467 1951 479 2016 l
521 1956 578 2011 in
605 1955 803 2013 divinis
831 1953 1148 2028 Scripturis,
1178 1955 1426 2025 quamvis
1447 1953 1682 2025 potuerit
1710 1967 1831 2007 esse
1861 1951 1950 2006 illo
1975 1961 2104 2006 tem-

469 2039 473 2048 ’
519 2061 652 2118 pore
669 2046 784 2120 jam
811 2057 1026 2118 puteus.
1092 2044 1246 2114 Quod
1275 2045 1321 2101 si
1353 2045 1428 2100 ita
1458 2053 1565 2110 est,
1608 2053 1736 2099 tune
1763 2059 1860 2115 per
1888 2043 2102 2112 recapi-

520 2137 836 2194 tulationem
865 2138 1018 2193 locus
1045 2138 1146 2193 iste
1171 2135 1519 2206 accipiendus
1550 2145 1657 2191 est.

549 2270 561 2282 .
591 2229 746 2285 Vers.
774 2229 863 2286 '55.
905 2228 1172 2284 Plantavit
1201 2245 1381 2283 nemus
1411 2229 1463 2283 in
1495 2227 1768 2282 Bersabee.
1813 2225 1985 2296 Supra
2020 2239 2101 2281 (ιι-

518 2321 660 2379 citur
687 2323 830 2390 quod
857 2337 963 2376 non
990 2321 1198 2377 dederit
1216 2321 1266 2376 ei
1308 2320 1447 2376 Deus
1467 2321 1835 2378 [nereditatem
1859 2336 1950 2375 nec
1975 2337 2100 2390 pas-

519 2434 643 2491 sum.
665 2418 811 2487 pedis
841 2417 978 2488 (Act.
1018 2434 1118 2482 vn,
1165 2418 1256 2491 5),
1321 2428 1382 2473 ut
1405 2418 1604 2473 Paulus
1645 2417 1920 2488 apostolus
1949 2417 2099 2472 dicit.

520 2508 629 2564 Sed
657 2509 1002 2581 intelligimus
1025 2509 1167 2565 circa
1188 2519 1408 2579 puteum
1431 2509 1600 2566 fuisse
1619 2509 1834 2578 aliquod
1867 2509 2100 2577 spatium

521 2606 680 2654 terrae
705 2599 848 2670 quod
877 2599 1034 2654 simul
1053 2615 1172 2655 cum
1201 2607 1362 2669 puteo
1391 2601 1443 2654 in
1474 2599 1770 2656 dominium
1797 2599 1982 2654 cessit.

1072 2690 1300 2748 CAPUT
1333 2692 1496 2748 XXII.

589 2779 744 2837 Vers.
789 2783 840 2838 1.
903 2782 1140 2838 Tentavit
1184 2783 1322 2844 Deus
1377 2784 1663 2838 Abraham.
1726 2783 1824 2839 Est
1878 2783 2101 2839 tentatio

518 2886 640 2941 qua:
673 2872 887 2943 probat,
917 2887 1023 2928 non
1051 2889 1112 2928 ea
1141 2889 1261 2944 qua:
1291 2873 1530 2928 damnat.
1559 2873 1793 2928 Tentavit
1822 2887 1951 2944 ergo
1977 2889 2099 2928 eum

521 2977 630 3018 non
659 2962 802 3032 quod
831 2962 946 3032 ipse
979 2963 1180 3044 aliquid
1208 2964 1440 3019 disceret
1469 2963 1555 3018 cui
1587 2964 1768 3018 omnia
1800 2964 1941 3017 nuda
1970 2973 2099 3018 sunt

519 3058 576 3106 et
600 3060 809 3122 aperta,
837 3053 934 3109 sed
962 3061 1022 3107 ut
1062 3051 1235 3122 ipsum
1261 3052 1533 3107 Abraham
1572 3053 1675 3108 sibi
1705 3053 2015 3108 ostenderet
2041 3062 2098 3109 ut

519 3149 867 3210 cognosceret
889 3149 1103 3212 quantae
1131 3141 1253 3196 ﬁdei
1285 3141 1338 3197 in
1369 3142 1538 3198 Deum
1559 3149 1720 3198 esset.

589 3228 746 3285 Vers.
782 3229 838 3282 2.
873 3228 1043 3300 Super
1077 3247 1239 3285 unum
1287 3231 1561 3285 montium.
1624 3231 1836 3287 Hebraei
1883 3233 2103 3288 tradunt

517 3319 604 3376 vel
647 3329 928 3377 autumant
971 3321 1115 3377 hunc
1163 3330 1400 3378 montem
1465 3335 1586 3378 esse
1642 3321 1837 3389 Maria,
1895 3323 1948 3378 in
1999 3339 2107 3394 quo

517 3421 704 3483 postea
760 3412 1017 3486 templum
1044 3413 1138 3469 Dei
1178 3423 1224 3469 et
1249 3414 1432 3479 Dabir,
1481 3415 1536 3471 id
1581 3424 1664 3471 est
1711 3415 1989 3470 oraculum
2024 3425 2109 3472 est

518 3503 865 3560 aediﬁcatum.
897 3505 1048 3561 Unde
1073 3512 1129 3561 et
1153 3520 1311 3562 mons
1345 3505 1514 3563 Moria
1535 3506 1710 3562 lumen
1730 3505 2108 3562 velillumina-

519 3603 604 3650 tus
634 3595 1044 3666 interpretatur.

594 3682 748 3740 Vers.
794 3685 881 3739 l2.
920 3685 1168 3756 Cognovi.
1206 3685 1263 3741 ld
1290 3694 1374 3743 est
1398 3687 1650 3758 cognbsci
1685 3687 1808 3742 feci.

593 3772 750 3829 Vera.
794 3775 880 3830 13.
920 3775 1221 3830 [iterantem
1259 3776 1510 3831 cornibus
1542 3777 1680 3830 inter
1712 3792 1927 3847 vepres.
1986 3774 2106 3830 Atia

525 3863 807 3920 translatio
835 3865 1010 3935 ipsum
1053 3865 1278 3921 verbum
1326 3867 1478 3936 ponit
1523 3865 2103 3932 Hebraicum,dicens:

526 3951 827 4010 Haerentem
859 3957 915 4010 in
944 3955 1164 4026 virgulto
1202 3955 1386 4011 Sabee.
1431 3956 1608 4012 Sabee
1653 3958 1971 4012 condensam
2023 3956 2108 4012 vel

526 4045 749 4116 spissum
777 4045 1183 4116 interpretatur,
1207 4061 1304 4116 per
1327 4047 1469 4118 quod
1491 4047 1763 4117 signiﬁcat
1782 4047 2106 4102 densitatem

525 4136 881 4207 virgultorum
913 4144 968 4192 et
1003 4135 1247 4205 veprium
1273 4136 1329 4190 in
1358 4136 1556 4206 quibus
1583 4137 1839 4193 cornibus
1867 4135 2110 4191 haerebat

524 4231 686 4287 aries.
725 4228 886 4286 Juxta
915 4229 1152 4286 litteram
1196 4244 1449 4300 magnum
1489 4229 1643 4284 nobis
1676 4228 1980 4296 exemplum
2014 4228 2109 4284 da-

524 4331 613 4377 tur
636 4335 844 4393 magna:
863 4319 1183 4377 obedientize
1203 4321 1376 4375 sancti
1399 4318 1694 4382 Abraham,
1721 4319 1814 4390 qui
1837 4334 1960 4374 cum
1987 4318 2108 4372 uni-

524 4429 648 4469 cum
675 4413 842 4468 ﬁlium
871 4413 1096 4468 haberet
1121 4412 1465 4483 audissetque
1489 4428 1519 4466 a
1551 4411 1816 4467 Domino:
1852 4410 1920 4466 In
1945 4410 2104 4464 Isaac

2205 1939 2398 2010 legem,
2425 1939 2526 1994 sub
2548 1937 2748 2008 lege'et
2775 1938 2875 1993 sub
2898 1936 3093 2007 gratia.
3133 1935 3268 1991 Nam
3299 1943 3349 1990 et
3381 1934 3474 1988 Dei
3500 1933 3672 1988 Filius
3699 1933 3788 1988 die

2204 2030 2366 2085 tertio
2391 2029 2456 2084 ad
2483 2029 2695 2100 nuptias
2721 2029 2918 2082 dicitur
2944 2027 3158 2082 venisse
3185 2034 3242 2081 et
3268 2039 3464 2096 aquam
3498 2024 3550 2078 in
3595 2023 3786 2078 vinum
3845 2049 3848 2052 ~

2203 2117 2556 2182 convertisse,
2586 2118 2710 2187 quia
2732 2117 2888 2172 tertio
2915 2115 3093 2172 saeculi
3123 2124 3370 2185 tempore.
3386 2113 3531 2168 venit
3552 2112 3619 2166 ad
3649 2127 3785 2166 con-

2197 2209 2526 2283 iungendam
2553 2210 2655 2266 sibi
2705 2209 3000 2266 Ecclesiam
3029 2216 3086 2264 et
3120 2208 3254 2280 legis
3279 2207 3512 2262 litteram
3541 2206 3593 2260 in
3625 2205 3789 2275 spiri-

2206 2306 2368 2363 talem
2402 2302 2731 2360 intellectum
2761 2303 3202 2360 convertendam.
3241 2300 3393 2356 Aries
3419 2299 3510 2370 qui
3537 2298 3790 2369 apparuit

2203 2395 2433 2451 Abraha:
2465 2394 2858 2449 humanitatem
2883 2392 3086 2448 Christi
3121 2390 3371 2462 designat
3395 2389 3463 2443 de
3505 2403 3612 2457 quo
3647 2386 3790 2442 bene

2109 2498 2111 2500 '
2202 2485 2398 2539 dicitur
2422 2483 2563 2554 quod
2594 2484 2789 2538 haereat
2813 2482 3056 2536 cornibus
3079 2481 3216 2534 inter
3242 2494 3436 2547 vepres,
3460 2476 3587 2547 quia
3633 2474 3788 2537 Cbri:

2203 2586 2320 2630 stus
2343 2574 2488 2629 cruci
2509 2571 2698 2628 afﬁxus
2711 2580 2816 2638 est,
2851 2587 3041 2627 manus
3064 2569 3181 2639 ejus
3207 2570 3259 2624 in
3287 2568 3560 2633 cornibus,
3590 2567 3642 2622 id
3675 2579 3790 2639 eat,

2203 2665 2256 2719 in
2286 2664 2524 2720 brachiis
2559 2662 2737 2719 crucis
2778 2663 3072 2717 haerebant.
3124 2660 3248 2715 Sive
3274 2658 3499 2727 hatrebat
3530 2658 3662 2720 inter
3704 2674 3789 2716 vc-

2200 2770 2338 2824 pres,
2370 2752 2496 2822 quia
2526 2752 2695 2822 spinis
2740 2757 3032 2806 coronatus
3057 2757 3164 2805 est.
3210 2747 3362 2815 Quod
3415 2756 3593 2801 autem
3641 2746 3789 2806 aries

2203 2841 2512 2897 immolatus
2539 2849 2645 2909 est,
2687 2839 2838 2896 Isaae
2878 2847 3059 2896 autem
3104 2837 3296 2903 evasit,
3347 2835 3617 2906 signiﬁcat
3658 2837 3789 2906 quia

2201 2947 2300 3000 per
2324 2930 2720 2986 humanitatem
2745 2929 2857 3000 pati
2891 2927 3086 3000 potuit,
3145 2941 3245 2996 per
3283 2923 3632 2996 divinitatem
3655 2939 3790 2996 vero

2201 3022 2546 3092 impassibilis
2579 3021 2799 3077 mansit.
2868 3019 3006 3075 Nam
3031 3020 3151 3074 dum
3182 3027 3310 3074 sunt
3338 3018 3390 3072 in
3414 3016 3632 3071 Christo
3659 3017 3788 3071 sub-

2205 3113 2415 3169 stantiae
2442 3111 2526 3167 vel
2558 3121 2784 3166 naturae.
2824 3107 2988 3164 Juxta
3018 3107 3253 3163 litteram
3280 3107 3416 3176 quia.
3436 3106 3578 3159 aries
3607 3105 3790 3160 corui-

2129 3179 2175 3242 C
2207 3205 2305 3260 bus
2328 3203 2566 3257 haerebat
2591 3202 2732 3256 inter
2757 3214 2967 3269 vepres,
3000 3197 3125 3253 inde
3152 3195 3327 3252 Judrei-
3353 3195 3405 3250 in
3431 3193 3790 3254 solemnitati:

2205 3295 2307 3350 bus
2331 3294 2472 3350 tubis
2504 3293 2719 3348 corneis
2752 3290 2928 3346 solent
2973 3303 3190 3353 canere,
3231 3295 3404 3356 utper
3437 3287 3542 3340 hoc
3579 3298 3790 3340 memor

2207 3385 2278 3441 sit
2305 3385 2447 3440 Deus
2467 3397 2653 3438 eorum
2679 3390 2733 3437 et
2755 3379 3140 3451 repr0pitietur
3161 3376 3268 3431 illis
3290 3382 3512 3446 propter
3537 3387 3788 3443 magnam

2204 3476 2433 3532 Abrahae
2455 3473 2836 3530 obedientiam.

2277 3567 2431 3623 Vers.
2475 3565 2562 3618 14.
2600 3563 2668 3617 In
2691 3573 2863 3617 monte
2905 3571 3156 3614 dominus
3203 3556 3417 3612 videbit.
3483 3555 3597 3611 Hoc
3626 3553 3784 3624 quasi

2205 3656 2548 3731 proverbium
2577 3653 2811 3708 obtinuit
2841 3649 2980 3721 apud
3008 3646 3223 3703 Judaaos
3251 3656 3311 3702 ut
3349 3647 3564 3716 quoties
3604 3645 3787 3714 aliqua

2205 3749 2527 3806 necessitate
2566 3744 2652 3800 vel
2686 3743 2933 3814 angustia
2964 3747 3235 3805 tenentur,
3270 3740 3453 3794 dicant
3480 3756 3494 3792 :
3525 3736 3592 3791 In
3615 3747 3792 3791 monte

2207 3839 2464 3894 Dominus
2513 3835 2734 3899 videbit,
2785 3832 2871 3888 vel
2899 3841 2959 3887 ut
3003 3833 3059 3886 in
3107 3830 3335 3887 Hebraeo
3382 3831 3612 3886 habetur
3651 3846 3664 3882 :
3721 3828 3790 3882 In

2206 3942 2377 3988 monte
2405 3930 2661 3984 Dominus
2693 3925 2970 3991 videbitur,
3016 3925 3120 3980 hoc
3144 3932 3226 3978 est
3254 3921 3600 3979 miserebitur
3631 3929 3688 3976 et
3716 3919 3787 3974 li-

2207 4023 2417 4081 berabit
2450 4036 2567 4076 nos.

2279 4114 2434 4171 Vers.
2475 4113 2561 4169 16.
2603 4111 2709 4167 Per
2737 4119 3094 4180 memettpsum
3109 4107 3314 4179 juravi,
3349 4106 3474 4160 dicit
3506 4104 3788 4159 Dominus.

2209 4207 2390 4264 Omnis
2412 4207 2565 4260 homo
2585 4221 2676 4276 per
2703 4203 2955 4274 majorem
2984 4219 3038 4256 se
3059 4205 3232 4270 jurat,
3277 4207 3336 4253 ut
3384 4197 3673 4268 Apostolus
3709 4197 3792 4250 di-

2207 4300 2301 4366 cit,
2358 4299 2500 4354 Deus
2549 4307 2757 4362 autem,
2795 4296 2938 4367 .quia
2996 4294 3252 4348 neminem
3305 4308 3361 4346 se
3407 4289 3558 4344 habet
3615 4290 3791 4360 majo-

2209 4409 2336 4458 rem,
2397 4407 2487 4462 per
2533 4389 2856 4453 semetipsum
2905 4387 3100 4441 dicitur
3139 4385 3327 4455 jurare
3387 4380 3574 4454 (Hebr.
3619 4397 3696 4447 v1,
3726 4381 3793 4436 13

523 4504 792 4558 vocabitur
811 4505 904 4557 tibi
933 4520 1128 4568 semen,
1161 4511 1340 4558 tamen
1368 4518 1474 4558 non
1501 4502 1766 4558 dubitavit
1790 4516 1913 4557 eum
1942 4499 2106 4557 oﬂ'er-
2133 4516 2182 4575 ι)
2205 4494 2252 4538 ει
2293 4484 2443 4553 ειη)-

523 4610 584 4650 re
606 4596 738 4660 Deo,
777 4596 1012 4658 credens,
1068 4595 1210 4666 quod
1241 4603 1296 4650 et
1321 4593 1606 4665 Apostolus
1640 4594 1808 4649 dicit:
1859 4592 2014 4659 Quod
2069 4610 2103 4647 a

523 4688 746 4743 mortuis
790 4703 907 4742 eum
965 4694 1134 4756 posset
1172 4686 1484 4740 resuscitare
1521 4684 1706 4756 (Hebr.
1748 4701 1822 4750 ιι,
1865 4684 1974 4755 19).
2013 4683 2106 4737 Al-

524 4776 756 4847 legorice
769 4776 1033 4831 Abraham
1057 4775 1152 4830 Dei
1173 4775 1350 4830 Patris
1370 4777 1474 4831 hoc
1495 4775 1612 4830 loco
1633 4775 1772 4846 gerit
1797 4788 2104 4844 personam,

526 4867 685 4926 Isaac
712 4866 924 4923 Domini
951 4865 1075 4921 Jesu
1106 4865 1328 4925 Christi.
1373 4865 1675 4920 [inmolatio
1712 4863 1861 4919 Isaac
1895 4863 2104 4933 passio-

525 4972 650 5014 nem
680 4955 879 5013 Christi
905 4956 1169 5027 designat.
1216 4956 1357 5011 Bene
1381 4964 1557 5011 autem
1581 4955 1778 5011 dicitur
1803 4973 1816 5008 :
1845 4953 1964 5024 Ipse
1987 4970 2108 5025 por-

527 5050 669 5106 tabat
699 5049 842 5121 ligna
869 5048 1160 5102 holocausti
1188 5062 1206 5100 :
1243 5048 1366 5117 quia
1397 5047 1644 5102 Christus
1693 5061 1909 5100 crucem
1945 5059 2099 5099 suam

529 5141 809 5212 bajulavit,
845 5139 1000 5211 juxta
1035 5141 1177 5210 quod
1220 5140 1274 5194 in
1301 5141 1419 5210 ejus
1465 5139 1716 5209 passione
1759 5137 1996 5192 dicitur:
2035 5135 2105 5189 Et

529 5235 776 5307 bajulans
797 5234 894 5290 sibi
916 5249 1122 5287 crucem
1147 5233 1271 5287 exiit
1293 5233 1350 5286 in
1376 5232 1544 5287 locum
1565 5231 1653 5301 qui
1671 5241 1888 5285 vocatur
1910 5227 2104 5298 Golgo-

527 5327 621 5382 tlta
681 5325 883 5399 (Joan.
928 5342 1043 5390 nux,
1086 5325 1207 5395 l7).
1256 5323 1374 5379 Duo
1416 5324 1512 5378 viri
1557 5323 1646 5392 qui
1706 5321 2110 5378 comitabantur

529 5434 655 5477 eum
677 5421 971 5484 Abraham,
1012 5417 1242 5489 populus
1261 5415 1589 5472 Judaeoruin.
1620 5415 1737 5468 Duo
1759 5421 1936 5468 autem
1963 5412 2105 5478 ideo,

528 5510 657 5582 quia
689 5510 776 5565 ille
796 5510 1033 5581 papulas
1053 5516 1176 5580 post
1205 5515 1432 5562 mortem
1470 5504 1774 5560 Salomonis
1801 5502 2006 5558 divisus
2026 5509 2110 5556 est

535 5602 590 5658 in
615 5602 720 5658 duo
750 5615 937 5672 regna,-
977 5600 1032 5655 in
1053 5600 1240 5656 decem
1263 5595 1512 5652 videlicet
1535 5596 1708 5649 tribus
1733 5594 1928 5664 quibus
1957 5590 2106 5647 Jero-

531 5693 689 5748 boam
723 5689 1027 5761 imperavit,
1054 5705 1175 5761 qua:
1224 5695 1485 5744 vocantur
1532 5685 1723 5750 Israel,
1761 5693 1818 5738 et
1864 5683 1918 5740 in
1973 5683 2109 5738 duas

529 5782 667 5839 alias
698 5781 888 5846 tribus,
911 5779 1044 5836 Juda
1084 5779 1330 5835 videlicet
1357 5785 1412 5833 et
1438 5774 1738 5846 Beujamin,
1778 5789 1940 5850 super
1968 5787 2103 5840 quas

2283 4575 2433 4630 Vers.
2473 4571 2565 4627 20.
2609 4569 2817 4626 Melcha
2853 4584 3006 4624 soror
3052 4565 3228 4622 Saraz.
3278 4563 3552 4620 Abraham
3595 4563 3789 4619 Saram

2211 4665 2364 4718 duxit
2390 4677 2632 4726 uxorem,
2664 4658 2924 4714 Meleham
2950 4671 3078 4712 vero
3108 4655 3342 4710 Nachor.

2282 4757 2436 4812 Vers.
2475 4755 2565 4809 21.
2610 4751 2746 4816 llus,
2786 4765 2853 4804 ex
2881 4765 2988 4820 quo
3017 4757 3159 4806 terra
3184 4745 3301 4800 Hus
3329 4745 3528 4802 dicitur
3558 4745 3610 4798 in
3639 4741 3742 4804 Job
3774 4762 3789 4798 :

2210 4854 2325 4909 Bue
2352 4867 2496 4914 vero,
2529 4849 2596 4905 de
2627 4865 2733 4919 quo
2778 4847 3005 4912 Buzites,
3071 4853 3291 4900 vocatus
3346 4850 3430 4898 est
3474 4841 3586 4895 Elia
3629 4855 3791 4910 quem

2210 4945 2372 5001 etiam
2403 4949 2683 4996 autumant
2717 4939 2922 4994 llcbrmi
2946 4952 3064 4992 esse
3084 4936 3320 4990 Balaam.
3348 4932 3570 4990 Gamuel
3587 4942 3792 5001 patrem

2213 5038 2489 5109 Syrorum.
2530 5033 2681 5100 Quod
2705 5031 2836 5086 dicit
2861 5039 3060 5100 patrem
3089 5027 3345 5098 Syrorum
3385 5041 3489 5079 non
3523 5032 3608 5079 est
3649 5022 3792 5077 refe-

2215 5129 2437 5183 rendum
2468 5126 2548 5180 eis
2581 5123 2674 5192 qui
2714 5123 2819 5177 hoc
2855 5119 3197 5183 nuntiabant,
3254 5116 3347 5173 sed
3390 5115 3569 5184 potius
3614 5113 3663 5169 ei
3696 5113 3798 5182 qui

2212 5219 2371 5289 longo
2394 5225 2515 5286 post
2537 5225 2777 5284 tempore
2803 5211 3041 5280 scripsit.

2779 5301 3006 5362 CAPUT
3040 5299 3223 5356 XXIII.

2286 5399 2439 5454 Vers.
2478 5397 2533 5452 5.
2577 5393 2715 5450 Heth
2741 5409 2772 5448 a
2801 5408 2908 5464 quo
2936 5388 3142 5446 Hethmi
3171 5389 3439 5443 dicuntur.

2285 5495 2441 5551 Vers.
2482 5492 2532 5546 7.
2575 5490 2814 5549 Surrexit
2838 5497 2886 5542 et
2911 5485 3170 5541 adoravit.
3209 5483 3343 5538 Cum
3368 5480 3627 5540 Dominus
3645 5478 3793 5542 dicat

2213 5587 2266 5641 in
2294 5585 2451 5656 lege:
2485 5583 2767 5637 Dominum
2806 5578 2974 5634 Deum
3021 5587 3168 5638 tuum
3207 5572 3452 5629 aderobis
3493 5581 3542 5626 et
3587 5569 3665 5624 illi
3693 5565 3792 5624 soli

2210 5678 2424 5742 servies,
2461 5675 2592 5747 quid
2636 5681 2721 5730 est
2764 5669 2906 5740 quod
2953 5667 3229 5723 Abraham
3285 5663 3534 5721 homines
3581 5661 3793 5733 legatur

2217 5765 2497 5839 adorasse?
2535 5762 2642 5820 Sed
2680 5758 2824 5818 aliud
2848 5767 2950 5826 est,
3004 5758 3177 5814 Deum
3214 5755 3446 5826 adorare
3493 5769 3558 5810 eo
3592 5749 3789 5816 "modo,
