3986 5390
189 399 265 455 97
870 488 873 491 Ι
1349 409 1895 470 COMMENTARIUS
1933 414 2001 470 ΙΝ
2036 419 2357 478 GENESIM.
2832 462 2839 467 -
3405 438 3476 499 98

212 527 328 584 quo
356 512 506 569 solus
534 514 791 570 colendus
820 524 873 571 et
901 518 1205 577 adorandus
1240 531 1352 587 est;
1386 522 1550 588 aliud,
1592 541 1699 595 quo
1733 542 1792 582 se
1821 538 1869 591 Α
1896 546 1988 586 sus
2014 544 2098 589 est
2124 545 2181 589 ut
2213 536 2468 594 imitatos
2504 540 2572 597 ad
2613 552 2857 612 paratam
2889 557 3099 602 ctenam
3127 548 3309 607 venire
3336 550 3479 608 lace-

193 606 373 657 sancti
416 603 663 659 homines
688 606 915 662 invicem
934 619 1263 666 venerantur
1286 623 1446 682 atque
1470 616 1790 686 suscipiunt,

192 694 452 762 quamvis
482 710 587 748 non
620 695 859 751 dixerit:
904 699 1188 755 Dominum
1235 704 1400 757 Deum
1440 715 1587 759 tuum
1621 708 1793 762 solum

192 785 467 851 adorabis,
494 788 634 842 sicut
666 789 837 843 dixit:
882 790 973 843 Illi
1000 792 1100 846 soli
1130 795 1336 849 servies.
1384 795 1476 850 Est
1501 797 1646 850 enim
1680 813 1797 852 scr-

189 875 337 930 vitus
366 894 489 947 qua:
509 879 605 933 soli
638 882 744 935 Deo
769 882 1012 947 debetur,
1037 900 1157 953 qua:
1182 886 1373 942 Graece
1394 887 1552 941 latria
1577 888 1790 943 dicitur.

193 965 350 1021 Unde
377 978 433 1022 et
460 968 752 1025 idololatra:
778 972 1029 1027 dicuntur
1057 976 1145 1044 qui
1178 977 1364 1032 relicto
1386 986 1630 1033 creatore
1651 994 1797 1032 crea-

191 1065 330 1110 tune
353 1059 617 1113 serviunt.
657 1059 787 1115 Nam
825 1064 967 1134 quod
995 1065 1281 1135 Apostolus
1306 1069 1437 1123 dicit
1468 1088 1480 1123 :
1530 1069 1635 1123 Per
1670 1070 1794 1124 clm-

193 1148 410 1202 ritatem
439 1151 627 1205 servile
656 1152 871 1206 invicem
918 1151 1059 1225 (Gal.
1098 1173 1150 1222 ν,
1196 1158 1306 1229 15),
1350 1160 1415 1214 de
1442 1159 1529 1213 illa
1562 1160 1793 1214 servitu-

195 1246 249 1290 te
281 1238 491 1293 dictum
524 1250 611 1295 est
640 1258 743 1312 qua
775 1246 943 1298 sancti
978 1246 1225 1303 homines
1257 1265 1314 1304 se
1343 1250 1678 1320 praeveniunt
1721 1251 1793 1305 si—

190 1330 356 1399 hique
396 1333 789 1405 obsequuntur,
825 1353 944 1407 qua:
978 1338 1164 1396 Grzece
1193 1342 1339 1396 dulia
1372 1344 1587 1398 dicitur.
1642 1345 1793 1400 Unde

190 1430 244 1475 et
274 1438 468 1478 servos
504 1426 656 1480 dulos
697 1442 973 1484 vocamus.
1021 1429 1173 1498 Quod
1198 1449 1326 1488 vero
1370 1434 1422 1488 in
1455 1435 1781 1506 Apocalypsi

195 1516 419 1585 angelus
446 1517 712 1574 volentem
743 1536 802 1576 se
832 1520 1094 1578 Joannem
1120 1525 1349 1580 adorare
1380 1527 1677 1597 prohibuit,
1708 1528 1783 1582 di-

191 1625 366 1664 cens:
404 1613 539 1679 vide,
570 1629 631 1667 ne
655 1613 858 1683 feceris,
886 1614 1136 1673 fortassis
1180 1618 1393 1688 aliquod
1445 1620 1684 1674 divinum
1736 1621 1787 1674 in

195 1700 392 1771 angelo
421 1703 729 1772 suspicatus
769 1704 945 1760 fuerat
972 1705 1210 1762 Joannes
1238 1717 1292 1762 et
1316 1708 1436 1763 ideo
1463 1709 1602 1764 sicut
1621 1709 1786 1763 Deum

194 1792 447 1846 voluerat
473 1794 721 1858 adorare,
760 1795 963 1850 idcirco
991 1797 1295 1867 prohibitus
1322 1807 1425 1853 est.

1897 633 1996 679 ret.
2056 627 2200 682 Misit
2252 645 2439 687 servus
2478 649 2701 692 manum
2745 638 2845 693 sub
2898 638 3104 695 femore
3146 642 3349 699 domini
3391 646 3479 706 sui

1895 717 2191 786 Abraham,
2221 722 2345 789 quia
2378 723 2629 781 doctores
2668 742 2877 783 summa
2905 733 3253 790 veneratione
3301 736 3479 794 incar-

1896 808 2167 864 nationem
2208 810 2409 869 Christi
2464 817 2785 887 suscipiunt.
2818 820 2886 874 Et
2931 837 3036 876 non
3078 839 3235 895 super
3280 825 3478 898 femur,

1895 899 1990 950 sub
2032 900 2226 968 [eniore
2270 919 2490 959 manum
2540 907 2730 975 ponit,
2789 909 2914 979 quia
2943 926 3163 967 carnem
3204 914 3405 971 Christi
3443 933 3474 972 a

1894 1003 2057 1043 carne
2113 1003 2434 1049 caeterorum
2502 996 2777 1053 hominum
2818 999 2973 1071 longe
3031 1003 3234 1060 distare
3281 1005 3487 1069 intellig

1894 1084 2047 1143 gunt.
2090 1076 2288 1133 Christi
2332 1081 2476 1135 enim
2504 1097 2631 1139 caro
2660 1085 2726 1140 de
2767 1084 2988 1161 Virgine
3034 1088 3150 1144 sine
3186 1089 3304 1145 labe
3348 1076 3493 1161 pec-7

1894 1166 1999 1219 cati
2040 1177 2163 1221 nata
2193 1177 2295 1223 est.
2333 1168 2559 1227 Rebecca
2598 1188 2721 1243 qua:
2760 1154 3021 1247 patientia
3061 1154 3485 1249 interpretatur,i

1895 1256 2132 1313 Ecclesia
2154 1269 2237 1316 est
2267 1276 2332 1315 ex
2362 1263 2609 1331 gentibus
2631 1279 2749 1333 quae
2780 1281 2876 1336 per
2907 1268 3221 1337 patientiam
3245 1250 3485 1326 virtutes.

1892 1362 2017 1403 suas
2042 1349 2300 1403 custodit.
2352 1347 2498 1405 Fons
2529 1352 2595 1407 ad
2621 1369 2781 1423 quem
2828 1371 3014 1412 servus
3042 1359 3189 1413 stetit
3210 1358 3493 1459 signiﬁcat!

1892 1437 2088 1493 ﬂuenta
2135 1440 2392 1497 doctrina:
2425 1445 2783 1515 evangelicae,
2829 1447 2915 1503 vel
2955 1450 3119 1503 etiam
3163 1465 3471 1506 sacramen-

1894 1539 2005 1585 tum
2034 1531 2376 1601 baptismatis
2416 1536 2481 1589 ad
2530 1537 2673 1606 quod
2718 1536 3010 1595 festinabat
3046 1540 3158 1610 jam
3203 1538 3427 1596 Rebecca
3452 1582 3469 1607 ,

1893 1619 1945 1674 id
1996 1630 2109 1687 est,
2162 1623 2442 1691 Ecclesia;
2479 1641 2599 1680 cum
2644 1628 2874 1699 hydria,
2926 1630 2979 1685 id
3023 1640 3105 1686 est
3159 1647 3281 1686 cum
3309 1633 3471 1689 Verbi

1891 1728 2162 1768 mensura.
2215 1715 2359 1770 Bene
2412 1727 2591 1772 autem
2645 1720 2889 1789 hydriam
2933 1724 2996 1777 de
3045 1723 3263 1793 scopula
3315 1740 3473 1794 super

1889 1802 2043 1856 ulnas
2074 1805 2371 1873 deposuisse
2405 1808 2618 1863 dicitur.
2668 1809 2773 1866 Per
2819 1813 3061 1881 scapulas
3100 1814 3245 1868 cnim
3275 1814 3471 1870 intelli-

262 1882 419 1936 Vers.
446 1882 535 1935 17.
565 1882 1018 1956 Confirmatusque
1038 1902 1163 1957 ager
1188 1897 1262 1941 est
1284 1888 1548 1957 quondam
1576 1886 1783 1957 Ephro-
1815 1894 1862 1953 Β
1891 1894 2033 1963 gitur
2066 1896 2312 1952 voluntas
2336 1898 2473 1952 bona
2505 1900 2557 1953 in
2591 1916 2695 1970 qua
2744 1903 2974 1971 primum
3004 1904 3160 1960 ﬁdem
3209 1906 3467 1975 suscepit.

190 1975 294 2028 nis.
337 1974 577 2029 Primum
608 1977 808 2031 dictum
845 1986 929 2032 est
958 1978 1193 2048 Ephron,
1236 1979 1289 2033 id
1328 1988 1412 2035 est
1442 1979 1785 2048 conﬁrmatus

189 2074 235 2117 et
260 2067 549 2134 perfectus,
586 2065 683 2121 sed
710 2077 999 2138 postquam
1032 2071 1262 2139 pretium
1286 2085 1352 2125 ex
1384 2071 1663 2140 sepultura
1693 2086 1783 2125 ac-

190 2158 356 2224 cepit,
388 2156 514 2212 licet
540 2167 767 2228 cogente
790 2160 1082 2224 Abraham,
1114 2159 1456 2215 immutatum
1479 2170 1782 2217 estnomen

191 2246 310 2317 ejus
340 2257 393 2303 el
426 2248 626 2303 dictum
656 2257 737 2303 est
763 2250 997 2320 Ephran,
1054 2251 1107 2306 id
1150 2259 1233 2305 est
1272 2252 1513 2320 inﬁrmus
1553 2252 1637 2306 vel
1684 2254 1785 2305 int-

188 2336 469 2404 pcrfectus.
521 2337 755 2391 Audiaut
793 2340 895 2393 hoc
922 2339 1013 2408 qui
1039 2339 1343 2409 sepulturas
1390 2348 1724 2396 mortuorum
1752 2354 1779 2382 α

190 2424 451 2479 vendunt.
497 2425 554 2480 Si
594 2427 738 2481 enim
771 2427 858 2483 ille
885 2429 976 2497 qui
1018 2428 1144 2484 licet
1176 2430 1378 2484 invitus
1420 2438 1600 2485 tamen
1649 2446 1781 2501 quo-

190 2516 351 2570 modo
376 2516 571 2572 adduci
601 2519 776 2588 potuit
824 2528 885 2573 ut
921 2521 1152 2590 pretium
1203 2522 1269 2576 de
1313 2522 1586 2592 sepultura
1648 2522 1782 2578 acci-

190 2614 343 2672 peret
391 2606 625 2660 nominis
669 2608 1044 2664 immutatione
1091 2610 1380 2665 damnatus
1429 2620 1541 2677 est,
1614 2612 1780 2667 multo

190 2694 363 2763 magis
395 2694 505 2759 isti,
532 2696 625 2764 qui
659 2712 764 2751 non
806 2705 1086 2768 coguntur,
1118 2700 1212 2754 sed
1243 2700 1342 2769 ipsi
1377 2701 1507 2770 quid
1534 2701 1775 2772 exigunt,

188 2785 595 2841 damnabantur
621 2798 677 2843 et
702 2790 842 2844 inter
872 2791 1143 2860 perfectos
1169 2808 1275 2847 non
1294 2795 1775 2863 computabuntur.

190 2874 255 2929 In
278 2894 382 2946 quo
418 2888 527 2931 erat
582 2878 828 2949 spelunca
857 2880 1071 2949 duplex.
1120 2881 1343 2952 Mystice
1383 2883 1629 2953 spelunca
1674 2885 1775 2937 du-

188 2968 307 3036 pler
329 2970 699 3038 Operationem
740 2981 946 3026 rectam
976 2987 1030 3027 et
1061 2973 1565 3043 contemplationem
1611 2974 1778 3045 signi-

191 3064 339 3128 ﬁcat,
376 3067 607 3120 activam
641 3068 893 3124 videlicet
921 3078 976 3124 et
1008 3071 1505 3141 contemplativam.
1534 3071 1668 3127 Sara
1690 3089 1776 3128 er-

188 3170 253 3225 go
294 3157 345 3209 in
378 3156 575 3226 duplici
607 3158 861 3226 spelunca
895 3160 1171 3230 sepelitur,
1223 3177 1344 3216 cum
1381 3163 1559 3217 anima
1603 3162 1772 3218 ﬁdelis

1885 1980 1989 2037 Per
2020 1984 2196 2038 ulnam
2243 2002 2372 2042 vero
2412 1990 2676 2059 Operatio,
2722 2007 2841 2061 quae
2890 1992 3049 2049 ﬁdem
3099 1996 3465 2065 subsequitur.

1882 2070 2207 2129 Ornamenta
2230 2077 2426 2145 quibus
2447 2094 2635 2136 servus
2664 2080 2969 2144 Rebeccam
2995 2086 3273 2141 decoravit
3300 2088 3468 2142 virtu-

1884 2172 1963 2219 tes
1989 2174 2044 2219 et
2071 2176 2338 2236 praecepta
2367 2168 2646 2225 doctorum
2687 2182 2829 2227 sunt.
2863 2173 3079 2230 Inauris
3108 2178 3251 2232 enim
3292 2178 3468 2235 humi-

1881 2251 2086 2307 litatem
2126 2255 2251 2310 boui
2295 2258 2556 2313 auditoris
2607 2260 2877 2330 signiﬁcat
2928 2278 3034 2333 qua
3081 2266 3134 2319 in
3179 2265 3467 2323 dilectione

1883 2343 1975 2398 Dei
2021 2353 2076 2400 et
2104 2347 2336 2416 proximi
2368 2348 2602 2418 prolicit.
2635 2350 2786 2407 Unde
2823 2361 2876 2409 et
2905 2353 3037 2409 duos
3062 2356 3216 2410 siclos
3251 2358 3467 2414 inaures

1882 2434 2138 2491 habuisse
2182 2438 2453 2493 dicuntur.
2492 2441 2729 2497 Armilla:
2777 2457 2904 2499 vero
2945 2446 3304 2503 obedientiam
3337 2449 3464 2504 boui

1879 2528 2173 2593 auditoris,
2227 2529 2311 2584 vel
2352 2530 2546 2585 bonam
2584 2535 2952 2603 operationem
2995 2537 3282 2608 signiﬁcat.
3336 2539 3465 2605 Quae

1878 2620 2216 2687 appendebat
2265 2620 2440 2674 decem
2481 2622 2674 2689 siclos,
2708 2626 2833 2694 quia
2883 2627 3059 2683 onmis
3105 2639 3289 2684 nostra
3335 2644 3465 2700 ope-

1879 2710 2019 2765 ratio
2068 2712 2119 2765 in
2148 2712 2332 2767 decem
2372 2712 2503 2781 legis
2526 2718 2806 2785 praeceptis
2842 2718 3107 2773 consistit.

1950 2802 2102 2857 Vers.
2126 2803 2215 2856 22.
2244 2801 2530 2874 Postquam
2551 2805 2786 2860 biberunt
2804 2808 3009 2862 cameli.
3034 2808 3187 2875 Quod
3214 2810 3459 2866 Rebecca

1877 2906 1981 2946 non
1999 2892 2169 2947 solum
2193 2893 2309 2947 viro
2324 2893 2469 2948 dedit
2491 2902 2698 2965 potum,
2716 2911 2899 2951 verum
2922 2898 3082 2953 etiam
3101 2899 3322 2953 camelos
3362 2901 3460 2955 ad-

1876 2984 2112 3052 aquavit,
2137 2985 2539 3055 signiﬁcatjquia
2557 2985 2801 3042 Ecclesia
2823 2988 2949 3043 nulli
2973 2989 3128 3045 debet
3144 2991 3461 3046 subtrahere

1874 3073 2097 3126 verbum
2154 3074 2580 3143 praedicationis,
2628 3076 2721 3130 sed
2774 3077 3107 3146 sapientibus
3169 3088 3222 3132 et
3282 3079 3460 3135 stultis

1875 3160 1928 3214 in
1960 3176 2245 3217 commune
2296 3164 2640 3219 annuntiare.
2690 3163 2826 3220 Hinc
2862 3166 3059 3222 Paulus
3108 3168 3277 3222 dicit:
3309 3166 3460 3222 Cra:-

188 3246 577 3315 cupiditatibus
603 3258 659 3303 et
685 3250 968 3305 desideriis
1016 3252 1197 3307 saeculi
1240 3262 1449 3308 mortua
1495 3256 1594 3309 sub
1640 3256 1763 3310 boni
1794 3249 1838 3311 C
1869 3252 1942 3305 cis
1995 3262 2041 3306 et
2092 3254 2367 3319 barbaris,
2412 3256 2733 3325 sapientibus
2793 3266 2840 3310 et
2884 3253 3246 3327 insipieiﬂibus
3315 3259 3461 3312 debi-

186 3338 365 3406 Operis
395 3348 448 3392 et
479 3340 947 3411 contemplationis
980 3343 1216 3413 tegmine
1248 3344 1475 3398 celatur.
1526 3344 1678 3399 Unde
1719 3356 1774 3401 et

187 3426 467 3492 apostolus
514 3427 713 3483 Paulus
739 3429 911 3484 dicit:
964 3430 1160 3485 Morta!
1200 3434 1341 3497 estis,
1374 3443 1420 3487 et
1462 3435 1561 3487 vita
1606 3444 1775 3489 vestra

185 3516 494 3570 abscondita
520 3527 595 3571 est
626 3534 744 3571 cum
772 3518 978 3579 Christo
1012 3521 1065 3574 in
1094 3520 1220 3575 Deo.

755 3609 981 3665 CAPUT
1018 3612 1208 3669 XXIV.

266 3699 429 3755 Vers.
450 3702 507 3754 2.
535 3701 677 3755 Pone
699 3719 912 3757 manum
939 3713 1083 3758 tuam
1113 3707 1205 3759 sub
1227 3708 1422 3776 femore
1447 3725 1580 3767 meo.
1602 3707 1771 3766 Judtei

183 3789 389 3853 dicunt,
424 3790 477 3844 in
510 3791 935 3848 sanctiﬁcatione
959 3794 1252 3862 Abraham,
1278 3799 1327 3852 id
1348 3810 1449 3866 est,
1469 3800 1521 3854 in
1548 3802 1776 3856 circum-

181 3880 386 3934 cisione
403 3878 639 3949 iurasse.
677 3880 782 3937 Sed
808 3884 998 3939 melius
1019 3894 1101 3941 est
1132 3896 1188 3940 ut
1223 3889 1323 3943 hoc
1354 3890 1419 3945 ad
1444 3891 1776 3947 incarnatio-

180 3987 301 4026 nem
325 3972 528 4027 Christi
556 3974 873 4030 referamus.
900 3978 1209 4035 Prtevidens
1234 3991 1412 4037 autem
1436 3996 1654 4041 sanctus
1676 4003 1769 4057 pa-

180 4061 419 4115 triarcha
444 4062 741 4129 Christum,
766 4067 854 4134 qui
888 4066 1157 4136 perfectus
1202 4082 1345 4125 esset
1370 4072 1532 4127 homo
1567 4086 1621 4129 et
1646 4092 1770 4146 per-

177 4150 355 4206 fectus
384 4152 547 4217 Deus,
580 4154 646 4208 de
672 4169 766 4209 sua
786 4159 1038 4226 progenie
1061 4161 1416 4227 nasciturum,
1445 4164 1544 4218 sub
1566 4165 1769 4222 femore

176 4254 274 4293 suo
303 4242 562 4311 praecepit
612 4252 671 4297 ut
714 4259 929 4298 manum
979 4247 1216 4303 mitteret
1254 4260 1308 4307 et
1348 4251 1577 4321 iuraret.
1630 4255 1764 4322 Quia

175 4332 319 4384 enim
356 4332 629 4388 hominem
657 4344 711 4389 et
735 4337 799 4391 de
828 4353 923 4391 sua
952 4354 1116 4395 carne
1144 4344 1474 4400 nasciturum
1518 4350 1767 4416 praevidit

175 4418 299 4475 ideo
337 4422 509 4476 dixit:
538 4420 685 4478 Pone
722 4443 933 4481 manum
958 4438 1102 4483 tuam
1123 4432 1216 4485 sub
1247 4433 1441 4502 femore
1462 4453 1596 4493 meo.
1627 4440 1762 4507 Quia

174 4526 302 4564 vero
352 4513 520 4567 Deum
563 4516 812 4585 agnovit,
848 4516 965 4573 ideo
1013 4521 1289 4590 subjunxit
1315 4541 1328 4577 :
1353 4523 1488 4578 Jura
1519 4528 1645 4581 mihi
1672 4548 1765 4600 per

1875 3354 1958 3396 tor
1984 3360 2097 3396 sum
2127 3344 2145 3413 (
2173 3343 2320 3397 Rom.
2354 3361 2417 3409 1.,
2446 3345 2566 3415 14).
2599 3345 2695 3400 Vel
2724 3345 2898 3400 aliter.
2929 3346 3032 3401 Per
3078 3348 3302 3401 camelos
3334 3363 3455 3402 car-

1876 3450 1999 3489 nem
2053 3443 2290 3489 nostram
2335 3435 2592 3491 debemus
2633 3437 2899 3505 accipere.
2947 3436 3146 3491 Cameli
3185 3452 3313 3505 ergo
3366 3438 3460 3491 ad-

1874 3535 2167 3596 aquantur,
2207 3528 2421 3596 quando
2469 3543 2597 3583 cura
2626 3528 2868 3597 corporis
2910 3528 3106 3599 agitur,
3141 3545 3246 3583 non
3278 3538 3457 3584 tamen

1874 3619 1927 3672 in
1972 3618 2282 3685 desideriis,
2328 3618 2421 3674 sed
2460 3620 2513 3673 in
2546 3620 2902 3679 necessitate.
2935 3628 2994 3675 ut
3041 3619 3286 3676 Rebecca
3334 3622 3451 3675 sive

1874 3708 2055 3763 anima
2094 3718 2311 3779 gestare
2354 3710 2545 3780 possit.

1943 3803 2096 3857 Vers.
2130 3803 2219 3858 25.
2270 3802 2441 3858 Locus
2488 3805 2748 3873 spatiosus
2792 3804 2862 3857 ad
2906 3804 3242 3858 manendum.
3280 3804 3452 3859 Locus

1872 3893 2135 3961 spatiosus
2164 3892 2233 3945 ad
2261 3892 2576 3947 manendum
2604 3907 2763 3962 quem
2793 3892 3033 3947 Rebecca
3066 3894 3206 3962 apud
3232 3908 3292 3948 se
3331 3908 3453 3948 esse

1872 3984 2005 4038 dicit
2031 3982 2116 4037 lex
2163 3991 2248 4038 est
2296 3983 2562 4037 naturalis
2591 3997 2755 4053 quam
2785 3994 2970 4038 sancta
3001 3983 3273 4049 Ecclesia,
3304 3998 3453 4039 ante-

1869 4089 2032 4143 quam
2080 4074 2146 4128 ad
2172 4073 2459 4143 ,Christum
2503 4076 2745 4140 veniret,
2798 4075 3050 4140 habebat,
3081 4091 3188 4145 qua
3213 4076 3449 4132 dicitur:

1873 4163 2207 4235 Quwcunque
2234 4164 2391 4219 vultis
2419 4175 2475 4218 ut
2507 4166 2705 4234 faciant
2738 4167 2877 4220 vobis
2904 4166 3155 4231 homines,
3186 4168 3365 4222 eadem
3401 4178 3451 4222 et

1869 4271 1955 4309 vos
2001 4254 2158 4324 facite
2188 4255 2292 4310 illis
2321 4254 2548 4327 (Matth.
2595 4272 2670 4311 vn
2709 4255 2841 4327 12).
2882 4257 3023 4327 Ergo
3066 4272 3163 4326 per
3211 4258 3348 4313 hanc
3377 4258 3454 4313 le-

1869 4361 1988 4416 gem
2045 4354 2254 4401 natura:
2322 4347 2730 4417 praeparabatur
2792 4347 3067 4408 ingressus
3120 4347 3223 4418 legi
3282 4363 3450 4404 evan-

1870 4437 2071 4509 gelicaa.

1940 4528 2094 4585 Vers.
2122 4528 2212 4585 29.
2239 4528 2477 4583 Habebat
2514 4528 2739 4584 Rebecca
2766 4528 2985 4598 fratrem
3016 4530 3222 4584 nomine
3242 4527 3446 4607 Laban.

174 4603 339 4656 Deum
371 4604 508 4669 caeli,
546 4605 599 4659 id
634 4615 750 4672 est,
781 4622 879 4676 per
903 4608 1239 4665 divinitatem
1286 4615 1402 4677 eius
1433 4617 1523 4685 qui
1554 4619 1619 4673 de
1647 4636 1765 4676 mea
1793 4601 2054 4674 D‘Laban
2095 4618 2320 4688 ﬁguram
2365 4627 2512 4673 tenet
2552 4618 2848 4673 carnalium
2874 4618 3171 4672 homirnam.
3201 4617 3298 4673 Hic
3317 4606 3449 4692 ergo

172 4713 333 4750 carne
360 4698 671 4752 nasciturus
702 4707 803 4753 est.

244 4787 393 4843 Vers.
419 4789 509 4843 l5.
533 4787 709 4859 Igitur
736 4806 828 4861 ego
855 4801 932 4845 sto
959 4809 1117 4864 prope
1144 4794 1340 4864 [autem
1367 4814 1537 4869 aqum.
1568 4798 1763 4859 Beatus

170 4878 503 4951 Augustinus
528 4881 723 4951 quaerit
769 4881 873 4937 hoc
900 4881 1018 4939 loco
1064 4885 1131 4940 ad
1162 4887 1398 4944 litteram
1446 4899 1625 4948 utrum
1660 4895 1764 4950 hoc

170 4985 327 5038 agere
348 4970 646 5025 debeamus
668 4982 728 5026 ut
750 4972 959 5041 signum
984 4991 1013 5029 a
1036 4975 1145 5031 Deo
1170 4987 1432 5047 petamus.
1452 4980 1594 5039 Pene
1616 4984 1760 5041 enim

171 5064 295 5117 nihil
320 5065 534 5120 videtur
557 5063 779 5119 diﬁ'erre
817 5063 885 5117 ab
914 5070 1155 5136 augurio.
1185 5069 1291 5126 Sed
1318 5072 1462 5126 aliud
1500 5086 1580 5130 est
1605 5076 1759 5146 signo

169 5154 342 5224 aliquo
359 5156 410 5210 in
435 5170 547 5226 quo
574 5155 898 5212 miraculum
921 5158 988 5212 sit
1008 5160 1338 5218 voluntatem
1370 5165 1465 5219 Dei
1489 5182 1756 5237 quaerere,

168 5243 303 5297 aliud.
352 5247 402 5286 ίη
425 5246 649 5288 νιΊρῖΙιιιο
676 5246 853 5276 θοαί-’δυ
951 5248 965 5262 ’
1405 5256 1416 5264 ³
1516 5257 1547 5262 ”’

1870 4711 2044 4764 virum
2091 4719 2250 4765 vocat
2274 4709 2542 4764 dominum
2576 4719 2623 4762 et
2662 4708 2982 4763 benedictum
3008 4708 3222 4763 Domini
3260 4711 3447 4781 appel-

1869 4802 1975 4868 lat,
2002 4803 2128 4872 quia
2175 4801 2420 4858 carnales
2448 4803 2649 4872 quique
2674 4810 2984 4867 sanctorum
3030 4802 3309 4858 doctorum
3338 4805 3448 4857 vir-

1867 4901 2009 4949 tutes
2063 4895 2402 4949 admirantur
2463 4910 2666 4965 eosque
2726 4896 3038 4972 honorant,
3106 4910 3443 4965 nequaquam

1866 4992 2046 5040 tamen
2116 4986 2186 5041 ad
2249 4985 2460 5041 illorum
2517 4986 2905 5057 perfectionem
2975 4987 3289 5042 imitandam
3360 5002 3446 5039 as-

1862 5086 2107 5145 surgunt.

1932 5168 2087 5225 Vers.
2130 5168 2221 5226 50.
2279 5168 2322 5222 Α
2374 5168 2595 5226 Domino
2651 5186 2885 5239 egressus
2931 5182 3007 5227 est
3063 5186 3251 5227 sermo.
3307 5166 3443 5233 Quia
