4026 6406
510 431 587 496 99

1152 422 1410 481 neuneu
1441 413 2112 477 ANTISSIODORENSIS
2146 414 2295 472 ore.
2329 415 2528 477 rans.
2571 395 3132 477 l.—EXEGETlCA-.

3674 415 3778 471 100

582 545 738 602 Vera.
788 541 875 601 6|.
921 539 1091 611 lgttur
1127 534 1350 591 Rebecca
1384 540 1435 588 et
1474 530 1662 604 puella:
1696 530 1828 600 ejus.
1884 526 2087 582 Puella?
2121 530 2162 587 Λ
2264 527 2416 584 Vers.
2460 530 2548 585 67.
2595 530 2897 587 Introduxit
2948 544 3063 584 eam
3111 526 3165 580 in
3195 522 3586 582 tabernaculum
3622 523 3777 600 Sara

513 653 633 710 qua:
660 636 961 692 Rebeccam
1004 632 1071 689 ad
1108 633 1255 688 Isaac
1280 636 1580 702 prosecuta:
1622 632 1748 682 sunt
1786 624 2096 695 significant

515 727 701 787 ﬁdeles
729 726 940 782 animas
979 739 1098 796 quae
1144 723 1197 779 in
1240 719 1481 795 Ecclesia
1515 717 1834 787 simpliciter
1861 729 2091 770 conver-

515 829 724 886 santur,
774 833 894 874 anon
942 825 1123 873 tamen
1167 815 1234 870 ad
1284 811 1582 868 thalamum
1627 806 2095 879 contemplationis

514 910 853 985 perveniunt.

588 1002 745 1059 Vers.
813 998 903 1057 6‘2.
955 995 1241 1053 Habitabat
1308 994 1363 1049 in
1423 1004 1564 1048 terra
1612 990 1856 1047 australi.
1904 990 1962 1045 Id
2009 995 2098 1044 est

520 1095 576 1150 in
605 1091 843 1154 Gerara.’
861 1090 1088 1163 Mystice
1120 1094 1306 1158 puteus
1334 1082 1552 1140 bidentis
1586 1078 2093 1153 etviventisUerem.

516 1196 632 1242 nn
654 1228 669 1254 ,
689 1185 784 1257 24)
839 1191 1025 1240 sancta
1061 1178 1342 1251 Scriptura
1372 1184 1453 1232 est
1472 1191 1570 1248 per
1598 1189 1759 1246 quam
1787 1173 1882 1229 Dei
1910 1172 2097 1243 cogni-

518 1279 717 1334 tionem
748 1272 1062 1346 accipimus.
1093 1270 1213 1343 ipse
1237 1269 1424 1325 vivens
1447 1274 1502 1322 et
1524 1266 1713 1321 videns
1733 1265 1823 1335 qui
1850 1277 1945 1334 per
1971 1276 2098 1333 pro-

518 1368 735 1438 phetam
769 1363 1045 1436 loquitur:
1080 1359 1207 1416 Vivo
1240 1375 1332 1430 ego
1360 1399 1376 1425 ,
1405 1358 1531 1412 dicit
1570 1356 1848 1411 Dominus.
1907 1352 2099 1409 Omnia

519 1456 663 1511 nuda
692 1464 741 1510 et
767 1463 947 1525 aperta
987 1460 1109 1507 sunt
1139 1448 1302 1505 oculis
1329 1447 1443 1518 ejus
1487 1444 1691 1516 (Hebr.
1739 1460 1813 1510 IV,
1853 1443 1963 1516 l5).
2002 1442 2100 1497 Via

518 1562 638 1618 quae
694 1546 843 1601 ducit
885 1543 956 1599 ad
1008 1550 1229 1615 puteum
1270 1538 1502 1594 viventis
1548 1545 1603 1594 et
1646 1534 1880 1592 videntis
1920 1532 2100 1605 passio

521 1634 721 1690 Christi
754 1648 874 1705 quae
905 1647 1003 1688 nos
1060 1630 1128 1686 ad
1171 1627 1501 1685 intellectum
1536 1624 1945 1697 Scripturarum
1978 1636 2102 1693 per-

519 1724 684 1779 ducit.
709 1721 890 1793 Neque
915 1720 1057 1777 enim
1081 1718 1237 1774 aliter
1256 1731 1319 1773 ea
1333 1722 1453 1787 quae
1478 1716 1531 1771 in
1554 1712 1738 1770 Veteri
1752 1712 2100 1768 Testamento

520 1813 717 1884 scripta
761 1819 918 1868 erant
962 1808 1260 1881 intelligere
1285 1819 1586 1877 possemus,
1637 1803 1740 1859 nisi
1767 1803 1821 1858 in
1848 1801 2099 1874 passione

521 1904 736 1975 impleta
763 1901 1104 1958 claruissent.
1133 1899 1197 1954 Et
1229 1898 1524 1954 notandum
1551 1897 1694 1966 quod
1726 1894 1854 1950 dicit
1879 1910 1892 1947 :
1918 1893 2097 1947 deam-
2126 1883 2172 1942 Β

520 1993 730 2049 bulabat
755 2010 848 2065 per
877 1993 1014 2048 viam
1060 2006 1166 2046 non
1211 1989 1384 2044 dicit:
1414 1985 1736 2052 ambulabat,
1786 1985 1879 2041 sed
1920 1985 2099 2039 deam-

520 2082 751 2138 bulabat.
782 2080 1139 2138 Deambulare
1169 2093 1401 2150 namque
1429 2086 1508 2135 est
1530 2078 1708 2133 eundo
1741 2085 1796 2132 et
1827 2076 2100 2133 redeundo

522 2183 626 2229 iter
658 2173 1022 2243 frequentare.
1055 2169 1147 2227 Sic
1166 2179 1232 2226 et
1253 2168 1435 2241 passio
1468 2166 1672 2224 Christi
1705 2165 1916 2222 diverso
1943 2164 2101 2220 modo

523 2275 581 2321 et
622 2275 858 2336 tempore
915 2262 1251 2334 frequentata
1288 2267 1391 2316 est.
1440 2258 1597 2314 Nunc
1635 2256 1778 2313 enim
1825 2271 1857 2311 a
1903 2253 2101 2310 Judzeis

523 2353 873 2424 blasphemiis
902 2361 957 2409 et
991 2350 1335 2408 contumeliis
1364 2349 1750 2415 insectabatur,
1782 2362 1925 2403 nunc
1959 2345 2104 2402 cola-

523 2444 874 2517 phizabatur,
916 2444 1075 2500 modo
1120 2441 1526 2513 conspuebatur
1555 2458 1568 2495 :
1602 2440 1681 2495 sic
1707 2436 1763 2494 et
1809 2437 1900 2493 tali
1944 2436 2102 2493 modo

523 2550 620 2604 per
641 2535 782 2590 viam
808 2548 919 2590 sua:
949 2532 1216 2605 passionis
1241 2528 1630 2585 deambulabat.
1669 2527 1822 2597 Quod
1857 2525 2099 2581 Rebecca

524 2632 672 2681 Isaac
710 2626 762 2680 in
796 2634 942 2681 terra
970 2622 1206 2680 Australi
1235 2621 1437 2693 reperit
1462 2619 1734 2692 significat
1762 2618 1887 2691 quia
1917 2626 2102 2675 sancta

525 2717 762 2773 Ecclesia
782 2758 797 2783 ,
830 2716 1019 2773 relicto
1049 2714 1252 2788 frigore
1282 2711 1647 2779 infidelitatis,
1681 2720 1738 2767 et
1768 2710 1948 2767 calore
1977 2708 2102 2765 ﬁdei
2143 2729 2155 2742 -

523 2820 781 2863 succensa
811 2806 877 2862 ad
906 2805 1179 2862 Christum
1207 2805 1375 2861 venit.

593 2898 749 2954 Vers.
779 2895 870 2953 65.
902 2896 1159 2968 Egressus
1189 2896 1362 2967 fuerat
1388 2896 1457 2951 ad
1482 2894 1841 2951 meditandum
1865 2894 1919 2948 in
1952 2908 2101 2964 agro.

526 2990 753 3058 Quidam
795 2988 1008 3044 codices
1055 2988 1256 3043 habent
1285 3004 1299 3041 :
1324 2986 1393 3040 ad
1434 2985 1824 3041 exercitandum
1869 2985 2102 3055 inagro.

523 3080 640 3134 Alia
670 3094 884 3150 quoque
913 3079 1196 3133 translatio
1234 3078 1367 3134 dicit
1397 3088 1415 3132 ε’
1440 3086 1496 3132 ut
1536 3076 1834 3150 loqueretur
1860 3077 1912 3130 in
1953 3092 2100 3147 agro.

525 3168 788 3223 Inclinata
814 3166 928 3238 jam
951 3168 1060 3222 die.
1089 3164 1226 3234 Quia
1256 3158 1586 3221 vir'sanctus
1610 3163 1722 3235 jam
1754 3172 1874 3235 post
1908 3178 2102 3221 nonam

2203 620 2383 673 matris
2409 636 2538 674 sua’.
2580 621 2718 689 Quia
2756 619 3004 675 Christus
3032 616 3329 672 Ecclesiam
3368 615 3645 687 in,locum
3677 614 3781 690 Sy-

2206 723 2426 780 nagoga:
2468 711 2749 776 constituit
2775 711 2840 766 de
2868 724 2974 779 qua
3009 723 3227 763 carnem
3259 714 3644 778 assumpserat.
3676 706 3783 760 Ac-

2198 802 2329 873 cepit
2380 818 2493 857 eam
2543 817 2778 856 uxorem.
2821 801 2955 870 Quia
2997 801 3226 871 gratiam
3267 814 3431 870 quam
3482 798 3573 855 illa
3606 814 3784 870 quon-

2198 893 2318 947 dam
2361 891 2596 948 habebat
2646 908 2798 948 novae
2844 907 3057 964 sponsas
3109 891 3389 956 attribuit,
3442 890 3784 961 despondeas

2197 999 2318 1039 eam
2361 985 2463 1040 sibi
2515 1000 2621 1040 non
2675 986 2964 1041 habentem
3020 983 3311 1050 maculam,
3344 997 3519 1055 neque
3562 998 3776 1054 rugam.

2200 1075 2269 1131 Ut
2291 1075 2523 1133 dolorem
2551 1079 2642 1149 qui
2667 1095 2732 1133 ea:
2759 1086 2924 1132 morte
2950 1076 3133 1133 matris
3162 1075 3423 1131 acciderat
3451 1083 3782 1145 temperaret.

2200 1167 2346 1224 Mors
2373 1170 2554 1225 matris
2579 1179 2664 1226 est
2693 1152 2980 1224 infidelitas
3007 1166 3306 1239 Synagoga:
3349 1180 3447 1236 pro
3485 1181 3589 1237 qua
3620 1165 3787 1221 Chri-

2200 1270 2317 1317 stus
2344 1261 2570 1316 multum
2613 1261 2805 1318 doluit.
2836 1259 2991 1315 Unde
3036 1268 3091 1314 et
3126 1260 3179 1313 in
3225 1258 3477 1331 passione
3523 1257 3779 1312 dicebat:

2204 1339 2391 1405 Tristis
2412 1360 2486 1405 est
2511 1352 2687 1405 anima
2711 1366 2871 1420 usque
2898 1347 2967 1402 ad
2991 1356 3208 1403 mortem
3236 1345 3460 1420 (Matth.
3488 1362 3641 1412 xxv1,
3664 1346 3783 1415 58).

2202 1438 2319 1496 Non
2356 1441 2499 1497 enim
2552 1456 2650 1511 pro
2693 1440 2944 1511 passione
2992 1437 3342 1503 tristabatur,
3395 1435 3488 1491 sed
3531 1451 3630 1506 pro
3684 1433 3787 1490 Ju—

2204 1532 2440 1588 dzeorum
2475 1531 2797 1602 perditione.
2830 1528 2986 1583 Hunc
3027 1541 3155 1599 ergo
3192 1525 3433 1581 dolorem
3464 1525 3791 1596 temperavit

2204 1635 2387 1676 amore
2416 1619 2694 1685 Rebeccae,
2726 1616 2866 1689 quia'
2880 1617 3134 1672 damnum
3164 1622 3221 1670 et
3259 1613 3599 1685 expeditione
3624 1613 3791 1668 unius

2205 1712 2377 1785 plebis
2424 1711 2858 1783 recompensavit
2891 1708 2997 1765 fide
3038 1716 3094 1764 et
3142 1705 3319 1763 salute
3361 1706 3601 1761 omnium
3651 1720 3789 1775 gen-

2210 1805 2362 1859 tium.

2765 1933 2992 1992 CAPUT
3039 1931 3211 1991 XXV.

2271 2073 2427 2131 Vers.
2456 2075 2507 2130 1.
2534 2072 2800 2128 Abraham
2835 2088 2958 2128 vero
2993 2072 3145 2127 duxit
3184 2070 3346 2127 altam
3386 2084 3601 2125 uxorem
3631 2065 3793 2123 Cetu-

2203 2187 2336 2224 ram.
2366 2168 2495 2237 Quae
2523 2168 2910 2238 interpretatur
2930 2163 3175 2236 copulata
3198 2161 3283 2220 vel
3303 2162 3603 2234 conjuncta.
3637 2157 3794 2214 Unde

2204 2262 2422 2318 tradunt
2445 2260 2656 2318 Hebraei
2684 2262 2825 2318 hanc
2851 2273 2970 2316 esse
2989 2258 3133 2330 Agar
3154 2266 3385 2313 matrem
3407 2253 3649 2310 lsmaelis
3669 2262 3793 2322 qua:

2200 2354 2354 2426 prius
2409 2353 2711 2409 concubina
2764 2352 2969 2417 fuerat,
3027 2349 3120 2405 sed
3175 2356 3298 2418 post
3357 2355 3582 2401 mortem
3638 2342 3793 2397 Sara:

2202 2443 2433 2498 Abrabte
2460 2441 2699 2514 legitime
2722 2440 3113 2512 copulabatur:
3151 2437 3293 2508 quod
3326 2436 3444 2492 ideo
3474 2435 3699 2505 lingunt,
3731 2439 3793 2485 ut

2202 2542 2462 2590 excusent
2489 2531 2761 2588 Abraham
2793 2545 2861 2587 ne
2893 2528 3007 2600 jam
3054 2543 3220 2586 senex
3251 2540 3303 2585 et
3335 2528 3608 2601 depositus
3636 2525 3796 2581 novis

2203 2622 2406 2696 nuptiis
2429 2623 2676 2679 videatur
2712 2621 3010 2677 lascivisse.
3369 2675 3372 2679 ,
3442 2690 3445 2693 Α
3508 2674 3511 2677 .

2275 2712 2430 2770 Vers.
2455 2713 2510 2768 2.
2545 2712 2676 2781 Quae
2702 2713 2915 2784 peperit.
2946 2710 3013 2767 lli
3044 2709 3136 2782 qui
3174 2710 3241 2765 de
3280 2709 3476 2767 Cetura
3513 2708 3626 2764 nati
3664 2713 3794 2764 sunt

2203 2812 2602 2874 occupaverunt
2642 2812 2843 2876 terram
2890 2802 3217 2873 Trogoditen
3256 2810 3305 2857 et
3345 2800 3632 2866 Arabiam,
3671 2814 3792 2870 qua:

2205 2890 2483 2951 Eudemon
2509 2893 2726 2961 dicitur,
2764 2906 2935 2963 usque
2964 2892 3032 2948 ad
3060 2906 3209 2948 mare
3229 2891 3491 2947 Rubrum.

2275 2985 2574 3058 Allegorice
2597 2984 2738 3041 sicut
2764 2998 2861 3054 per
2883 2984 3030 3054 Agar
3059 2991 3113 3039 et
3135 2981 3415 3038 lsmaelem
3438 2979 3792 3053 designantur

2206 3076 2373 3134 Judaei
2398 3077 2452 3133 in
2475 3077 2787 3133 servitutem
2816 3072 3076 3146 generati,
3098 3073 3171 3128 ita
3202 3087 3299 3143 per
3318 3070 3570 3128 Ceturam
3596 3067 3792 3139 eteius

2208 3169 2346 3227 filios
2372 3170 2722 3243 designantur
2748 3167 2988 3225 haeretici
3032 3166 3122 3238 qui
3161 3166 3215 3221 in
3252 3164 3405 3222 Novo
3445 3164 3793 3223 Testamento

528 3265 714 3317 horam
740 3260 845 3316 diei
880 3258 947 3314 ad
982 3273 1265 3329 vesperam
1295 3252 1627 3314 inclinatam'
1651 3270 1899 3327 egressus
1927 3253 2105 3311 luerat
2131 3254 2178 3320 C
2209 3262 2309 3318 sub
2351 3269 2614 3333 praetextu
2659 3259 2894 3316 nominis
2922 3257 3120 3314 Christi
3151 3255 3290 3313 male
3316 3256 3383 3313 de
3420 3255 3536 3325 ejus
3563 3256 3794 3312 veritate

525 3351 673 3408 solus
720 3359 781 3405 ut
828 3349 939 3405 Deo
981 3348 1252 3420 spiritales
1295 3348 1548 3404 victimas
1613 3346 1949 3413 immolaret,
2002 3347 2108 3402 hoc

525 3452 637 3510 est,
674 3453 736 3497 ut
774 3442 1047 3498 orationes
1073 3450 1126 3496 et
1153 3441 1383 3512 hymnos
1420 3439 1773 3512 persolveret.
1805 3438 2107 3508 Allegorice

462 3572 465 3575 -
527 3547 656 3603 ager
678 3532 909 3586 mundus
932 3536 1037 3596 est,
1065 3530 1144 3585 si‘c
1168 3530 1395 3585 Domino
1423 3527 1734 3600 parabolam
1764 3542 1917 3583 suam
1945 3542 2107 3598 expo—

527 3628 690 3675 ncnle
723 3636 736 3672 :
772 3618 874 3684 Qui
899 3618 1120 3672 seminat
1158 3627 1232 3671 est
1265 3616 1440 3671 Filius
1484 3615 1711 3670 hominis
1739 3628 1757 3668 .'
1782 3632 1909 3686 ager
1934 3626 2104 3669 autem

527 3719 601 3763 est
650 3707 875 3761 mundus
906 3706 1127 3778 (Matth.
1172 3721 1293 3772 xm,
1340 3705 1452 3776 38).
1485 3704 1633 3761 Isaae
1676 3719 1807 3776 ergo
1851 3704 2108 3759 inclinata

528 3797 634 3868 iam
661 3798 747 3854 (lie
774 3797 840 3853 ad
872 3798 1237 3854 meditandum
1265 3794 1320 3852 in
1361 3802 1493 3868 agro
1540 3811 1791 3866 egressus
1820 3805 1906 3852 est
1937 3814 1949 3851 :
1980 3797 2105 3867 quia

532 3890 631 3946 Dei
655 3884 823 3945 Filius
852 3889 1141 3946 novissima
1168 3888 1347 3944 saeculi
1378 3897 1535 3944 aetate
1561 3888 1707 3945 venit
1735 3887 1788 3943 in
1815 3889 2070 3945 mundum
2090 3930 2106 3957 ,

528 3978 682 4050 iuxta
736 3979 877 4050 quod
923 3994 1021 4049 per
1052 3979 1370 4050 prophetam
1425 3979 1625 4035 dictum
1662 3976 1839 4036 fuerat
1871 3979 2109 4053 :Egres-

530 4086 620 4127 sus
670 4088 724 4126 es
778 4072 833 4125 in
860 4070 1079 4125 salutent
1122 4070 1299 4142 papuli
1358 4070 1436 4125 tui
1467 4086 1584 4125 cum
1614 4062 1821 4126 Christo
1858 4082 1947 4125 tuo
1971 4069 2110 4143 (Ha-

532 4163 644 4217 bac.
669 4176 765 4227 ιιι,
798 4159 906 4231 l5).
943 4157 1009 4214 Ut
1040 4169 1385 4227 exerceretur,
1426 4161 1527 4216 hoc
1562 4169 1665 4227 est,
1706 4160 1971 4231 passionis
2000 4175 2111 4216 suae

530 4262 802 4310 certamen
833 4252 1098 4323 impleret.
1144 4248 1376 4324 Cumque
1401 4251 1616 4307 levasset
1660 4251 1835 4307 oculos
1860 4252 1983 4307 vidit
2022 4269 2110 4306 ca-

531 4342 693 4398 melos
718 4343 975 4398 venientes
996 4341 1197 4415 procul.
1221 4341 1327 4398 Per
1353 4341 1608 4397 camelum
1626 4383 1641 4409 ,
1675 4351 1972 4400 tortuosum
1994 4344 2111 4400 ani-

534 4432 641 4487 mal
682 4441 737 4487 et
781 4447 878 4487 sua
923 4440 1126 4487 struma
1164 4431 1516 4502 ponderatum
1560 4419 1895 4500 significatur
1942 4433 2112 4503 genti—

2207 3351 2330 3409 ﬁdei
2378 3359 2682 3408 senserunt.
2731 3347 2887 3405 Unde
2935 3346 3073 3403 bene
3117 3354 3306 3418 postea
3352 3344 3627 3400 Abraham
3665 3344 3793 3402 ﬁliis

2207 3441 2628 3498 concubinarum
2658 3451 2883 3493 munera
2918 3436 3150 3508 largitus
3178 3435 3346 3490 fuisse
3372 3433 3587 3500 dicitur,
3619 3432 3796 3490 barro.

2206 3532 2430 3587 ditatem
2455 3544 2586 3585 vero
2613 3526 2762 3585 solus
2782 3526 2935 3582 Isaac
2959 3532 3280 3582 consecutus
3317 3532 3421 3589 est,
3458 3523 3586 3595 quia
3612 3524 3783 3582 bzcre-

2208 3623 2331 3678 ticis
2357 3620 2604 3690 Christus
2627 3620 2681 3675 in
2710 3617 2964 3689 prtesenti
3002 3616 3261 3673 beneficia
3289 3616 3528 3672 scientia:
3556 3624 3613 3670 et
3636 3612 3788 3670 intel-

2208 3709 2442 3784 ﬁgentia:
2484 3697 2704 3774 tribuit,
2754 3705 2869 3763 sola
2912 3713 3090 3761 autem
3133 3703 3373 3761 Ecclesia
3419 3703 3684 3761 catholica
3723 3703 3792 3759 ad

2210 3818 2434 3876 regnum
2464 3800 2798 3873 perducitur.
3726 3810 3731 3816 λ

2279 3892 2435 3949 Vers.
2470 3890 2522 3946 5.
2553 3890 2791 3946 Assurim
2816 3888 2869 3945 iu
2892 3889 3236 3961 negotiatores
3260 3886 3600 3944 transfertur.
3626 3886 3795 3942 Latu-

2208 3982 2330 4050 sim,
2357 3999 2429 4039 tes
2455 3981 2540 4037 vel
2568 3979 2780 4036 metalla
2807 3983 3071 4035 cadentes.
3103 3977 3332 4046 Lomim,
3359 3978 3703 4052 phylarcbos,
3734 3979 3791 4035 id

2212 4083 2295 4132 est
2318 4075 2555 4145 princeps
2576 4072 2827 4128 tribuum.

2280 4164 2436 4222 Vers.
2461 4165 2516 4221 8.
2547 4163 2805 4233 Deﬁciens
2828 4171 3064 4217 mortuus
3085 4171 3179 4218 est.
3209 4172 3402 4218 oeatus
3432 4160 3792 4236 riteronymus

2159 4180 2176 4348 ί
2187 4182 2209 4331 ί
2211 4258 2343 4315 dicit
2365 4256 2469 4313 hoc
2491 4254 2631 4311 male
2656 4253 2895 4309 additum
2915 4253 3247 4348 scriptorum
3269 4252 3418 4307 vitio.
3440 4251 3626 4348 _Neque
3643 4254 3790 4311 enim

2211 4258 2343 4315 dicit
2365 4256 2469 4313 hoc
2491 4254 2631 4311 male
2656 4253 2895 4309 additum
2925 4253 3247 4323 scriptorum
3269 4252 3418 4307 vitio.
3442 4251 3626 4324 Neque
3643 4254 3790 4311 enim

2210 4348 2443 4419 defectus
2471 4344 2556 4401 vel
2585 4342 2890 4399 imminutio
2907 4340 3056 4412 justo
3083 4341 3199 4397 viro
3229 4341 3500 4405 convenit,
3529 4357 3651 4398 cum
3685 4358 3759 4415 po

2212 4439 2320 4494 tius
2341 4435 2522 4509 augeri
2556 4443 2615 4493 et
2639 4432 2981 4506 multiplicari
3008 4431 3201 4489 debeat
3225 4431 3510 4489 Psalmista
3536 4433 3749 4511 dicente
3771 4450 3787 4491 .‘

533 4523 681 4591 litas,
710 4523 892 4595 pravis
928 4523 1165 4579 moribus
1195 4531 1429 4579 tortuosa
1470 4523 1838 4593 etidololatria
1870 4541 2108 4599 pmgra-
2211 4528 2398 4584 Justus
2424 4537 2482 4581 ut
2513 4526 2698 4582 cedrus
2742 4524 2930 4581 Libani
2959 4522 3391 4593 multiplicabitur
3430 4520 3612 4596 (Psal.
3664 4540 3786 4590 xcv,

535 4624 691 4680 vata,
720 4629 841 4683 qua:
868 4612 993 4682 quia
1022 4627 1089 4668 ex
1133 4613 1244 4684 ipsa
1286 4613 1485 4682 reperit
1525 4626 1659 4682 quos
1685 4612 1916 4681 coleret,
1951 4617 2107 4687 quasi
2137 4599 2189 4660 Ῑ)
2216 4620 2337 4693 15).
2370 4617 2567 4674 Plenus
2593 4618 2817 4673 dierum.
2843 4612 3125 4672 Plenitudo
3153 4613 3206 4670 in
3239 4624 3385 4681 ortu,
3410 4623 3534 4671 actu
3560 4623 3615 4672 et
3638 4616 3787 4671 obitu

537 4711 864 4759 strumosum
903 4701 1101 4758 animal
1145 4702 1359 4773 gibbum
1407 4702 1462 4757 in
1515 4701 1676 4758 dorso
1727 4705 1995 4773 portabat.
2047 4706 2105 4761 In

540 4796 749 4853 camelo
813 4796 958 4851 enim
1021 4795 1212 4851 sedens
1275 4793 1519 4851 Rebecca
1587 4797 1654 4851 ad
1710 4795 1858 4853 Isaac
1921 4799 2105 4862 venit,

538 4886 663 4957 quia
687 4893 872 4940 sancta
898 4882 1138 4940 Ecclesia
1160 4883 1334 4939 adhuc
1356 4882 1671 4955 gentilitatis
1691 4899 1877 4942 errore
1906 4887 2106 4943 conlisa

536 4986 592 5032 et
630 4975 781 5047 quasi
822 4982 1120 5043 sustentata
1158 4972 1225 5037 ad
1267 4972 1468 5029 Christi
1496 4975 1725 5046 gratiam
1773 4986 1963 5032 vocata
2002 4985 2105 5033 est.

611 5067 764 5122 Vera.
807 5064 895 5120 64.
938 5064 1166 5120 Rebecca
1221 5074 1491 5132 conspecto
1520 5062 1675 5119 Isaac
1703 5064 1769 5118 de
1796 5064 1993 5120 camelo
2017 5065 2109 5121 de-

538 5161 758 5215 scendit.
779 5157 914 5225 Quia
942 5157 1180 5212 Ecclesta
1209 5156 1424 5226 cognito
1443 5154 1656 5212 Christo
1683 5170 1743 5212 se
1767 5170 1868 5228 pro
1893 5155 2006 5213 suis
2025 5171 2111 5212 er-

540 5251 754 5306 roribus
778 5247 999 5305 confusa
1020 5254 1023 5257 ‘
1043 5248 1360 5305 humiliavit.
1387 5247 1541 5305 Unde
1576 5259 1632 5305 et
1678 5251 1817 5307 bene
1856 5266 1915 5308 se
1948 5251 2112 5323 pallio

539 5342 816 5412 operuisse
838 5340 1054 5404 dicitur,
1088 5340 1212 5411 quia
1245 5339 1562 5396 confusione
1589 5350 1645 5398 et
1673 5342 1877 5399 erroris
1903 5343 1985 5399 sui
2021 5359 2113 5401 ru-

538 5432 671 5487 bore
703 5446 761 5487 se
785 5434 1016 5503 operuit.
1060 5431 1213 5488 Unde
1243 5443 1299 5488 et
1338 5432 1536 5491 Paulus
1567 5434 1888 5506 quibusdam
1940 5435 2116 5507 loqui-

542 5529 668 5576 tur:
696 5521 859 5589 Quem
888 5524 1116 5593 fructum
1153 5525 1404 5580 habuistis
1449 5534 1572 5581 tunc
1614 5527 1670 5582 in
1698 5527 1811 5595 Itis,
1840 5528 1898 5583 in
1924 5527 2112 5600 quibus

543 5634 679 5672 nunc
736 5620 1073 5676 erubescitis?
1118 5620 1301 5693 (Rom.
1355 5637 1443 5690 γι,
1498 5621 1625 5695 2i.)
1670 5622 1804 5679 Nam
1861 5631 1917 5679 et
1956 5622 2115 5679 'Psal-

543 5707 702 5761 mista
758 5708 888 5763 dicit
922 5728 933 5761 :
970 5710 1184 5780 Operuit
1223 5712 1461 5782 confusio
1501 5712 1686 5781 faciem
1729 5729 1895 5769 nteant
1929 5712 2144 5783 (Psal..

544 5811 704 5851 vam
732 5838 744 5863 ,
801 5797 885 5867 8).

1537 5953 1639 5969 ..ον’
1666 5958 1842 5969 ...ο,..ς.,-νν
1873 5959 1895 5969 ,ο
1929 5954 1939 5963 ν

2215 4717 2525 4767 sanctorum
2550 4705 2687 4763 solet
2711 4704 2960 4761 inveniri.
2983 4704 3053 4760 Et
3081 4702 3202 4760 ideo
3220 4713 3370 4760 recte
3388 4703 3662 4760 Abraham
3681 4704 3789 4775 ple-

2215 4820 2314 4858 nus
2342 4802 2546 4857 dierum
2576 4807 2820 4856 mortuus
2856 4798 3023 4856 fuisse
3046 4797 3272 4870 legitur,
3298 4807 3699 4856 consummatus
3733 4809 3791 4856 ct

2213 4892 2484 4966 perfectus
2510 4898 2630 4947 erat
2658 4889 2908 4947 omnibus
2926 4883 3232 4947 virtutibus.
3260 4890 3492 4947 Econtra
3513 4891 3564 4947 in
3596 4908 3787 4964 repro-

2213 4985 2299 5042 bis
2330 4982 2510 5040 omnia
2541 4983 2774 5053 quadam
2804 4982 3207 5053 imperfectione
3233 4990 3507 5039 notantur.
3553 4983 3706 5041 Unde
3729 4993 3788 5041 et

2211 5073 2448 5148 psalmus
2465 5091 2478 5127 :
2493 5070 2607 5127 Viri
2627 5071 2939 5143 sanguinum
2953 5079 3001 5126 et
3015 5070 3183 5127 dolosi
3196 5086 3297 5126 non
3315 5072 3663 5128 dimidiabunt
3676 5074 3789 5130 dies

2211 5181 2333 5221 suos
2360 5163 2530 5235 (Psal.
2557 5160 2797 5233 uvﬂl).
2823 5191 2895 5203 —
2917 5159 3271 5234 Congregatus
3310 5172 3386 5219 est
3426 5164 3496 5218 ad
3536 5165 3786 5236 populant

2211 5275 2386 5325 suum,
2406 5258 2456 5313 id
2476 5263 2560 5313 est
2592 5257 2659 5311 ad
2690 5252 3084 5311 multitudinem
3108 5255 3521 5326 praecedentium
3547 5265 3782 5328 patrum.

2280 5352 2438 5407 Vers.
2476 5346 2564 5408 15.
2593 5345 3005 5416 Primogenitum
3036 5345 3276 5402 lsmaelis
3306 5344 3573 5402 Nabaotlt.
3606 5348 3652 5405 A
3679 5352 3790 5420 quo

2214 5442 2388 5500 omnis
2410 5440 2557 5512 regio
2579 5454 2608 5496 a
2636 5438 2770 5496 mari
2806 5439 2986 5495 Rubro
3017 5451 3186 5510 usque
3208 5438 3277 5493 ad
3308 5437 3632 5510 Euphratem
3663 5441 3789 5498 Aa-

2216 5533 2418 5588 batlttea
2445 5531 2658 5588 dicitur.

2287 5622 2438 5679 Vers.
2465 5622 2552 5679 l8.
2583 5622 2657 5675 Ab
2690 5618 2894 5675 "evita.
2931 5619 2987 5674 ld
3021 5628 3103 5676 est
3137 5620 3205 5677 ab
3232 5620 3401 5677 lndia.
3432 5624 3622 5679 Coram
3662 5641 3788 5684 cun-

2216 5714 2310 5768 ctis
2358 5710 2608 5781 fratribus
2658 5710 2803 5764 obiit.
2857 5710 2913 5765 ld
2967 5719 3050 5765 est
3129 5711 3181 5766 in
3240 5714 3486 5781 manibus
3558 5715 3787 5789 fgatrum

2218 5815 2474 5867 suorum,
2540 5799 2790 5855 omnibus
2845 5799 3102 5873 videlicet.
3148 5802 3323 5859 adhuc
3378 5804 3787 5873 superstitibus,
