3986 5518
145 404 245 472 iet

1277 399 1820 464 COMMENTARIUS
1858 402 1923 457 IN
1962 404 2289 461 GENESIM.

3312 400 3411 464 £02

142 543 202 587 et
232 530 386 587 nullo
425 536 547 583 ante
586 542 706 581 eum
742 534 918 582 morte
960 534 1244 597 praerepto.
1294 524 1509 577 Fratres
1547 530 1726 575 autem
1758 523 1801 581 A
1831 524 2086 577 auxilium
2134 522 2261 578 mali
2313 533 2633 594 superantur
2663 542 2689 577 a
2740 524 2893 580 bonis
2942 531 2996 578 et
3038 505 3168 579 vitia
3213 524 3411 579 cedunt

142 638 248 694 pro
276 622 402 676 liliis
425 621 630 689 posuit,
676 619 814 672 sicut
856 628 910 672 et
945 633 1011 672 eo
1038 618 1154 670 loco
1181 615 1269 669 ubi
1302 614 1353 668 in
1386 613 1732 683 sequentibus

142 713 317 768 Jacob
338 712 475 765 dixit
505 711 569 763 ad
605 708 785 762 Laban
813 725 826 761 :
870 706 1008 772 Quid
1033 705 1237 776 peccavi
1257 704 1380 767 tibi,
1411 712 1465 755 ut
1493 702 1728 771 inseque-

139 802 281 856 reris
304 811 417 869 post
440 815 519 853 me
540 799 563 851 1’
601 795 748 850 Pone
779 810 955 849 coram
988 794 1240 863 fratribus
1262 793 1388 846 meis
1409 801 1457 845 et
1481 790 1731 860 fratribus

142 893 274 944 tuis.
308 889 493 959 Neque
512 888 655 941 enim
673 886 839 941 Jacob
860 885 931 940 ibi
952 883 1084 939 alios
1107 884 1301 938 fratres
1318 881 1552 937 habebat
1572 895 1731 950 quam

142 994 276 1033 suos
310 978 530 1033 liberos.

216 1068 380 1121 Vers.
433 1066 525 1119 20.
577 1065 653 1119 De
701 1063 1097 1133 Mesopotamia.
1149 1062 1531 1132 Mesopotamia
1588 1062 1735 1131 regio

141 1155 487 1210 fertilissima
510 1164 593 1208 est
623 1169 741 1222 quae
770 1154 848 1207 sic
874 1162 1095 1207 vocatur
1120 1152 1306 1208 Graeco
1334 1153 1549 1207 nomine
1573 1153 1735 1206 etiam

147 1247 277 1301 ideo
308 1246 454 1316 quod
493 1245 667 1299 media
704 1246 773 1297 sit
802 1246 940 1298 inter
969 1245 1074 1298 duo
1102 1243 1341 1309 ﬂumina,
1375 1242 1558 1314 Tigrin
1590 1244 1735 1297 vide-

140 1336 279 1393 licet
325 1346 381 1391 ct
432 1337 781 1406 Euphratem.
831 1335 961 1388 Nam
997 1351 1164 1389 mesos
1207 1336 1451 1401 medius,
1500 1346 1734 1405 potamos

140 1430 345 1483 ﬂuvius
365 1428 581 1484 dicitur.
616 1428 749 1481 Hinc
773 1427 1180 1496 hippopotamos
1203 1439 1251 1493 α,
1278 1442 1451 1496 equus
1486 1426 1731 1481 ﬂuvialis.

224 1517 380 1572 Vers.
419 1518 509 1571 21.
560 1517 873 1587 Deprecatus
903 1527 977 1571 est
1017 1533 1110 1569 oro
1136 1534 1233 1571 sua
1264 1533 1445 1572 uxore.
1478 1518 1735 1573 Dominus

144 1609 483 1676 promiserat
517 1608 747 1661 Abrahae
794 1609 937 1677 quod
987 1608 1368 1678 multiplicaret
1399 1624 1579 1664 semen
1618 1610 1735 1680 ejus

144 1701 295 1753 sicut
321 1699 506 1753 stellas
536 1699 655 1753 caeli
686 1706 741 1753 et
763 1700 901 1753 sicut
927 1714 1147 1754 arenam
1178 1701 1364 1755 maris.
1398 1700 1527 1768 Quae
1550 1701 1733 1755 multi-

146 1791 371 1860 plicatio
402 1806 498 1859 per
536 1791 685 1845 Isaac
725 1790 903 1844 futura
945 1801 1091 1857 erat,
1131 1792 1280 1861 juxta
1321 1792 1462 1862 quod
1500 1792 1731 1847 Abrahae

1832 616 2135 668 virtutibus.

1906 705 2056 760 Vers.
2097 706 2189 759 25.
2228 704 2331 771 Qui
2374 705 2520 774 prior
2558 720 2794 775 egressus
2836 705 3038 774 fuerat,
3086 712 3295 757 vocatus
3335 703 3408 757 est

1834 793 2003 849 Edam
2034 797 2110 849 vel
2140 794 2334 863 Rufus.
2370 793 2535 848 Edam
2563 794 2705 848 enim
2738 794 3126 864 interpretatur
3153 791 3300 861 rufus
3326 792 3411 846 vel

1834 888 2040 953 rubeus,
2074 903 2102 941 a
2134 902 2242 957 quo
2268 886 2483 941 Idumaei
2518 895 2797 939 vocantur.
2834 884 3108 952 Hispidus,
3139 883 3190 938 id
3215 892 3297 937 est
3327 899 3413 937 se-

1837 986 2014 1042 tosus,
2058 979 2199 1047 quod
2238 975 2502 1031 chraice
2546 976 2740 1029 dicitur
2778 973 2893 1029 Seir
2918 990 2947 1027 a
2975 988 3082 1043 quo
3110 989 3262 1027 mons
3293 972 3413 1027 Seir

1835 1076 2055 1123 vocatus
2083 1076 2183 1121 est.
2235 1066 2374 1137 Ergo
2406 1066 2653 1120 novimus
2691 1081 2813 1119 eum
2863 1064 3171 1119 trinomium
3212 1063 3408 1129 fuisse,

1835 1159 1959 1229 quia
1989 1166 2207 1212 vocatus
2232 1164 2319 1212 est
2350 1155 2518 1222 Esau,
2554 1156 2745 1222 Edam,
2780 1155 2917 1211 Seir.
2948 1155 3112 1209 Jacob
3141 1156 3411 1224 interpre-

1837 1257 1979 1301 tatur
2008 1247 2393 1318 supplantator.
2427 1246 2650 1317 Mystice
2677 1247 2842 1309 Iacob
2872 1246 3124 1317 gentilem
3161 1246 3409 1315 populum

1833 1339 2082 1394 videlicet
2124 1337 2403 1394 Judaicum
2452 1338 2848 1408 supplantavit,
2894 1339 2944 1392 id
2987 1346 3071 1391 est
3097 1337 3195 1391 sub
3233 1338 3433 1406 planta.

1834 1431 1999 1493 misit,
2028 1431 2151 1500 quia
2195 1430 2347 1500 quasi
2393 1445 2555 1500 super
2594 1445 2718 1485 eum
2762 1430 3022 1494 ascendit,
3051 1430 3265 1499 quando
3296 1427 3412 1484 eius

1835 1520 2149 1589 dignitatem
2179 1520 2403 1589 accepit.

1904 1610 2059 1665 Vers.
2083 1610 2170 1663 27.
2205 1608 2404 1663 Factus
2437 1619 2511 1663 est
2538 1608 2681 1662 Esau
2707 1611 2784 1663 rir
2811 1624 3005 1678 gnarus
3044 1607 3282 1661 venandi.
3313 1606 3416 1660 Per

1835 1702 1980 1756 Esau
2008 1711 2296 1757 venatorem
2338 1701 2439 1756 hoc
2468 1701 2586 1756 loco
2630 1702 2978 1772 designantur
3019 1699 3264 1760 homines
3308 1708 3414 1751 ter-

1836 1810 1963 1847 rena
1991 1802 2314 1863 quaerentes,
2336 1801 2388 1847 et
2416 1792 2577 1846 lucris
2598 1792 2778 1845 saeculi
2808 1790 2959 1860 quasi
2988 1789 3256 1843 venationi
3288 1787 3416 1840 insi-

148 1883 354 1935 dictum
376 1891 459 1934 est
485 1899 497 1933 :
538 1880 603 1934 In
634 1880 789 1934 Isaae
822 1880 1084 1935 vocabitur
1108 1882 1201 1935 tibi
1224 1898 1414 1935 semen.
1447 1881 1584 1949 Quid
1611 1896 1751 1950 ergo,
1771 1889 1812 1946 Β
1841 1893 2059 1938 stentes.
2089 1882 2190 1950 Qui
2226 1884 2365 1937 bene
2392 1882 2551 1936 etiam
2578 1881 2810 1952 agricola
2842 1880 3004 1935 fuisse
3029 1879 3259 1941 dicitur,
3290 1877 3414 1947 quia

146 1982 237 2027 est
274 1974 416 2042 quod
448 1973 596 2025 Isaac
626 1972 862 2026 sterilem
891 1988 1115 2027 uxorem
1152 1974 1374 2047 sortitus
1409 1982 1524 2039 est,
1551 1975 1595 2028 si
1635 1989 1732 2044 per

144 2077 274 2116 eum
302 2078 486 2116 semen
516 2062 746 2115 Abrahae
773 2061 1230 2131 multiplicandum
1253 2062 1406 2117 erat?
1427 2060 1533 2117 Sed
1560 2062 1735 2117 scien-

147 2154 278 2206 dum
309 2153 434 2222 quia
465 2153 636 2205 saucti
681 2168 742 2205 ea
782 2167 902 2219 qua:
926 2153 1130 2206 orando
1154 2154 1397 2208 obtinent
1424 2155 1504 2207 sic
1531 2157 1734 2222 praede-

147 2243 353 2296 stinata
383 2252 511 2294 sunt
548 2250 608 2293 ut
648 2241 896 2309 precibus
938 2242 1245 2311 impetrent.
1292 2242 1426 2296 Hinc
1465 2253 1547 2295 est
1592 2244 1732 2313 quod

149 2349 249 2403 per
272 2333 425 2386 Isaac
463 2332 927 2401 ntultiplicamlum
965 2340 1082 2386 erat
1112 2347 1295 2387 semen
1328 2333 1598 2388 Abrahae:
1638 2335 1734 2390 sed

150 2426 255 2479 hoc
287 2425 460 2493 ipsum
490 2423 695 2476 oramlo
720 2423 974 2476 obtinuit.
1020 2421 1154 2477 Nam
1196 2431 1251 2477 et
1294 2424 1542 2478 omnibus
1573 2422 1736 2491 justis

149 2520 513 2584 praeparatum
560 2521 644 2566 est
692 2522 816 2567 ante
848 2511 1041 2567 saecula
1090 2526 1311 2582 regnum
1348 2512 1473 2577 Dei,
1523 2514 1617 2567 sed
1661 2514 1733 2568 ita

151 2612 209 2655 ut
232 2602 440 2658 orando
463 2611 519 2656 et
544 2601 839 2657 laberaudo
872 2602 940 2656 ad
976 2601 1104 2658 illud
1145 2617 1243 2658 suo
1279 2612 1516 2672 tempore
1542 2618 1732 2673 perve-

155 2692 331 2745 niant.
576 2709 580 2712 ‘

221 2781 378 2835 Vers.
413 2779 502 2834 22.
537 2779 949 2835 Collidebantur.
980 2781 1330 2854 Septuaginta
1363 2784 1586 2840 dicunt:
1623 2784 1734 2839 Lu-

150 2873 342 2925 debant
388 2880 437 2927 et
478 2871 842 2925 calcitrabant.
871 2902 941 2911 —
974 2872 1313 2944 Perrexitque
1358 2884 1411 2928 ut
1448 2875 1734 2931 consuleret

152 2965 459 3017 Dominum.
497 2964 769 3030 Quzeritur
796 2979 903 3032 quo
931 2967 1228 3033 porrexerit
1254 2967 1535 3022 consulere
1554 2968 1736 3024 Domi—

151 3056 304 3107 hum.
335 3051 572 3109 Necdum
604 3054 746 3108 enim
777 3053 1201 3121 tabernaculum,
1230 3058 1453 3112 necdum
1478 3057 1733 3130 templum

154 3145 246 3197 Dei
302 3143 628 3199 aediﬁcatum
680 3154 816 3199 erat.
869 3144 951 3199 An
1009 3146 1150 3200 forte
1196 3149 1434 3218 perrexit
1476 3149 1600 3204 illuc
1642 3151 1733 3206 ubi

1836 1976 2081 2030 homines
2110 1974 2291 2029 saeculi
2330 1981 2535 2043 quanto
2565 1972 2686 2043 plus
2732 1970 2917 2025 intima
2967 1985 3063 2025 sua
3110 1968 3412 2038 negligunt,

1834 2076 1984 2121 tanto
2030 2065 2201 2135 magis
2230 2065 2282 2119 in
2313 2064 2522 2120 cultura
2550 2070 2604 2118 et
2635 2062 2811 2117 studio
2855 2076 3032 2115 rerum
3072 2058 3415 2129 pnesentium

1834 2168 2188 2228 occupantur.
2218 2157 2381 2212 Jacob
2410 2173 2526 2210 vero
2554 2155 2772 2223 simplex
2797 2153 3063 2207 habitabat
3090 2154 3143 2205 in
3169 2152 3416 2204 taberna-

1834 2250 1986 2303 culis.
2016 2248 2150 2314 Quia
2181 2248 2548 2316 unusquisque
2577 2252 2795 2299 sanctus
2820 2252 2873 2295 et
2906 2243 3082 2295 minus
3109 2241 3162 2294 in
3190 2240 3417 2294 terrenis

1835 2348 2132 2408 occupatus
2157 2338 2296 2390 intra
2324 2337 2541 2389 domum
2583 2344 2783 2389 sanctas
2810 2332 3153 2387 conscientiae
3180 2330 3380 2384 habitat
3400 2370 3415 2394 ,

1837 2445 1935 2484 nec
1967 2444 2062 2498 per
2091 2428 2358 2483 exteriora
2390 2427 2679 2495 spargitur.
2714 2424 2872 2478 Juxta
2901 2424 3131 2477 litteram
3167 2437 3263 2491 pro
3294 2422 3418 2473 sim-

1835 2520 1957 2589 plici
1983 2519 2084 2572 alia
2110 2518 2389 2574 translatio
2414 2519 2577 2572 habet
2598 2518 2708 2571 sine
2727 2515 2868 2578 dolo,
2896 2515 3037 2583 quod
3062 2513 3249 2568 Graece
3272 2511 3417 2580 apta-

1835 2621 1955 2671 stes,
1992 2610 2041 2663 id
2076 2617 2162 2664 est
2187 2625 2290 2663 non
2314 2609 2465 2676 fictus
2492 2608 2710 2662 dicitur.
2741 2606 2844 2661 Sed
2867 2605 3133 2675 quomodo
3157 2603 3274 2659 sine
3295 2602 3418 2656 dolo

1835 2709 1953 2755 erat
1976 2700 2066 2768 qui
2098 2698 2316 2753 fratrem
2349 2714 2503 2752 suum
2533 2696 2654 2752 dolo
2681 2696 2933 2765 decepit?
2956 2694 3059 2749 Sed
3087 2695 3188 2749 hoc
3209 2693 3275 2747 ad
3306 2707 3419 2762 my-

1836 2791 2080 2853 sterium,
2110 2803 2214 2842 non
2245 2789 2310 2842 ad
2343 2787 2601 2841 malitiam
2632 2787 2749 2857 eius
2791 2785 3128 2840 referendum
3161 2790 3264 2849 est,
3291 2782 3417 2850 quia

1837 2880 2013 2933 omnia
2038 2878 2090 2931 in
2113 2877 2284 2947 ﬁgura
2312 2875 2673 2945 contingebant
2706 2873 2755 2945 (1
2788 2873 2910 2927 Cor.
2948 2890 2999 2937 χ,
3031 2872 3139 2942 Η).

1885 2969 2039 3026 Vers.
2054 2969 2142 3023 51.
2162 2966 2331 3022 Vende
2349 2968 2477 3021 mihi
2489 2968 2851 3037 primogenita.
2872 2963 3223 3034 Primogenita
3238 2962 3396 3017 dicun

1839 3071 1926 3115 tur
1946 3060 2124 3114 omnia
2148 3074 2267 3129 qua:
2297 3058 2508 3111 vulvam
2534 3057 2720 3112 matris
2742 3057 3156 3126 aperiunt,qn:e
3175 3051 3421 3124 speciali-

1837 3163 1921 3210 ter
1939 3153 2308 3225 primogenitis
2333 3152 2456 3205 liliis
2475 3150 2826 3205 debebantur.
2846 3146 3095 3204 Nonnulli
3112 3146 3293 3201 dicunt
3317 3144 3422 3212 pri-

149 3237 428 3291 Abtabam
457 3237 626 3291 altare
650 3236 874 3291 Domino
896 3238 1273 3304 aedificavcrat,
1299 3251 1411 3306 aut,
1437 3250 1493 3295 ut
1515 3242 1730 3311 quidam
1760 3259 1805 3322 ρ
1835 3248 2104 3316 mogenita
2128 3245 2304 3298 vocari
2328 3252 2527 3297 vestem
2569 3258 2674 3311 qua
2696 3240 3055 3296 induebantur
3074 3236 3417 3307 primogeniti

151 3337 376 3397 putant,
411 3329 583 3383 adlme
631 3327 1020 3383 Melchisedech
1071 3332 1327 3385 sacerdos
1358 3330 1450 3384 Dei
1494 3332 1737 3400 vivebat,

151 3419 401 3486 quamvis
441 3418 611 3487 possit
654 3419 799 3471 credi
845 3418 1007 3473 luisse
1051 3428 1177 3474 tunc
1223 3422 1479 3490 temporis
1509 3422 1740 3490 aliquem

153 3519 401 3561 sanctum
446 3508 621 3561 virum
671 3508 735 3561 ad
781 3524 937 3576 quem
990 3509 1378 3565 consulendum
1410 3508 1553 3566 soliti
1591 3521 1745 3567 erant

154 3613 377 3667 pergere
400 3598 425 3650 ?
461 3596 648 3651 Potest
676 3608 729 3651 et
755 3598 882 3652 illud
916 3599 1043 3663 dici,
1075 3601 1218 3668 quod
1250 3610 1427 3654 mente
1456 3612 1510 3655 et
1535 3603 1743 3672 cogita-

157 3686 301 3739 tione
331 3686 398 3739 ad
426 3686 593 3739 Deum
620 3686 938 3753 perrexerit,
966 3694 1020 3740 et
1044 3686 1287 3757 allegatis
1316 3690 1661 3759 petitionibus
1688 3690 1745 3745 in

154 3774 272 3826 loco
300 3773 606 3840 dormierit,
637 3775 814 3844 ibique
846 3789 942 3846 per
970 3776 1228 3833 visionem
1263 3794 1576 3849 responsum
1606 3782 1745 3838 divi-

156 3876 287 3914 num
318 3861 612 3931 acceperit.

228 3953 387 4007 Vers.
418 3952 510 4007 23.
543 3951 680 4006 Dua:
704 3962 876 4022 gentes
909 3954 960 4007 in
984 3965 1131 4009 utero
1159 3965 1246 4010 tuo
1274 3968 1414 4011 sunt.
1459 3955 1619 4012 Juxta
1654 3944 1745 4013 lit-4

159 4053 332 4097 teram
380 4043 517 4098 duas
562 4052 751 4114 gentes
792 4043 1145 4099 ldummorum
1179 4058 1231 4101 et
1259 4046 1564 4104 Judzeorum
1595 4050 1739 4105 dicit.

157 4135 315 4201 Quod
339 4149 469 4189 vero
491 4135 545 4188 iit
573 4134 922 4204 sequentibus
943 4136 1103 4190 dicit:
1130 4136 1310 4207 Major
1326 4140 1507 4194 serviet
1533 4141 1747 4208 minori,

158 4230 285 4284 illud
319 4237 548 4299 tempus,
584 4226 799 4297 quando
828 4227 967 4282 Esau
1003 4227 1174 4296 major
1200 4230 1554 4286 ldummorum
1580 4211 1749 4287 servi-

160 4321 235 4374 vit
264 4318 457 4381 Jacob,
494 4316 546 4371 id
575 4326 661 4370 est
683 4313 904 4371 Iudaeis.
935 4317 1100 4371 David
1122 4318 1265 4372 enim
1295 4334 1390 4373 eos
1435 4318 1748 4375 tributarios

159 4411 308 4476 fecit,
336 4417 392 4465 et
422 4409 500 4462 sic
526 4407 831 4462 servierunt
861 4407 960 4461 sub
990 4408 1189 4465 tributo
1217 4424 1495 4479 usquequo
1523 4411 1749 4466 rebella-

158 4509 385 4565 verunt,
409 4498 565 4568 juxta
596 4498 739 4568 quod
768 4498 819 4552 in
846 4498 983 4553 libro
1012 4499 1213 4569 Regum
1247 4500 1477 4572 legitur:
1522 4499 1747 4557 Recessit

1842 3347 1893 3392 et
1928 3336 2239 3403 sacerdotes
2282 3333 2499 3388 ﬁebant.
2533 3333 2682 3387 lianc
2713 3332 2877 3401 igitur
2905 3330 3220 3400 dignitatem
3259 3342 3419 3394 quam

1841 3428 1981 3483 Esau
2029 3426 2417 3496 primogenitus
2458 3425 2707 3493 accipere
2751 3422 2934 3477 debuit
2962 3420 3252 3488 cupiditate
3286 3417 3422 3487 gube

1842 3523 2127 3585 superatus
2157 3512 2352 3567 minori
2391 3512 2543 3566 fratri
2582 3526 2678 3565 suo
2707 3510 2964 3565 vendidit.
3009 3508 3212 3574 Quibus
3250 3506 3423 3559 modis

1843 3605 1973 3659 vitio
2009 3604 2144 3675 gul-.e
2180 3602 2491 3657 tentamur?
2522 3599 2808 3655 Sciendum
2837 3606 3015 3651 autem
3045 3596 3279 3666 quinque
3310 3611 3423 3649 mo-

1844 3694 1929 3749 dis
1961 3710 2059 3751 nos
2101 3693 2231 3747 vitio
2269 3691 2405 3763 gulae
2446 3691 2679 3745 tentari:
2720 3689 2924 3759 primo,
2974 3702 3095 3742 cum
3141 3685 3262 3755 quis
3301 3694 3425 3740 ante

1844 3784 2033 3839 horam
2064 3782 2376 3851 dispositam
2401 3779 2485 3834 vel
2511 3787 2636 3832 ante
2675 3778 3049 3832 necessitatem
3085 3775 3196 3828 vult
3219 3791 3422 3830 .comc-

1844 3878 1989 3931 dere.
2026 3873 2293 3939 Secundo,
2324 3887 2447 3927 cum
2476 3871 2733 3926 lautiores
2763 3869 2913 3925 cibos
2944 3866 3186 3935 requirit.
3219 3863 3423 3930 Tertio,

1847 3983 1971 4022 cum
2017 3964 2323 4021 accuratius
2374 3976 2690 4019 communes
2745 3958 2896 4014 cibos
2946 3956 3060 4011 vult
3112 3954 3421 4025 preparari.

1844 4054 2067 4123 Quarto,
2116 4069 2238 4108 cum
2285 4051 2614 4107 comedendo
2652 4049 2868 4103 modum
2915 4045 3146 4100 excedit.
3195 4042 3423 4111 Quinto,

1846 4160 1965 4199 cum
2009 4140 2334 4212 despicabile
2373 4148 2456 4193 est
2497 4137 2637 4208 quod
2682 4137 2932 4191 sumitur.
2982 4134 3086 4187 Sed
3140 4133 3264 4207 quia
3303 4147 3424 4186 cum

1846 4249 2042 4305 magno
2083 4230 2352 4287 desiderio
2397 4229 2448 4283 id
2487 4228 2629 4297 quod
2657 4226 2762 4281 vile
2808 4234 2892 4279 est
2930 4223 3192 4294 percipit,
3226 4222 3278 4276 in
3310 4223 3426 4291 ipso

1845 4330 1977 4376 testu
2032 4318 2285 4374 desiderii
2337 4317 2508 4387 magis
2563 4313 2817 4369 ostendit.
2870 4312 2983 4367 Hac
3027 4313 3206 4381 specie
3254 4312 3427 4364 victus

1847 4412 1987 4466 Esau
2018 4410 2287 4480 displicuit
2314 4417 2369 4462 et
2397 4408 2711 4475 reprobatus
2738 4413 2839 4458 est.
2867 4403 3002 4457 Hinc
3030 4403 3218 4456 beatus
3245 4401 3425 4468 Augu-

1849 4504 2018 4558 stinus
2044 4503 2214 4557 dicit:
2259 4522 2279 4551 ς
2314 4491 2590 4566 Νοιιηρὶκο
2628 4493 3019 4549 immunditiam
3060 4492 3303 4557 obsonii,
3334 4491 3426 4546 sed

161 4589 358 4658 Edam,
390 4607 454 4644 ne
484 4598 613 4644 esset
648 4590 743 4644 sub
769 4588 913 4643 Iuda
944 4590 992 4662 (l
1014 4589 1046 4641 γ
1076 4589 1203 4663 Reg.
1232 4607 1346 4656 vtu,
1381 4592 1493 4664 20).
1526 4592 1747 4665 Mystice
1777 4613 1825 4672 ι)
1852 4593 2243 4648 immunditiam
2296 4592 2457 4643 timeo
2505 4585 2831 4657 cupiditatis.
2878 4602 2897 4635 ι
2950 4574 3171 4655 Mystice
3218 4581 3382 4635 .Iudzei
3410 4621 3425 4645 ,

160 4683 213 4737 hi
246 4682 354 4743 duo
378 4680 575 4752 gemini
606 4681 739 4737 duos
764 4680 1071 4751 signiﬁcant
1115 4682 1337 4752 populos
1357 4725 1370 4747 ,
1409 4683 1548 4738 Esau
1574 4682 1744 4752 major

161 4781 292 4827 natu
321 4770 557 4837 Judzeos,
602 4768 768 4827 Jacob
814 4786 940 4825 vero
968 4774 1144 4827 minor
1173 4774 1426 4844 gentilem
1466 4776 1740 4846 populum.

160 4863 334 4934 Major
360 4878 490 4934 ergo
516 4864 681 4918 servit
710 4863 929 4928 minori,
956 4865 1077 4933 quia
1106 4862 1358 4921 Judaicus
1394 4868 1617 4938 populus
1660 4868 1744 4924 di-

162 4969 387 5024 spersus
421 4967 514 5022 per
543 4963 709 5007 totum
735 4953 920 5006 orbem
952 4955 1116 5007 servit
1140 4954 1408 5023 gentibus,
1440 4972 1542 5012 non
1573 4958 1743 5013 solum

162 5042 436 5114 corporali
460 5043 737 5107 servitute,
772 5053 958 5095 verum
983 5042 1143 5095 etiam
1174 5043 1299 5113 quia
1330 5043 1498 5116 legem
1526 5056 1579 5101 et
1616 5062 1744 5119 pro-

161 5139 361 5206 phetas
403 5132 468 5185 ad
511 5134 743 5202 gentium
789 5130 1048 5186 utilitates
1075 5142 1273 5188 servat.
1308 5133 1362 5187 ln
1392 5136 1545 5192 nobis
1582 5139 1744 5194 etiam

160 5228 297 5299 ipsis
329 5225 447 5278 haec
474 5224 583 5277 rixa
624 5226 862 5280 duorum
909 5224 1218 5293 populorum
1259 5226 1466 5296 agitur,
1499 5244 1617 5283 cum
1660 5229 1745 5282 lex

159 5315 349 5364 carnis
402 5327 642 5360 νοιιιισηηι
689 5315 797 5366 leui
854 5314 1063 5362 "mulis
1117 5331 1239 5371 cum
1285 5316 1414 5373 vitia
1460 5320 1748 5375 virtutibus

1387 5413 1399 5418 ’
1465 5414 1745 5477 “nuntur,

1850 4685 1939 4754 qui
1982 4699 2077 4754 per
2113 4683 2251 4738 Esau
2296 4679 2697 4752 significantur,
2725 4676 2907 4731 carnis
2931 4690 3041 4729 sure
3068 4672 3428 4737 voluptatibus

1849 4774 2015 4830 dediti
2040 4784 2097 4828 et
2125 4771 2351 4828 terrenis
2375 4769 2630 4839 operibus
2650 4766 2896 4837 occupati
2928 4780 3032 4821 non
3059 4763 3230 4820 solum
3258 4763 3429 4833 digni-

1851 4876 2015 4921 tatem
2046 4879 2207 4936 quam
2235 4863 2286 4918 id
2312 4861 2561 4932 przrsenti
2585 4859 2857 4915 habebant
2882 4857 3221 4919 dimiserunt,
3242 4870 3428 4909 verum

1851 4959 2013 5013 etiam
2043 4957 2186 5012 illam
2216 4952 2603 5010 beatitudinem
2649 4964 2769 5020 qua:
2809 4948 2888 5003 eis
2918 4945 3243 5016 repromissa
3280 4953 3426 5008 erat,

1850 5060 1906 5107 et
1932 5053 2109 5111 omnis
2134 5064 2319 5108 eorum
2352 5047 2584 5118 dignitas
2610 5047 2676 5101 ad
2703 5042 2953 5115 gentilem
2981 5039 3233 5113 populum
3258 5046 3433 5092 trans-

1853 5142 1957 5198 lata
1988 5155 2094 5200 est.

2417 5227 2643 5284 CAPUT
2678 5223 2863 5281 XXVI.

1926 5325 2080 5381 Vers.
2114 5324 2201 5380 10.
2245 5321 2419 5387 Quare
2458 5313 2881 5391 imposuistin
2921 5321 3024 5377 est,
3056 5324 3223 5381 quare
3269 5308 3434 5401 dece-

1855 5416 2017 5487 pisti?
2036 5417 2174 5472 Hinc
2202 5416 2501 5483 impostores
2528 5409 2781 5467 dicuntur

2133 5507 2190 5518 -Α
2265 5504 2301 5518 ﬂ
2524 5503 2544 5518 ﬁ
2594 5502 2644 5518 l'.
2710 5498 2800 5518 ._'_-
2832 5503 3006 5518 ---.ΙΑΑ-
3037 5508 3158 5518 ΑιιιΛ-
3193 5491 3437 5518 ,ΑΙΙΑ-ι-μι.
