4026 6416
547 388 649 446 103

1185 378 1444 436 REMIGII
1483 367 2143 434 ANTISSIooonEtvsts
2179 345 2329 418 ὀνιν.
2372 365 2570 419 psus.
2609 366 2746 416 1.-
2768 360 3178 417 exeamus.

3700 352 3810 412 ισι

546 503 656 573 qui,
701 515 825 557 cum
868 497 1103 554 venisset
1135 512 1231 568 per
1277 488 1670 548 lncarnationis
1699 474 2012 555 mysterium
2054 475 2121 530 ad
2151 474 2200 534 Α
2225 489 2346 528 eum
2376 489 2480 529 non
2505 474 2655 539 vidit,
2686 474 2952 545 signiﬁcat
2978 473 3101 573 quia
3288 468 3449 525 Pater
3466 466 3809 573 vocationem

549 599 842 647 torrentem
875 597 1074 645 nostrae
1120 585 1488 648 mortalitatis,
1520 581 1653 652 fodit
1698 585 1902 648 puteos,
1934 573 1989 626 id
2015 577 2119 633 est,

547 684 757 754 aperuit
779 681 1058 736 scientiam
1087 677 1510 748 Scripturarum,
1539 685 1668 742 quos
1701 665 1960 738 fodiebant
1981 660 2122 754 servi

546 751 710 844 patris
750 774 862 842 ejus
903 771 1200 832 Abraham,
1231 767 1438 822 scilicet
1481 762 1712 832 Moyses,
1743 755 1933 819 David,
1974 751 2126 807 Salo-

549 882 673 922 mon
704 875 760 920 et
787 864 963 934 magni
996 877 1127 917 voce
1168 860 1462 930 prophetae.
1504 853 1572 910 Hi
1608 851 1754 908 enim
1791 847 1929 904 servi
1955 845 2126 898 Abra-

550 959 696 1023 ham,
744 956 795 1009 id
834 963 938 1018 est,
967 950 1352 1022 omnipotentis
1377 947 1472 1001 Dei
1501 942 1913 1021 cujus'ﬁguram
1954 935 2127 989 Abra-

550 1053 676 1105 ham
723 1046 987 1120 gestabat.
1039 1045 1144 1118 Sed
1186 1044 1286 1098 hos
1314 1050 1492 1111 puteos
1541 1034 1808 1090 Palwstini
1846 1030 2128 1086 invidentes

551 1152 690 1195 terra
719 1140 1060 1209 repleverunt.
1089 1131 1365 1188 Pnlwstini
1391 1130 1604 1186 Judaeos
1627 1126 1908 1194 designant
1927 1121 2130 1175 alienos

550 1246 580 1286 a
611 1231 718 1285 Deo
744 1230 835 1299 qui
868 1227 1179 1297 Seripturas
1208 1227 1566 1294 perruperant
1597 1227 1810 1273 terreno
1836 1212 2130 1268 intellectu.

549 1318 684 1373 Nam
705 1318 974 1372 Palaestini
1011 1316 1170 1371 alieni
1199 1316 1638 1384 interpretantur.

620 1407 771 1463 Vers.
817 1410 914 1463 i9.
947 1406 1219 1461 Foderunt
1242 1405 1297 1458 in
1328 1413 1553 1457 torrente
1577 1409 1624 1453 et
1655 1412 1887 1468 reperere
1941 1411 2134 1465 aquam

549 1501 737 1556 vivam.
791 1498 947 1554 Servi
979 1497 1131 1553 Isaac
1152 1497 1202 1550 in
1247 1503 1470 1550 torrente
1508 1507 1698 1562 aquam
1732 1488 1898 1542 vivam
1932 1501 2136 1556 repere-

550 1599 691 1642 runt.
728 1587 829 1655 Qui
867 1596 994 1644 sunt
1031 1587 1164 1642 senti
1192 1585 1368 1650 Isaac,
1422 1582 1525 1637 nisi
1567 1579 1870 1642 Matthteus,
1902 1576 2134 1638 Marcus,

550 1679 749 1744 Lucas,
802 1686 858 1733 et
893 1662 1128 1733 Joannes
1173 1675 1462 1744 eteterique
1515 1669 1740 1742 apostoli
1790 1667 1882 1738 qui
1925 1682 2135 1737 aquam,

553 1767 606 1821 id
635 1776 733 1830 est,
775 1767 1140 1837 evangelicam
1169 1765 1467 1821 doctrinam
1499 1769 1795 1831 repererunt
1823 1767 1879 1813 et
1907 1757 2136 1812 creden-

2228 567 2465 637 gentium
2509 581 2606 635 per
2649 567 2940 636 prophetas
2983 563 3352 634 multipliciter
3386 563 3658 634 praedixit,
3714 563 3812 618 sed

2227 675 2319 714 cas
2343 659 2736 728 quodammodo
2779 675 2885 714 non
2920 659 3091 723 vidit;
3137 658 3240 713 hoc
3289 666 3394 723 est,
3421 672 3527 711 non
3557 657 3816 712 misertus

2229 768 2436 819 earum,
2477 752 2825 822 permisitque
2865 750 3066 821 ingredi
3096 751 3212 806 vlas
3248 759 3482 815 suas,.et
3509 763 3696 804 errare
3717 759 3818 820 per

2230 843 2466 913 quinque
2489 841 2669 898 saeculi
2692 851 2899 897 aetates.
2932 841 3084 908 Quod
3105 856 3233 896 vero
3257 841 3424 895 Jacob
3444 856 3549 896 non
3574 839 3640 894 de
3655 853 3820 895 vena-

2233 936 2394 1002 tione,
2419 936 2510 990 sed
2533 935 2598 990 de
2623 934 2932 990 domesticis
2958 933 3299 996 animalibus,
3332 933 3381 986 id
3412 941 3496 987 est
3527 931 3716 998 luedis,
3741 930 3819 985 ci-

2229 1028 2328 1083 bos
2350 1026 2490 1097 patri
2517 1027 2744 1097 paravit,
2768 1025 3015 1096 designat
3035 1025 3161 1095 quia
3184 1024 3411 1094 populus
3435 1023 3674 1095 gentium
3706 1037 3812 1076 non

2233 1118 2288 1173 in
2325 1117 2682 1174 exterioribus
2707 1133 2806 1173 nec
2831 1117 2885 1172 in
2915 1116 3094 1170 littera
3137 1115 3286 1182 legis-
3310 1115 3417 1169 Deo
3446 1114 3663 1182 placere
3700 1121 3816 1167 stu-

2235 1210 2372 1276 duit,
2432 1209 2526 1263 sed
2572 1209 2714 1264 inse
2760 1209 2877 1278 ipso
2920 1206 3250 1277 acceptabile
3295 1204 3669 1260 holocaustum
3721 1217 3819 1272 per

2236 1303 2395 1357 ﬁdem
2427 1309 2482 1356 et
2507 1301 2846 1356 dil;ctionem
2872 1299 3088 1364 obtulit,
3122 1298 3307 1352 dicens
3337 1311 3456 1350 cum
3486 1294 3774 1350 Psalmista
3802 1312 3815 1346 :

2237 1393 2302 1447 In
2344 1409 2424 1447 me
2449 1402 2592 1457 sunt,
2625 1392 2780 1458 Deus,
2811 1400 2928 1445 vota
2955 1399 3065 1454 tua,
3094 1405 3213 1459 qua:
3245 1387 3459 1442 reddam
3491 1385 3821 1439 laudationes

2238 1485 2330 1538 tibi
2359 1482 2541 1556 (Psal.
2574 1499 2660 1549 Lv,
2693 1482 2804 1552 l2).
2834 1513 2904 1522 -—
2928 1481 3105 1536 Vestes
3147 1479 3293 1534 Esau
3335 1478 3532 1549 quibus
3573 1476 3819 1531 Rebecca

2240 1578 2502 1631 minorem
2536 1575 2704 1629 tilium
2745 1573 2982 1638 vestivit,
3013 1581 3334 1628 ornamenta
3360 1568 3821 1642 suntdivinorum

2240 1678 2650 1739 praeceptorum,
2699 1665 2895 1735 quibus
2947 1665 3034 1718 ille
3088 1665 3238 1736 prior
3281 1663 3510 1734 populus
3549 1661 3823 1732 quondam

2243 1760 2626 1824 decorabatur;
2675 1759 2770 1813 sed
2813 1757 2903 1811 illo
2952 1771 3048 1826 per
3094 1755 3466 1811 inﬁdelitatem
3512 1752 3828 1822 reprobate,

553 1858 696 1912 tibus
745 1831 1121 1912 tradiderunt?
1185 1855 1290 1911 Sed
1345 1869 1561 1910 rursum
1616 1853 1891 1909 Paltestim'
1928 1853 2135 1922 jurgati
2162 1831 2424 1924 Bgentes
2471 1851 2525 1904 in
2569 1849 2844 1906 Christum
2889 1850 3170 1904 credentes
3213 1846 3538 1920 vestiuntur,
3599 1844 3831 1899 Domino

551 1959 718 2003 sunt:
760 1949 887 2018 quia
918 1947 1088 2003 Judaei
1131 1947 1452 2016 evangelicae
1497 1944 1755 2000 doctrinae
1799 1944 2133 2008 restiterunt,

552 2056 652 2096 nec
700 2057 837 2095 nova
895 2041 1052 2096 condi
1094 2039 1484 2111 permittentes,
1534 2051 1634 2091 nec
1677 2044 1862 2092 vetera
1917 2035 2136 2106 purgari

549 2131 809 2186 volentes.

621 2223 777 2278 Vcrs.
817 2223 906 2277 22.
954 2221 1221 2277 Foderunt
1269 2221 1432 2274 alium
1474 2229 1687 2291 puteum
1741 2235 1834 2289 pro
1880 2233 1982 2288 quo
2036 2232 2139 2271 non

553 2317 950 2369 contenderunt.
985 2312 1092 2367 Pro
1125 2313 1283 2367 tertio
1308 2322 1462 2382 puteo
1487 2309 1600 2380 jam
1631 2311 1755 2364 victi
1786 2325 1888 2363 non
1930 2317 2143 2363 conten-

553 2407 761 2470 derunt,
791 2406 941 2476 quia,
982 2414 1263 2476 postquam
1315 2404 1446 2459 ﬁdes
1493 2403 1774 2458 Trinitatis
1818 2410 2018 2457 sancta:
2046 2416 2143 2472 per

555 2497 812 2551 mundum
858 2496 1142 2566 praedicari
1170 2496 1353 2564 etepit,
1393 2494 1649 2565 patientia
1677 2503 1986 2549 sanctorum
2018 2490 2141 2545 victi

556 2590 854 2644 adversarii
883 2599 1232 2644 cessaverunt
1281 2586 1437 2641 Unde
1473 2587 1610 2640 bene
1640 2593 1801 2654 puteo
1827 2597 2019 2640 nomen
2042 2582 2142 2637 im-

559 2679 790 2749 positum
826 2688 909 2734 est
941 2679 1016 2742 ei,
1059 2679 1300 2732 latitudo.
1353 2676 1618 2731 Dilatatus
1657 2683 1742 2731 est
1783 2676 1927 2730 enim
1978 2688 2143 2728 verus

559 2770 730 2834 lsaac,
774 2770 826 2825 id
856 2780 938 2824 est
979 2770 1228 2825 Christus
1271 2768 1376 2824 ﬁde
1421 2768 1664 2826 omnium
1701 2766 2051 2828 credentium,
2089 2772 2147 2818 et

563 2870 719 2916 notus
767 2862 981 2930 quidem
1029 2870 1187 2916 antea
1239 2869 1446 2914 tantum
1485 2860 1538 2914 in
1573 2858 1754 2914 Iudaea
1801 2858 1942 2913 Deus
1985 2855 2146 2911 modo

558 2966 688 3005 vero
718 2950 947 3006 dicitur:
979 2949 1044 3004 In
1071 2966 1276 3004 omnem
1304 2960 1498 3004 terram
1527 2948 1680 3002 exivit
1707 2963 1866 3002 sonus
1891 2962 2070 3000 eorum
2096 2955 2144 2999 et

561 3043 616 3093 in
647 3041 776 3109 fines
802 3042 940 3094 orbis
967 3051 1118 3094 terra:
1141 3040 1290 3094 verba
1315 3055 1495 3093 eorum
1519 3036 1692 3110 (Psal.
1727 3051 1879 3102 xvltl,
1903 3035 1982 3105 5).

633 3133 905 3188 Moraliter
934 3143 1112 3202 puteos
1154 3132 1404 3201 fodimus,
1441 3129 1656 3199 quando
1686 3128 1878 3183 divinae
1908 3125 2145 3182 scientiae

563 3225 672 3280 alta
734 3225 970 3294 sapimus
1014 3223 1096 3277 vel
1140 3231 1505 3292 penetramus.
1557 3219 1704 3287 Quos
1747 3227 1925 3273 tamen
1962 3226 2151 3287 puteos

564 3316 814 3388 allophyli
859 3324 1002 3370 terra
1057 3315 1446 3384 repleverunt:
1495 3313 1622 3382 quia
1681 3312 1838 3366 nobis
1885 3309 2150 3381 profunda

567 3403 968 3474 Scripturarum
1004 3403 1451 3473 investigantibus
1496 3417 1636 3472 saepe
1677 3402 1948 3456 dmmones
1976 3408 2150 3456 terre-

566 3511 665 3550 nas
692 3495 1044 3566 cogitationes
1082 3501 1364 3565 aggerum,
1388 3501 1501 3547 uta
1541 3491 1696 3547 nobis
1724 3507 1919 3562 aquam
1959 3490 2155 3546 divina:

567 3586 806 3638 scientia:
833 3584 1039 3638 tollant.

639 3674 792 3729 Vers.
824 3675 912 3728 26.
955 3675 1248 3727 Abimeleclt
1287 3683 1334 3727 et
1372 3672 1602 3727 Ochosa.
1652 3672 1752 3727 Hic
1791 3671 2002 3726 Ocltoza
2030 3686 2158 3741 pro-

570 3768 744 3822 nubus
766 3775 882 3820 erat
901 3766 1234 3822 Abimelech.
1253 3765 1603 3836 Septuaginta
1632 3779 1730 3834 pro
1751 3763 1968 3820 Ochoza
1999 3763 2156 3817 colle-

569 3857 711 3928 gium
739 3865 964 3928 ponunt,
992 3865 1050 3910 ut
1089 3872 1192 3911 non
1223 3857 1292 3910 sit
1318 3871 1513 3910 nomen
1554 3855 1808 3920 hominis,
1841 3856 1937 3910 sed
1977 3852 2163 3908 multi-‘

571 3945 808 3999 tudinem
856 3945 1150 3999 amicorum
1210 3945 1475 4016 designet,
1529 3961 1560 4000 e
1611 3945 1807 4016 quibus
1851 3959 1990 4000 unus
2038 3950 2156 3999 erat

572 4033 780 4103 Phicol,
806 4036 912 4090 dux
940 4038 1190 4092 militum.

640 4131 796 4186 Vers.
847 4132 937 4186 '55.
983 4130 1258 4186 Bersabee.
1301 4130 1417 4186 Non
1469 4132 1610 4187 sicut
1649 4132 1917 4202 superius,
1970 4142 2156 4203 puteus

568 4223 838 4293 septimus,
875 4223 958 4277 vel
987 4233 1172 4293 puteus
1214 4224 1526 4294 jurantenti,
1559 4223 1652 4278 sed
1679 4234 1861 4293 puteus
1905 4225 2159 4278 sanctita-

569 4316 656 4368 tis.
691 4313 823 4369 Nam
851 4315 931 4368 sin
955 4314 1130 4368 littera
1162 4315 1212 4368 in
1243 4313 1449 4368 sameclt
1473 4328 1627 4369 versa
1654 4321 1754 4368 est.

1125 4461 1351 4518 CAPUT
1390 4462 1602 4518 XXVII.

642 4595 798 4648 Vers.
845 4595 896 4648 1.
939 4594 1172 4666 Cumque
1213 4597 1460 4650 seuuisset
1498 4595 1676 4661 Isaac,
1713 4606 1760 4650 et
1800 4596 2153 4667 caligaverunt

573 4684 708 4739 oculi
735 4685 871 4753 ejus,
893 4693 997 4739 etc.
1024 4685 1267 4741 Diximus
1296 4687 1544 4756 superius
1580 4686 1729 4744 Isaac
1757 4697 1941 4759 typum
1973 4699 2156 4746 tenere

574 4775 668 4829 Dei
709 4775 1094 4845 omnipotentis
1121 4775 1323 4842 Patris,
1370 4777 1513 4833 Esau
1557 4794 1688 4834 vero
1740 4780 2155 4851 primogenitum

575 4871 804 4942 ﬁguram
837 4872 1039 4929 habere
1066 4872 1274 4930 Iudaici
1302 4876 1503 4947 populi,
1532 4878 1596 4932 de
1638 4894 1745 4948 quo
1781 4878 1893 4949 ipse
1923 4882 1990 4936 ad
2013 4881 2154 4936 Pha-

577 4981 832 5020 raonem:
879 4965 1021 5036 filius
1051 4968 1427 5037 primogenitus
1464 4987 1608 5026 meus
1637 4972 1809 5027 Israel
1836 4972 2050 5045 (Exod.
2084 4993 2154 5040 IV,

574 5054 689 5127 22).
733 5055 1015 5111 Desiderat
1041 5057 1189 5112 Isaac
1218 5059 1352 5115 cibis
1375 5059 1467 5116 ﬁlii
1493 5062 1574 5117 sui
1612 5063 1778 5128 vesci,
1810 5072 1863 5118 et
1888 5065 2030 5122 Deus
2056 5065 2160 5121 Pa-

579 5153 664 5199 ter
700 5146 1044 5202 desiderabat
1083 5149 1240 5205 bonis
1289 5151 1539 5220 operibus
1583 5152 1726 5209 illius
1774 5154 1954 5226 populi
1993 5158 2161 5227 pasci.

582 5236 708 5301 Sed,
740 5238 830 5293 illo
869 5239 1194 5310 negligente,
1223 5250 1278 5295 et
1308 5244 1743 5302 in‘exterioribus
1768 5259 1793 5287 ι
1815 5250 1967 5318 quasi
1994 5249 2046 5304 in
2074 5266 2167 5304 ve-

583 5329 797 5384 natione
825 5341 1113 5400 occupato,
1145 5332 1415 5400 Rebecca,
1442 5337 1492 5391 id
1533 5347 1617 5394 est
1645 5351 1813 5396 mater
1835 5344 2028 5412 gratia,
2059 5345 2163 5399 mi-

581 5435 767 5474 norem
794 5422 979 5488 ﬁlium,
1015 5424 1064 5480 id
1086 5435 1169 5482 est
1194 5429 1446 5498 gentilcm
1469 5431 1745 5502 populum,
1777 5436 2076 5505 supposuit,
2115 5447 2168 5494 et

582 5511 778 5580 prioris
819 5514 992 5571 locum
1040 5535 1102 5574 ac
1131 5521 1448 5590 dignitatem
1479 5525 1776 5595 praeripuit.
1811 5526 1962 5594 Quod
1988 5537 2167 5584 autem

581 5601 734 5657 Isaac
756 5604 995 5673 caligans
1037 5609 1208 5665 oculis
1240 5609 1404 5667 Jacoh
1437 5613 1544 5668 ﬁlio
1573 5615 1752 5672 futura
1783 5619 2048 5689 prmdixit,
2075 5621 2168 5678 sed

657 5815 681 5841 ι
723 5801 956 5875 Uterque
983 5821 1125 5878 coa.,
1151 5825 1214 5865 ex
1236 5813 1570 5869 interioribus

2239 1945 2482 1999 dicente:
2531 1942 2812 2011 Auferetur
2849 1959 2881 1994 a
2910 1940 3054 1995 vobis
3095 1955 3312 2009 regnum
3363 1937 3480 2004 Dei,
3525 1945 3572 1989 et
3613 1934 3832 1988 dabitur

2237 2032 2378 2103 genti
2425 2031 2638 2101 facienti
2675 2031 2880 2100 fructus
2907 2030 3022 2100 ejus
3067 2029 3293 2101 (Matth.
3337 2044 3452 2091 XXI,
3501 2026 3622 2096 45).
3673 2024 3829 2091 Quod

2243 2139 2368 2179 vero
2396 2124 2625 2193 pellibus
2644 2124 2920 2178 turdorum
2949 2137 3137 2175 manus
3175 2130 3222 2174 et
3251 2118 3374 2173 colli
3397 2118 3539 2171 nuda
3564 2116 3829 2187 protexit,

2241 2216 2488 2287 designat
2537 2215 2660 2285 quia
2712 2223 2899 2285 gentes
2952 2213 3020 2266 ad
3065 2211 3225 2266 ﬁdem
3277 2208 3555 2264 venientes
3607 2212 3875 2278 peccata

2241 2323 2465 2377 operum
2495 2306 2742 2362 conﬁteri
2785 2320 2892 2360 non
2926 2303 3271 2358 erubescunt.
3301 2299 3496 2354 llzedus
3532 2298 3675 2352 enim
3706 2312 3834 2366 pec-

2243 2409 2483 2454 catorem
2529 2399 2801 2468 designat,
2839 2395 3066 2450 Domino
3097 2395 3308 2449 dicente
3339 2409 3351 2446 :
3398 2391 3607 2447 Statuet
3651 2404 3771 2444 aves
3801 2404 3835 2440 a

2243 2489 2464 2553 dextris,
2507 2488 2686 2542 Ittedos
2712 2495 2911 2542 autem
2951 2503 2984 2539 a
3023 2484 3248 2539 sinistris
3275 2481 3501 2554 (Matth.
3543 2495 3670 2540 xxv,
3705 2477 3832 2550 '53).

2244 2577 2398 2645 Quod
2427 2578 2591 2633 dicit:
2632 2575 2884 2630 Voluntas
2907 2574 3004 2629 Dei
3029 2574 3130 2644 fuit
3152 2583 3208 2627 ut
3238 2575 3340 2627 cito
3365 2573 3493 2626 mihi
3515 2579 3834 2634 occurreret,

2244 2670 2385 2741 quod
2413 2669 2662 2735 volebam,
2707 2668 2870 2723 citam
2901 2666 3084 2721 mundi
3129 2665 3537 2720 conversionem
3567 2663 3831 2733 designat.

2247 2761 2392 2817 Pene
2412 2762 2555 2817 enim
2582 2761 2742 2816 modo
2769 2759 3068 2815 incredibili
3107 2759 3249 2814 intra
3285 2757 3669 2813 brevissimum
3700 2765 3838 2810 tem—

2246 2857 2395 2926 poris
2430 2855 2662 2926 spatium
2705 2853 2838 2911 ﬁdes
2866 2853 3066 2909 Christi
3113 2869 3210 2923 per
3237 2853 3545 2908 universum
3575 2849 3836 2905 mundum

2248 2947 2496 3001 nuntiata
2517 2955 2620 3002 est.

2323 3038 2475 3093 Vers.
2511 3037 2600 3092 27.
2641 3037 2889 3103 Accessit,
2921 3048 2968 3091 et
3018 3038 3286 3092 osculatus
3313 3047 3389 3092 est
3419 3055 3556 3093 eum.
3584 3035 3838 3092 Osculum

2252 3123 2442 3205 patris,
2470 3147 2576 3202 quo
2596 3131 2763 3188 Jacob
2788 3132 3066 3188 osculatus
3094 3142 3197 3198 est,
3226 3132 3721 3188 reconciliationem
3762 3131 3840 3187 si-

2252 3225 2472 3298 gniﬁcat
2513 3225 2718 3289 mundi,
2749 3241 2913 3296 quam
2952 3224 3298 3281 desiderabat
3323 3224 3566 3281 Ecclesia
3617 3225 3840 3296 loquens

2253 3319 2306 3372 in
2329 3317 2569 3375 Canticis
2592 3320 2947 3384 canticorum,
2977 3319 3161 3376 dicens
3198 3338 3210 3373 :
3258 3320 3534 3375 Osculetur
3569 3337 3648 3374 me
3675 3321 3842 3375 osculi

2253 3414 2358 3468 oris
2405 3415 2482 3468 tui
2509 3412 2686 3484 (Cant.
2715 3430 2755 3480 ι,
2785 3414 2862 3486 1).
2891 3444 2961 3453 -
2991 3413 3126 3468 Ecce
3154 3413 3285 3468 ador
3305 3413 3404 3482 ﬁlii
3429 3415 3530 3468 mei
3556 3415 3690 3485 sicut
3714 3412 3845 3468 odor

2253 3506 2366 3576 agri
2395 3505 2554 3576 pleni.
2591 3504 2740 3560 Odor
2762 3505 3180 3561 vestimentorum
3219 3515 3301 3561 est
3339 3505 3635 3577 fragrantia
3674 3507 3846 3560 virtu-

2255 3607 2388 3652 tum.
2425 3598 2569 3654 Bene
2612 3607 2791 3654 autem
2822 3614 2948 3669 agro
2989 3598 3139 3669 pleno
3188 3599 3321 3653 odor
3355 3599 3442 3652 ille
3473 3606 3842 3668 comparatur,

2254 3689 2380 3758 quia
2433 3697 2746 3744 sanctorum
2820 3690 3111 3745 virtutibus
3171 3691 3402 3745 mundus
3452 3687 3686 3760 repletus
3740 3698 3843 3744 est.

2255 3777 2408 3833 Unde
2433 3788 2488 3833 et
2526 3778 2725 3833 Paulus
2767 3779 3017 3834 dicebat:
3064 3778 3259 3834 Christi
3303 3779 3466 3833 bonus
3495 3779 3625 3833 odor
3664 3795 3846 3833 sumus

2259 3869 2366 3924 Deo
2394 3871 2449 3925 in
2479 3871 2622 3924 omni
2651 3871 2764 3925 loco
2791 3870 2876 3942 (II
2901 3869 3022 3925 Cor.
3069 3886 3129 3936 ιι,
3164 3871 3274 3940 15).
3311 3873 3455 3940 Ager
3479 3871 3621 3924 enim
3657 3869 3848 3939 plenus

2257 3970 2341 4015 εει
2367 3962 2600 4016 mundus
2642 3971 2955 4017 sanctorum
2998 3961 3156 4016 bonis
3189 3961 3444 4031 Operibus
3485 3954 3736 4015 refertus.
3768 3957 3849 4014 lbi

2260 4054 2502 4109 redolent
2528 4069 2664 4109 rosa:
2687 4063 3006 4125 martyrum,
3033 4052 3276 4124 fragrant
3298 4049 3406 4106 lilia
3440 4052 3725 4112 virtutum.
3755 4058 3845 4108 re-

2260 4145 2467 4214 spirant
2489 4143 2641 4198 violae
2656 4145 3068 4208 continentium,
3093 4143 3184 4198 ubi
3211 4144 3374 4197 etiam
3401 4139 3654 4197 ﬂorentes
3677 4133 3848 4198 vineae

2261 4237 2625 4307 apostolorum
2689 4236 2846 4302 longe
2896 4237 3112 4305 lateque
3169 4252 3325 4292 suum
3379 4236 3598 4291 odorem
3658 4237 3846 4306 pr0pi-

2259 4338 2410 4384 nant.

2329 4418 2484 4475 Vcrs.
2525 4409 2612 4476 28.
2655 4410 2751 4474 Det
2792 4411 2882 4474 tibi
2924 4419 3062 4474 Deus
3109 4419 3172 4474 de
3205 4436 3319 4474 rore
3349 4418 3482 4474 caeli.
3514 4417 3618 4473 Ras
3656 4418 3851 4475 leniter

2179 4536 2236 4597 Β
2261 4513 2403 4568 cadit
2431 4521 2485 4568 et
2507 4529 2672 4584 prope
2701 4513 2818 4568 sine
2847 4528 3030 4579 sensu,
3063 4513 3288 4582 ideoque
3321 4512 3571 4569 subtilem
3600 4513 3849 4584 designat

2263 4605 2792 4676 contemplationem.
2818 4603 3095 4674 Pinguedo
3121 4619 3250 4659 vero
3281 4615 3438 4659 terra:
3467 4606 3607 4660 bona
3637 4606 3848 4675 signitio

2264 4707 2353 4752 cat
2393 4711 2578 4766 opera.
2617 4695 2959 4751 Benedicitur
2989 4711 3118 4766 ergo
3155 4688 3340 4761 Jacob,
3379 4695 3483 4751 hoc
3521 4705 3606 4751 est
3631 4695 3852 4766 gentilis

2265 4787 2512 4860 populus,
2537 4799 2596 4842 ut
2622 4787 2826 4843 caelesti
2856 4780 3308 4857 contemplatione
3335 4797 3390 4842 et
3413 4778 3567 4843 bonis
3593 4789 3854 4859 operibus

2265 4881 2435 4951 possit
2463 4881 2756 4934 abundare.
2793 4879 3182 4934 Abundantium
3213 4879 3484 4950 frumenti.
3505 4872 3621 4941 cini
3645 4891 3694 4933 et
3727 4881 3849 4934 olei.

2268 4972 2322 5028 ln
2348 4969 2616 5028 frumento
2637 4981 2693 5026 et
2715 4965 2842 5026 vino
2875 4972 3116 5026 charitas
3142 4981 3196 5026 et
3225 4971 3406 5026 fervor
3440 4987 3592 5028 novre
3621 4987 3853 5028 conver-

2268 5068 2522 5133 sationis;
2555 5067 2605 5121 in
2632 5057 2750 5122 oleo
2780 5081 2908 5121 vero
2939 5057 3321 5120 misericordia:
3361 5079 3525 5134 opera
3566 5051 3856 5135 designan-

2272 5169 2378 5215 tur.
2407 5155 2634 5214 Possunt
2658 5159 2824 5212 etiam
2849 5156 2900 5210 in
2925 5146 3194 5211 frumento
3219 5163 3274 5209 et
3299 5154 3424 5208 vino
3448 5153 3706 5224 mysteria
3733 5168 3860 5207 cor-

2271 5251 2419 5324 poris
2450 5257 2505 5305 et
2533 5249 2810 5318 sanguinis
2836 5246 3038 5304 Christi
3071 5246 3276 5316 accipi;
3311 5245 3364 5299 in
3395 5245 3514 5299 oleo
3547 5244 3856 5299 misericor-

2271 5345 2361 5400 dia
2397 5345 2512 5411 Dei,
2563 5360 2668 5414 qua
2709 5358 2878 5414 genus
2921 5341 3214 5396 humanum
3268 5340 3530 5396 salvatum
3579 5346 3661 5392 est
3697 5337 3854 5406 juxta

2271 5435 2416 5507 quod
2440 5450 2538 5505 per
2559 5434 2872 5504 prophetam
2900 5434 3097 5488 dictum
3119 5440 3203 5487 est
3225 5450 3236 5485 :
3263 5430 3643 5502 Computrescet
3662 5429 3853 5498 jugum

2271 5547 2303 5582 a
2344 5528 2479 5598 facie
2527 5525 2628 5580 olei
2673 5525 2814 5594 (Isn.
2841 5541 2894 5587 ι.
2936 5524 3051 5596 27),
3100 5525 3151 5579 id
3200 5531 3303 5590 est,
3325 5522 3511 5594 jugum
3551 5520 3754 5601 peccati
3787 5534 3854 5575 ex

2271 5620 2557 5691 praesentia
2589 5616 2970 5675 misericordia:
2999 5617 3118 5672 Dei.
