4026 6446
245 423 357 485 103

1373 414 1921 478 COMMENTARIUS
1962 413 2027 469 IN
2064 411 2387 471 GENESIM.

3396 405 3503 464 106

322 540 479 596 Vers.
515 537 607 596 29.
648 537 779 595 Esto
818 538 1058 594 dominus
1091 537 1312 608 fratrum
1350 547 1581 590 tuorum.
1615 533 1833 588 Fratres
1863 534 1911 592 Α
1938 528 2087 599 gelus
2113 537 2251 594 erat,
2290 528 2381 599 qui
2423 525 2748 581 ascendelat
2778 540 2899 580 cum
2933 525 3135 581 diceret
3167 543 3178 578 :
3217 524 3327 581 Nos
3368 540 3505 594 pra:-

241 630 335 689 νει
392 630 531 686 ﬁlios
578 632 770 686 matris
806 630 1087 686 hzereticos
1134 628 1285 692 dicit,
1325 626 1409 681 vel
1451 625 1683 690 Iudaeos,
1737 622 1828 693 qui

243 718 449 776 fratres
496 729 623 777 sunt
663 736 760 793 per
794 721 1187 775 invocationem
1234 718 1469 773 nominis
1506 716 1731 780 Christi,
1775 722 1831 769 et

245 828 347 883 per
389 798 605 878 eadem,»
633 827 753 882 qua:
780 812 1057 867 nobiscum
1105 812 1324 876 habent,
1358 817 1715 865 sacramenta.
1757 808 1831 862 De

244 902 334 958 bis
377 904 430 958 in
480 903 718 959 Canticis
746 904 1078 958 canticorum
1122 901 1358 972 loquitur
1394 900 1632 955 Ecclesia
1658 917 1671 953 :
1702 896 1830 952 Filii

245 998 437 1051 matris
466 1014 594 1051 mea,
613 1007 971 1068 pugnaverunt
1002 1006 1182 1051 contra
1207 1013 1287 1051 me
1313 996 1500 1066 (Cant.
1534 993 1597 1065 1.)

318 1086 477 1145 Vers.
524 1086 612 1141 50.
652 1087 876 1157 Egresso
906 1086 1068 1141 Iacob
1110 1087 1243 1141 venit
1291 1085 1457 1140 Esau.
1511 1084 1665 1152 Quod
1700 1098 1832 1140 vero

244 1175 388 1231 Esau
414 1178 483 1230 ad
516 1186 725 1246 patrem
759 1178 1065 1242 revertitur,
1095 1177 1273 1248 populi
1303 1177 1497 1247 prioris
1519 1177 1572 1230 in
1596 1177 1699 1231 (inc
1728 1191 1831 1231 sa:-

242 1267 351 1321 culi
386 1269 794 1324 conversionem
833 1269 1095 1341 designat,
1126 1270 1191 1324 de
1231 1283 1335 1338 qua
1363 1267 1646 1322 Psalmista
1676 1268 1830 1322 dixe-

244 1365 331 1411 rat
356 1374 371 1410 :
404 1356 781 1413 Convertentur
806 1360 875 1412 ad
896 1375 1177 1430 uesperam,
1205 1361 1251 1413 e't
1278 1358 1469 1427 famem
1492 1359 1757 1430 patientur
1777 1367 1832 1411 ut

243 1462 401 1499 canes
426 1445 608 1516 (Psal.
636 1464 787 1512 Lvm,
821 1446 929 1518 15)-
959 1447 1024 1501 Et
1058 1447 1354 1517 prepheta:
1389 1447 1712 1518 Aperuerunt
1739 1462 1831 1500 ora

241 1552 364 1600 sua,
386 1539 519 1589 sicut
539 1554 737 1606 pauper
756 1537 1024 1591 comedens
1047 1537 1101 1590 in
1131 1536 1453 1591 abscondito.

316 1626 475 1681 Vers.
526 1627 615 1681 59.
657 1626 724 1680 In
759 1626 1073 1696 pinguedine
1127 1634 1380 1681 terrte'et
1428 1627 1484 1680 in
1533 1642 1651 1680 rore
1694 1624 1829 1680 cteli.

243 1712 399 1768 Licet
429 1716 609 1770 omnis
636 1715 936 1771 benedictio
963 1715 1029 1769 ad
1064 1714 1232 1772 Iacob
1257 1716 1490 1781 venerit,
1520 1731 1626 1771 non
1652 1725 1832 1770 tamen

244 1820 454 1863 vacuus
479 1807 769 1863 dimittitur
796 1808 956 1863 Esau.
986 1807 1331 1863 Benedicitur
1363 1808 1507 1863 enim
1538 1809 1591 1862 in
1618 1808 1832 1878 pingue-

1932 619 2169 673 dicamus
2223 618 2487 673 Christum
2538 618 2631 672 Dei
2678 619 2915 672 uirtutem
2960 628 3007 671 et
3060 617 3152 671 Dei
3195 616 3505 685 sapientiam

1932 707 1980 776 (Ι
2006 707 2128 763 Cor.
2162 725 2198 771 ι,
2221 708 2331 778 24).
2367 707 2754 771 Descendebat,
2784 722 2905 761 cum
2927 707 3129 761 diceret
3157 723 3171 759 :
3201 703 3348 758 Nihil
3375 704 3506 758 scire

1931 817 2012 855 me
2055 802 2288 871 judicaui
2342 802 2442 856 nisi
2498 801 2679 854 Iesum
2726 799 3011 865 Christum,
3055 810 3102 853 et
3146 799 3283 852 hunc
3337 797 3508 852 cruci-

1930 890 2095 965 ﬁxum
2140 891 2190 962 (I
2220 890 2345 946 Cor.
2385 908 2444 957 ll,
2475 891 2551 961 2).
2592 891 2886 955 Moraliter,
2934 892 2986 946 in
3032 892 3224 945 itinere
3271 890 3509 945 dormire

1931 990 2013 1035 est
2045 982 2097 1036 in
2137 983 2223 1036 via
2252 981 2411 1053 lmjus
2438 982 2615 1036 smculi
2650 983 2717 1037 ab
2749 982 3132 1052 impedimento
3169 980 3508 1035 surcularium

1933 1084 2116 1126 rerum
2148 1072 2233 1127 vel
2257 1074 2528 1128 actiOuum
2554 1073 2852 1143 quiescere.
2878 1071 3044 1128 Iacob
3067 1088 3195 1128 vero
3235 1073 3512 1127 dormiens

1933 1161 2151 1231 angelos
2212 1164 2396 1218 vidit:
2444 1163 2569 1233 quia
2627 1163 2702 1217 illi
2758 1163 2938 1217 divina
2994 1163 3373 1233 conspiciunt,
3418 1162 3511 1231 qui

1931 1253 2001 1307 ab
2047 1255 2287 1323 appetitu
2342 1270 2522 1309 rerum
2578 1254 2951 1324 temporalium
2995 1255 3180 1310 oculos
3229 1254 3510 1310 claudunt.

1932 1341 2041 1397 Hos
2062 1344 2249 1399 oculos
2274 1346 2410 1400 bene
2437 1345 2649 1400 clausos
2671 1344 2913 1400 diabolus
2940 1346 3147 1415 aperuit
3174 1361 3298 1399 cum
3327 1344 3465 1399 dixit
3494 1361 3509 1398 :

1933 1436 2000 1490 In
2028 1455 2331 1508 quacunque
2360 1441 2444 1493 die
2471 1438 2817 1503 comedeﬁtis,
2849 1440 3145 1507 aperientur
3169 1438 3305 1492 oculi
3336 1439 3510 1501 uestri,

1932 1537 1978 1580 et
2018 1528 2161 1581 eritis
2200 1530 2332 1582 sicut
2375 1529 2450 1581 dii
2495 1527 2647 1598 (Gen.
2683 1528 2879 1599 m,'5).

2004 1619 2156 1675 Vers.
2188 1621 2277 1676 I4.
2324 1620 2637 1675 Dilataberis
2668 1621 2737 1675 ad
2781 1622 3029 1675 orientem
3076 1630 3124 1675 et
3173 1621 3514 1675 occidentem.

1931 1710 2083 1781 Quod
2116 1712 2281 1769 Iacob
2326 1722 2474 1768 terra
2513 1712 2867 1783 promittitur,
2907 1713 3172 1783 signiﬁcat
3221 1712 3518 1781 possessio-

1933 1819 2054 1859 nem
2100 1805 2352 1860 Ecclesite
2393 1806 2611 1859 Christo
2653 1804 2995 1874 promissam.
3046 1804 3150 1858 I’er
3197 1804 3516 1858 occidentem

242 1897 371 1951 dine
397 1907 574 1966 terrte,
597 1893 796 1982 hpcest
820 1900 871 1953 in
897 1915 1074 1954 rerum
1092 1900 1333 1954 omnium
1355 1900 1507 1970 copia
1526 1916 1540 1966 ;
1559 1910 1615 1954 et
1638 1900 1690 1953 in
1714 1915 1828 1953 rore
1862 1882 1905 1942 Β
1934 1896 2241 1952 interiectio
2278 1896 2571 1965 justorum,
2609 1910 2705 1966 per
2752 1896 3000 1949 orientem
3040 1895 3322 1950 exordium
3364 1896 3517 1949 bona:

235 1990 363 2044 creti
394 1991 635 2062 desuper,
660 1992 763 2047 hoc
790 2002 874 2048 est
900 1991 952 2045 in
982 1991 1206 2047 scientia
1232 1991 1658 2063 Scripturarum,
1707 1990 1834 2062 quia

237 2079 353 2133 hoc
366 2080 539 2135 adhuc
557 2079 645 2135 illc
664 2080 908 2151 populus,
933 2080 1057 2136 licet
1072 2080 1188 2135 sine
1208 2095 1391 2147 causa,
1416 2081 1760 2152 compluitur.

316 2169 477 2227 Vers.
504 2170 601 2226 40.
642 2171 791 2226 Vives
819 2173 873 2226 in
901 2172 1098 2242 gladio.
1130 2171 1235 2227 Per
1260 2172 1359 2226 hoc
1396 2172 1540 2226 enim
1568 2171 1835 2242 signiﬁcat

234 2259 462 2316 Iudaeos
491 2260 783 2317 crudeliter
811 2261 1084 2318 Christum
1135 2270 1517 2331 persecuturos
1556 2271 1613 2317 et
1648 2273 1835 2316 omnes

160 2370 165 2377 ί
235 2352 539 2423 prophetas
576 2362 629 2407 et
662 2354 955 2427 apostolos.
988 2352 1174 2408 Fratri
1209 2354 1419 2408 seruies.
1447 2352 1586 2421 Quia
1618 2352 1836 2408 Idumaei

240 2444 517 2499 tributarii
551 2444 766 2501 luerunt
794 2445 980 2506 Israel.
1010 2445 1099 2515 qui
1132 2443 1297 2500 Iacob
1330 2446 1648 2500 vocabatur.
1684 2443 1837 2499 Tem-

236 2550 447 2602 pusque
475 2536 653 2589 veniet.
685 2535 904 2606 Tempus
940 2536 1067 2590 illud
1102 2533 1373 2604 signiﬁcat
1394 2548 1502 2606 quo
1535 2534 1834 2591 rebellave-

237 2634 378 2679 runt
401 2623 571 2680 Judaei
602 2641 669 2681 ne
703 2635 883 2682 essent
916 2626 1014 2682 sub
1048 2626 1205 2682 Iuda.
1344 2624 1351 2639 ‘

318 2712 475 2771 Vers.
513 2716 603 2770 42.
649 2714 908 2771 Nuntiata
945 2727 1065 2771 sunt
1092 2717 1203 2771 lucc
1241 2716 1497 2774 Rebecctv.
1534 2718 1665 2787 Quis
1700 2735 1837 2776 nun-

240 2807 423 2873 tiavit,
458 2824 576 2862 cum
607 2809 693 2864 ille
722 2810 773 2863 in
811 2810 974 2865 corde
1000 2826 1097 2865 suo
1137 2811 1306 2866 dixit?
1336 2811 1531 2881 Utique
1554 2826 1651 2882 per
1679 2813 1837 2881 spiri-

239 2904 366 2949 tum
398 2898 691 2967 pr0phetia:
715 2900 818 2954 hoc
854 2901 1135 2969 cognovit;
1164 2917 1262 2971 per
1300 2916 1461 2971 quem
1491 2902 1656 2958 etiam
1685 2902 1835 2960 illum

240 2984 442 3052 majori
472 2986 625 3042 fratri
656 2991 1072 3058 praeponendum
1100 2991 1385 3047 didicerat.

320 3074 476 3132 Vers.
512 3077 600 3133 45.
645 3077 849 3135 lIaran.
891 3080 1174 3147 Hebraice,
1211 3080 1387 3153 Syria.

792 3191 1023 3248 CAPUT
1066 3193 1296 3249 xxvul.
1635 3265 1638 3268 ρ

322 3281 478 3337 Vers.
506 3282 563 3337 2.
604 3282 748 3340 Vade
782 3295 829 3340 et
863 3285 1211 3354 proﬁciscere.
1247 3286 1365 3341 Alia
1408 3289 1691 3344 translatio
1733 3290 1833 3344 ha-

240 3374 342 3428 bet
385 3374 526 3444 fuge.
575 3375 652 3431 Ex
702 3391 809 3446 quo
850 3376 1196 3448 intelligimus
1237 3378 1412 3449 ipsum
1480 3395 1696 3451 quoque
1740 3396 1837 3452 per

243 3464 501 3534 spiritum
534 3466 709 3523 minas
740 3466 925 3522 fratris
955 3467 1293 3538 cognovisse.

324 3554 481 3609 Vers.
518 3555 607 3610 10.
651 3555 827 3628 Igitur
861 3573 1094 3628 egressus
1120 3556 1286 3612 Iacob
1325 3560 1389 3613 de
1422 3558 1698 3616 Bersabee.
1738 3561 1837 3616 Ia-

243 3645 375 3708 cob,
415 3654 475 3699 ut
513 3644 769 3713 diximus,
814 3646 1087 3703 Christum
1131 3648 1437 3719 signiﬁcat,
1476 3652 1590 3722 qui,
1636 3652 1837 3708 relictis

245 3737 590 3806 parentibus,
624 3737 675 3792 id
703 3747 787 3793 est
817 3738 1035 3805 Iudaeis,
1057 3740 1123 3795 de
1156 3741 1353 3810 quibus
1380 3756 1597 3797 carnem
1629 3758 1839 3798 assum-

245 3836 456 3895 pserat,
488 3827 671 3883 relicta
695 3828 857 3884 etiam
884 3829 1063 3893 domo,
1093 3829 1145 3885 id
1174 3839 1257 3885 est
1286 3829 1642 3897 Hierusalem,
1664 3833 1838 3901 patria

247 3930 502 3985 quoque,
557 3917 609 3972 id
634 3927 719 3973 est
754 3917 960 3983 Iudaea,
991 3919 1200 3983 relicta,
1228 3921 1465 3989 perrexit
1503 3921 1571 3976 ad
1610 3932 1797 3993 gentes
1819 3962 1835 3991 ,

246 4003 343 4059 ubi
385 4004 682 4061 Ecclesiam
721 4022 970 4077 sponsam
1014 4009 1302 4079 acciperet.

322 4094 480 4151 Vers.
520 4096 606 4152 II.
649 4097 786 4151 Tulit
828 4099 892 4153 de
939 4098 1222 4170 lapidibus.
1265 4101 1525 4157 Dormitio
1565 4101 1731 4161 Iacob
1785 4105 1836 4161 in

248 4186 450 4243 itinere
494 4198 722 4244 mortem
765 4189 848 4243 vel
888 4190 1194 4260 passionem
1242 4192 1442 4248 Christi
1481 4195 1751 4265 signiﬁcat
1784 4198 1837 4251 in

248 4292 433 4333 cruce.
477 4278 640 4349 Lapis
686 4295 847 4349 quem
891 4281 1054 4351 capiti
1100 4296 1199 4337 suo
1246 4284 1549 4353 supposuit,
1590 4286 1839 4343 Christus

247 4381 336 4427 est
374 4373 673 4427 secundum
703 4374 1115 4428 humanitatem.
1164 4374 1335 4441 Quem
1375 4375 1543 4433 Iacob
1576 4379 1750 4442 unxit,
1781 4389 1839 4435 ut

249 4479 350 4533 per
390 4463 499 4517 hoc
550 4474 736 4533 aperte
775 4466 1018 4521 Christus
1062 4468 1543 4524 demonstraretur.
1590 4469 1839 4529 Christus

248 4554 402 4607 enim
434 4552 623 4610 Gr:ece
657 4552 849 4611 Latine
887 4566 1073 4611 unctus
1104 4556 1321 4613 dicitur.
1347 4557 1633 4629 Apostolus
1658 4569 1838 4616 autem

249 4644 388 4700 dicit
428 4662 443 4699 :
503 4644 671 4717 Caput
718 4646 911 4702 Christi
968 4647 1109 4703 Deus
1166 4648 1234 4720 (1
1269 4612 1631 4722 σοι-,τιιϊὸᾖ
1871 4612 1917 4670 D

251 4750 385 4806 ergo
414 4736 581 4805 capiti
620 4735 786 4793 Iacob
815 4738 1124 4808 suppositus
1155 4740 1543 4796 humanitatem
1573 4743 1841 4813 signiﬁcat

253 4826 553 4880 assumeuti
585 4820 697 4883 Deo
725 4828 1089 4899 coniunctam.
1135 4828 1291 4885 Scala
1335 4846 1499 4901 quam
1541 4833 1595 4888 in
1635 4836 1840 4893 sonmis

255 4920 409 4983 vidit,
441 4935 562 4990 quae
600 4921 684 4976 via
712 4930 835 4977 erat
863 4922 931 4977 ad
966 4922 1182 4988 ccelum,
1214 4923 1319 4979 hoc
1348 4933 1432 4979 est
1473 4940 1503 4980 a
1545 4942 1709 4982 carne
1749 4942 1841 4983 us-

255 5026 360 5076 que
405 5010 473 5065 ad
517 5012 754 5066 animam
802 5012 888 5067 vel
937 5013 1223 5083 spiritum,
1283 5014 1530 5069 Christus
1580 5027 1694 5082 est,
1747 5018 1840 5089 qui

257 5102 581 5169 quibusdam
621 5103 963 5172 provectibus
992 5104 1195 5160 electos
1237 5121 1364 5161 suos
1398 5107 1724 5163 sublevando
1774 5125 1843 5165 ex

203 5179 228 5245 ίτ
256 5192 569 5246 carnalibus
603 5191 737 5247 facit
760 5192 1081 5261 spirituales.
1124 5194 1310 5265 Augeli
1338 5211 1473 5265 quos
1494 5197 1625 5250 vidit
1652 5213 1843 5253 ascen-

257 5282 451 5337 dentes
480 5291 533 5336 et
573 5282 982 5349 descendentes,
1022 5284 1196 5339 sancti
1226 5295 1351 5340 sunt
1380 5288 1723 5358 evangelista:
1761 5290 1846 5344 vel

260 5374 437 5428 ueteri
481 5375 894 5444 praedicatores,
936 5375 1028 5446 qui
1068 5377 1463 5446 quodammodo
1502 5394 1601 5451 per
1642 5380 1844 5435 scalam

261 5465 562 5519 ascendunt
619 5466 834 5535 quando
885 5466 1219 5522 divinitatem
1274 5467 1474 5524 Christi
1525 5471 1847 5526 annuntiant

263 5557 504 5610 dicentes
547 5574 560 5609 :
600 5555 668 5611 In
711 5558 967 5629 principia
1004 5570 1114 5613 erat
1168 5558 1393 5614 Verbum
1435 5561 1635 5631 (.loan.
1678 5579 1715 5626 ι,
1749 5564 1842 5635 1.).

265 5648 608 5705 Descendunt
638 5666 786 5716 vero,
814 5653 1030 5722 quando
1058 5653 1283 5709 humilia
1312 5655 1701 5712 incarnationis
1730 5656 1846 5727 ejus

269 5740 577 5795 describunt
618 5742 902 5798 dicentes:
946 5742 1168 5797 Verbum
1212 5761 1335 5798 caro
1385 5745 1581 5812 factum
1624 5755 1698 5799 est
1726 5786 1739 5810 ,
1796 5758 1842 5800 et

271 5832 515 5886 habitarit
557 5833 608 5885 in
652 5833 795 5887 nobis
845 5832 1032 5904 (Ibid.,
1064 5834 1168 5902 Η).
1220 5834 1415 5890 Paulus
1461 5851 1702 5892 sunnuus
1750 5853 1842 5892 an-

629 5926 899 5985 l’nu0t..
956 5925 1244 5986 CXXXI.

1936 1988 2410 2053 conversationis;
2474 2001 2570 2057 per
2634 1986 3032 2056 septentrionem
3094 1987 3392 2041 destructio
3461 1996 3517 2040 et

1935 2075 2284 2131 mortiﬁcatio
2330 2086 2706 2147 peccatorum;
2741 2090 2839 2147 per
2875 2087 3117 2131 austrum
3165 2092 3294 2133 vero
3338 2076 3517 2132 fervor

1939 2166 2134 2221 divinae
2170 2168 2453 2223 charitalis
2490 2168 2812 2223 ostenditur.
2854 2166 2911 2222 In
2958 2168 3042 2224 bis
3091 2182 3219 2239 ergo
3269 2167 3520 2225 Christus

1940 2267 2143 2328 regnat,
2175 2268 2229 2313 et
2270 2259 2405 2314 hanc
2435 2260 2630 2331 gaudet
2666 2259 2868 2315 habere
2895 2259 3289 2315 haereditatem.

2011 2348 2166 2403 Vers.
2198 2350 2285 2403 17.
2332 2350 2455 2403 Νοη
2486 2361 2560 2404 est
2599 2352 2682 2404 hic
2712 2352 2860 2405 aliud
2895 2352 2997 2406 nisi
3030 2354 3215 2407 domus
3256 2352 3372 2407 Dei.
3413 2353 3519 2408 Do-

1938 2453 2086 2493 mum
2119 2440 2211 2495 Dei
2244 2439 2497 2509 appellat,
2527 2441 2654 2510 quia
2686 2456 2782 2512 per
2824 2441 3069 2512 spiritum
3112 2444 3407 2513 prophetiae
3446 2443 3521 2499 ibi

1942 2529 2348 2583 tabernaculum
2413 2530 2507 2585 Dei
2563 2524 3183 2601 pratvidebat'ﬁtturum
3244 2552 3256 2588 :
3330 2534 3524 2590 Portas

1940 2628 2119 2674 autem
2148 2619 2269 2674 caeli
2300 2620 2505 2674 aditum
2537 2621 2731 2676 divina:
2767 2624 3147 2678 exauditionis.
3170 2622 3265 2679 Vel
3291 2627 3523 2697 mystice

1939 2719 2151 2781 portam
2203 2712 2326 2765 cteli
2372 2713 2501 2765 dicit
2542 2727 2818 2782 egressum
2858 2728 2955 2785 per
2999 2715 3424 2771 incarnationem
3468 2728 3524 2772 ct

1940 2815 2267 2870 regressum.
2327 2800 2631 2857 Notandum
2680 2814 2857 2857 autem
2906 2804 3061 2874 juxta
3110 2806 3343 2861 litteram
3396 2810 3523 2876 quia

1940 2904 2047 2942 nou
2082 2888 2184 2944 fuit
2227 2890 2329 2945 hoc
2369 2891 2692 2957 idololatria,
2724 2908 2823 2948 nec
2860 2894 3035 2964 ipsum
3078 2895 3308 2966 lapidem
3346 2890 3521 2953 Deum

1941 2979 2246 3049 appellavit,
2284 2992 2377 3035 aut
2412 2980 2521 3035 ullo
2559 2981 2829 3038 sacriﬁcio
2864 2984 3051 3051 coluit,
3087 2987 3179 3040 sed
3215 2987 3369 3057 signo
3403 2997 3526 3042 tau-

1941 3079 2055 3124 tum
2094 3080 2148 3125 et
2196 3073 2489 3138 memoria,
2531 3074 2674 3143 quod
2719 3074 2821 3129 sibi
2856 3075 2997 3130 Deus
3039 3078 3417 3147 apparuisset,
3470 3089 3526 3134 et

1945 3161 2083 3230 quod
2114 3161 2185 3215 ibi
2220 3160 2630 3217 tabernaculum
2668 3163 2761 3219 Dci
2794 3164 3031 3220 futurum
3061 3176 3199 3221 erat.

1862 3256 1907 3318 ρ
2015 3249 2167 3305 Vers.
2226 3251 2313 3306 I8.
2372 3252 2657 3324 Erexitque
2702 3254 2755 3306 in
2791 3255 3021 3308 titulum.
3067 3245 3280 3312 Erectio
3332 3257 3525 3330 lapidis

1937 3343 2391 3399 resurrectionem
2436 3345 2706 3414 signiﬁcat
2746 3345 2969 3402 Christi.

2505 3460 2734 3517 CAPUT
2776 3462 2965 3518 XXIX.

2009 3548 2163 3606 Vers.
2193 3550 2247 3605 2.
2270 3550 2429 3607 Vidit
2457 3564 2670 3623 puteum
2706 3554 2759 3609 in
2797 3572 2944 3625 agro.
2977 3555 3179 3615 Puteus
3215 3559 3316 3616 iste
3351 3561 3528 3616 scien-

1941 3641 2073 3697 tiatn
2119 3642 2518 3714 Scripturarmn
2569 3646 2782 3715 ﬁgurat.
2828 3647 2952 3703 Tres
2987 3666 3165 3721 greges
3212 3652 3523 3707 accubantes

1940 3732 2079 3785 circa
2131 3744 2342 3803 puteum
2396 3734 2707 3804 signiﬁcant
2763 3737 3036 3807 simplices
3080 3749 3135 3794 ct
3180 3742 3377 3807 mites,
3426 3745 3522 3813 qui

1941 3821 2233 3892 Scriptura:
2260 3841 2428 3881 sacra:
2473 3828 2744 3897 mysteriis
2773 3829 2959 3884 satiari
2998 3830 3325 3886 desiderant.
3362 3834 3521 3903 Lapis

1940 3917 2312 3986 Superpositus
2365 3926 2525 3988 puteo
2572 3928 2783 3990 tegmen
2840 3919 3035 3976 littera:
3078 3922 3363 3995 designat,
3416 3940 3526 3994 quo

1938 4006 2199 4079 spiritalis
2241 4023 2381 4077 aqua
2426 4010 2727 4080 tegebatur.
2794 4010 2901 4065 Sed
2961 4010 3129 4067 Iacob
3189 4024 3415 4079 noster,
3473 4016 3525 4070 id

1941 4110 2073 4153 est:
2121 4098 2374 4155 Christus
2428 4099 2661 4170 lapidem
2716 4100 2954 4167 amovit,
2993 4103 3119 4172 quia
3178 4104 3522 4174 superﬁciem

1941 4188 2136 4245 littera:
2150 4190 2422 4255 discussit,
2446 4199 2502 4244 et
2520 4189 2815 4261 spiritalem
2848 4191 3176 4248 intellectmn
3207 4195 3260 4248 in
3282 4194 3526 4265 Scriptu-

1940 4279 2017 4336 ris
2030 4282 2256 4351 aperuit.
2274 4280 2568 4336 Possumus
2589 4281 2751 4337 etiam
2774 4296 2872 4351 per
2889 4292 3106 4352 puteum
3132 4285 3331 4340 fontem
3358 4286 3529 4355 bapti-

1942 4373 2131 4427 smatis
2154 4388 2257 4426 non
2284 4373 2724 4429 inconvenienter
2751 4374 3068 4444 intelligere.
3102 4375 3226 4430 Tres
3239 4395 3416 4447 greges
3431 4396 3522 4431 ac-

1942 4468 2187 4521 cubantes
2200 4466 2483 4536 designant
2505 4481 2598 4522 eos
2618 4467 2708 4535 qui
2733 4482 2828 4535 per
2848 4466 3206 4523 humilitatem
3241 4479 3296 4523 et
3324 4480 3526 4526 sancta:

1944 4558 2226 4614 Trinitatis
2244 4558 2402 4615 ﬁdem
2426 4575 2563 4629 aqua
2587 4559 2928 4628 baptismatis
2950 4562 3162 4631 purgari
3187 4574 3454 4632 qtuerunt.

2020 4649 2170 4705 Vers.
2205 4652 2289 4705 IO.
2350 4648 2522 4715 Quam
2575 4666 2692 4703 cum
2759 4650 2967 4705 uidisset
3021 4651 3226 4717 Iacob,
3277 4662 3325 4707 et
3372 4656 3527 4709 sciret

1942 4739 2308 4793 consobrinam
2346 4756 2517 4793 suam.
2565 4739 2743 4806 Quaeri
2780 4751 2957 4810 potest
3003 4743 3143 4797 unde
3188 4755 3368 4799 nosset
3402 4761 3523 4799 eam

1942 4829 2319 4885 consobrinam
2350 4845 2504 4885 suam
2535 4845 2656 4885 esse
2676 4872 2690 4896 ,
2724 4848 2886 4901 quam
2918 4849 3192 4903 numquam
3223 4844 3350 4891 ante
3379 4838 3529 4892 vide-

1942 4924 2065 4978 rat?
2088 4921 2193 4978 Sed
2217 4923 2357 4979 scire
2377 4937 2663 4993 possumus
2696 4924 2798 4980 hoc
2843 4940 2965 4980 eum
2990 4941 3018 4979 a
3046 4927 3350 4995 pastoribus
3391 4929 3531 4984 ditii-

1942 5015 2102 5080 cisse,
2143 5030 2266 5070 cum
2307 5015 2504 5084 quibus
2546 5024 2706 5069 antea
2752 5016 2963 5072 locutus
3030 5016 3223 5072 fuerat.
3298 5019 3529 5088 Ideoque

1947 5120 2069 5160 mox
2105 5114 2296 5159 uteam
2320 5105 2469 5166 vidit,
2489 5120 2609 5159 cum
2645 5105 2834 5161 ﬁducia
2865 5107 2915 5160 in
2943 5106 3059 5175 ejus
3079 5108 3319 5164 osculum
3344 5110 3524 5163 irruit.

2022 5198 2175 5252 V'ers.
2212 5196 2304 5252 20.
2368 5195 2689 5251 Videbantur
2739 5201 2895 5264 pauci
2944 5201 3071 5254 dies.
3131 5201 3312 5268 Quare
3347 5202 3523 5255 dicit:

1964 5288 2284 5344 Videbantur
2328 5291 2483 5359 pauci
2530 5289 2841 5353 dies,.cum
2882 5291 3109 5345 amatori
3157 5292 3318 5344 etiam
3366 5292 3530 5347 breve

1951 5387 2162 5448 tempus
2205 5377 2362 5449 longe
2403 5378 2684 5433 videatur?
2719 5377 2823 5432 Sed
2864 5380 2964 5435 hoc
3004 5379 3133 5433 dicit
3167 5387 3389 5449 propter
3414 5396 3530 5436 ser-

1950 5470 2198 5535 vitutem,
2230 5484 2351 5539 quae
2378 5470 2504 5525 licet
2543 5470 2679 5525 dura
2724 5480 2900 5536 esset,
2936 5469 3109 5527 facilis
3153 5470 3204 5525 ei
3247 5472 3532 5530 videbatur

1950 5572 2169 5633 propter
2209 5563 2410 5618 amoris
2454 5563 2897 5633 magnitudinem.

2021 5652 2175 5708 Vers.
2204 5652 2291 5705 27.
2325 5650 2491 5722 Imple
2519 5652 2898 5706 hebdomadam
2926 5651 3088 5722 hujus
3129 5654 3348 5723 copulae.
3384 5653 3529 5709 Heb-

1949 5744 2229 5797 donmdam
2280 5743 2367 5798 hic
2409 5753 2613 5813 septem
2662 5757 2834 5798 annos
2869 5743 3018 5800 dicit.
3068 5743 3413 5801 Ilebdomada
3451 5745 3531 5801 di-

1949 5838 2087 5893 citur
2113 5846 2314 5905 septem
2347 5835 2575 5898 dierum,
2606 5844 2657 5889 et
2697 5843 2900 5904 septem
2929 5851 3216 5900 annorum,
3250 5847 3301 5890 et
3332 5836 3533 5908 septies

3099 5929 3136 5989 Ιι
