3986 5670
542 379 650 433 ’107

1182 372 1434 429 ΒΕΜΙΟΙΙ
1472 366 2122 428 ANTISSIODORENSIS
2162 365 2243 422 Ol‘
2250 368 2308 422 Ρ.
2348 368 2545 424 PARS.
2576 370 2615 425 l.
2639 401 2705 411 -
2730 372 3132 431 EXEGETICA.

3678 380 3780 452 108

534 496 748 555 septem
785 498 1065 539 annorum.
1088 482 1382 554 Allcgorice
1420 482 1501 537 ba:
1534 482 1653 537 dua:
1689 480 1940 536 mulieres
1967 478 2098 534 duas
2129 482 2174 539 Α
2202 478 2663 546 tyrhisdiciturJu
2682 482 3208 557 interpretationibus
3229 458 3410 549 autem
3431 489 3780 549 Hebraeum

542 579 845 649 signiﬁcant
890 577 1058 639 vitas,
1102 578 1331 631 activam
1369 582 1423 628 et
1462 572 1947 643 contemplativam.
2007 570 2105 625 Lia

545 669 827 735 laboriosa.
873 668 1258 735 interpretatur
1289 682 1302 719 :
1339 665 1602 734 signiﬁcat
1639 663 1869 717 activam
1918 660 2100 714 vitam.

533 758 671 825 Quae
716 758 849 812 bene
887 758 1036 827 lippis
1071 756 1254 822 oculis,
1295 756 1386 810 sed
1425 756 1645 824 fecunda
1682 753 1846 809 fuisse
1885 754 2103 818 dicitur,

544 849 665 918 quia
698 850 868 902 activa
902 850 1010 902 vita
1050 848 1231 905 minus
1266 846 1411 901 videt
1443 860 1538 915 per
1574 844 2103 915 contemplationem,

538 941 635 998 sed
666 940 936 1010 spiritales
969 941 1078 995 Deo
1111 939 1250 1009 parit
1292 937 1429 997 ﬁlios
1457 953 1553 1008 per
1593 927 2021 1006 prredicationeni
2051 945 2106 994 et

539 1030 800 1085 bonorum
837 1045 1058 1100 operum
1094 1026 1355 1098 exempla.
1400 1025 1597 1082 Rachel
1641 1042 1955 1098 vero,‘qu:e
1998 1027 2105 1083 ovis

543 1119 624 1173 vel
668 1119 801 1173 risus
839 1119 1149 1189 principium
1196 1117 1605 1187 interpretatur,
1641 1110 2104 1186 contemplativam

541 1208 784 1278 designat
834 1208 997 1262 vitam
1050 1206 1348 1278 simplicem
1396 1214 1453 1261 et
1513 1206 1695 1275 quiete
1739 1205 2105 1275 gaudentem,

541 1314 661 1367 qua:
686 1298 811 1352 illud
842 1298 1019 1352 cernit
1044 1296 1381 1367 principium,
1414 1295 1555 1365 quod
1581 1295 1817 1366 loquitur
1846 1294 1899 1349 in
1926 1294 2105 1349 Evan-

541 1386 677 1456 gelia
699 1401 714 1439 :
740 1385 859 1454 Ego,
876 1385 1325 1455 principium,yqui
1356 1393 1402 1437 et
1429 1385 1610 1453 loquor
1638 1383 1817 1453 (Joan.
1846 1374 1967 1448 vin,
1992 1381 2105 1452 25).

540 1476 638 1530 Est
677 1474 918 1545 pulchra,
948 1474 1044 1529 sed
1075 1472 1377 1543 infecunda,
1407 1473 1533 1542 quia
1559 1470 1968 1540 contemplativa
1997 1471 2108 1526 vita

543 1566 739 1622 decora
764 1574 821 1620 et
854 1567 967 1623 Deo
1005 1564 1269 1630 amabilis,
1302 1563 1447 1633 nullo
1481 1562 1700 1633 pulvere
1740 1561 1936 1617 terreni
1974 1575 2106 1616 con-

545 1657 672 1727 tagii
720 1657 957 1720 foedata,
1004 1654 1098 1712 sed
1144 1653 1240 1708 soli
1288 1653 1398 1707 Deo
1441 1667 1657 1717 vacans,
1699 1652 1854 1722 eique
1899 1656 2108 1704 tantum

540 1746 755 1816 placere
801 1759 1081 1813 quaerens,
1131 1757 1468 1812 nequaquam
1514 1740 1781 1811 spiritales
1827 1739 1967 1795 ﬁlios
2009 1754 2108 1808 per

2209 571 2484 623 nominum
2511 571 2640 625 dicit
2666 573 2855 628 beatus
2883 573 3241 649 Hieronymus
3275 578 3393 635 Gad
3429 580 3781 653 interpretati
3864 622 3867 623 ν

2206 664 2516 729 accinctum,
2552 664 2633 717 vel
2662 667 3052 723 accinctioncm.
3558 670 3562 673 ’

2275 752 2427 806 Vers.
2447 754 2528 808 15.
2546 755 2689 808 Asan
2705 753 3085 825 interpretatur
3099 759 3274 815 beatus
3287 760 3368 817 vel
3381 762 3590 834 pinguis
3603 764 3778 834 panis.

2279 841 2428 897 Vers.
2477 843 2560 898 14.
2602 844 2808 915 Reperit
2830 849 3231 921 mandragoras.
3264 852 3633 925 hianda-agone
3656 865 3782 914 sunt

2204 944 2359 1001 poma
2382 932 2599 1002 pulchra
2623 934 2835 1005 quidem
2864 945 2920 991 et
2943 938 3210 995 odor-itera
3250 953 3304 1009 ι,
3343 945 3437 1000 sed
3473 944 3711 1016 hispida.
3774 1009 3778 1014 ,

2275 1021 2428 1077 Vere.
2474 1022 2557 1078 18.
2582 1023 2854 1101 issam".
2881 1026 3269 1105 interpretatur
3296 1050 3509 1090 merces.
3564 1102 3565 1105 η

2276 1110 2430 1168 Vers.
2468 1112 2557 1167 20.
2598 1113 2843 1172 ZABULON
2870 1118 3225 1176 habitaculum
3253 1122 3579 1194 fortitudinis
3606 1127 3785 1183 inter-

2203 1211 2467 1272 pretatur.
2762 1232 2765 1235 λ

2276 1291 2429 1347 Vers.
2468 1291 2557 1347 24.
2597 1291 2791 1351 Jossrn
2822 1307 3007 1354 auctus
3027 1298 3139 1356 sive
3165 1301 3344 1377 beatus
3362 1304 3778 1377 interpretatur.

2279 1382 2430 1440 Vers.
2469 1383 2559 1441 55.
2599 1384 2939 1457 Respondebit
2970 1406 3088 1447 cras
3111 1392 3327 1465 justitia
3346 1412 3489 1465 mea,
3524 1396 3660 1453 Cras
3688 1414 3783 1469 pro

2204 1476 2389 1531 futuro
2421 1485 2658 1553 tempore
2688 1478 2925 1549 ponitur.
3778 1546 3784 1554 ε

2276 1569 2431 1644 vers.
2471 1570 2700 1644 37,538..
2734 1569 2941 1628 Totiens
2963 1574 3136 1646 virgas
3158 1577 3428 1648 populeas,
3451 1590 3508 1633 ut
3541 1581 3596 1636 in
3632 1600 3783 1651 aspc-

2200 1667 2287 1712 ctu
2316 1675 2495 1712 earum
2534 1660 2878 1730 conciperent.
2918 1660 3052 1717 Cum
3100 1666 3462 1735 proposuisset
3496 1669 3684 1723 Labau
3724 1679 3781 1726 ut

2206 1748 2383 1802 varios
2409 1746 2548 1803 fetus
2590 1762 2839 1817 pecorum
2879 1749 3105 1806 haberet
3146 1751 3311 1807 Jaeob
3356 1767 3456 1824 pro
3503 1759 3779 1821 mercede,

539 1836 971 1906 praedicationem
1022 1836 1261 1909 generat.
1309 1833 1469 1887 Amat
1508 1831 1674 1887 Jacob
1719 1830 1959 1896 Rachel,
2005 1830 2097 1885 sed
2124 1839 2173 1900 Β
2200 1834 2286 1891 ille
2315 1833 2593 1904 prudentia
2618 1835 2830 1890 solertis
2863 1835 2964 1892 viri
3001 1838 3179 1909 virgas
3214 1841 3464 1911 populeas
3500 1854 3557 1897 et
3586 1861 3780 1915 amyg-

539 1927 690 1982 Liam
726 1929 777 1981 in
813 1936 966 1981 nocte
1004 1926 1207 1999 accipit
1247 1942 1261 1978 :
1303 1925 1427 1994 quia
1472 1923 1842 1992 unusquisque
1886 1928 2104 1976 sanctus

541 2016 809 2073 desiderat
839 2014 939 2077 frui
973 2016 1155 2086 quiete
1177 2012 1605 2082 contemplativa}
1644 2011 1786 2075 vita),
1816 2009 1907 2064 sed
1954 2010 2102 2081 prius

539 2119 760 2160 necesse
806 2113 889 2159 est
927 2090 995 2179 ut
1027 2113 1184 2177 nocte
1209 2086 1390 2173 ‘bujus
1435 2101 1615 2157 saeculi
1668 2103 1983 2157 exerceatur
2026 2099 2104 2154 la-

537 2197 669 2251 bore
708 2197 896 2273 activa:
926 2196 974 2249 vi
983 2206 1066 2250 tae.

608 2288 763 2342 Vers.
793 2287 881 2361 28.
918 2286 1259 2341 llebdomada
1295 2294 1580 2341 transacta.
1614 2284 1729 2340 Non
1779 2293 1863 2340 est
1910 2292 2101 2361 putan-

532 2379 665 2432 dum
709 2379 849 2447 qnod
912 2388 1033 2448 post
1086 2386 1290 2449 septem
1351 2392 1521 2435 annos
1582 2376 1854 2433 servitu‘tis
1900 2373 2101 2435 Rachel

536 2467 749 2522 (luxerit
795 2484 1044 2533 uxorem,
1086 2468 1180 2522 sed
1222 2466 1455 2538 impletis
1498 2477 1703 2539 septem
1752 2466 1938 2523 diebus
1979 2476 2100 2538 post

535 2558 749 2626 nuptias
773 2557 901 2622 Lim,
933 2542 1124 2628 quibus
1151 2559 1383 2628 impletis
1412 2559 1632 2613 servivit
1657 2567 1858 2628 septem
1889 2559 2064 2613 annis.

610 2649 759 2702 V'crs.
786 2649 876 2704 ‘29.
907 2649 1005 2703 Cui
1036 2661 1183 2718 pater
1208 2649 1392 2705 Balam
1418 2667 1615 2704 servam
1645 2650 1951 2721 tradiderat.
1990 2648 2099 2704 Lire

532 2740 657 2794 data
692 2740 866 2794 fuerat
890 2739 1079 2795 ancilla
1111 2740 1357 2811 superius
1387 2741 1600 2795 nomine
1628 2740 1849 2817 Zelpba,
1878 2738 2096 2815 Racbeli

531 2846 662 2885 vero
718 2832 841 2884 data
898 2830 1021 2885 Bala
1070 2832 1302 2886 nomine.
1361 2831 1561 2902 chpha
1616 2831 1995 2900 interpretatur
2039 2846 2096 2884 os

528 2924 743 2993 loquens
765 2941 783 2989 ,'
824 2925 984 2990 Bala,
1025 2925 1326 2979 inveterata.
1371 2924 1686 2994 Signiﬁcant
1719 2926 1803 2980 ha:
1839 2923 1958 2978 duae
1996 2938 2093 2976 an-

528 3015 668 3068 cill-.e
699 3031 791 3069 eos
821 3014 911 3083 qui
942 3015 1022 3070 vel
1051 3014 1101 3068 in
1132 3014 1303 3069 activa
1331 3013 1441 3068 vita
1467 3013 1551 3067 vel
1591 3013 1643 3067 in
1680 3012 2094 3081 contemplativa

532 3120 638 3158 non
675 3115 816 3158 recta
849 3105 1147 3159 intentione
1176 3105 1315 3157 bona
1343 3112 1656 3172 operantur,
1685 3117 1786 3156 nec
1817 3109 1961 3156 recto
1988 3110 2095 3156 stu-

2205 1926 2408 1981 daliuas
2438 1935 2493 1981 et
2531 1942 2597 1981 ex
2646 1926 2876 1998 platanis
2926 1942 2994 1983 ex
3033 1939 3186 2000 parte
3214 1920 3578 1998 decorlicavit,
3619 1947 3678 1992 et
3712 1952 3783 1993 ex

2203 2024 2353 2096 parte
2376 2008 2612 2087 integras
2641 2016 2869 2083 dimisit,
2912 2019 3200 2090 posuitque
3225 2036 3319 2078 eas
3345 2022 3397 2078 in
3420 2026 3698 2081 canalibus
3724 2028 3778 2081 in

2201 2105 2395 2174 quibus
2422 2121 2557 2174 aqua
2609 2105 2755 2175 putei
2783 2105 3122 2172 fundebatur,
3166 2102 3235 2163 ut
3263 2110 3542 2169 venientes
3588 2116 3656 2170 ad
3686 2133 3784 2185 po-

2202 2193 2420 2249 tandum
2447 2209 2574 2250 oves
2613 2194 2805 2264 duplici
2833 2192 3097 2253 desiderio
3139 2201 3362 2255 coeundi
3390 2211 3443 2256 et
3464 2202 3678 2258 bibendi
3703 2215 3781 2258 te-

2212 2293 2489 2367 nerentur,
2521 2293 2574 2340 et
2594 2284 2709 2356 ipso
2738 2283 2916 2340 calore
2949 2285 3122 2343 coitus
3158 2289 3461 2358 aspicerent
3508 2292 3688 2366 virgas
3723 2303 3783 2348 et
3847 2337 3861 2351 .

2202 2370 2281 2425 sic
2312 2372 2494 2427 varios
2524 2371 2663 2427 fetus
2690 2376 3054 2443 conciperent.
3097 2374 3377 2445 Signiﬁcat
3397 2387 3578 2434 autem
3599 2392 3781 2436 extree

2198 2478 2340 2517 mam
2370 2473 2577 2533 partem
2620 2458 2960 2535 patratiouis,
2986 2464 3200 2535 quando
3220 2466 3330 2538 jam
3366 2478 3533 2524 totum
3575 2487 3777 2542 corpus

2200 2554 2448 2608 animalis
2477 2556 2780 2610 concutitur
2806 2565 2858 2610 et
2886 2555 3008 2610 ﬁnis
3032 2556 3276 2613 imminet
3299 2560 3611 2630 voluptatis.
3667 2563 3777 2621 Nec

2198 2642 2515 2699 incredibile
2548 2644 2653 2700 hoc
2679 2636 2847 2701 videri
2887 2647 3045 2701 debet
3066 2647 3335 2718 cuiquam,
3368 2650 3486 2705 cum
3512 2652 3777 2722 hodieque

2196 2733 2252 2787 in
2284 2732 2536 2805 Hispania
2564 2736 2631 2790 de
2659 2735 2895 2805 equabus
2928 2735 3030 2791 hoc
3059 2737 3199 2792 idem
3230 2737 3345 2792 ﬁeri
3377 2739 3607 2795 dicatur.
3642 2741 3774 2795 Bea-

2198 2830 2285 2898 tus
2330 2837 2542 2893 quoque
2594 2823 2923 2894 Augustinus
2958 2826 3108 2892 dicit,
3168 2827 3222 2881 in
3264 2826 3401 2884 libro
3434 2828 3775 2900 Hippocratis

2196 2912 2388 2967 medici
2428 2913 2686 2984 scriptum
2722 2915 2931 2981 haberi,
2954 2917 3116 2987 quod,
3156 2932 3277 2973 cum
3313 2921 3554 2988 quaedam
3582 2923 3774 2977 mulier

2194 3000 2524 3073 Ethiopissa
2546 3004 2966 3073 pulcherrimum
2996 3015 3050 3061 et
3079 3002 3515 3065 candidissimum
3546 3028 3771 3081 puerum

2195 3092 2468 3160 edidisset,
2508 3105 2562 3150 et
2587 3105 2804 3166 propter
2831 3097 2932 3152 hoc
2975 3106 3225 3168 tanquam
3263 3115 3354 3155 rea
3393 3100 3639 3157 adultera
3679 3105 3772 3158 du-

531 3192 618 3246 dio
648 3192 956 3262 przedicaut,
990 3192 1041 3247 id
1083 3200 1163 3247 est
1212 3209 1315 3248 non
1354 3208 1452 3264 pro
1489 3191 1617 3259 Deo,
1650 3192 1745 3248 sed
1783 3207 1880 3262 pro
1916 3178 2173 3246 favorec
2201 3193 2412 3239 cerelur
2452 3186 2522 3241 ad
2567 3196 2816 3252 ιῐιοΐιεῐῐι,
2856 3187 3256 3258 llippocratesb
3294 3191 3534 3260 medicus
3584 3209 3769 3263 supcr-

526 3293 623 3335 ant
664 3282 960 3337 commodis
988 3282 1200 3348 smculi;
1244 3283 1311 3337 de
1337 3281 1583 3352 qualibus
1611 3280 1896 3354 Apostolus
1923 3279 2052 3335 dicit
2078 3296 2093 3339 :

532 3374 695 3438 Sunt,
722 3375 814 3444 qui
839 3374 1126 3445 praedicant
1158 3373 1421 3428 Christum
1452 3389 1553 3428 non
1578 3374 1773 3427 sincere
1804 3370 2022 3444 (Philip.
2053 3386 2094 3435 ι,

534 3462 610 3534 i).
638 3462 703 3516 Et
732 3471 855 3532 post
894 3471 1070 3534 pauca
1097 3477 1111 3516 :
1144 3461 1328 3517 Utrum
1356 3478 1420 3517 ea:
1448 3461 1736 3528 occasione,
1769 3477 1837 3514 an
1876 3476 1968 3531 pro
2015 3475 2096 3513 ve-

531 3550 686 3604 ritate
729 3551 963 3605 Christus
997 3553 1356 3617 annuntietur,
1385 3552 1441 3604 in
1487 3551 1582 3604 hoc
1630 3547 2000 3621 gaudeo,,sed
2047 3557 2096 3602 et

526 3640 761 3709 gaudebo
807 3640 995 3709 (lbid.,
1024 3640 1133 3708 l8).
1178 3638 1333 3693 Unde
1368 3648 1511 3694 recte
1545 3638 1744 3708 Zelpha
1792 3655 1849 3692 os
1885 3637 2095 3708 loquens

527 3730 950 3797 interpretatur,
1000 3728 1127 3797 quia
1173 3728 1307 3783 tales
1356 3728 1409 3782 in
1447 3743 1541 3783 ore
1588 3729 1787 3784 habent
1832 3728 2092 3797 praedica-

528 3817 724 3880 tiones,
766 3832 872 3871 non
908 3818 960 3871 in
1000 3816 1181 3881 corde,
1212 3816 1277 3871 de
1314 3816 1507 3887 quibus
1548 3816 1745 3871 dicitur
1794 3832 1810 3870 :
1860 3814 2094 3883 Papulas

528 3908 611 3961 hic
641 3907 793 3961 labiis
829 3924 910 3961 me
943 3908 1188 3971 honorat,
1227 3923 1315 3961 cor
1347 3916 1520 3961 autem
1560 3922 1737 3960 eorum
1778 3907 1927 3975 longe
1957 3914 2030 3959 est
2061 3920 2093 3956 a

528 4014 608 4051 me
649 3996 865 4070 (.llatth.
911 4013 1000 4062 xv,
1045 3996 1121 4069 8).
1163 3995 1503 4050 Bala'autem
1545 3997 1829 4051 inveterata
1876 3995 2090 4062 dicitur,

522 4089 652 4156 quia
679 4088 827 4154 tales,
852 4088 977 4144 licet
996 4089 1257 4145 bonorum
1280 4104 1499 4160 operum
1524 4088 1730 4144 fruetus
1747 4089 1906 4159 quasi
1927 4091 2094 4144 bonos

527 4178 667 4233 ﬁlios
688 4177 932 4241 aﬁ‘erant,
956 4187 1131 4233 tamen
1151 4179 1275 4249 quia
1298 4194 1402 4234 non
1425 4186 1571 4255 recto
1591 4180 1764 4235 studio
1785 4179 1886 4234 hoc
1907 4185 2091 4249 agunt,

522 4266 698 4322 adhuc
740 4267 793 4322 in
845 4268 1043 4323 veteris
1084 4268 1287 4323 erroris
1337 4268 1738 4323 conversatione
1783 4268 2089 4338 perdurant.

594 4356 748 4412 Vers.
776 4357 864 4412 52.
903 4357 1108 4412 Vocavit
1142 4374 1325 4412 nomen
1357 4357 1468 4428 ejus
1491 4356 1692 4412 Ruben.
1715 4357 1902 4413 Ruben
1930 4359 2094 4411 inter-

519 4453 766 4517 pretatur
784 4448 911 4501 visio
932 4446 1029 4516 ﬁlii
1049 4446 1131 4502 vel
1146 4447 1320 4502 ridens
1339 4445 1523 4515 ﬁlium.
1547 4444 1783 4512 Simeon,
1805 4447 2090 4500 exauditio.

2198 3276 2421 3332 veniens
2448 3276 2647 3344 docuit,
2680 3278 2956 3335 mulierem
2985 3281 3052 3334 ad
3086 3292 3358 3351 aspectum
3391 3284 3464 3337 rei
3494 3299 3659 3354 quam
3684 3287 3762 3339 vi-

2198 3366 2358 3433 derit,
2398 3367 2483 3422 vel
2518 3376 2699 3424 mente
2741 3370 2993 3436 tenuerit,
3044 3373 3347 3441 concipere.
3410 3372 3563 3430 Unde
3606 3374 3770 3444 jussit

2196 3454 2398 3524 requiri
2423 3455 2476 3510 in
2501 3457 2657 3512 domo
2677 3457 2815 3528 ejus,
2848 3465 3028 3512 utrum
3058 3459 3131 3513 ibi
3158 3461 3333 3530 imago
3363 3462 3449 3517 vel
3472 3463 3767 3520 similitudo

2197 3543 2375 3614 aliqua
2432 3554 2576 3600 esset
2625 3562 2784 3617 quam
2843 3550 3213 3605 comumbens
3258 3550 3449 3607 mulier
3499 3552 3769 3612 habuerit.

2194 3635 2348 3703 Quod
2374 3645 2425 3693 et
2456 3654 2578 3694 eum
2608 3640 2678 3694 ita
2709 3640 2984 3695 inventum
3016 3641 3223 3707 fuisset,
3262 3642 3490 3699 liberata
3528 3656 3613 3700 est
3654 3662 3771 3701 mu-

2196 3724 2345 3780 liera
2372 3729 2563 3784 mortis
2611 3728 2871 3798 periculo.
2928 3729 3229 3799 Allegoriee
3268 3733 3426 3803 uirga:
3463 3734 3771 3806 signiﬁcant

2195 3818 2488 3874 sententias
2510 3818 2729 3874 Patrum
2758 3827 3088 3887 sanctorum,
3130 3836 3265 3891 quas
3290 3837 3355 3877 ex
3379 3838 3606 3894 corpore
3628 3825 3772 3881 Scri-

2197 3918 2367 3978 pturre
2393 3908 2588 3966 divina:
2613 3911 2766 3981 quasi
2799 3925 2863 3964 ex
2896 3911 3089 3966 arbore
3117 3913 3434 3981 prmeidunt.
3476 3915 3607 3981 Quae
3634 3917 3762 3986 quia

2196 4006 2360 4053 rectae
2385 4007 2531 4064 sunt,
2559 3999 2714 4070 virga:
2742 4007 3020 4054 vocantur.
3059 3998 3170 4055 llas
3200 4000 3379 4071 virgas
3403 4018 3470 4056 ex
3495 4015 3651 4074 parte
3676 4003 3770 4059 de:

2194 4090 2539 4156 cortieamus,
2579 4100 2633 4145 et
2654 4105 2718 4145 ex
2748 4100 2900 4162 parte
2921 4092 3177 4148 corticem
3219 4107 3499 4149 remanere
3539 4096 3768 4165 permit-

2195 4181 2379 4246 timus,
2411 4181 2625 4250 quando
2650 4179 2956 4250 Scripturas
2985 4181 3192 4237 divinas
3236 4164 3428 4252 partim
3465 4164 3767 4238 bistorl‘ali—

2195 4276 2297 4337 ter,
2336 4272 2533 4343 partim
2576 4271 2862 4342 allegorice
2914 4280 3227 4328 tractamus.
3261 4271 3362 4330 Ubi
3415 4274 3559 4328 enim
3597 4275 3771 4331 histo—

2194 4364 2330 4417 riam
2358 4363 2653 4433 sequimur,
2677 4362 2932 4417 corticem
2958 4362 3298 4419 dimittimus.
3325 4360 3427 4419 Ubi
3452 4378 3580 4419 vero
3602 4364 3771 4420 histo-'

2200 4453 2335 4507 riam
2366 4451 2635 4524 fugientes
2656 4451 2960 4523 allegorica:
3001 4452 3317 4519 insistimus,
3365 4453 3519 4522 quasi
3563 4456 3769 4511 cortice

598 4536 750 4590 Vcrs.
785 4536 874 4589 54.
926 4535 1266 4605 ϐοριιιαὺὶιιιτ
1309 4536 1436 4590 mihi
1478 4537 1697 4591 maritus
1747 4553 1913 4590 meus.
1968 4536 2083 4589 Alia
2117 4523 2164 4581 ί)
2188 4542 2467 4598 subtracto
2488 4542 2773 4598 candorem
2798 4541 3055 4611 spiritalis
3082 4542 3443 4614 intelligentiae
3464 4544 3763 4615 operimus.

524 4627 808 4680 translatio
855 4624 1022 4692 dicit,
1079 4636 1412 4695 persequetur
1445 4642 1529 4679 me
1568 4627 1644 4678 vir
1681 4641 1843 4679 meus.
1893 4625 1960 4680 Et
2004 4634 2087 4681 est

524 4731 713 4771 sensus
753 4734 766 4769 :
806 4716 948 4782 Quia
998 4724 1111 4770 tres
1160 4716 1209 4770 ei
1246 4716 1382 4770 lilios
1408 4716 1589 4786 genui,
1629 4717 1831 4771 amabit
1862 4731 1949 4770 me
1995 4731 2085 4769 ar-

517 4805 873 4868 dentissime,
924 4814 969 4857 et
1005 4804 1332 4874 copulabitur
1376 4804 1536 4869 mihi,
1585 4813 1645 4858 ut
1684 4820 1955 4875 nunquam
2000 4819 2086 4861 me

524 4897 752 4951 deserat.
782 4895 908 4949 Inde
937 4910 1131 4951 nomen
1158 4894 1305 4961 Levi,
1334 4897 1385 4951 id
1412 4905 1494 4951 est
1524 4908 1836 4968 assumptus.

592 4986 745 5043 Vers.
760 4987 848 5042 35.
863 4986 1178 5057 Conﬁtebor,
1194 4987 1245 5042 id
1263 4996 1344 5044 est
1364 4987 1591 5045 laudabo
1613 4989 1913 5044 Dominum.
1926 4987 2085 5057 Juda,

519 5077 571 5131 id
602 5086 686 5132 est
710 5079 990 5148 confessio.
1696 5096 1699 5097 '
2064 5090 2070 5119 ί

1086 5170 1312 5226 CAPUT
1355 5170 1520 5226 XXX.

594 5262 746 5318 Vers.
775 5262 827 5316 6.
858 5262 1123 5316 Iudicavi!
1149 5263 1275 5315 mihi
1300 5260 1576 5317 Dominus.
1605 5262 1657 5316 Id
1699 5270 1801 5328 est,
1825 5262 2085 5331 judicium

524 5354 655 5406 mihi
697 5353 859 5418 fecit,
912 5370 1130 5423 arquans
1167 5369 1252 5407 me
1289 5368 1411 5407 cum
1442 5368 1627 5408 sorore
1674 5370 1810 5411 mea.
1876 5355 2083 5411 Idcirco

522 5447 714 5500 vocarit
754 5462 939 5501 nomen
973 5464 1084 5517 ejus
1120 5446 1255 5511 Dan,
1287 5447 1339 5502 id
1374 5454 1455 5502 est
1486 5447 1772 5516 judicium.

591 5538 745 5588 νηῒς.
785 5540 835 5586 8-
889 5538 1241 5592 ththalim-
1283 5542 1633 5593 pomum-mm

2187 4629 2296 4685 llas
2319 4645 2448 4702 ergo
2474 4631 2654 4702 virgas
2692 4632 2744 4686 in
2786 4631 2957 4688 Oculis
3001 4632 3183 4688 ovium
3228 4646 3451 4702 ponere,
3486 4640 3571 4690 est
3609 4632 3766 4689 Seria

2186 4731 2467 4794 pturarum
2489 4723 2733 4792 exempla
2769 4724 3037 4780 mentibus
3074 4724 3307 4781 ﬁdelium
3337 4739 3661 4796 proponere,
3702 4735 3763 4781 ut

2187 4814 2478 4870 secundum
2514 4814 2656 4882 quod
2680 4814 2752 4869 ibi
2784 4813 3105 4882 invenerint,
3144 4815 3349 4882 vivant,
3397 4825 3456 4872 et
3489 4816 3761 4888 spiritales

2187 4905 2450 4961 bonorum
2479 4919 2704 4974 operum
2732 4902 2874 4959 fetus
2902 4905 3133 4975 pariant.

2750 4994 2976 5051 CAPUT
3005 4995 3097 5050 XX
3110 4994 3197 5050 XI.

2264 5083 2414 5140 Vcrs.
2437 5085 2489 5137 7.
2530 5083 2714 5139 Decem
2740 5084 2934 5138 vicibus
2963 5087 3183 5140 mutavit
3213 5085 3515 5142 mercedem.
3549 5084 3759 5141 Subaud

2194 5174 2353 5239 ditur,
2394 5190 2580 5228 meam.
2623 5173 2755 5229 Cum
2784 5174 2926 5228 enim
2951 5173 3157 5230 videret
3187 5175 3367 5231 Laban
3399 5175 3579 5231 varios
3616 5173 3756 5229 fetus

2188 5266 2393 5340 augeri,
2434 5275 2636 5321 mutata
2665 5266 2967 5320 conditione
2992 5266 3204 5324 dicebat
3227 5286 3241 5322 :
3265 5267 3398 5324 Volo
3424 5275 3482 5321 ut
3523 5265 3657 5320 varii
3679 5264 3757 5320 fe-

2194 5371 2280 5417 tus
2307 5373 2442 5415 mea:
2468 5358 2636 5428 partis
2655 5357 2780 5421 sint,
2819 5372 2982 5427 pecus
3008 5373 3134 5412 vero
3162 5360 3317 5414 unius
3341 5356 3538 5415 coloris
3563 5344 3667 5430 tuae
3686 5355 3758 5410 sit

2191 5452 2380 5523 partis.
2420 5448 2627 5504 Rursus
2669 5462 2813 5503 cum"
2843 5449 3046 5504 videret
3090 5457 3145 5504 et
3184 5449 3334 5521 nigra
3383 5446 3754 5517 multiplicari,-

2195 5549 2396 5596 mutata
2427 5554 2616 5590 rursus
2645 5537 2949 5586 ηοησιίιῖηῆρ
2984 5539 3096 5593 haec
3261 5538 3585 5595 αςςηηιουιιι,
