3986 5794
206 523 311 578 1‘09

1319 506 1861 569 COMMENTARIUS
1901 508 1963 562 l.\'
2003 509 2315 565 CENESIM.

3333 519 3432 572 H0

203 638 526 691 mercedem.
569 634 766 706 Typice
791 632 996 696 Lahan,
1033 629 1121 700 qui
1150 630 1528 698 interpretatur
1561 623 1770 678 deulba-
1797 625 1849 684 Λ
1880 629 2047 675 turma
2079 623 2300 676 duarum
2328 622 2638 678 ancillarum
2663 625 2873 696 Zelpha:
2900 635 2953 682 et
2976 628 3114 683 fiala:
3149 646 3268 684 cum
3315 633 3436 686 filiis

204 730 300 787 tio,
344 726 612 779 diabolum
644 723 930 794 signiﬁcat,
971 721 1060 788 qui
1088 720 1212 772 licet
1243 719 1310 772 sit
1337 732 1432 770 suo
1456 715 1647 768 merito
1694 723 1771 766 tc-

204 818 490 874 ncbrosus,
535 825 712 868 tamen
747 811 1089 878 transﬁgurat
1111 823 1167 862 se
1200 808 1249 860 in
1276 805 1519 874 angelum
1548 803 1698 856 lucis.

273 909 432 962 \‘ers.
476 907 563 969 11,
605 906 688 959 12.
721 903 975 972 Dixitque
1013 899 1226 968 angelus
1269 897 1361 951 Dei
1399 894 1634 948 :Jacob!
1669 892 1772 945 vidi

199 1001 378 1053 omnia
411 1015 528 1064 quia
551 997 670 1064 fecit
695 995 788 1048 tibi
820 991 1018 1045 Laban.
1074 989 1148 1043 Ex
1187 988 1289 1041 hoc
1345 987 1462 1039 loco
1517 983 1772 1038 discimus

198 1091 345 1158 quod
378 1104 437 1142 ea
463 1104 580 1156 qum
599 1085 762 1140 Iacob
793 1083 935 1145 fecit,
992 1097 1096 1135 non
1136 1080 1258 1134 dolo
1296 1094 1395 1133 nec
1420 1077 1603 1130 fraude
1641 1075 1771 1145 egit,

198 1179 294 1232 sed
325 1177 505 1230 divina
538 1173 906 1244 dispositione,
932 1171 1016 1225 vel
1048 1168 1345 1238 etiamquia
1371 1168 1484 1222 haec
1516 1167 1566 1229 in
1604 1165 1770 1235 ﬁgura

199 1268 576 1337 gerebantur,
629 1263 768 1317 unde
812 1270 868 1316 et
923 1259 1164 1330 angelica
1211 1258 1418 1312 visione
1480 1253 1773 1310 eonfortari

199 1356 373 1410 merui
384 1364 418 1408 t.

270 1443 429 1498 Vers.
469 1443 558 1497 51.
595 1440 790 1496 Contra
815 1447 1042 1494 montem
1068 1436 1294 1493 Calaad.
1355 1434 1560 1490 Galam!
1611 1433 1776 1486 inter-

197 1545 452 1605 pretatur
489 1549 700 1587 acervus
738 1530 1034 1584 testimonii.
1088 1527 1195 1582 Sed
1233 1525 1457 1581 necdum
1503 1525 1651 1578 locus
1690 1521 1777 1575 ille

199 1627 273 1678 ita
309 1624 640 1687 vocabatur;
695 1632 881 1693 postea
914 1619 1053 1673 enim
1082 1619 1153 1674 ita
1177 1627 1395 1670 vocatus
1421 1623 1523 1676 est,
1553 1629 1671 1666 cum
1705 1612 1777 1665 si-

197 1716 250 1768 bi
288 1727 478 1768 mutuo
496 1713 769 1782 iurassent
794 1708 960 1765 Jacob
985 1717 1037 1762 et
1069 1707 1275 1770 Laban,
1315 1715 1368 1759 et
1410 1718 1660 1759 acervum
1701 1701 1778 1754 la-

201 1803 392 1869 pidum
423 1802 476 1854 in
502 1801 862 1855 testimonium
894 1805 1337 1870 congregassent.
1380 1795 1520 1866 Ergo
1541 1810 1635 1863 per
1658 1810 1780 1863 pro-

195 1892 406 1961 lepsin,
439 1891 492 1946 id
518 1899 601 1946 est
626 1905 721 1960 per
746 1889 1265 1960 prmoccunationein
1296 1886 1444 1940 locus
1490 1885 1592 1939 iste
1636 1883 1778 1937 acci-

195 1980 438 2051 piendas
465 1987 569 2033 est.

269 2070 437 2125 Vers.
475 2070 566 2123 55.
607 2067 760 2134 Quod
802 2084 975 2121 coram
1003 2076 1051 2119 te
1075 2082 1344 2135 assurgere
1367 2080 1578 2135 nequeo.
1611 2062 1774 2116 Natu-

197 2178 258 2216 ra
308 2163 470 2217 docet
500 2169 560 2215 ut
597 2160 690 2214 lilii
715 2159 1031 2229 parentibus
1082 2165 1363 2226 assurgant
1411 2166 1461 2210 et
1488 2171 1580 2211 eos
1610 2157 1776 2209 hono-

199 2264 351 2310 rent.
388 2255 520 2311 Cum
550 2269 678 2323 ergo
708 2251 909 2306 Rachel
936 2252 1173 2314 sederet,
1214 2260 1268 2304 et
1297 2249 1432 2318 patri
1465 2265 1568 2302 non
1598 2264 1779 2302 assur-

199 2354 378 2416 geret,
401 2358 667 2398 excusans
689 2356 746 2397 sc
773 2341 900 2396 dicit
924 2357 936 2392 :
967 2338 1048 2392 Ne
1073 2340 1332 2392 irascatur
1351 2337 1591 2390 dominus
1613 2354 1774 2390 meus.

198 2434 412 2488 Causas
439 2431 602 2486 etiam
643 2443 808 2498 quare
839 2443 1119 2498 assurgere
1163 2426 1427 2495 nequiret,
1483 2425 1778 2494 composite

202 2520 482 2589 signiﬁcat
530 2518 718 2573 dicens
754 2525 1025 2571 menstrua
1054 2515 1154 2570 sibi
1186 2515 1516 2585 provenisse.
1557 2514 1675 2568 Hoc.
1699 2521 1782 2567 est

199 2612 353 2664 enim
370 2611 512 2678 quod
536 2609 665 2663 dicit
696 2626 710 2661 :
734 2607 899 2661 Juxta
922 2607 1341 2660 consuetudinem
1366 2606 1676 2676 feminarum
1693 2619 1781 2656 ac«

201 2701 339 2754 cidit
370 2701 515 2752 mihi.
554 2698 851 2766 Allegorice
879 2696 1062 2750 Laban
1095 2695 1368 2751 diabolum
1416 2694 1499 2748 vel
1526 2694 1779 2746 mundum

201 2791 498 2861 signiﬁcat,
539 2791 631 2858 qui
662 2789 940 2843 dealbatus
972 2795 1026 2841 et
1048 2787 1268 2855 pulcher
1295 2796 1376 2841 est
1401 2786 1512 2840 suis
1533 2784 1782 2838 amatori-

205 2888 335 2940 bus.
379 2883 532 2938 Idola
562 2883 742 2937 Laban
777 2881 1084 2952 signiﬁcant
1108 2879 1410 2934 avaritiam.
1463 2878 1603 2933 Dicit
1638 2877 1779 2930 enim

201 2974 500 3043 Apostolus
545 2990 560 3026 :
611 2983 660 3027 et
711 2973 953 3036 avaritia,
983 2988 1100 3042 qute
1150 2982 1225 3025 est
1269 2970 1524 3024 idolorum
1565 2969 1782 3024 servitus

205 3063 430 3135 (Ephes.
458 3079 514 3129 ν,
540 3063 618 3134 5).
661 3061 786 3118 Hcce
807 3063 1088 3132 requisivit
1109 3061 1290 3116 Laban
1314 3061 1381 3115 ab
1411 3059 1596 3123 Jacob,
1617 3074 1786 3128 quan-

207 3155 279 3208 do
303 3153 551 3208 diabolus
576 3168 740 3223 regua
769 3153 952 3206 mundi
977 3159 1031 3205 et
1057 3151 1278 3221 gloriam
1310 3158 1364 3204 et
1393 3150 1650 3203 honorem
1690 3161 1781 3200 eo-

208 3262 332 3299 rum
361 3245 576 3300 Christo
603 3244 837 3300 ostendit
861 3245 1039 3315 (quem
1057 3243 1222 3298 Jacoh
1249 3241 1554 3312 signiﬁcat),
1584 3249 1779 3310 putans

1874 712 2003 765 suis.
2045 712 2285 768 Secunda
2317 724 2488 768 turma
2522 715 2617 770 fuit.
2647 717 2752 772 Line
2778 730 2832 773 et
2853 719 3102 775 Rachclis
3153 730 3206 775 et
3248 737 3434 776 eorum

1873 803 1960 870 qui
1988 820 2106 857 cum
2148 805 2226 858 cis
2255 813 2427 859 erant.
2471 804 2576 859 Sed
2613 811 2776 875 qumri
2806 818 2975 879 potest
3008 809 3108 864 hoc
3133 810 3270 876 loco,
3311 827 3432 864 cum

1873 891 2013 945 Deus
2034 893 2366 962 promisisset
2390 893 2554 949 Iacob
2581 897 2834 952 auxilium
2867 915 3021 952 suum
3051 900 3232 954 dicens
3262 918 3272 952 :
3310 898 3434 954 ΝοῘὶ

1873 983 2067 1042 timere,
2110 999 2201 1051 ego
2233 994 2396 1038 tecum
2438 1003 2571 1048 sum,
2598 996 2644 1040 ct
2676 987 3024 1058 multiplicabo
3049 1030 3062 1052 ,
3105 1005 3205 1048 cur
3249 990 3436 1042 timue-

1875 1072 2020 1124 ritet
2045 1073 2336 1141 providerit
2370 1075 2524 1128 saluti
2556 1092 2684 1140 sum,
2737 1087 2789 1131 et
2833 1094 2936 1132 non
2989 1079 3168 1148 potius
3213 1093 3271 1133 se
3329 1078 3439 1131 Deo

1875 1167 2202 1221 commiserit
2218 1169 2646 1224 custodiendum?
2661 1170 2763 1226 Sed
2779 1173 2879 1226 hoc
2895 1189 3175 1228 monenmr
3194 1173 3438 1241 exemplo

1875 1272 1940 1310 ne
1972 1258 2135 1310 Deum
2170 1266 2451 1319 tcntemns,
2493 1259 2618 1314 dum
2655 1251 2911 1318 habemus
2949 1266 3086 1332 quod
3126 1281 3223 1334 pro
3268 1265 3442 1318 salute
3475 1257 3478 1266 ’

1875 1357 2056 1398 nostra
2088 1347 2359 1402 faciamus.
2407 1350 2645 1420 Denique
2673 1362 2726 1405 et
2752 1350 2936 1418 Jacob,
2960 1356 3208 1424 quamvis
3250 1371 3347 1424 pro
3377 1370 3436 1408 se

1875 1436 1975 1489 sibi
2026 1439 2334 1506 providerit,
2363 1441 2641 1497 audiamus
2668 1453 2840 1498 tamen
2864 1446 2989 1514 quid
3022 1461 3184 1500 orans
3225 1445 3438 1499 dixerit.

1950 1523 2100 1580 Vers.
2137 1527 2190 1591 9,
2234 1528 2319 1581 11.
2350 1528 2491 1583 Deus
2513 1533 2674 1600 patris
2705 1534 2805 1586 mei
2830 1534 3111 1594 Abraham,
3136 1552 3257 1587 erue
3280 1552 3357 1588 me
3378 1535 3441 1587 de

1877 1629 2034 1666 manu
2085 1614 2263 1683 fratris
2309 1618 2427 1670 mei.
2473 1620 2604 1672 Dum
2652 1636 2780 1692 ergo
2809 1631 2861 1675 et
2898 1623 3000 1678 sibi
3057 1622 3338 1692 providet,
3387 1633 3444 1675 et

1878 1701 2041 1756 Deum
2101 1715 2249 1770 orat,
2297 1708 2387 1762 dat
2427 1711 2579 1764 nobis
2634 1713 2932 1783 exemplum
2985 1724 3040 1768 ut
3077 1715 3200 1768 vita:
3246 1725 3445 1768 nostra:

1879 1793 2284 1862 provideamus,
2351 1806 2405 1852 et
2449 1806 2626 1854 tamen
2688 1801 2925 1856 divinum
2970 1803 3225 1856 auxilium
3293 1805 3444 1858 nobis

1883 1881 2072 1936 adesse
2105 1900 2371 1952 rogemus.

1949 1974 2103 2027 Vers.
2141 1975 2231 2028 24.
2273 1976 2338 2029 Et
2369 1993 2483 2031 ecce
2513 1979 2589 2032 vir
2610 1978 2906 2035 luctabatur
2927 1999 3041 2035 cum
3071 1999 3150 2036 eo.
3203 1982 3296 2036 Vir
3323 1983 3440 2044 iste,

1878 2062 1967 2131 qui
2007 2078 2127 2117 cum
2165 2063 2330 2119 ἰαί·οὺ
2362 2065 2684 2134 luctabatur,
2725 2072 2948 2140 angelus
2995 2081 3128 2127 erat.
3186 2072 3444 2127 Luctatns

1877 2164 2055 2210 autem
2108 2173 2210 2211 non
2254 2159 2625 2228 complexione
2678 2163 3042 2226 brachiorum,
3107 2165 3197 2218 sed
3249 2165 3442 2217 olmixa

1875 2262 2055 2315 prece,
2093 2263 2195 2316 qua
2226 2249 2612 2305 obsecrabatur
2649 2261 2708 2305 ut
2755 2268 2812 2307 se
2838 2252 3196 2308 benediceret.
3249 2253 3313 2306 Et
3344 2254 3447 2306 hoc

1875 2337 2018 2389 enim
2048 2336 2183 2392 Osce
2213 2340 2467 2408 propheta
2493 2341 2725 2395 ostendit
2757 2343 2972 2397 dicens:
3001 2341 3228 2396 Incaluit
3260 2342 3327 2394 ad
3358 2359 3449 2394 an-

1877 2424 2068 2494 gelum,
2100 2436 2146 2479 et
2181 2428 2504 2497 confortatus
2534 2441 2626 2483 est.
2647 2429 2837 2495 Flevit,
2869 2442 2914 2485 et
2949 2433 3144 2502 rogarit
3165 2448 3278 2484 eum
3301 2430 3444 2501 (Osc.

1878 2524 1978 2578 χή,
2018 2515 2092 2586 4).
2133 2515 2354 2586 Mystice
2388 2517 2554 2572 .laeob
2581 2519 2800 2574 claudus
2823 2530 2876 2573 et
2908 2520 3059 2574 fortis
3106 2519 3236 2574 duas
3267 2529 3446 2589 partes

1879 2601 2085 2657 Judaici
2121 2605 2298 2674 populi
2332 2606 2618 2676 signiﬁcat,
2677 2608 2859 2663 ﬁdeles
2885 2609 3130 2664 videlicet
3171 2620 3225 2662 et
3263 2609 3450 2662 inlide-
3519 2595 3522 2598 ’

1880 2691 1977 2746 les.
2015 2693 2248 2748 Claudus
2277 2696 2418 2749 enim
2447 2705 2565 2750 erat
2589 2696 2754 2752 Jacob
2778 2698 2830 2751 in
2854 2699 3172 2763 inﬁdelibus,
3212 2714 3374 2752 sanus
3396 2707 3451 2752 et

1882 2783 2039 2838 fortis
2067 2785 2117 2838 in
2164 2785 2427 2841 ﬁdelibus.
2466 2787 2616 2854 Quod
2666 2804 2792 2842 vero
2825 2807 3033 2844 nervum
3077 2791 3286 2859 femoris
3336 2789 3448 2858 ejus

1882 2873 2094 2942 angelus
2124 2875 2306 2944 tetigit,
2341 2884 2390 2929 et
2414 2877 2697 2943 emarcuit,
2731 2878 3007 2934 moraliter
3031 2879 3296 2950 signiﬁcat
3322 2881 3449 2948 quia

1883 2980 2215 3035 quiccnnque
2244 2966 2382 3020 Deus
2405 2982 2500 3019 sua
2538 2968 2909 3024 benedictione
2958 2970 3225 3038 dignatur,
3284 2970 3336 3023 in
3381 2983 3448 3023 eo

1884 3069 2096 3108 omnem
2125 3057 2304 3111 carnis
2330 3056 2656 3126 voluptatem
2687 3057 2814 3112 facit
2840 3074 3226 3115 emarcescere.

1957 3145 2110 3200 Vers.
2140 3146 2229 3201 28.
2263 3177 2333 3186 -
2363 3147 2464 3201 Sed
2492 3147 2661 3201 Israel
2689 3151 2783 3202 erit
2807 3165 2989 3204 nomen
3016 3160 3183 3203 tuum.
3230 3149 3451 3204 Mutatio

1884 3235 2114 3288 nominis
2142 3235 2440 3288 benedictio
2475 3236 2591 3288 fuit.
2615 3235 2784 3290 Israel
2809 3247 3009 3301 autem,
3043 3241 3290 3307 quamvis
3316 3240 3452 3294 bene

207 3339 263 3392 in
292 3353 362 3391 eo
398 3336 612 3406 aliquod
637 3335 876 3389 avaritia:
895 3333 1175 3404 vestigium
1201 3349 1356 3402 posse
1382 3331 1636 3400 reperire.
1671 3329 1776 3384 Sed
1806 3300 1850 3361 (ἶ
1883 3323 1950 3378 ab
1989 3324 2238 3378 onmibus
2287 3325 2363 3378 vir
2400 3324 2574 3378 videns
2625 3325 2786 3378 Deum
2829 3326 3167 3396 interpretari
3219 3329 3448 3388 dicatur,

205 3424 378 3481 Iacob
407 3425 688 3496 ignorabat
715 3423 876 3487 idola,
914 3422 1039 3492 quia
1066 3421 1312 3476 Christus
1361 3419 1556 3473 nullam
1595 3417 1782 3472 habuit

212 3515 402 3569 mundi
435 3514 798 3584 cupiditatem.
844 3512 1044 3567 Rachel
1075 3511 1249 3566 furata
1287 3519 1370 3565 est
1411 3509 1570 3573 idola,
1611 3523 1782 3578 eaque

208 3607 399 3660 subter
411 3613 706 3658 stramenta
729 3604 1065 3658 abscondens
1092 3603 1324 3672 desuper
1344 3602 1506 3666 sedit,
1529 3601 1652 3669 quia
1681 3600 1782 3654 Ec-

209 3696 379 3750 clesia
415 3695 637 3750 veniens
664 3694 731 3748 ad
762 3694 1053 3757 Christum,
1091 3694 1410 3763 cupiditates
1438 3691 1636 3754 surculi,
1665 3691 1786 3760 qui-

210 3786 314 3841 bus
353 3797 512 3841 antea
557 3786 839 3850 servierat,
880 3800 1041 3854 quam
1085 3794 1264 3841 essent
1305 3785 1658 3854 despicienda:
1695 3799 1786 3838 co-

211 3879 419 3948 guovit,
453 3891 651 3947 easque
672 3891 767 3946 per
790 3876 1160 3946 paenitentiam
1201 3876 1454 3938 sedendo,
1506 3875 1557 3929 id
1602 3883 1685 3928 est
1727 3888 1785 3929 se

214 3968 573 4027 humiliando,
614 3967 912 4022 abscondit.
957 3966 1140 4022 Sessio
1167 3981 1398 4036 namque
1425 3966 1783 4021 humilitatem

213 4055 503 4125 signiﬁcat.
546 4055 698 4111 Unde
730 4055 1008 4110 Psalmista
1041 4073 1055 4109 :
1100 4054 1306 4125 Surgite
1340 4067 1612 4126 postquam
1639 4055 1783 4108 sede-

214 4147 331 4199 ritis
360 4145 536 4213 (Psul.
567 4162 720 4211 xxvn,
753 4145 832 4216 2).

290 4235 446 4290 Vers.
487 4236 575 4290 57.
616 4234 762 4290 Pone
785 4237 868 4290 hic
893 4252 1069 4289 coram
1093 4234 1343 4304 fratribus
1373 4235 1519 4288 meis.
1563 4232 1778 4287 Fratres

217 4342 370 4380 more
410 4324 714 4394 Scriptura:
744 4325 880 4380 ﬁlios
905 4325 1153 4395 appellat.

290 4415 447 4470 Vers.
489 4414 578 4470 40.
620 4413 781 4468 £stu
817 4415 1004 4468 urebar
1027 4425 1074 4467 et
1098 4413 1237 4484 gelu.
1284 4413 1400 4469 Uno
1428 4413 1610 4473 verbo,
1647 4413 1787 4481 quo'l

214 4521 297 4563 est
329 4509 542 4571 urebar,
569 4507 636 4561 ad
662 4507 766 4561 duo
794 4507 1064 4562 contraria
1095 4506 1385 4573 respondit,
1426 4506 1489 4558 ad
1513 4515 1699 4557 :estum
1736 4511 1790 4556 et

217 4601 282 4652 ad
313 4598 460 4666 gt'lll,
488 4597 612 4666 quia
636 4609 772 4650 unus
793 4593 1010 4650 ell'cctus
1031 4603 1114 4649 est
1149 4595 1340 4646 caloris
1367 4604 1420 4646 et
1447 4593 1678 4662 frigoris.

289 4686 445 4741 γει-ε.
483 4685 576 4739 42.
621 4683 794 4738 Timor
815 4682 990 4738 Isaac.
1029 4683 1129 4750 Qui
1159 4684 1226 4737 ab
1251 4685 1394 4736 omni
1423 4691 1669 4736 creatura
1707 4689 1789 4733 est

220 4777 514 4832 timendus.

293 4868 447 4922 Vers.
489 4867 578 4922 50.
622 4865 814 4920 Nullus
837 4865 1088 4919 sermonis
1127 4865 1289 4917 nastri
1317 4863 1457 4916 testis
1484 4871 1556 4916 est
1585 4847 1792 4928 absque

223 4958 348 5013 Deo.
379 4956 572 5012 Nullus
604 4963 686 5010 est
723 4953 969 5010 videlicet
1021 4961 1421 5008 extraneorum.
1475 4953 1570 5007 Vel
1618 4954 1792 5006 nullus

221 5051 426 5116 absque
455 5046 590 5110 Deo,
627 5045 750 5114 quia
792 5043 968 5097 nullus
1003 5044 1120 5115 ejus
1161 5043 1463 5098 testimonio
1488 5058 1788 5111 comparari

221 5146 415 5208 potest.

776 5222 1006 5282 CAPUT
1031 5221 1240 5277 XXXII.

287 5316 451 5373 Vcrs.
492 5313 548 5370 2.
591 5312 768 5371 Castra
808 5316 906 5370 Dei
944 5325 1063 5368 sunt
1118 5315 1248 5368 lucc.
1313 5313 1369 5369 Id
1417 5323 1500 5368 est
1551 5316 1789 5386 angelica

216 5411 458 5477 agmina.
503 5406 570 5459 Et
613 5407 742 5462 bene
777 5405 1022 5477 pergenti
1060 5404 1226 5459 Jacob
1266 5405 1332 5459 ad
1384 5405 1600 5460 fratrem
1648 5404 1790 5460 obvii

217 5504 438 5554 fuerunt
479 5497 655 5567 angeli
682 5499 791 5559 Dei.
851 5507 912 5552 ut
951 5497 1195 5550 videlicet
1244 5513 1339 5565 per
1381 5499 1492 5551 hoc.
1527 5499 1794 5551 conforta-

219 5605 368 5642 retnr
400 5603 459 5642 et
491 5601 601 5640 non
633 5596 891 5644 metueret
927 5585 1144 5643 fratrem
1184 5601 1407 5644 securus
1447 5590 1512 5643 de
1553 5591 1794 5652 attgehco

217 5681 444 5733 auxilio.

291 5773 333 5794 "
419 5789 430 5794 _
496 5771 528 5784 .-
601 5767 658 5784 ,ι-

1881 3413 2071 3467 melius
2090 3414 2326 3482 princeps
2357 3429 2473 3465 cum
2504 3413 2608 3467 Deo
2631 3413 2844 3468 dicitur.
2881 3415 2945 3468 Et
2968 3423 3049 3470 est
3090 3431 3316 3470 sensus:
3345 3417 3451 3470 Ne-
3487 3415 3490 3418 ’

1881 3521 2142 3575 quaquam
2168 3504 2306 3558 ultra
2330 3506 2590 3558 vocaberis
2615 3505 2802 3569 Jacob,
2826 3496 2915 3559 sed
2938 3505 3107 3560 Israel
3129 3506 3233 3560 erit
3257 3523 3449 3561 nomen

1885 3605 2054 3659 tum],
2086 3596 2136 3649 id
2163 3604 2264 3659 est,
2300 3597 2440 3650 sicut
2475 3613 2572 3666 ego
2599 3597 2846 3667 princeps
2874 3614 3015 3665 sum,
3065 3598 3142 3653 sic
3172 3608 3225 3653 et
3257 3607 3333 3664 tu,
3361 3601 3450 3670 qui

1884 3706 2096 3745 mecum
2123 3691 2314 3745 luctari
2335 3691 2574 3759 potuisti.

1958 3780 2091 3834 Vers
2115 3779 2200 3834 '50.
2240 3779 2487 3834 Passum.
2519 3781 2682 3848 facies
2732 3779 2825 3834 Dei
2875 3781 3272 3851 interpretatur.
3319 3783 3452 3850 Quia

1885 3871 2028 3926 enim
2074 3871 2160 3924 ille
2205 3872 2375 3926 dixit:
2419 3870 2534 3924 Vidi
2574 3872 2736 3925 Deum
2777 3872 2912 3941 facie
2956 3874 3024 3926 ad
3075 3873 3282 3942 facient,
3338 3875 3455 3929 ideo

1886 3959 2058 4015 locum
2091 3961 2234 4015 illum
2267 3960 2504 4015 Phanuel
2526 3963 2828 4031 appellavit.

2421 4053 2645 4108 CAPUT
2679 4052 2914 4109 XXXIII.

1958 4145 2089 4201 Vers
2123 4149 2206 4201 10.
2241 4147 2332 4202 Sic
2364 4147 2476 4200 vide
2501 4147 2686 4214 facient
2709 4157 2874 4212 tuam,
2915 4149 3066 4220 quasi
3097 4148 3290 4203 vultum
3342 4149 3450 4201 Dei.

1887 4237 2000 4291 Iloc
2056 4238 2120 4290 ad
2178 4236 2537 4290 adulationem
2583 4236 2738 4296 dixit,
2797 4237 2879 4289 vel
2933 4238 3101 4308 magis
3144 4240 3454 4306 perturbato

1887 4329 2067 4381 animo
2095 4327 2163 4379 ob
2193 4328 2434 4380 timorem
2469 4326 2665 4380 fratris.
2688 4325 2940 4393 Quamvis
2967 4330 3127 4382 etiam
3149 4337 3327 4398 posset
3352 4330 3454 4381 dici

1887 4422 2010 4490 quia
2067 4422 2231 4474 Deum
2284 4435 2381 4489 pro
2430 4419 2608 4487 aliquo
2657 4435 2850 4487 magno
2878 4421 2992 4473 viro
3036 4421 3230 4488 posuit.
3274 4419 3458 4474 Solent

1888 4513 2029 4565 enim
2059 4511 2228 4565 sancti
2272 4510 2373 4562 viri
2415 4509 2488 4562 dii
2525 4508 2803 4577 appellari,
2854 4509 2991 4562 sicut
3039 4509 3204 4580 Moysi
3255 4511 3453 4563 dictum

1890 4611 1971 4654 est
2003 4600 2278 4652 :canstitui
2302 4599 2514 4651 ledeum
2552 4597 2844 4650 Pharaonis
2877 4595 3069 4664 (Exod.
3103 4612 3196 4661 vtt,
3221 4598 3292 4666 1).
3323 4597 3455 4650 Nam

1894 4699 1948 4744 et
1977 4690 2029 4742 in
2055 4688 2244 4742 Graeco
2272 4703 2376 4740 non
2406 4686 2631 4740 habetur
2664 4695 2718 4738 tu
2751 4685 2791 4737 T
2792 4687 2890 4738 heu
2931 4703 3049 4741 cum
3079 4687 3322 4749 articulo,
3353 4702 3459 4755 quo

1898 4781 2071 4835 divina
2098 4779 2398 4832 substantia
2424 4776 2754 4847 intelligitur,
2788 4777 2881 4832 sed
2924 4776 3164 4832 absolute
3193 4775 3357 4840 Theu,
3405 4777 3456 4828 in

1895 4886 2002 4942 quo
2027 4870 2184 4923 homo
2213 4867 2561 4937 signiﬁcatur.

1967 4959 2099 5014 Vers
2131 4959 2216 5013 28.
2254 4958 2480 5011 Transiit
2527 4957 2582 5010 in
2630 4955 2825 5019 Salem,
2859 4957 3032 5011 urbem
3089 4955 3456 5010 Sic/timorum.

1901 5053 2071 5105 Solem
2103 5067 2196 5120 pro
2231 5049 2434 5103 Sic/tem
2457 5049 2643 5102 beatus
2666 5048 3021 5117 Hieronymus
3049 5057 3298 5118 corrupte
3321 5049 3462 5117 νομί·
3505 5031 3518 5132 ξ

1899 5155 2008 5196 tum
2038 5135 2185 5194 dicit.
2215 5139 2397 5194 Potest
2424 5139 2582 5192 etiam
2616 5139 2830 5207 intelligi
2872 5140 3006 5194 duas
3055 5154 3173 5194 esse
3218 5139 3461 5191 civitates
3508 5133 3516 5178 l

1900 5235 2054 5288 unius
2103 5233 2371 5286 nominis:
2409 5231 2584 5284 Salem
2631 5232 2758 5284 urbs
2805 5230 3191 5290 Jchuszcorum,
3253 5227 3303 5279 in
3357 5242 3463 5294 qua

1901 5325 2142 5393 regnavit
2175 5301 2601 5382 ll'lelchisedeclt;
2643 5328 2697 5374 et
2737 5319 2840 5372 alia
2879 5320 3001 5375 Sale
3038 5320 3164 5371 urbs
3197 5315 3466 5370 Sicltimo-

1899 5430 2015 5468 rum
2042 5428 2054 5464 :
2084 5413 2175 5466 sed
2205 5412 2429 5466 diversis
2454 5410 2645 5464 litteris
2674 5408 2982 5464 scribuntur
3022 5405 3157 5476 apud
3191 5403 3472 5473 llehra‘os,

1900 5511 1953 5558 et
1991 5503 2253 5556 diversam
2287 5501 2482 5554 habent
2512 5498 3023 5568 interpretationem.
3066 5494 3154 5548 llla
3183 5493 3324 5546 enim
3368 5493 3467 5547 Sa-

1903 5595 2002 5646 Iem
2035 5592 2176 5661 pacis
2199 5592 2376 5644 civitas
2406 5589 2619 5645 dicitur.
2665 5589 2779 5642 luce
2805 5602 2934 5640 vero
2961 5585 3082 5639 Sale
3110 5600 3319 5626 fnum.»-

1903 5684 2283 5738 iltternretatnr
