4026 6438
1168 472 1426 529 REMIGII
1464 468 2118 561 ANTISSIODDRENSIS
2158 468 2305 525 OPP.
2347 465 2527 525 PARS
2556 469 2596 524 Ι.
2623 500 2693 511 εο-
2721 470 3125 528 EXEGETICA.

3661 470 3765 530 112

522 587 647 640 ticat
694 582 927 637 animam
975 596 1072 637 sua
1103 582 1278 637 studia
1327 581 1678 652 negligentem
1705 619 1720 644 ,
1769 586 1820 633 et
1868 576 2093 630 aliormn
2126 584 2169 641 Α
2200 576 2354 632 ritale
2381 592 2563 632 semen
2583 575 2747 631 Iacob
2777 579 3028 649 pertinet.
3062 578 3150 632 Ille
3187 577 3329 633 enim
3373 587 3556 649 postea
3599 578 3767 636 Iacob

521 674 662 729 facta
692 673 981 729 studiosius
1013 672 1388 742 inquirentem.
1430 670 1592 738 Quasi
1633 669 1775 725 enim
1822 668 2096 739 egreditur

453 750 465 790 ί
523 765 591 820 ad
614 764 870 819 videndas
898 761 1167 827 mulieres,
1197 775 1320 815 cum
1350 774 1445 813 sua
1476 758 1662 812 intima
1692 756 1904 828 projicit
1939 763 1994 810 et
2041 756 2096 809 in

522 852 883 911 exterioribus
907 860 1217 920 occupatur.
1252 848 1368 903 Mox
1407 863 1536 919 ergo
1562 857 1622 901 ut
1649 846 1722 901 ita
1765 844 2039 917 egreditur
2065 860 2097 896 a

525 943 729 998 Siclmn
740 983 753 1006 ,
770 942 822 996 id
838 949 921 996 est
934 955 963 994 ει
977 939 1207 1004 diabolo,
1223 936 1542 1007 opprimitur
1555 942 1610 990 et
1626 935 1938 989 incestatur.
1949 931 2101 986 Unde

523 1034 660 1088 bene
694 1032 826 1086 Dina
853 1031 1118 1101 judicium
1144 1027 1285 1081 istud
1313 1026 1717 1094 interpretatur.
1767 1021 1912 1077 Istud
1949 1021 2095 1076 enim

524 1132 604 1177 est
626 1121 906 1192 judicium,
937 1128 1015 1184 ut,
1040 1119 1161 1187 quia
1203 1124 1394 1186 sponte
1424 1130 1482 1170 se
1520 1114 1793 1186 negligens
1818 1121 2096 1183 evagatur,

525 1229 649 1270 mox
673 1228 702 1266 a
732 1211 944 1265 diabolo
963 1215 1357 1278 corrumpatur.

594 1300 750 1355 Vers.
789 1298 843 1353 5.
871 1297 1024 1365 Quod
1054 1311 1182 1351 vero
1225 1295 1374 1360 dicit,
1406 1293 1762 1364 conglutinata
1806 1300 1880 1346 est
1922 1291 2099 1344 anima

524 1392 636 1461 ejus
673 1407 789 1444 cum
828 1407 911 1455 ea,
952 1386 1219 1459 signiﬁcat
1269 1385 1506 1439 animam
1547 1382 1932 1438 consuetudine
1961 1380 2097 1435 mala

524 1481 676 1549 quasi
705 1479 843 1535 uniri
871 1494 992 1531 cum
1017 1474 1331 1555 diabolo,ut
1352 1472 1657 1530 non‘solum
1684 1482 1888 1544 peccet,
1914 1486 2098 1526 verum

524 1572 688 1627 etiam
734 1570 991 1641 peccandi
1033 1569 1225 1624 effectu
1254 1576 1308 1624 et
1330 1567 1680 1623 delectatione
1713 1575 1975 1622 teneatur.
1995 1564 2101 1621 Sed

526 1674 577 1719 et
606 1665 648 1718 si
684 1663 969 1732 aliquando
1020 1661 1342 1730 resipiscens
1390 1657 1738 1713 contristatur
1776 1672 1873 1727 per
1925 1657 2099 1726 poeni-

524 1753 770 1815 tentiam,
795 1751 1037 1806 diabolus
1066 1749 1315 1820 proponit
1354 1762 1478 1818 spes
1506 1762 1674 1802 vanas
1705 1755 1765 1802 ut
1795 1746 1978 1801 utilem
2004 1746 2103 1800 tri-

525 1845 728 1900 stitiam
780 1844 848 1898 ab
893 1826 956 1898 ea
1004 1841 1214 1896 auferat
1264 1839 1424 1896 modo
1464 1839 1647 1895 dicens
1690 1836 2096 1893 misericordem

2197 676 2418 722 vocatus
2443 676 2545 721 est.
2579 666 2764 722 Sancti
2788 683 2914 722 vero
2936 683 3143 732 omnes,
3176 667 3228 721 id
3275 675 3357 722 est
3395 683 3552 723 verus
3579 669 3760 735 Israel,

2196 769 2478 831 postquam
2501 775 2714 816 omnem
2742 761 3140 831 corruptionem
3169 771 3224 816 et
3250 770 3568 817 vetustatem
3607 761 3766 833 depo-

2197 851 2387 917 suerit,
2414 867 2520 906 non
2560 851 2766 906 dicetur
2788 851 2978 916 Iacob,
3023 851 3074 905 id
3120 858 3203 906 est
3249 851 3775 923 supplantator(non

2199 944 2344 997 enim
2382 950 2545 999 erunt
2595 944 2724 998 vitia
2771 959 2890 1014 qua:
2925 943 3382 1014 supplantet),sed
3409 944 3589 1012 potius
3607 943 3776 998 Israel

2198 1034 2496 1100 vocabitur,
2520 1034 2774 1105 quoniam
2796 1034 2964 1089 Deum
2986 1034 3127 1089 sicut
3148 1042 3233 1090 est
3258 1034 3479 1099 videbit,
3495 1043 3550 1089 et
3565 1050 3778 1090 summa

2197 1121 2472 1178 beatitudo
2492 1124 2597 1177 erit
2613 1123 2662 1177 ei
2690 1123 2826 1179 visio
2850 1122 3129 1178 creatoris.
3162 1121 3324 1193 Reges
3349 1123 3414 1177 de
3440 1122 3630 1179 lumbis
3651 1124 3778 1178 tuis.

2202 1211 2256 1266 Id
2286 1211 2482 1282 estqui
2509 1226 2637 1267 vere
2659 1226 2813 1283 reges
2840 1219 2986 1277 sunt,
3010 1210 3329 1280 semetipsos
3353 1212 3648 1267 secundum
3676 1226 3775 1267 vo-

2200 1300 2461 1357 luntatem
2485 1301 2580 1356 Dei
2603 1301 2740 1357 bene
2765 1310 3032 1372 regentes,
3068 1301 3160 1372 qui
3199 1301 3293 1356 ﬁlii
3322 1309 3450 1358 sunt
3494 1302 3658 1357 Israel
3688 1316 3786 1373 per

2202 1392 2577 1445 imitationem.

2274 1484 2428 1538 Vers.
2460 1483 2545 1542 M.
2578 1482 2758 1536 Erexit
2786 1482 2995 1536 titulum
3039 1480 3322 1552 lapideum.
3354 1480 3591 1538 Observa
3639 1484 3785 1552 quod

2206 1589 2313 1628 non
2345 1573 2495 1639 dicit,
2526 1572 2696 1628 libans
2723 1575 2792 1639 ei,
2820 1573 2937 1639 sed,
2964 1588 3119 1642 super
3139 1589 3279 1626 eum.
3308 1571 3423 1627 Non
3448 1574 3592 1628 enim
3622 1573 3785 1643 lapidi

2202 1664 2550 1730 sacriﬁcavit,
2576 1665 2718 1735 quod
2750 1662 3042 1720 idololatra:
3068 1662 3294 1729 faciunt,
3343 1664 3435 1720 sed
3472 1664 3583 1720 Deo
3624 1679 3790 1735 super

2203 1756 2434 1837 lapidem
2458 1755 2803 1812 sacriﬁcavit.

2283 1845 2433 1902 Vers.
2468 1846 2553 1901 16.
2588 1846 2844 1917 Ephrata.
2894 1859 3012 1915 ipsa
3059 1853 3143 1900 est
3170 1844 3504 1911 Betlrlenem,
3534 1854 3589 1902 et
3620 1847 3791 1903 inter-

524 1953 643 1994 esse
688 1937 857 1992 Deum
886 1975 902 2004 ,
958 1936 1118 1990 modo
1168 1934 1395 1988 aliorum
1447 1932 1587 2015 facta
1654 1931 1900 2003 graviora
1954 1946 2103 1987 com-
2137 1917 2184 1977 Β
2210 1945 2453 2007 pretatur
2470 1937 2636 2007 frugis
2658 1946 2832 2002 terra;
2876 1936 3185 1992 Bethlebem
3212 1947 3395 1993 autem
3422 1939 3609 1994 domus
3638 1940 3791 2010 panis

526 2043 875 2092 memorans,
933 2042 1076 2080 nunc
1148 2026 1334 2078 dicens
1384 2023 1538 2093 quasi
1602 2022 1738 2076 nihil
1787 2037 1905 2076 esse
1965 2022 2107 2091 quod

527 2119 696 2183 fecit,
753 2133 895 2172 nunc
947 2116 1168 2186 prolixae
1222 2115 1345 2166 vitae
1413 2122 1655 2183 tempora
1705 2112 1771 2166 ad
1840 2112 2106 2183 agendam

526 2207 896 2277 paenitentiam
922 2202 1264 2274 repromittit.
1293 2200 1404 2255 lloc
1424 2210 1524 2265 est,
1555 2200 1697 2269 quod
1723 2199 1871 2264 dicit,
1903 2199 2103 2252 tristem

529 2296 792 2350 blanditiis
819 2294 1074 2349 delinivit.
1118 2291 1223 2348 Sed
1248 2299 1494 2361 pastores
1520 2288 1773 2344 Ecclesiae
1817 2286 1973 2358 quasi
2013 2285 2107 2340 ﬁlii

522 2384 695 2439 Iacob
723 2385 917 2439 debent
942 2382 1121 2437 carnis
1148 2380 1233 2436 vel
1268 2380 1461 2433 animae
1489 2386 1767 2449 peccatum
1797 2375 2002 2440 ulcisci,
2055 2383 2111 2429 et

526 2475 706 2545 gladio
725 2475 958 2544 spiritus,
988 2472 1125 2543 quod
1157 2478 1231 2525 est
1265 2468 1473 2524 verbum
1518 2467 1614 2522 Dei
1645 2465 1859 2538 (Ep/tes.
1884 2480 1961 2532 vt,
1994 2463 2107 2534 17),

526 2567 739 2635 punire,
763 2565 939 2634 parati
979 2576 1214 2632 semper,
1236 2559 1530 2615 secundum
1561 2555 1895 2627 Apostolum,
1929 2553 2108 2607 ulcisci

526 2670 730 2708 onmem
772 2652 1172 2706 inobedientiam
1223 2647 1307 2720 (II
1344 2648 1466 2702 Cor.
1510 2663 1568 2712 x,
1615 2645 1691 2718 6).
1723 2644 1900 2711 Qumri
1932 2650 2110 2713 potest

524 2743 818 2798 secundum
856 2742 1087 2797 litteram
1114 2739 1381 2810 quomodo
1431 2738 1524 2793 ﬁlii
1555 2752 1667 2792 rem
1715 2745 1825 2791 tam
1858 2749 2108 2805 magnam

526 2832 708 2886 facere
744 2830 1037 2901 potuerint,
1070 2844 1205 2898 quos
1234 2828 1483 2898 superius
1513 2827 1627 2897 ipse
1652 2825 1819 2881 Iacob
1858 2824 2111 2895 parvulos

525 2925 813 2996 appellavit
857 2925 1045 2980 dicens
1096 2924 1161 2976 ad
1217 2922 1409 2976 Esau:
1469 2920 1623 2974 Nosti
1681 2919 1820 2989 quod
1865 2916 2110 2988 parvulos

527 3017 744 3071 habeam
777 3033 976 3071 mecum
1004 3016 1029 3069 ?
1069 3015 1172 3070 Sed
1215 3013 1492 3069 sciendum
1524 3027 1628 3068 non
1659 3027 1827 3083 parvo
1870 3022 2111 3081 tempore

527 3108 600 3161 ibi
630 3115 896 3161 moratum
923 3105 1108 3161 Iacob.
1156 3103 1289 3159 Nam
1327 3113 1382 3158 et
1414 3103 1818 3159 tabernaculum
1861 3103 1931 3157 ibi
1974 3102 2109 3167 ﬁxit,

524 3205 584 3250 et
609 3196 779 3249 altare
800 3195 1124 3259 construxit,
1150 3202 1206 3248 et
1246 3202 1454 3264 partem
1480 3193 1658 3264 magni
1686 3193 1803 3264 agri
1827 3192 1959 3247 emit
1986 3206 2111 3246 cen-

528 3294 643 3339 tum
674 3285 845 3356 agnis.
879 3284 982 3339 Per
1008 3256 1263 3353 ltoc’ergo-
1280 3256 1698 3339 ostenditur'diu
1723 3256 1799 3338 ibi
1827 3281 2103 3338 habitasse
2138 3256 2184 3320 Ο

527 3372 715 3439 Iacob,
743 3391 850 3445 quo
881 3386 1122 3446 tempore
1162 3384 1216 3429 et
1249 3374 1338 3429 ﬁlii
1388 3373 1505 3443 ejus
1550 3382 1860 3440 creverunt,
1892 3382 1947 3429 et
1975 3374 2109 3428 Dina

530 3465 729 3521 nabilis
752 3464 887 3521 facta
910 3474 1012 3521 est.
1042 3465 1193 3533 Quod
1226 3465 1443 3520 Simeon
1479 3472 1535 3519 et
1569 3463 1696 3518 Levi
1727 3471 1932 3518 tantum
1962 3478 2112 3517 com-

532 3566 900 3610 memorantur
953 3558 1003 3610 in
1052 3558 1306 3621 facinore,
1340 3554 1617 3610 sciendum
1658 3555 1840 3625 plures
1885 3569 1979 3609 eos
2010 3554 2109 3608 ba-

2208 2028 2617 2099 interpretatur.

2246 2178 2249 2179 ν
2278 2116 2432 2173 Vers.
2447 2118 2526 2174 l8.
2554 2115 2713 2171 Pater
2733 2116 3006 2187 appellavit
3030 2133 3148 2171 eum
3168 2115 3795 2188 Benjantin.bl'ater,quze

2208 2223 2306 2279 pro
2345 2208 2437 2263 illo
2472 2208 2822 2272 moriebatur,
2879 2206 3076 2261 doloris
3107 2207 3278 2277 filium
3332 2208 3627 2278 appellavit.
3662 2208 3821 2263 Erat.

2207 2298 2349 2352 enim
2376 2295 2655 2366 prophetia
2688 2294 2837 2349 Pauli
2868 2296 3117 2365 apostoli,
3146 2296 3237 2365 qui
3270 2296 3335 2350 de
3378 2296 3467 2349 illa
3497 2297 3633 2350 tribu
3663 2295 3785 2360 fuit,

2208 2390 2299 2461 qui
2329 2397 2579 2453 matrem,
2630 2388 2683 2442 id
2712 2398 2796 2443 est
2826 2387 3137 2452 Ecclesiam,
3182 2389 3552 2457 persequendo
3600 2402 3797 2458 magno

2210 2483 2397 2539 dolore
2429 2480 2624 2538 affecit.
2662 2481 2824 2537 Pater
2855 2496 3004 2549 vero,
3054 2482 3360 2552 praevidens
3412 2483 3559 2537 illum
3602 2484 3796 2553 spiritu

2210 2576 2528 2646 pmplretico
2540 2575 2982 2638 convertendum,
3000 2573 3210 2629 vocavit
3222 2573 3370 2627 illum
3382 2573 3551 2642 ﬁlium
3575 2575 3794 2638 dextra,

2209 2665 2333 2735 quia
2383 2663 2450 2720 de
2496 2664 2715 2719 sinistra
2761 2664 3094 2719 inﬁdelitatis
3131 2662 3539 2718 transferendus
3567 2673 3687 2718 erat
3727 2665 3797 2719 ad

2214 2756 2493 2812 dexteram
2525 2754 2650 2809 ﬁdei
2678 2760 2733 2810 et
2755 2753 3486 2825 prazdieationis.Allegoricc
3515 2753 3797 2824 Benjamiu

2211 2845 2265 2900 in
2290 2846 2391 2900 hoc
2430 2844 2550 2901 loco
2586 2844 2861 2905 civitatem
2907 2842 3203 2898 Jerusalem
3239 2843 3583 2915 signiﬁcavit,
3637 2841 3794 2911 cujus

2210 2936 2384 3005 major
2411 2951 2537 3006 pars
2562 2937 2616 2990 in
2645 2935 2785 2990 tribu
2806 2934 3083 3005 Benjamin
3106 2934 3215 2989 sita
3244 2942 3381 2990 erat.
3405 2934 3535 3001 Qua:
3564 2944 3795 2988 matrem

2210 3042 2385 3090 suam,
2416 3027 2468 3081 id
2505 3036 2588 3081 est
2614 3023 2975 3096 Syuagogam,
3005 3023 3190 3078 dolore
3235 3039 3405 3094 usque
3434 3024 3526 3077 ~ad
3557 3032 3789 3077 mortem

2210 3116 2407 3181 affecit,
2460 3115 2676 3186 quando
2717 3114 2899 3169 mundi
2943 3114 3356 3182 Redemptorem
3387 3112 3455 3167 ad
3484 3127 3672 3167 necem
3706 3128 3794 3180 po-

2214 3215 2387 3278 poscrt
2410 3205 2689 3261 clamans:
2722 3202 3004 3273 Cruci/iga,
3039 3201 3285 3270 cruci/iga
3307 3200 3621 3272 eum(.loan.
3656 3200 3795 3270 χιι).

2285 3295 2439 3352 Vers.
2464 3294 2554 3350 2|.
2592 3293 2758 3348 Trans
2785 3293 2972 3346 turrim
2992 3291 3181 3362 gregis.
3208 3288 3391 3358 Gregis
3421 3290 3609 3343 turrim
3640 3289 3797 3353 dicit,

2218 3388 2271 3444 id
2293 3395 2378 3442 est
2408 3385 2604 3456 gregis.
2647 3382 2894 3436 Tradunt
2916 3379 3083 3433 Iudaei
3111 3378 3199 3433 hic
3226 3386 3409 3449 postea
3428 3376 3683 3446 templum
3702 3377 3798 3431 Dei

2211 3477 2434 3540 factum,
2473 3475 2612 3529 unde
2640 3472 2801 3526 turris
2830 3470 3021 3542 gregis,
3052 3469 3106 3523 id
3134 3477 3218 3524 est
3257 3467 3636 3532 multitudinis,
3657 3482 3792 3522 con—

2211 3566 2555 3642 gregationis,
2573 3564 2657 3620 vel
2687 3572 2860 3619 enatus
2880 3559 3199 3632 appellatur.
3215 3559 3415 3614 Beatus
3435 3557 3797 3629 Hieronymus

528 3648 714 3702 buisse
738 3648 934 3708 socios,
963 3646 1055 3700 sed
1090 3646 1177 3700 isti
1214 3653 1462 3699 auctores
1491 3642 1655 3699 caedis
1697 3642 1937 3708 fuerunt,
1978 3656 2114 3712 quo-
2210 3658 2397 3712 ωηίιη
2429 3654 2594 3725 gregi;
2632 3650 2763 3707 dicit
2811 3650 3000 3704 turrim
3051 3660 3340 3719 ραεεοηιηι,
3395 3660 3516 3716 qua:
3543 3654 3632 3701 (εει
3653 3645 3797 3700 ultra

534 3754 653 3793 rum
680 3754 833 3794 soror
858 3738 1067 3794 uterina
1095 3746 1215 3792 erat
1232 3735 1387 3791 Dina.

1075 3888 1301 3946 CAPUT
1340 3888 1558 3945 XXXV.

606 4001 758 4057 Vers.
786 4002 838 4057 4.
887 4000 952 4055 Et
983 4002 1214 4067 inaures,
1240 4017 1357 4071 qua:
1385 4010 1534 4055 erant
1566 4001 1619 4055 in
1651 4000 1868 4055 auribus
1904 4015 2106 4055 earum.

520 4091 757 4147 .Inaures
772 4093 837 4147 ad
859 4101 1233 4148 ornamentum
1256 4091 1709 4164 pertinenﬁmagis
1721 4106 1882 4161 quam
1905 4090 1974 4146 ad
2000 4091 2112 4147 ido-

500 4248 505 4255 ι
533 4185 820 4239 lolatriam.
859 4184 994 4239 Nam
1025 4193 1080 4239 et
1106 4185 1354 4254 superius
1376 4198 1564 4239 servus
1586 4184 1854 4239 Abraham
1893 4185 2111 4239 inaures

515 4274 852 4343 imposuisse
868 4274 1063 4329 dicitur
1074 4274 1141 4329 ad
1155 4274 1449 4328 ornandam
1467 4273 1658 4328 faciem
1673 4274 1951 4329 Rebeccae.
1966 4274 2108 4344 Ergo

529 4367 766 4423 sciamus
795 4367 975 4423 vocari
1000 4367 1353 4439 pbylacteria,
1368 4381 1486 4436 quae
1502 4364 1657 4421 idolis
1676 4364 2106 4435 imponebantur.

600 4472 759 4530 Vers.
790 4474 844 4529 5.
878 4473 1070 4529 Terror
1105 4474 1202 4529 Dei
1244 4473 1434 4528 invasit
1483 4488 1657 4527 omnes
1695 4488 1788 4541 per
1835 4472 2107 4526 circuitum

514 4567 787 4621 .nationes.
846 4565 918 4621 Ut
970 4566 1381 4636 promissionem
1436 4580 1591 4621 suam
1648 4566 1787 4620 Deus
1837 4564 2105 4635 impleret,

531 4672 694 4726 quam
721 4657 787 4711 ad
808 4656 974 4712 Iacob
995 4657 1280 4722 habuerat,
1316 4656 1436 4710 ideo
1462 4656 1641 4711 divino
1668 4664 1873 4711 terrore
1897 4656 2108 4710 habita-

532 4758 678 4803 tores
700 4747 1034 4804 terraaillius
1071 4746 1321 4819 perculit.
1351 4746 1536 4817 Neque
1562 4747 1718 4802 aliter
1749 4763 1847 4818 per
1873 4747 2108 4803 medium

531 4836 741 4891 illarum
771 4835 1049 4892 nationum
1072 4834 1240 4892 Iacob
1278 4835 1476 4891 illaesus
1500 4836 1728 4891 transire
1754 4837 2037 4906 potuisset.

582 4925 755 5005 .Vers.
784 4926 869 4981 I0.
901 4923 1024 4981 Non
1055 4926 1317 4982 vocaberis
1361 4925 1500 4980 ultra
1547 4924 1735 4980 Iacob.
1789 4926 1908 4995 Ipsa
1967 4940 2104 4996 pene

529 5016 695 5072 verba
734 5031 854 5087 qua:
875 5016 1098 5087 angelus
1122 5016 1352 5082 dixerat,
1393 5014 1530 5070 dixit
1567 5023 1622 5070 et
1674 5014 1970 5080 Dominus;
2000 5031 2105 5070 non

531 5116 710 5165 tamen
739 5117 866 5163 tunc
891 5118 1113 5164 vocatus
1144 5118 1227 5164 est
1250 5107 1438 5173 Israel,
1463 5108 1898 5178 sed-praedictum
1931 5118 2014 5163 est
2056 5109 2104 5163 ei

529 5199 671 5269 quod
710 5199 785 5254 ita
807 5200 1080 5255 vocandus
1121 5207 1280 5255 esset.
1311 5197 1462 5265 Quod
1486 5212 1616 5267 ergo
1667 5197 1741 5252 ibi
1791 5199 2102 5268 praedictum

513 5300 631 5355 aest,
662 5290 751 5345 hic
774 5297 860 5346 est
893 5290 1188 5360 impletum.
1481 5290 1512 5313 '
1632 5272 1637 5279 “

600 5378 756 5436 Vers.
772 5380 859 5435 Il.
889 5379 1073 5434 Cresce
1097 5388 1144 5432 et
1168 5377 1534 5450 multiplicare.
1550 5378 1663 5433 Hoc
1687 5377 1876 5433 melius
1905 5378 1971 5433 ad
1997 5377 2105 5448 spi-

530 5468 741 5525 ritalem
755 5469 929 5526 Israel
950 5468 1201 5535 refertur,
1217 5469 1309 5538 qui
1323 5469 1522 5524 crescit
1543 5476 1599 5524 et
1630 5467 2017 5536 multiplicatur
2048 5468 2100 5521 in

530 5559 841 5615 virtutibus.
874 5559 1058 5615 Omnis
1098 5573 1242 5613 enim
1270 5558 1579 5628 quicunque
1607 5556 1977 5627 supplantator
2020 5565 2103 5611 est

532 5651 806 5717 vitiorum,
839 5660 894 5705 et
916 5660 1093 5705 mente
1123 5649 1290 5704 Deum
1317 5648 1907 5734 contemplaturnrecte
1933 5644 2101 5700 Iacob

446 5804 488 5826 γ’
530 5743 612 5798 vel
655 5742 821 5797 Israel
847 5742 1161 5813 appellatur.
1202 5741 1357 5809 Quod
1404 5756 1533 5812 ergo
1585 5734 1748 5794 dicit:
1799 5737 1951 5792 Ultra
2001 5755 2100 5792 non

531 5832 791 5889 vocaberis
825 5832 1010 5899 Iacob,
1047 5848 1150 5888 non
1180 5833 1247 5888 ad
1278 5831 1425 5889 illum
1449 5831 1742 5899 hominem,
1771 5829 1865 5887 sed
1894 5830 1959 5884 a-:l
1985 5830 2095 5900 spi-

2210 3744 2545 3808 Betblehem,
2566 3741 2656 3797 ubi
2682 3748 2927 3810 pastores
2942 3738 3114 3793 sancti
3147 3735 3387 3807 angelico
3422 3733 3585 3790 aﬂ‘atu
3606 3744 3796 3789 natum

2210 3839 2496 3895 Dominum
2534 3840 2923 3911 cognoverunt,
2973 3830 3081 3911 ubi
3114 3814 3278 3883 etiam
3332 3828 3573 3898 ipsorum
3606 3827 3796 3909 trium

2208 3938 2487 4003 pastorum
2506 3904 2730 3996 corpora
2766 3904 3129 3994 requiescunt.
3155 3916 3229 3974 De
3249 3920 3352 3975 hac
3391 3918 3525 3973 turri
3551 3904 3651 3987 per
3671 3930 3794 3987 pro-

2209 4024 2429 4093 phetam
2455 4017 2769 4088 praedictum
2793 4012 3007 4068 fuerat:
3043 4010 3109 4065 Et
3155 4020 3211 4064 tu
3235 4011 3394 4064 turris
3420 4009 3591 4080 gregis
3636 4008 3795 4062 nebu-

2211 4113 2343 4177 losa,
2358 4109 2428 4163 ad
2450 4118 2499 4162 te
2527 4107 2688 4161 veniet
2708 4113 2931 4171 potestas
2952 4101 3121 4171 prima
3148 4098 3277 4168 ﬁlia:
3297 4098 3423 4153 Sion
3440 4097 3787 4168 (Miclt.tv.8).

2285 4199 2437 4257 Vers.
2466 4197 2557 4252 22.
2594 4195 2839 4258 Abiit,.et
2877 4191 3122 4245 dormivit
3151 4205 3268 4259 cum
3306 4188 3592 4242 concubina
3626 4198 3794 4257 patris

2211 4292 2314 4347 sui.
2355 4288 2517 4344 quta
2547 4285 2781 4341 litteram
2818 4280 3031 4336 facinus
3063 4279 3247 4333 Ruben
3272 4276 3614 4333 describitur.
3653 4276 3794 4331 Alle-

2211 4383 2391 4455 gorice
2424 4395 2550 4437 vero
2594 4377 2776 4432 Ruben
2826 4373 3214 4444 primogenitus
3259 4369 3475 4426 Iutlaaos
3521 4369 3788 4440 designat.

2210 4474 2404 4544 quibus
2446 4472 2620 4542 primo
2664 4466 2898 4537 cognitio
2946 4465 3037 4520 Dei
3079 4462 3221 4519 facta
3264 4471 3366 4527 est,
3409 4462 3557 4517 etde
3593 4463 3793 4532 quibus

2211 4564 2413 4619 dictum
2439 4570 2565 4616 est:
2620 4556 2793 4612 Filius
2825 4555 3198 4626 primogenitus
3241 4570 3383 4607 meus
3429 4550 3619 4607 Israel.
3664 4552 3794 4608 Bala

2210 4652 2510 4709 concubina
2537 4649 2708 4719 legem
2737 4646 3001 4717 designat.
3042 4643 3196 4711 Quod
3226 4642 3368 4697 enim
3410 4641 3491 4696 lex
3526 4657 3623 4710 per
3659 4658 3791 4698 con-

2209 4742 2459 4799 cubinam
2492 4740 2821 4809 designetur,
2860 4734 3130 4805 apostolus
3176 4733 3374 4788 Paulus
3402 4733 3665 4803 ostendit,
3701 4735 3795 4813 qui

2209 4849 2303 4905 per
2337 4832 2482 4905 Agar
2503 4829 2857 4887 concubinam
2885 4826 3271 4907 Abrahaedicit
3291 4824 3560 4894 designari
3589 4824 3790 4893 legem,

2210 4903 2330 4995 qua:
2360 4903 2412 4978 in
2442 4930 2626 4976 monte
2669 4919 2801 4973 Sina
2851 4903 3275 4986 datumst-(Gal.
3313 4929 3389 4977 tv,
3433 4912 3547 4982 24).
3607 4912 3793 4966 Ruben

2180 5028 2338 5071 -vero
2369 5026 2486 5064 cum
2514 5009 2802 5063 concubina
2829 5006 2993 5075 patris
3032 5004 3332 5068 concubuit,
3380 5002 3504 5072 quia
3532 4998 3792 5056 Iudaicus

2211 5100 2438 5171 populus
2457 5099 2628 5164 legem
2651 5104 2894 5151 sanctam
2920 5103 2974 5147 et
3002 5093 3206 5161 justam
3245 5088 3487 5158 corrupit
3506 5087 3660 5142 falsis
3682 5095 3793 5141 tra-

2210 5195 2524 5255 ditionibus,
2551 5205 2711 5261 atque
2735 5188 3047 5260 dignitatem
3071 5183 3411 5254 primogeniti
3433 5173 3638 5235 amisit.

2280 5286 2416 5341 Vers
2442 5284 2534 5339 26.
2583 5281 2655 5335 Hi
2680 5280 2779 5352 lilii
2815 5277 3003 5341 Iacob,
3032 5277 3119 5347 qui
3131 5276 3253 5330 nati
3282 5284 3402 5328 sunt
3432 5274 3480 5328 ei
3524 5273 3577 5325 in
3610 5269 3783 5326 Meso-

2208 5378 2461 5448 potamia.
2482 5373 2659 5441 Quatri
2692 5379 2870 5441 potest
2892 5383 3061 5439 quare
3086 5380 3275 5422 omnes
3297 5367 3351 5421 in
3395 5363 3786 5433 Mesopotamia

2211 5463 2315 5523 hos
2334 5475 2488 5522 natos
2514 5465 2664 5533 dicit,
2679 5478 2799 5517 cum
2825 5459 3104 5531 Benjamiu
3128 5458 3329 5531 nousit
3353 5465 3514 5511 natus
3531 5456 3587 5510 in
3613 5453 3791 5510 Meso—

2203 5555 2475 5627 potamia?
2518 5553 2703 5625 Potest
2744 5549 2920 5606 facilis
2957 5563 3078 5604 esse
3115 5545 3410 5616 responsio,
3444 5552 3503 5599 ut
3540 5543 3789 5598 dicamus

2204 5663 2299 5716 per
2326 5645 2701 5717 synecdochen
2733 5654 2852 5719 esse
2899 5638 3123 5702 dictum,
3168 5636 3222 5691 id
3245 5642 3329 5691 est
3356 5649 3388 5689 a
3416 5643 3529 5689 toto
3547 5642 3785 5703 partem.

2208 5736 2300 5793 Vel
2323 5739 2483 5792 etiam
2515 5735 2633 5790 ideo
2655 5745 2841 5788 omnes
2869 5729 3119 5784 dicuntur
3152 5726 3206 5780 in
3236 5722 3620 5795 nesapotamia
3643 5722 3785 5788 nati,

2202 5829 2326 5899 quia
2360 5824 2799 5897 Benjamin,-Iieet
2831 5821 2900 5876 ibi
2924 5830 3080 5876 natus
3113 5834 3215 5874 non
3251 5818 3343 5884 sit,
3378 5831 3569 5876 causas
3603 5826 3784 5873 tamen
