4026 6406
241 432 349 489 113

1375 419 1926 479 (ῚΟΜΜΕΧΤᾹΙἘΙΙΪΞ
1969 421 2031 473 ΙΝ
2072 423 2390 479 (ἑ1τΣΝΕ5111,

236 543 506 600 nascendi
563 541 685 595 inde
716 539 921 594 habuit.
953 537 1024 591 lbi
1075 536 1216 590 enim
1252 544 1545 605 conceptus
1586 545 1689 597 est,
1748 533 1840 585 sed
1873 538 1918 594 Λ
1948 537 2062 592 Non
2094 539 2234 593 enim
2267 555 2455 594 omnes
2486 539 2682 596 fratres
2703 547 2995 606 accusavit,
3026 544 3118 599 sed
3143 561 3302 598 unum
3331 563 3526 604 suntut.

237 640 384 692 intra
411 637 676 691 Chanaan
702 643 879 686 natus.

307 726 477 781 Vers.
508 727 602 780 ‘27.
638 724 873 778 Mambre
901 765 914 788 ,
956 723 1089 776 Arbe
1129 731 1175 775 et
1222 721 1449 774 llebron.
1497 718 1611 774 Una
1651 729 1732 772 est
1763 717 1842 771 ci—

231 820 398 876 vitas.

806 909 1032 966 CAPUT
1072 906 1310 963 XXXVI.

307 1001 472 1056 Vers.
512 1001 568 1056 6.
602 1001 742 1055 Abiit
773 1002 825 1054 in
853 1001 1070 1055 alteram
1104 999 1382 1067 regionem.
1421 995 1518 1049 llic
1541 994 1706 1064 qumri
1747 1010 1841 1062 po-

235 1104 342 1148 test
365 1110 472 1148 cur
496 1093 644 1147 Esau
685 1101 804 1162 post
836 1103 1063 1146 mortem
1097 1090 1266 1159 patris
1304 1088 1516 1142 dicatur
1563 1087 1759 1141 abiisse
1790 1087 1839 1139 in

233 1186 381 1248 Seir,
407 1195 462 1240 et
498 1185 793 1239 recessisse
823 1199 850 1236 a
891 1183 1057 1237 fratre
1090 1198 1186 1236 suo
1213 1223 1226 1243 ,
1262 1196 1383 1235 cum
1415 1181 1526 1248 jam
1555 1219 1570 1240 ,
1625 1179 1843 1247 quando

233 1276 385 1329 venit
431 1273 632 1336 Jacob.
683 1274 734 1328 in
785 1272 905 1328 Seir
951 1273 1163 1326 dicatur
1192 1270 1466 1324 habitasse
1499 1270 1522 1322 ?
1573 1269 1677 1323 Sed
1726 1268 1840 1321 fieri

232 1369 413 1436 potuit
442 1377 526 1431 ut,
553 1365 724 1421 Jacob
750 1364 988 1437 fugiente
1011 1365 1062 1418 in
1091 1362 1558 1433 Mesopotamiam,
1588 1359 1769 1415 dolore
1789 1368 1844 1413 et

234 1459 314 1512 ira
345 1466 640 1528 prterepta:
663 1457 763 1511 sibi
791 1455 1182 1511 benedictionis
1213 1453 1501 1509 recesserit
1540 1469 1568 1506 a
1606 1452 1843 1522 parenti-

234 1549 357 1611 bus,
385 1557 440 1603 et
478 1548 810 1602 habitaverit
839 1547 892 1601 in
924 1545 1046 1600 Seir
1072 1561 1170 1616 per
1196 1545 1384 1613 viginti
1417 1559 1587 1598 annos
1611 1585 1624 1608 ,
1650 1543 1843 1612 quibus

233 1637 408 1693 Jacob
450 1639 655 1694 absens
693 1639 810 1693 fuit.
860 1637 1150 1706 Postquam
1179 1651 1308 1690 vero
1349 1650 1598 1689 reversus
1639 1645 1720 1689 est
1747 1633 1840 1688 Ja-

233 1732 358 1794 eob,
384 1741 441 1785 et
468 1731 627 1786 fratri
655 1747 751 1786 suo
782 1730 1183 1796 reconciliatur,
1234 1744 1422 1782 rursus
1458 1728 1523 1783 de
1563 1727 1685 1783 Seir
1717 1742 1840 1782 cum

236 1821 410 1875 fratre
432 1837 558 1885 suo,
591 1822 761 1877 donec
793 1832 948 1894 pater
970 1823 1120 1883 vixit,
1154 1821 1414 1876 uabitavit
1441 1835 1561 1874 cum
1583 1835 1666 1873 eo.
1691 1819 1840 1873 Isaac

2022 652 2251 708 Vcrs.5.
2296 653 2547 708 Tunicam
2592 656 2919 726 polymitam.
2963 658 3015 712 Id
3053 668 3135 712 est
3176 659 3528 727 glutinatam.

1948 747 2028 800 vel
2060 746 2438 811 orbiculatam,
2461 748 2686 818 pulchra
2734 750 2994 804 varietate
3045 751 3376 807 distinctam.
3411 754 3528 806 Alia

1951 839 2228 894 translatio
2258 839 2449 899 habet.
2483 841 2600 907 fecit
2641 843 2871 896 tunicam
2908 843 3149 907 talarem,
3185 862 3304 915 qua:
3345 845 3533 902 Grarce

1944 930 2150 998 poderis
2177 929 2393 984 dicitur.
2439 931 2794 1001 Symmachus
2833 949 2961 987 vero
3005 937 3293 989 tunicatam
3317 977 3332 998 ,
3372 937 3535 990 idest

1947 1019 2194 1072 manibus
2216 1020 2438 1074 artilicis
2469 1021 2602 1074 miro
2629 1022 2822 1076 decore
2866 1024 3129 1077 variatam
3174 1025 3253 1079 vel
3296 1026 3534 1079 maniCa-

1949 1120 2076 1173 tam,
2112 1111 2162 1164 id
2213 1120 2296 1164 est
2341 1113 2580 1166 manicas
2622 1113 2930 1168 habentem.
2982 1114 3076 1169 Illo
3101 1116 3243 1169 enim
3294 1125 3534 1185 tempore

1945 1201 2180 1256 maxime
2215 1200 2437 1256 colobiis
2464 1203 2772 1268 utebantur,
2805 1204 2854 1257 id
2877 1213 2960 1259 est
2986 1207 3226 1260 vestibus
3249 1207 3366 1260 sine
3412 1222 3528 1259 ma-

1945 1293 2099 1347 nicis.
2134 1292 2364 1346 llistoria
2391 1292 2586 1361 Joseph
2619 1293 2683 1346 ad
2715 1294 2945 1348 litteram
2968 1303 3131 1363 patet,
3158 1311 3302 1350 llllllC
3331 1305 3531 1365 myste-

1946 1382 2084 1436 rium
2136 1383 2537 1453 investigemus.
2583 1382 2776 1452 .Ioseph
2820 1385 3104 1454 allegorice
3139 1386 3414 1440 Christum
3462 1388 3537 1442 si-

1943 1473 2163 1542 gnificat
2197 1471 2351 1540 juxta
2400 1475 2810 1529 immanitatem.
2854 1474 3019 1530 Jacob
3055 1476 3298 1546 diligebat
3337 1477 3531 1546 Ioseph

1941 1562 2058 1632 plus
2088 1564 2288 1617 ueteris
2336 1564 2627 1632 fratribus:
2675 1575 2730 1621 et
2781 1565 2922 1621 Deus
2976 1566 3137 1622 Pater
3187 1568 3532 1637 singulariter

1943 1654 2156 1706 amabat
2183 1653 2455 1708 Christum
2499 1655 2664 1710 lilium
2709 1673 2864 1711 suum
2897 1673 3008 1728 prae
3036 1659 3284 1713 oumibus
3313 1657 3530 1721 Judteis,

1942 1745 2032 1814 qui
2061 1756 2216 1798 erant
2243 1745 2438 1801 fratres
2453 1747 2568 1817 ejus
2592 1748 2884 1802 secundum
2909 1751 3091 1804 carnis
3111 1751 3529 1818 susceptionem.

1947 1830 2090 1886 Fecit
2119 1835 2167 1886 ei
2195 1835 2425 1886 tunicam
2468 1834 2793 1905 polymitam,
2829 1837 2880 1891 id
2910 1846 2994 1892 est
3029 1837 3368 1893 multitudine
3409 1856 3534 1895 cre-

236 1923 486 1978 mortno,
522 1913 664 1968 sicut
701 1915 788 1968 hic
820 1914 1036 1976 dicitur,
1073 1913 1191 1966 tulit
1236 1911 1596 1966 substantiam
1649 1911 1840 1964 donms
1871 1900 1914 1958 Β
1943 1922 2181 1977 dentium
2226 1939 2292 1978 ex
2327 1900 2576 1988 οηιηίίωέ
2611 1927 2965 1981 circumdedit
3012 1927 3181 1993 illum,
3226 1930 3411 1984 dicens
3439 1947 3535 2000 ρετ

233 2017 348 2055 sure
372 2011 434 2057 et
471 2004 697 2056 recessit
721 2018 748 2055 a
774 2002 940 2056 fratre.
966 2019 1082 2056 suo.
1115 2002 1305 2055 Divites
1333 2002 1469 2054 enim
1493 2010 1640 2054 erant
1669 1999 1838 2063 valde,

234 2104 284 2146 et
305 2093 475 2147 simul
497 2095 736 2148 habitare
769 2111 870 2147 non
897 2103 1156 2161 poterant.

305 2187 470 2240 ‘t’ers.
527 2187 611 2240 l0.
656 2185 898 2256 Eliphaz.
943 2186 1047 2242 Iste
1080 2186 1171 2257 qui
1220 2187 1271 2241 in
1318 2186 1456 2242 libro
1501 2185 1602 2241 Job
1647 2186 1840 2257 leg’tur

236 2276 477 2345 Eliphaz
508 2275 856 2332 Themanites.

242 2371 250 2376 ”
310 2370 473 2423 Vers.
503 2367 594 2421 9.0.
624 2364 753 2420 Filii
789 2367 910 2423 Seir
943 2367 1154 2423 IIorrrri
1200 2369 1350 2423 liberi
1391 2370 1834 2439 interpretantur.

234 2455 322 2515 lli.
369 2457 520 2510 sicut
549 2456 602 2509 in
632 2455 1077 2524 Paralipomenon
1123 2457 1259 2511 libro
1286 2457 1502 2527 legitur,
1537 2459 1713 2528 primo
1737 2457 1837 2509 ba-

235 2547 556 2600 hitaverunt
581 2545 632 2599 in
665 2556 845 2600 monte
876 2545 1012 2610 Seir,
1049 2562 1186 2616 quos
1231 2548 1557 2618 expulerunt
1594 2549 1834 2616 ldumtei,

234 2647 287 2692 et
309 2653 415 2706 pro
456 2637 561 2691 illis
585 2636 983 2693 habitaverunt.

311 2729 472 2781 V'ers.
498 2727 591 2780 24.
624 2726 731 2782 Iste
759 2739 831 2782 est
877 2729 1014 2793 Ana,
1059 2731 1148 2800 qui
1175 2731 1366 2784 invenit
1406 2749 1569 2802 aquas
1612 2733 1832 2790 calidas.

235 2819 334 2874 llic
365 2820 521 2873 locus
549 2819 698 2873 varie
735 2821 802 2875 ab
827 2819 1068 2875 llebrmis
1095 2823 1403 2891 exponitur.
1449 2824 1646 2879 Dicunt
1690 2827 1834 2879 enim

235 2910 463 2978 quidam
492 2909 635 2978 quod
682 2909 856 2964 lacum
893 2910 946 2964 in
994 2912 1208 2966 deserto
1247 2913 1539 2981 repererit,
1581 2917 1834 2984 quoniam

238 2997 401 3054 facile
433 3001 488 3052 in
533 2999 636 3054 illis
657 2998 789 3055 locis
816 3001 1106 3056 invenitur.
1143 3001 1296 3057 Unde
1335 3012 1389 3058 et
1420 3003 1521 3058 alia
1555 3006 1836 3060 translatio

237 3089 413 3142 dicit:
448 3087 657 3141 Invenit
676 3089 869 3157 jamim
896 3091 950 3142 in
987 3090 1287 3144 solitudine.
1340 3090 1537 3146 Jamim
1574 3093 1835 3150 llebraice

237 3180 412 3233 maria
441 3179 717 3243 dicuntur,
741 3180 792 3234 id
821 3190 902 3236 est
924 3197 1184 3252 aquarum
1212 3183 1484 3238 collectio.
1509 3185 1612 3238 Alii
1645 3187 1835 3240 dicunt

237 3271 384 3340 quod
435 3285 708 3340 onagros,
758 3270 810 3326 id
860 3281 943 3326 est
986 3282 1228 3342 agrestes
1275 3274 1490 3339 asinos,
1539 3275 1605 3330 ad
1656 3277 1836 3331 asinas
1865 3261 1906 3316 (ἶ

239 3361 458 3416 admitti
495 3361 706 3427 fecerit,
731 3371 787 3417 ut
813 3362 936 3418 inde
985 3363 1123 3418 asini
1177 3365 1501 3421 velocissimi
1532 3369 1840 3432 fnasceren-

238 3463 348 3507 tur.
383 3452 635 3507 Nonnulli
673 3453 879 3512 dicunt.
913 3455 1052 3523 quod
1079 3453 1146 3507 ad
1176 3471 1392 3526 gregem
1423 3472 1683 3525 equarum
1729 3459 1836 3511 asi-

240 3561 338 3600 nos
368 3544 667 3599 ascendere
693 3543 904 3608 fecerit,
937 3553 996 3598 ut
1024 3561 1089 3599 ex
1134 3545 1499 3614 hujuscemodi
1549 3548 1837 3602 concubitu

241 3638 372 3690 muli
406 3646 785 3690 nascerentur.
820 3635 1052 3701 Quidam
1079 3635 1398 3706 simpliciter
1443 3653 1606 3708 aquas
1638 3637 1838 3690 calidas

238 3735 432 3787 dicunt
456 3747 581 3787 eum
606 3732 659 3786 in
683 3733 901 3787 deserto
925 3731 1215 3802 reperisse,
1249 3745 1386 3800 quas
1410 3732 1650 3786 thermas
1679 3747 1838 3787 voca-

241 3837 381 3876 mus.
1536 3808 1544 3816 ’

312 3914 474 3968 Vers.
528 3913 617 3967 51.
656 3910 816 3982 Reges
850 3913 938 3983 qui
979 3921 1322 3982 regnaverunt
1355 3911 1408 3964 in
1458 3921 1595 3966 terra
1647 3911 1834 3966 Edoni.

248 4005 544 4060 Sciendum
570 4005 694 4074 quia
729 4019 831 4058 non
883 4019 1072 4058 omnes
1125 4019 1277 4073 reges
1315 4014 1703 4057 commemorat
1747 4005 1838 4074 qui

246 4097 467 4152 fuerunt
488 4107 775 4166 antequam
801 4097 1066 4150 haberent
1088 4110 1265 4164 regem
1295 4094 1386 4148 lilii
1411 4094 1592 4157 Israel,
1611 4111 1838 4165 qnmum

248 4188 454 4256 primus
494 4187 594 4240 fuit
631 4186 780 4250 Saul,
820 4187 911 4240 sed
954 4186 1049 4240 hos
1101 4195 1306 4240 tantum
1337 4186 1426 4255 qui
1484 4196 1842 4257 regnaverunt

248 4279 370 4331 dum
395 4279 510 4347 ipse
541 4277 680 4332 Esau
709 4279 931 4332 viveret.

259 4377 264 4382 ‘
318 4368 474 4423 Vers.
506 4369 596 4422 52.
641 4368 872 4422 Balaach
896 4383 920 4408 ι
951 4369 1094 4437 [ilius
1137 4369 1292 4421 Beor.
1345 4368 1460 4423 Non
1497 4377 1579 4423 cst
1614 4369 1699 4424 hic
1736 4369 1841 4423 Ba-

251 4462 396 4516 lanch
423 4461 513 4529 qui
552 4461 602 4515 in
637 4461 774 4516 libro
803 4461 1157 4514 Numerorum
1189 4462 1384 4531 legitur
1427 4463 1674 4515 mercede
1715 4479 1840 4516 con-

251 4555 466 4608 duxisse
509 4553 727 4607 Balaam
769 4554 1016 4607 ariulum.
1053 4553 1141 4606 Ille
1173 4555 1316 4606 enim
1361 4570 1450 4606 rex
1494 4554 1591 4608 fuit
1626 4555 1828 4619 Edoni,

253 4646 348 4697 iste
372 4661 501 4701 vero
531 4661 623 4700 rex
650 4645 747 4700 fuit
786 4647 836 4700 in
885 4645 1005 4700 Seir
1029 4687 1043 4710 ,
1075 4652 1129 4700 et
1164 4645 1252 4700 ille
1289 4645 1430 4700 filius
1469 4646 1570 4700 fuit
1599 4647 1828 4716 Sephor,

253 4735 349 4790 istc
374 4737 517 4791 filius
545 4737 701 4791 Beor.

317 4827 474 4884 Vers.
496 4829 585 4883 53.
613 4830 800 4884 Jobab.
828 4829 976 4884 Iltmc
997 4831 1215 4899 quidam
1245 4839 1434 4900 putant
1459 4847 1577 4885 esse
1602 4829 1828 4895 Job,scd

251 4921 440 4974 melius
467 4921 533 4974 de
575 4921 692 4988 ejus
738 4931 905 4990 ειη-νο
955 4919 1118 4976 fuisse
1167 4923 1438 4987 creditur,
1486 4923 1626 4977 sicut
1669 4940 1830 4994 supra

251 5013 453 5066 dictum
479 5021 582 5067 est.

781 5099 1007 5156 CAPUT
1048 5099 1305 5155 xxxvu.
1353 5171 1362 5176 ε

317 5190 475 5243 Vers.
495 5191 548 5244 2.
576 5190 840 5244 Accusarit
867 5192 1057 5260 fratres
1087 5209 1207 5245 suos
1229 5193 1368 5262 apud
1393 5203 1588 5262 patrem
1624 5192 1838 5248 crimine

246 5284 495 5346 pessimo.
532 5282 727 5337 l’ulant
755 5283 972 5352 quidam
1014 5285 1155 5352 quod
1200 5287 1532 5339 accusaverit
1570 5301 1663 5340 eos
1709 5287 1831 5356 quia

250 5391 370 5428 cum
434 5375 720 5444 pecoribus
775 5375 1286 5430 commiscebautur.
1349 5376 1440 5432 Sic
1486 5378 1727 5433 Alwinus
1779 5379 1830 5432 iu

251 5466 654 5532 Quaestionibus
683 5467 812 5521 suis.
838 5468 939 5521 Alii
965 5468 1147 5520 dicunt
1179 5469 1321 5537 quod
1353 5469 1541 5524 Ruben
1574 5487 1670 5540 pro
1699 5487 1830 5525 con-

253 5562 446 5614 cubina
483 5560 656 5630 patris
684 5560 855 5614 solum
884 5562 1240 5615 accusaverit.
1267 5564 1418 5628 Quod
1443 5566 1484 5618 si
1513 5564 1582 5618 ita
1613 5574 1716 5627 est,
1738 5581 1833 5632 per

251 5654 650 5726 synecdochen,
685 5653 734 5708 id
757 5663 838 5707 est
859 5671 886 5707 a
910 5664 1020 5709 toto
1044 5663 1248 5722 partem
1281 5655 1536 5712 debemus
1563 5659 1827 5726 accipere.

1773 5816 1810 5838 υ

325 5869 346 5893 η
386 5857 458 5909 Ita
494 5867 720 5922 uterque
746 5858 888 5921 eod.;
925 5855 1096 5925 Vulg,
1129 5856 1278 5914 Bela.

1944 2016 2257 2085 prophetam
2294 2033 2306 2069 :
2346 2015 2443 2070 [iis
2489 2019 2725 2072 omnibus
2780 2018 2914 2072 velut
2951 2031 3255 2075 ornamento
3302 2024 3533 2076 vestieris

1943 2105 2076 2177 (Isa.
2109 2124 2256 2172 xLIx,
2286 2108 2391 2177 18).
2420 2139 2488 2148 —
2512 2109 2742 2163 Oderant
2787 2111 2921 2163 enim
2957 2127 3073 2164 eum
3105 2111 3292 2180 fratres
3323 2114 3424 2166 sui.
3466 2113 3544 2166 Iit

1940 2197 2109 2252 Judaei
2141 2197 2382 2252 videntes
2431 2199 2704 2254 Christum
2739 2216 2834 2269 per
2861 2201 3013 2273 signa
3041 2211 3095 2256 et
3136 2204 3392 2256 miracula
3437 2203 3530 2258 Dei

1895 2288 1898 2290 ⁷
1940 2288 2135 2344 Filium
2166 2290 2452 2356 declarari,
2504 2291 2814 2346 invidebant
2851 2293 2930 2356 ei.
2959 2303 3013 2347 et
3055 2309 3195 2362 saepe
3231 2296 3281 2348 in
3313 2296 3433 2350 dolo
3477 2306 3534 2348 et

1940 2395 2036 2448 per
2082 2379 2308 2436 insidias
2352 2398 2472 2436 cum
2510 2397 2575 2436 eo
2623 2383 2998 2457 loquebantur.
3034 2385 3186 2452 Quod
3233 2402 3361 2440 vero
3401 2388 3532 2440 dicit

1939 2491 2030 2544 per
2049 2476 2306 2528 somnium
2332 2475 2655 2545 manipulum
2680 2493 2832 2530 suum
2877 2488 3037 2542 stare,
3069 2489 3114 2531 et
3153 2479 3379 2547 fratrum
3417 2497 3532 2533 mu-

1940 2567 2146 2637 nipulos
2181 2585 2334 2621 suum
2384 2569 2709 2639 manipulum
2757 2571 3018 2634 adorare,
3075 2571 3345 2642 significat
3402 2573 3528 2640 quia

1937 2671 2060 2730 post
2108 2662 2555 2715 resurrectionem
2599 2663 2667 2716 ab
2707 2661 2958 2716 omnibus
3012 2663 3356 2718 credentibus
3406 2680 3530 2717 cum

1938 2749 2116 2803 fructu
2165 2751 2428 2806 bonorum
2477 2766 2700 2820 operum
2748 2751 3054 2805 adorandus
3091 2762 3228 2806 erat.
3279 2752 3393 2822 lpse
3449 2763 3532 2806 est

1937 2842 2079 2895 enim
2111 2858 2334 2912 granum
2365 2841 2638 2906 frumenti,
2663 2843 2803 2912 quod
2831 2858 2927 2912 per
2948 2856 3173 2898 mortem
3206 2845 3527 2899 seminatum

1937 2933 2262 3001 germinavit
2309 2947 2406 3001 per
2452 2933 2942 2998 resurrectionem,
2991 2943 3045 2987 et
3095 2933 3172 2990 sic
3227 2935 3528 3004 manipulos

1938 3023 2059 3076 lidei
2109 3030 2165 3077 et
2211 3024 2472 3078 bonormn
2515 3038 2741 3092 operum
2794 3024 3016 3094 protulit
3070 3041 3167 3094 per
3215 3026 3525 3080 universum

1939 3114 2218 3169 mundum.
2251 3113 2402 3181 Quod
2437 3131 2564 3169 vero
2591 3115 2738 3168 aliud
2767 3132 2993 3169 narrans
3015 3117 3274 3169 somnium
3313 3117 3444 3169 dixit
3475 3134 3530 3169 se

1939 3206 2046 3258 sole
2069 3216 2114 3259 et
2137 3206 2261 3260 luna
2283 3217 2330 3261 et
2360 3207 2524 3260 stellis
2549 3208 2788 3261 undecim
2821 3208 3120 3274 adoratum,
3159 3211 3324 3278 quasri
3355 3220 3531 3278 potest

1941 3296 2008 3348 ad
2054 3296 2286 3350 litteram
2339 3297 2429 3350 ubi
2478 3297 2559 3352 vel
2587 3297 2800 3366 quando
2852 3298 3106 3352 adoratus
3157 3300 3460 3353 inveniatur
3495 3318 3526 3353 a

1939 3395 2108 3454 patre,
2132 3386 2220 3455 qui
2243 3400 2340 3456 per
2366 3385 2554 3451 solem,
2587 3397 2639 3442 et
2661 3403 2689 3440 a
2723 3396 2918 3451 matre,
2949 3404 3066 3455 qua:
3097 3404 3193 3456 per
3221 3389 3398 3442 lunam
3430 3390 3524 3442 de-

1940 3476 2270 3546 signabatur.
2300 3476 2483 3546 Neque
2520 3477 2662 3531 enim
2690 3475 2876 3540 Jacob,
2900 3478 3116 3547 quando
3146 3478 3196 3530 in
3227 3476 3520 3549 zEgyptum

1940 3566 2233 3628 descendit.
2267 3581 2389 3620 eum
2423 3567 2616 3637 legitur
2645 3572 2919 3622 adorasse.
2962 3567 3134 3623 Mater
3164 3584 3291 3622 vero
3329 3567 3446 3637 ejus
3472 3569 3524 3621 in

1944 3657 2253 3712 Bethlehcm
2287 3657 2539 3712 defuncta
2569 3658 2767 3712 fuerat.
2808 3659 2950 3730 Ergo
2989 3659 3114 3728 quia
3139 3660 3240 3715 hoc
3263 3661 3330 3714 ad
3381 3661 3527 3714 litte-

1942 3766 2056 3804 ram
2105 3760 2250 3804 stare
2289 3765 2395 3805 non
2447 3760 2643 3819 potest,
2694 3765 3039 3807 recurranms
3087 3755 3153 3808 ad
3197 3753 3526 3824 allegoriam.

1943 3841 2067 3896 ":BC
2095 3843 2237 3896 enim
2261 3842 2397 3897 visio
2425 3841 2708 3898 manifeste
2731 3845 3042 3914 pr0phetica
3070 3845 3170 3899 fuit
3197 3845 3264 3900 de
3286 3846 3525 3911 Christo,

1942 3949 2100 4001 quem
2147 3931 2246 3995 sol,
2273 3932 2428 3998 luna,
2481 3933 2647 3988 stella:
2688 3943 2742 3988 et
2787 3935 2963 3990 omnis
3015 3936 3200 3992 adorat
3253 3947 3522 3992 creatura.

1944 4024 2165 4097 Mystice
2189 4025 2352 4080 etiam
2385 4025 2484 4089 sol,
2519 4026 2569 4080 id
2591 4034 2674 4081 est
2701 4026 3023 4082 excellentia
3053 4037 3102 4082 et
3145 4028 3362 4084 claritas
3401 4046 3526 4083 san-

1944 4128 2174 4182 ctorum,
2205 4117 2350 4172 illutn
2379 4120 2562 4171 adorat
2598 4134 2611 4182 ;
2642 4118 2786 4183 luna,
2837 4119 2887 4173 id
2920 4129 3004 4174 est
3029 4120 3266 4175 Ecclesia
3293 4139 3307 4186 ;
3335 4121 3524 4184 stella),

1946 4211 1996 4264 id
2017 4218 2102 4265 est
2126 4208 2317 4279 singuli
2347 4209 2546 4279 quique
2576 4209 2831 4275 fidelium,
2863 4211 3009 4265 IIIllm
3041 4222 3365 4266 venerantur
3387 4213 3529 4267 sicut

1946 4308 2134 4364 Deum.

2017 4420 2168 4476 Vers.
2200 4420 2265 4474 I5
2287 4429 2341 4473 et
2364 4435 2516 4488 seqq.
2552 4405 2746 4472 Missus
2779 4429 2852 4472 est
2883 4418 3076 4488 Ioseph
3103 4437 3133 4472 a
3157 4429 3303 4488 patre
3324 4435 3438 4480 suo,
3471 4430 3525 4472 ut

1944 4514 2068 4585 quid
2114 4523 2320 4583 agerent
2380 4512 2568 4579 fratres
2612 4511 2690 4564 vel
2743 4528 2920 4580 greges
2967 4529 3146 4565 eorum
3201 4525 3522 4580 agnosceret.

1861 4609 1908 4667 D
1937 4607 2128 4661 Missus
2156 4614 2238 4659 est
2266 4614 2321 4660 et
2351 4604 2442 4658 Dei
2473 4603 2638 4657 Filius
2667 4619 2694 4655 a
2727 4603 2835 4657 Deo
2870 4603 3032 4658 Patre
3079 4605 3128 4658 in
3161 4605 3437 4661 mundum.
3468 4614 3525 4656 ut

1937 4697 2186 4751 homines
2211 4711 2346 4765 quos
2373 4694 2473 4747 sibi
2505 4693 2873 4748 destinaverat
2902 4733 2915 4755 ,
2940 4694 3090 4762 quasi
3121 4709 3250 4748 oves
3273 4696 3338 4746 ad
3365 4694 3522 4747 tidem

1937 4790 2234 4859 colligeret,
2256 4799 2310 4842 et
2331 4787 2396 4840 ad
2428 4795 2625 4840 arterna
2656 4800 2852 4854 pascua
2889 4783 3166 4855 dirigeret.

2008 4901 2162 4956 Vers.
2195 4899 2278 4954 I9.
2314 4897 2516 4951 Invenit
2549 4913 2634 4950 eos
2664 4897 2716 4949 in
2746 4895 3007 4948 Dothaim.
3035 4894 3279 4948 Dothaim
3305 4894 3524 4963 defectio

1940 4997 2343 5063 interpretatur.
2374 4989 2439 5044 Et
2470 5005 2656 5043 revera
2689 4990 2739 5042 iu
2788 5003 2977 5058 magna
3026 4988 3330 5042 defectione
3367 4995 3521 5039 crant

1940 5087 2028 5158 qui
2062 5087 2127 5140 de
2151 5083 2448 5138 fratricidio
2475 5081 2799 5152 cogitabant.

2015 5199 2166 5255 Vers.
2207 5197 2294 5251 21.
2331 5195 2527 5264 Joseph
2555 5210 2583 5247 a
2622 5193 2878 5247 fratribus
2917 5210 2970 5246 m
3010 5195 3284 5245 cisternam
3332 5190 3520 5242 missus

1935 5304 2008 5348 est
2041 5293 2198 5345 talari
2223 5291 2398 5343 tunica
2414 5287 2686 5358 spoliatus.
2729 5287 2791 5340 Et
2819 5286 3068 5342 Christus
3105 5285 3286 5338 carnis
3335 5280 3517 5333 tunica

1938 5400 2032 5454 per
2057 5391 2284 5436 mortem
2317 5377 2556 5447 deposita
2589 5376 2867 5430 descendit
2893 5375 2958 5428 ad
2992 5374 3278 5427 infernum.
3312 5371 3518 5425 Tunica

1939 5484 2118 5527 autem
2150 5471 2334 5526 talaris
2361 5469 2639 5525 moraliter
2670 5467 2940 5538 significat
2973 5482 3108 5535 Opus
3150 5466 3346 5518 bomnn
3393 5479 3516 5517 cum

1939 5561 2420 5618 consummatione.
2481 5558 2612 5612 Nam
2671 5567 2726 5612 ct
2781 5558 2832 5611 in
2886 5555 3152 5610 sacrificio
3209 5555 3302 5609 Dei
3347 5553 3516 5606 cotula

1943 5655 2128 5711 hostia‘
2149 5651 2439 5725 jubebatur
2465 5650 2644 5707 offerri
2672 5648 2858 5718 (erit.
2891 5663 2982 5710 vn,
3017 5648 3092 5718 ὖ).
3123 5647 3175 5702 lu
3227 5647 3394 5702 cauda
3438 5652 3521 5698 cst
