3986 5434
523 403 626 459 H5

1129 404 1382 458 REMIGII
1423 402 2074 457 ANTISSIUDURENSIB

2190 402 2260 457 ’P.
2302 406 2499 465 PARS.
2539 410 2579 466 Ι.
2614 443 2682 452 -
2706 413 3110 473 ΕΧΕΟΕΤΙΟᾹ.

3656 419 3761 479 118

516 512 640 567 linis
663 512 922 581 corporis.
954 512 1017 566 Et
1045 514 1229 568 cauda:
1260 515 1431 569 hostia
1467 514 1716 579 offertur,
1745 516 1956 583 quando
1983 516 2088 569 vir-
2114 517 2166 575 Α
2193 530 2334 589 cepto
2363 522 2471 592 fetu
2507 526 2778 594 appellavit
2813 546 2996 584 nomen
3019 530 3130 601 ejus
3156 530 3330 597 0mm.
3360 542 3415 588 et
3444 543 3638 591 caetera
3672 552 3766 592 us-

517 610 605 657 tus
632 602 876 655 inchoata
908 602 973 655 ad
1000 602 1377 671 perfectionem
1405 605 1699 657 deducitur.

583 689 741 749 Vers.
770 691 861 746 25.
906 688 1182 745 Portantes
1232 702 1428 747 stacten
1462 695 1514 747 in
1554 694 1860 764 /Egyptum.
1905 693 2089 751 Stacte

515 793 665 852 gutta
694 784 924 853 myrrhze
950 783 1178 848 arboris,
1201 785 1445 852 quamvis
1486 792 1539 839 et
1584 786 1694 854 ipsa
1737 788 1955 856 myrrha
1998 767 2088 843 vo-

517 882 689 927 cetur.
722 871 999 926 Extractio
1023 870 1222 942 Joseph
1260 874 1326 927 de
1368 873 1599 929 cisterna
1640 878 2086 932 resurrectionem

512 961 777 1031 signiﬁcat
796 960 1017 1015 Christi.

585 1049 743 1104 Vers.
773 1049 863 1103 27.
912 1048 1156 1103 Vendttus
1187 1060 1261 1103 est
1288 1048 1476 1121 Ioseph
1517 1051 1759 1108 Isntaelts
1802 1056 2089 1123 negotiato-

513 1142 657 1195 ribus
684 1141 900 1195 consilio
929 1140 1084 1194 Judte
1105 1143 1438 1211 patriarclue.
1463 1144 1719 1199 Venditus
1741 1156 1824 1199 est
1843 1145 2090 1202 Christus

513 1230 737 1286 consilio
756 1230 905 1286 Judae
930 1230 1203 1298 Scarioth,
1232 1242 1287 1288 et
1330 1244 1452 1304 post
1487 1249 1517 1289 a
1549 1236 1795 1305 gentibus
1818 1237 1990 1305 pretio
2030 1236 2091 1291 ll-

514 1320 601 1376 dei
624 1333 671 1373 ιι.
708 1321 765 1375 1n
789 1320 931 1375 LXX
972 1323 1237 1390 habetur,
1284 1326 1476 1378 aureis.
1517 1323 1623 1380 Sed
1661 1326 1850 1380 melius
1889 1327 1941 1380 in
1989 1327 2091 1382 He-

511 1412 693 1469 braica
722 1414 950 1469 veritate
1003 1414 1230 1470 habetur
1276 1432 1346 1470 xx
1389 1418 1677 1487 argenteis.
1718 1416 1903 1487 Neque
1944 1420 2089 1475 enim

512 1519 704 1560 servus
741 1505 1076 1576 pretiosioris
1113 1508 1312 1562 metalli
1352 1511 1526 1578 pretio
1556 1511 1713 1566 vendi
1754 1512 1938 1565 debuit
1983 1528 2089 1582 quo

512 1594 791 1652 Dominus.
826 1597 933 1652 Sed
972 1598 1071 1652 hoc
1112 1597 1264 1668 juxta
1299 1599 1555 1655 litteram.
1610 1602 1964 1668 Qtttercndtttn
2008 1611 2090 1657 est

419 1753 422 1756 ἢ
512 1685 640 1757 quid
693 1688 765 1742 sit
814 1687 954 1756 quod
1012 1689 1259 1755 superius
1313 1690 1442 1744 dicit
1485 1708 1498 1745 :
1564 1689 1815 1745 Viderunt
1869 1692 2088 1745 viatores

507 1778 806 1834 Ismaelitas
831 1780 998 1833 venire
1020 1796 1039 1835 ε
1066 1789 1120 1834 et
1154 1780 1240 1834 hic
1269 1781 1418 1847 dicit,
1442 1782 1793 1837 vendiderunt
1822 1796 1942 1836 eum
1973 1781 2085 1838 Ma-

2190 629 2312 681 qnc,
2363 617 2545 670 orritlit
2574 636 2689 671 eum
2738 620 3018 687 Dominus,
3064 624 3186 693 quia
3234 641 3341 678 rem
3406 626 3761 681 detestabilem

2191 708 2401 777 faceret.
2440 708 2602 764 ludas
2630 712 2731 765 hoc.
2760 711 2876 766 loco
2910 722 3062 783 typus
3090 722 3173 769 est
3204 716 3363 786 regiae
3391 716 3599 786 stirpis,
3639 734 3765 788 qua:

2189 798 2254 851 de
2298 796 2429 852 Juda
2463 801 2757 855 descendit.
2791 803 2902 857 Duo
2935 803 3025 858 lilii
3054 802 3203 861 .Iudre
3237 806 3341 860 duo
3369 819 3568 873 genera
3595 806 3765 878 signi-

2191 889 2351 943 ﬁcaut
2382 891 2638 945 malorum
2672 894 2965 959 hominum,
3011 895 3321 951 nocentium
3359 896 3631 963 videlicet,
3671 899 3766 966 qui

2189 980 2562 1050 significantur
2587 999 2684 1053 per
2707 983 2836 1048 Her,
2861 984 2927 1038 de
2970 1000 3076 1054 quo
3104 986 3302 1041 dicitur
3330 1005 3343 1041 :
3371 985 3500 1041 Fuit
3530 987 3643 1042 Her
3673 1006 3771 1042 ne-

2187 1086 2342 1139 quam
2386 1089 2560 1125 coram
2609 1071 2852 1138 Domino,
2893 1085 2940 1128 et
2969 1076 3034 1128 ab
3056 1091 3114 1128 eo
3148 1076 3348 1130 occisus
3380 1086 3476 1130 est.
3507 1074 3662 1131 Unde
3710 1085 3768 1132 et

2190 1159 2298 1215 ller
2329 1160 2476 1239 pellis
2521 1161 2603 1215 vel
2651 1162 2895 1233 pelliceus
2939 1156 3344 1233 interpretatur.
3395 1163 3558 1219 Pellis
3616 1164 3766 1219 enim

2188 1262 2407 1323 peccata
2460 1253 2769 1323 signiﬁcat:
2816 1263 2872 1313 et
2919 1254 3077 1324 primi
3125 1265 3377 1325 parentes
3420 1256 3590 1311 nostri
3640 1266 3768 1325 post

2187 1356 2465 1415 peccatum
2512 1346 2719 1399 tunicas
2741 1344 2993 1414 pellieeas
3018 1345 3265 1417 leguntur
3301 1346 3575 1401 habuisse.
3598 1345 3766 1400 Aliud

2188 1451 2357 1505 genus
2396 1445 2478 1490 est
2521 1436 2784 1490 malorum
2829 1437 3099 1492 hominum
3152 1447 3412 1509 praestare
3441 1438 3762 1501 nolentium,

2190 1525 2241 1578 id
2269 1535 2352 1579 est
2379 1525 2713 1591 benefacere,
2755 1542 2891 1597 quos
2917 1526 3182 1595 signiﬁcat
3214 1525 3386 1582 Onan.
3434 1525 3764 1596 Interpreta-

2191 1625 2275 1670 tur
2312 1617 2455 1670 euim
2484 1633 2671 1670 maeror
2700 1633 2900 1681 eorum,
2933 1616 3267 1681 subauditur,
3316 1617 3513 1685 quibus
3554 1616 3761 1671 beneﬂ-

2188 1705 2327 1759 eium
2363 1715 2617 1776 praestare
2662 1721 2766 1759 non
2817 1706 2957 1772 vult;
2992 1707 3058 1760 de
3082 1721 3189 1776 quo
3237 1705 3454 1772 dicitur,
3498 1704 3625 1775 quia
3681 1722 3765 1759 se-

2188 1814 2302 1851 men
2335 1797 2578 1854 fundebat
2605 1798 2662 1851 in
2691 1809 2884 1852 terram
2923 1798 3102 1854 nolens
3133 1799 3276 1853 nasci
3307 1797 3444 1867 ﬁlios
3480 1797 3639 1867 fratri
3664 1811 3764 1851 suo

507 1869 746 1959 dianitis.
775 1869 966 1924 lsmacl
1015 1870 1113 1924 fuit
1156 1871 1222 1925 de
1267 1871 1448 1942 Agar,
1491 1873 1698 1928 Madian
1745 1874 1810 1927 de
1865 1874 2079 1929 Cetura.
2120 1862 2160 1921 Β
2188 1898 2412 1941 mortuo,
2461 1887 2526 1941 Et
2554 1888 2652 1942 hos
2697 1903 2826 1959 ergo
2874 1888 2964 1956 qui
3001 1888 3139 1943 male
3178 1862 3400 1953 faciunt,
3431 1862 3490 1942 et
3530 1886 3652 1943 illos
3671 1886 3765 1957 qui

510 1956 651 2026 Ergo
684 1972 807 2012 vera
839 1968 920 2012 est
945 1959 1129 2028 Opinio
1161 1960 1507 2015 Hebraeorum
1531 2003 1545 2027 ,
1583 1963 1672 2031 qui
1710 1963 1896 2017 dicunt
1940 1964 2084 2033 Agar

2190 1986 2444 2047 praestare
2490 1977 2697 2042 nolunt,
2735 1956 2866 2032 ultio
2911 1979 3089 2033 divina
3133 1979 3473 2035 condemnat.

509 2056 563 2098 et
587 2047 842 2100 Ccturam
878 2063 1039 2101 unam
1068 2049 1230 2103 fuisse
1256 2049 1529 2104 feminam.
1554 2052 1736 2107 Potest
1759 2054 1937 2109 ethoc
1957 2053 2080 2119 dici,

508 2137 634 2205 quia
663 2138 910 2207 superius
941 2139 1168 2210 legimus
1197 2143 1335 2210 quod
1373 2144 1645 2197 Abraham
1685 2146 1808 2201 [iliis
1834 2145 2086 2200 concubi-

510 2243 702 2281 narum
742 2228 953 2284 dederit
1000 2247 1255 2297 munera,
1297 2243 1349 2287 et
1401 2237 1731 2305 scparaverit
1772 2253 1866 2292 eos
1903 2254 1933 2292 a
1976 2238 2085 2295 lilio

507 2318 657 2375 Isaac
683 2323 747 2376 ad
778 2323 1040 2378 orientem
1068 2342 1080 2377 :
1125 2335 1250 2380 tunc
1279 2327 1331 2380 hi
1370 2327 1502 2394 duo,
1532 2328 1721 2382 lsmael
1757 2328 2005 2384 videlicet
2032 2338 2087 2385 et

510 2410 745 2477 Madian,
780 2413 940 2468 simul
982 2414 1225 2472 habitare
1264 2426 1545 2488 cmperunt
1579 2427 1634 2473 et
1669 2434 1829 2474 uuam
1869 2430 2084 2487 gentem

504 2500 767 2559 feret-unt.

584 2595 739 2649 Vers.
778 2595 866 2649 ⁸51.
900 2595 1154 2653 Tulerunt
1192 2600 1422 2654 tunicam
1456 2601 1590 2671 ejus.
1638 2601 1840 2657 Tunica
1887 2600 2085 2673 Joseph

508 2699 636 2739 caro
661 2695 743 2740 cst
767 2684 987 2752 Christi,
1019 2704 1180 2758 quam
1210 2690 1275 2745 de
1302 2691 1523 2763 Virgine
1570 2694 1800 2764 sumpsit
1827 2703 1881 2751 et
1920 2678 2085 2762 variis

509 2775 769 2831 virtutum
814 2776 1000 2849 ligat-is
1029 2780 1321 2838 decoravit.
1362 2776 1512 2841 Hane
1553 2784 1906 2874 in‘sangttine
1946 2788 2084 2844 hmdi

507 2866 806 2934 tinxerunt,
853 2871 1069 2940 quando
1095 2873 1347 2930 invidiam
1376 2879 1580 2947 peccati
1611 2866 1659 2932 ei
1684 2877 1863 2934 facere
1905 2879 2088 2934 volue-

510 2968 655 3024 runt,
690 2972 1009 3017 accusantes
1037 2979 1157 3018 eum
1183 2968 1322 3035 apud
1363 2968 1649 3037 praesidem
1685 2968 1838 3037 quasi
1869 2967 2087 3024 seditio-

509 3062 627 3101 sum
656 3058 709 3102 et
731 3061 1155 3106 commoventem
1188 3054 1456 3123 populum.

583 3136 714 3191 Vcrs
741 3138 830 3203 δὲ,
859 3140 948 3194 55.
993 3140 1144 3195 Hunc
1171 3144 1481 3212 invenimus,
1506 3162 1695 3217 usque.
1726 3148 1839 3217 [era
1861 3148 2083 3217 pessima

511 3222 772 3279 devoravit
800 3243 935 3280 eum.
968 3226 1220 3285 Planctus
1250 3232 1350 3287 iste
1375 3232 1539 3290 Jaeob
1580 3237 1925 3305 propheticus
1962 3237 2081 3306 plus

513 3312 657 3367 dolet
679 3314 744 3368 de
791 3314 1094 3372 Judteorum
1128 3321 1427 3389 perditione
1465 3338 1625 3393 quam
1666 3325 1734 3378 de
1765 3326 1857 3378 lifii
1888 3326 1967 3380 sui
1993 3324 2084 3380 Jo-

513 3407 665 3476 seph,
691 3417 749 3461 ut
775 3410 1013 3477 putabat,
1044 3421 1238 3467 morte.
1272 3412 1410 3469 Fera
1448 3426 1623 3471 autem
1651 3418 1875 3486 pessima
1918 3434 2084 3488 popu-

508 3494 590 3549 lus
619 3505 738 3551 erat
765 3494 1094 3566 Judteorum,
1126 3501 1191 3557 de
1213 3503 1406 3573 quibus
1434 3504 1559 3559 olim
1598 3505 1879 3561 Psaltnista
1910 3525 1921 3559 :
1947 3506 2083 3559 Filii

511 3588 802 3654 hominum,
825 3592 1001 3646 dentes
1022 3611 1199 3648 eorum
1224 3613 1370 3649 arma
1392 3608 1437 3651 et
1463 3579 1850 3673 sagittteU’sal.
1874 3616 1981 3664 LVI,
2006 3600 2083 3670 5).

582 3679 738 3734 Vers.
770 3680 858 3735 35.
911 3681 1115 3751 Lugens
1160 3686 1212 3736 in
1258 3685 1539 3753 infernum.
1587 3687 1722 3742 llinc
1760 3688 1948 3747 beatus
1979 3690 2087 3744 Au-

2259 2066 2487 2123 Tertium
2551 2086 2752 2140 quoque
2791 2071 3004 2139 peperit.
3056 2069 3285 2130 Tertius,
3317 2070 3407 2140 qui
3434 2069 3552 2125 sine
3592 2084 3765 2123 uxore

2185 2169 2320 2221 erat,
2385 2169 2440 2213 et
2504 2159 2629 2214 Sela
2687 2169 2946 2226 vocatur,
3002 2159 3131 2215 illud
3184 2159 3453 2230 signiﬁcat
3509 2171 3759 2231 tempus,

2186 2251 2398 2319 quando
2435 2249 2601 2304 Juda-i
2648 2250 2763 2304 sine
2816 2264 2979 2316 rege,
3027 2249 3145 2304 sine
3195 2249 3496 2315 sacerdote,
3525 2249 3645 2305 sine
3675 2265 3765 2303 sa-

2187 2341 2595 2397 eriticiuerant.
2646 2341 2797 2399 Unde
2837 2351 2892 2397 et
2940 2342 3067 2398 Sela
3104 2343 3289 2398 divisio
3324 2342 3441 2413 ejus
3491 2341 3760 2413 interpre-

2189 2441 2351 2487 tatur.

2259 2522 2408 2579 Vcrs.
2442 2524 2527 2578 14.
2569 2523 2889 2580 Tlteristrum
2934 2538 3102 2595 genus
3147 2532 3232 2581 est
3260 2524 3592 2588 vestimenti,
3647 2538 3758 2594 quo

2186 2615 2455 2671 Palmstini
2482 2625 2537 2671 et
2563 2615 2795 2671 maxime
2836 2616 3081 2672 Arabiae
3110 2617 3365 2672 mulieres
3395 2623 3641 2670 utuntur.
3668 2614 3763 2668 Di-

2186 2707 2327 2762 citur
2354 2718 2532 2762 amcm
2559 2704 2877 2771 theristrum,
2924 2720 2989 2762 eo
3016 2706 3156 2777 quod
3190 2707 3243 2761 in
3277 2707 3442 2772 theri,
3480 2705 3535 2760 id
3567 2714 3654 2760 est
3706 2706 3758 2760 in

2184 2807 2392 2860 aestate,
2423 2798 2514 2851 illo
2545 2796 2813 2852 velamine
2862 2806 3107 2851 utuntur.
3162 2797 3428 2853 Discitnus
3459 2805 3640 2851 autem
3692 2811 3760 2850 ex

2185 2890 2286 2944 hoc
2311 2888 2427 2944 loco
2452 2887 2542 2942 illo
2586 2887 2748 2943 etiam
2803 2894 3045 2957 tempore
3091 2887 3200 2946 alia
3235 2889 3400 2945 fuisse
3439 2887 3758 2943 vestimenta

2185 2983 2490 3045 viduarum,
2530 2990 2585 3035 et
2613 2980 2720 3035 alia
2748 2980 3117 3036 meretricum.

2256 3072 2414 3126 Vers.
2444 3071 2534 3125 25.
2572 3069 2775 3125 Habeat
2803 3071 2924 3136 sibi,
2952 3081 3087 3126 certe
3111 3071 3368 3126 mendacii
3406 3086 3500 3124 nos
3538 3086 3759 3141 arguere

2189 3178 2292 3216 nou
2333 3162 2520 3231 potuit.
2550 3160 2607 3215 In
2639 3159 2782 3216 facto
2807 3158 2957 3215 Juda:
2984 3176 3087 3215 non
3115 3159 3348 3232 justitia,
3377 3159 3470 3217 sed
3497 3159 3634 3216 ﬁdes
3668 3177 3759 3231 ap-

2188 3262 2360 3322 paret.
2410 3251 2468 3306 Si
2509 3252 2651 3305 enim
2673 3248 2856 3318 justus
2882 3248 3096 3316 fuisset,
3124 3250 3428 3305 castitatem
3459 3260 3755 3306 servasset.

2183 3342 2345 3398 Fides
2374 3351 2550 3395 autem
2581 3324 2633 3393 in
2673 3338 2778 3393 hoc
2806 3337 2926 3405 fuit,
2956 3340 3084 3408 quia
3113 3338 3345 3404 luedum,
3375 3353 3535 3408 quem
3565 3339 3760 3407 promi-

2184 3444 2350 3497 serat,
2394 3431 2620 3487 remisit.
2681 3430 2900 3502 Mystice
2939 3429 3106 3486 ludas
3151 3430 3257 3486 hoc
3303 3429 3422 3485 loco
3467 3444 3757 3499 personam

2185 3527 2322 3597 gerit
2364 3523 2583 3579 Christi.
2631 3521 2890 3587 Thamar,
2922 3535 3040 3591 qua:
3063 3520 3363 3574 amaritudo
3394 3519 3476 3575 vel
3529 3536 3760 3574 commu-

2184 3627 2293 3671 tata
2332 3617 2733 3686 interpretatur,
2766 3622 2923 3685 typus
2947 3621 3028 3668 est
3055 3609 3326 3677 Ecclesiae,
3374 3626 3497 3681 quae
3525 3611 3580 3664 in
3611 3624 3758 3665 ama-

2187 3706 2419 3762 ritudine
2466 3704 2781 3760 idololatria:
2809 3703 3144 3758 versabatur.
3180 3700 3289 3756 Sed
3324 3700 3474 3759 venit
3520 3700 3590 3756 ad
3638 3713 3757 3754 eam

496 3760 757 3865 ’gustititts
783 3772 973 3865 qumrit
993 3781 1178 3865 utrum
1202 3774 1298 3828 soli
1332 3776 1455 3829 mali
1485 3776 1550 3829 ad
1576 3777 1840 3832 infernum
1865 3780 2087 3834 descen-
2183 3794 2370 3862 Judas,
2400 3760 2679 3865 'requisim
2709 3809 2833 3849 cum
2881 3801 3099 3864 pastore
3130 3807 3227 3848 suo
3271 3790 3618 3856 Odollamila,
3667 3790 3756 3860 (ιυί

509 3857 659 3924 dant,
708 3874 776 3913 an
807 3861 930 3915 mali
964 3862 1121 3916 simttl
1164 3873 1215 3917 et
1264 3865 1409 3919 boni.
1458 3866 1565 3920 Aut
1614 3867 1752 3922 forte
1788 3871 2082 3941 perturbati

509 3950 674 4004 animi
702 3953 859 4007 verba
890 3962 1033 4008 sunt.
1064 3953 1168 4009 Sed
1197 3957 1454 4011 credibile
1498 3969 1581 4014 est
1615 3959 1777 4016 fuisse
1818 3964 1959 4033 apud
2005 3964 2085 4018 iu-

507 4040 720 4096 fernum
752 4046 996 4113 quaadam
1046 4047 1157 4101 loca
1204 4052 1494 4105 secretiora
1538 4061 1593 4106 et
1641 4055 1817 4109 minus
1853 4058 2082 4125 pmnalia

511 4142 638 4189 ante
664 4137 964 4203 passionem
992 4138 1222 4203 Domini,
1241 4142 1304 4194 ad
1327 4157 1445 4210 qua:
1464 4143 1623 4197 etiam
1647 4146 1822 4199 sancti
1863 4146 2084 4202 descen-

513 4227 730 4293 debant,
747 4230 873 4298 quia
897 4230 1071 4284 nullus
1095 4232 1397 4301 paradisum
1426 4234 1629 4304 ingredi
1655 4245 1884 4304 poterat,
1908 4237 2084 4295 nullus

516 4327 726 4386 portam
756 4321 900 4389 regni
920 4320 1157 4376 castestis
1191 4322 1413 4389 intrare,
1440 4324 1609 4379 donec
1636 4324 1881 4381 Christus
1904 4327 2085 4382 rhom-

505 4409 711 4478 plueam
746 4410 956 4479 igneam
988 4422 1281 4468 amoveret.

580 4500 732 4554 Vers.
765 4502 855 4556 56.
897 4500 1175 4572 Putipltari
1209 4506 1464 4559 eunucho.
1513 4506 1666 4562 Hunc
1711 4507 1813 4563 alia
1857 4509 2083 4564 transla-

511 4589 587 4641 tio
611 4604 712 4642 non
743 4591 1057 4660 magistrum
1083 4592 1303 4657 militia,
1343 4597 1434 4650 sed
1459 4599 1891 4669 archimagirum.
1916 4602 1968 4655 id
2003 4612 2084 4657 est

513 4678 808 4746 pr'ncipem
838 4696 1129 4749 coquorum
1173 4684 1435 4753 appellat,
1486 4687 1578 4756 qtti
1622 4689 1784 4742 etiam
1833 4693 2086 4746 sacerdos

517 4765 804 4835 llciiopolis
834 4769 998 4824 fuisse
1045 4771 1260 4827 dicitur.
1307 4773 1404 4829 Ubi
1441 4778 1608 4844 quaeri
1656 4788 1831 4847 potest
1860 4797 2086 4850 quomo-

514 4857 583 4911 do
638 4873 861 4913 uxorem
911 4861 1115 4918 habens
1167 4866 1416 4921 sacerdos
1468 4883 1586 4923 esse
1641 4873 1895 4939 potuerit.
1950 4872 2082 4926 Nam

509 4948 851 5015 gvrophtnta:
896 4949 1280 5027 ~Egyptiorum
1352 4970 1454 5009 non
1526 4958 1626 5011 nisi
1694 4960 1825 5012 casti
1899 4969 1951 5015 et
2014 4961 2082 5014 ab

511 5040 772 5094 uxoribus
816 5040 974 5094 alieni
1014 5058 1133 5097 esse
1183 5055 1448 5112 poterant.
1498 5047 1739 5102 Tradunt
1781 5048 1945 5104 Judaei
1988 5051 2082 5106 Ja-

508 5130 639 5197 scph
669 5130 1084 5198 pulcherrimum
1135 5133 1321 5199 fuisse,
1349 5146 1403 5189 et
1438 5138 1505 5191 ob
1554 5138 1652 5191 hoc
1680 5141 1744 5192 ad
1784 5150 1935 5210 turpe
1982 5144 2083 5196 mi—

507 5221 787 5274 nisterium
840 5233 1097 5292 emptum,
1148 5227 1241 5279 scd
1276 5227 1414 5281 Deus
1453 5229 1567 5297 ejus
1617 5231 1785 5283 virilia
1834 5234 2078 5298 arefecit,
2186 5243 2353 5284 clnlnc
2386 5243 2507 5278 .t:..:.

1124 5332 1436 5356 Dnl'rnrnnnn

509 5325 578 5363 ne
616 5323 821 5360 (fastum
849 5330 1070 5364 nuarum

2115 4572 2160 4629 D

2185 3887 2342 3942 lliras
2370 3887 2686 3943 vocabatur.
2721 3883 2885 3939 Hiras
2933 3893 3114 3938 autem
3156 3882 3544 3952 interpretatur
3573 3881 3756 3950 fratris

2183 3977 2285 4031 mei
2339 3978 2501 4042 visio,
2549 3974 2810 4031 Joannem
2862 3973 3159 4044 Baptistam
3212 3973 3538 4042 designans,
3598 3985 3754 4042 quem

2182 4069 2430 4125 Christus
2486 4077 2610 4123 ante
2640 4083 2699 4122 se
2735 4081 3036 4137 praeconem
3072 4064 3352 4136 praemisit.
3382 4062 3513 4118 Erat
3543 4062 3757 4117 (Μουτι-

2182 4159 2332 4225 mito,
2365 4158 2456 4229 qui
2505 4158 2895 4226 interpretatur
2941 4155 3313 4219 testimonium,
3351 4153 3483 4223 quia
3529 4153 3756 4207 Domino

2185 4249 2547 4304 testimonium
2600 4248 2651 4301 in
2681 4263 2818 4317 aqua
2847 4245 3101 4302 Jordanis
3148 4244 3441 4315 perhibuit.
3482 4241 3635 4297 Venit
3664 4241 3757 4298 Ju-

2181 4341 2277 4395 das
2304 4341 2372 4394 ad
2419 4339 2706 4394 tondendas
2736 4355 2869 4394 oves.
2917 4338 3080 4394 Venit
3122 4337 3369 4393 Christus
3391 4336 3459 4390 ad
3488 4334 3752 4398 homines,

2183 4440 2242 4486 ut
2287 4447 2380 4487 eos
2425 4431 2707 4486 velleribus
2734 4439 2789 4485 et
2819 4429 3065 4485 sordibus
3103 4435 3449 4499 peccatorum
3490 4440 3752 4480 exonera-

2187 4531 2288 4576 ret.
2343 4520 2486 4575 Tunc
2525 4519 2754 4574 Thamar
2795 4519 2938 4583 uidit,
2998 4519 3051 4573 id
3091 4527 3175 4573 est
3221 4517 3475 4572 misertus
3521 4522 3607 4570 est
3656 4515 3755 4570 Ec-

2186 4612 2386 4676 clesiae.
2436 4620 2490 4666 et
2538 4618 2741 4665 mutato
2788 4610 3003 4665 nomine
3048 4617 3102 4663 et
3128 4607 3315 4663 habitu
3347 4605 3477 4662 fecit
3523 4622 3645 4661 eam
3689 4606 3755 4660 de

2187 4703 2468 4775 Synagoga
2513 4701 2828 4765 Ecclesiam,
2861 4701 2927 4755 de
2965 4699 3251 4754 meretrice
3295 4712 3570 4768 sponsam.
3602 4695 3753 4764 Quod

2184 4802 2363 4846 autem
2412 4808 2516 4845 non
2545 4789 2793 4855 cognovit
2835 4804 2954 4843 eam
2980 4829 2997 4853 ,
3048 4788 3150 4842 hoc
3186 4796 3270 4842 est
3315 4786 3458 4856 quod
3500 4785 3614 4855 ipse
3660 4799 3755 4855 per

2184 4883 2521 4936 I’salmistam
2553 4880 2719 4934 dicit:
2756 4877 2988 4949 Populus
3029 4894 3182 4948 quem
3237 4893 3339 4930 non
3369 4875 3604 4946 cognovi,
3642 4890 3751 4929 ser-

2184 4973 2299 5025 vivit
2331 4969 2457 5023 mihi
2488 4969 2657 5040 (Psal.
2685 4983 2816 5031 xvu,
2858 4967 2973 5038 44).
3025 4967 3181 5021 Dedit
3222 4966 3271 5021 ei
3311 4980 3409 5036 pro
3450 4963 3753 5019 arrhabone

2185 5060 2460 5125 annulum,
2501 5058 2763 5123 baculum,
2809 5059 3093 5123 armillam,
3144 5057 3337 5130 pignus
3384 5056 3636 5111 videlicet
3663 5071 3754 5110 vo-

2184 5153 2433 5217 cationis,
2456 5152 2854 5222 justiticationis
2880 5160 2936 5205 et
2974 5151 3411 5222 gloriﬁcationis,
3455 5150 3598 5205 sicut
3621 5149 3752 5220 Apo-

3031 5243 3123 5286 bm
3171 5241 3502 5304 iusti/icavtt;
3534 5250 3580 5293 et
3628 5254 3751 5311 quos

2539 5261 2551 5272 ο
2584 5241 2726 5272 (1......
2767 5242 2964 5276 -λριηιδο
