3986 5402
197 478 304 535 H7

1325 474 1870 532 COMMENTARIUS
1909 476 1971 530 IN
2010 477 2334 534 GENESIM.

3364 482 3478 544 iis

195 589 472 647 desiderio
496 605 643 662 vaga:
663 589 924 657 libidinis,
944 591 1036 647 sed
1056 606 1238 647 amore
1253 591 1572 663 generaudw
1596 590 1781 660 prolis.
1815 597 1859 653 Λ
1889 592 1937 662 gi
1984 594 2291 663 porrigebat
2324 595 2401 649 vel
2452 597 2789 667 propiuabat.
2828 597 2937 653 Hoc
2971 599 3326 655 ministerium
3361 617 3470 656 non

269 700 427 757 Vers.
459 702 549 758 29.
591 702 767 768 Quare
780 680 945 758 diuisa
969 715 1042 758 est
1069 715 1277 775 propter
1301 714 1349 757 te
1375 703 1600 757 maceria
1626 704 1650 755 ?
1675 701 1729 754 Μ
1734 719 1787 755 a-

197 801 398 855 ceriam
447 809 607 856 vocat
663 801 1089 856 membranulam
1144 803 1526 855 secundarum.
1585 798 1786 852 Phares

196 900 384 946 autem
413 891 1044 962 interpretaturdivisio,
1076 909 1105 946 a
1136 909 1242 962 quo
1271 893 1550 946 Pharisaei.

271 980 431 1040 γει-ε.
482 983 571 1040 50.
625 981 767 1038 Zara
810 985 1198 1055 interpretatur
1252 982 1472 1047 Oriens,
1532 981 1613 1037 vel
1657 975 1782 1052 quia

193 1073 352 1145 prior
421 1075 604 1146 egredi
678 1075 899 1140 debuit,
979 1076 1064 1132 vel
1157 1076 1282 1145 quia
1351 1091 1418 1130 ex
1492 1075 1635 1131 illius
1707 1073 1786 1128 la-

195 1166 351 1223 milia
408 1167 563 1222 multi
605 1167 738 1238 justi
793 1177 849 1223 et
895 1169 1167 1237 sapientes
1220 1168 1394 1223 exorti
1440 1176 1584 1223 sunt.
1640 1167 1786 1221 Alle-

194 1261 383 1332 gorice
443 1277 541 1331 per
599 1262 697 1316 hos
753 1261 887 1316 duos
936 1261 1074 1317 ﬁlios
1128 1261 1277 1317 Juda:
1333 1261 1439 1315 duo
1500 1261 1675 1332 populi
1726 1260 1787 1314 ti-

194 1359 494 1420 gurantur;
523 1366 620 1420 per
646 1348 866 1415 Zaram,
919 1353 1009 1421 qui
1049 1351 1257 1422 primus
1309 1367 1527 1404 manum
1576 1352 1782 1416 eduxit,

192 1438 457 1495 Judaicus
482 1440 710 1511 populus
734 1441 1064 1511 designatur,
1097 1441 1185 1512 qui
1214 1442 1368 1510 quasi
1402 1457 1618 1494 manmn
1648 1456 1784 1509 prte-

193 1534 339 1596 buit,
376 1534 593 1603 quando
623 1549 683 1587 se
717 1541 1079 1602 praeparatum
1131 1534 1197 1587 ad
1249 1532 1348 1587 Dei
1391 1534 1643 1586 mandata
1685 1533 1783 1585 im-

192 1624 390 1692 plenda
420 1625 674 1679 ostendit.
707 1622 807 1678 Cui
835 1625 1084 1679 obstetrix
1123 1625 1388 1678 coccinum
1417 1623 1580 1694 ligare
1603 1622 1780 1688 voluit,

192 1715 249 1769 id
293 1724 380 1769 est
413 1714 518 1769 ﬁde
544 1714 839 1769 Dominica:
887 1717 1159 1786 passionis
1205 1726 1257 1769 et
1301 1717 1480 1769 crucis
1509 1715 1654 1769 lillllll
1703 1716 1785 1768 iu-

189 1807 420 1876 sigidre.
451 1805 744 1861 Cocciuum
774 1821 923 1872 vero,
971 1808 1118 1878 quod
1159 1808 1436 1878 sanguinis
1481 1808 1641 1862 habet
1689 1824 1782 1863 co-

192 1896 387 1959 lorem,
441 1896 644 1953 Christi
675 1897 877 1953 indicat
907 1899 1238 1970 passionem.
1295 1897 1398 1953 Sed
1449 1899 1537 1954 ille
1567 1917 1779 1953 "ianum

1893 686 1997 740 vile
2059 686 2224 742 fuisse
2272 689 2412 758 apud
2461 690 2711 758 antiquos
2757 692 3042 745 Ostendunt
3099 691 3292 747 fabula:
3344 710 3470 762 poc-

1895 790 2109 844 tarum,
2147 782 2198 834 in
2249 783 2443 850 quibus
2491 783 2722 838 refertur
2752 786 2893 854 quo-l
2947 784 3155 854 Jupiter
3201 789 3468 844 amasium

1895 874 2049 926 suum
2103 872 2468 939 Ganymedem
2527 875 2839 944 pint-eruam
2895 876 3118 931 deorum
3171 879 3441 936 constitue

1893 964 1983 1018 rit.

1896 1091 1902 1097 .
1964 1051 2116 1108 Vers.
2148 1055 2234 1108 l7.
2277 1053 2344 1108 Et
2367 1055 2421 1109 in
2447 1072 2550 1110 uno
2593 1058 2843 1123 canistro,
2873 1071 3012 1128 quoa
3041 1071 3150 1115 erat
3193 1061 3472 1127 excelsius,

1889 1156 2098 1219 portare
2125 1164 2205 1201 me
2244 1165 2418 1202 omnes
2457 1151 2619 1214 cibos,
2649 1153 2738 1221 qui
2785 1153 2915 1220 fiunt
2967 1165 3079 1207 arte
3124 1155 3363 1225 pistoria.
3413 1157 3472 1212 In

1890 1240 2078 1295 Graeco
2106 1241 2354 1306 habetur,
2384 1253 2591 1312 portare
2617 1261 2697 1297 me
2718 1246 3028 1300 chondriton
3061 1247 3198 1306 b,-id
3247 1258 3332 1302 est
3378 1263 3478 1319 pa-

1889 1349 2012 1387 nem
2045 1334 2330 1388 cibarium.
2383 1334 2489 1390 Sed
2529 1337 2633 1392 hoc’
2660 1353 2764 1391 non
2806 1341 3054 1394 convenit
3083 1340 3375 1406 Pharaoni,
3415 1353 3474 1394 ut

1891 1425 2093 1480 cibario
2122 1437 2259 1494 pane
2305 1436 2631 1481 vesceretur.
2679 1427 2859 1481 Potuit
2889 1439 3065 1483 tamen
3100 1430 3238 1491 ﬁeri,
3269 1439 3327 1483 ut
3350 1431 3474 1484 hea-

1889 1522 1975 1569 tus
2016 1513 2344 1585 Augustinus
2397 1516 2528 1570 dicit
2575 1527 2622 1579 ο.
2671 1525 2729 1572 ut
2774 1519 3013 1573 canistra
3065 1520 3336 1574 rideretur
3376 1522 3474 1575 ba-

1889 1607 2017 1661 here
2077 1609 2332 1662 deorsum
2385 1623 2550 1677 panes
2594 1610 2866 1675 ciharios,
2917 1627 3082 1681 supra
3134 1627 3270 1682 quos
3318 1623 3477 1668 erant

1890 1702 2068 1754 omnia
2102 1742 2116 1764 ,
2146 1718 2265 1771 qum
2303 1705 2435 1757 ﬁunt
2476 1716 2590 1760 arte
2623 1708 2865 1774 pistoria.
2899 1707 3123 1777 Mysticc
3153 1709 3203 1762 hi
3234 1709 3339 1763 duo
3370 1709 3474 1764 viri

1890 1791 1994 1844 duo
2029 1802 2151 1846 sunt
2182 1794 2378 1864 populi,
2413 1796 2502 1864 qui
2535 1798 2694 1851 ambo
2724 1799 2964 1866 graviter
2986 1810 3373 1868 peccaverunt,
3407 1811 3466 1852 ut.

1889 1881 2176 1949 Apostolus
2202 1884 2332 1937 dicit
2367 1901 2380 1940 :
2423 1885 2544 1940 Non
2572 1897 2644 1941 est
2689 1887 2952 1941 distinctio
2978 1887 3157 1942 Juaa'i
3196 1899 3243 1944 et
3280 1888 3474 1944 (ἶνα-τί,

189 1998 536 2052 cruentatam
594 1988 855 2058 sanguine
884 1989 1267 2060 prophetarum
1298 1999 1352 2044 et
1381 1990 1548 2059 ipsius
1597 1991 1778 2045 Domi-

1892 1971 2077 2028 Onmes
2100 1987 2435 2045 peccaverunt
2466 1987 2513 2030 et
2546 1990 2690 2048 egent
2738 1977 2905 2048 gloria
2937 1980 3033 2032 Dei
3064 1979 3242 2050 (Ilum.
3275 1997 3326 2045 κ,
3360 1981 3471 2050 19).

191 2077 247 2130 ni
285 2079 527 2143 retraxit,
567 2079 693 2147 quia
723 2078 881 2133 ﬁdem
923 2079 1192 2150 passionis
1241 2080 1358 2149 ejus
1407 2081 1648 2148 recipere
1680 2096 1779 2136 uo-

190 2169 311 2223 luit.
343 2167 442 2223 lllo
469 2169 738 2232 tardante.
768 2170 954 2240 junior
1001 2186 1250 2243 egressus
1297 2181 1381 2226 est
1427 2170 1633 2236 frater,
1683 2173 1785 2226 hoc

189 2271 299 2324 est,
342 2259 572 2329 populus
599 2259 815 2332 gentilis
858 2261 1128 2317 credendo
1177 2263 1229 2317 in
1262 2263 1536 2317 Christum
1565 2263 1632 2318 ad
1661 2263 1783 2318 obe~

190 2352 450 2408 diendum
477 2353 763 2424 praeceptis
792 2353 907 2422 ejus
935 2371 993 2409 se
1021 2357 1366 2425 praeparavit.
1405 2397 1411 2399 -

731 2447 960 2504 CAPUT
1006 2448 1247 2503 XXXIX.

264 2535 424 2591 Vers.
457 2535 511 2590 6.
555 2536 687 2591 Erat
735 2550 909 2592 autem
937 2537 1130 2609 Ioseph
1158 2540 1375 2610 pulchra
1401 2539 1554 2610 facie.
1582 2540 1780 2612 Josrph

189 2629 431 2686 diximus
481 2630 758 2686 Christum
816 2632 1165 2701 signiﬁcare,
1219 2636 1373 2703 cujus
1434 2635 1777 2705 pulchritudo

188 2739 409 2778 omnem
458 2724 837 2794 superexcellit
877 2723 1290 2791 lot'tnositatem,
1326 2729 1389 2780 de
1417 2744 1517 2796 qua
1549 2727 1779 2782 Psalmi-

187 2824 270 2868 sta
328 2831 342 2869 :
392 2814 673 2886 Speciosus
724 2817 895 2886 forma
952 2835 1062 2887 prce
1108 2818 1234 2887 ﬁliis
1272 2819 1542 2874 hominum
1589 2818 1780 2888 (Psal.

187 2920 338 2969 XLIV,
370 2905 448 2973 3).
497 2907 563 2961 Et
601 2907 891 2976 Apostolus
922 2926 934 2962 :
968 2908 1036 2963 In
1071 2927 1221 2979 quem
1267 2912 1329 2980 de
1361 2913 1564 2966 ideraut
1612 2912 1784 2982 angeli

185 2999 485 3067 prospicere
514 2997 566 3069 (Ι
604 2998 750 3053 Petr.
785 3016 824 3061 ι,
877 3000 986 3060 i2).
1041 3001 1161 3070 Ipse
1195 3018 1383 3058 revera
1438 3021 1681 3074 prospere
1729 3006 1783 3060 in

187 3088 435 3143 omnibus
464 3090 596 3157 agit,
644 3099 691 3144 et
727 3092 903 3144 omnia
931 3091 984 3144 in
1017 3109 1177 3145 manu
1228 3092 1371 3147 illius
1421 3094 1744 3164 diriguntur.

263 3179 422 3233 νει-ε.
459 3179 612 3234 7-20.
645 3177 772 3234 Post
797 3181 990 3235 multos
1019 3183 1196 3253 itaque
1222 3185 1332 3238 dies
1363 3185 1538 3254 injecit
1566 3185 1781 3240 domina

187 3268 370 3322 oculos
400 3286 521 3323 suos
552 3271 604 3324 in
631 3271 844 3340 Ioseph.
899 3271 1090 3327 Mulier
1116 3274 1227 3328 lure
1261 3283 1442 3345 typum
1500 3285 1644 3331 tenet
1681 3278 1781 3348 Sy-

188 3375 435 3432 nagogre,
475 3376 596 3431 qua:
623 3363 852 3417 habebat
887 3365 1084 3432 virum,
1119 3365 1289 3434 legem
1315 3367 1560 3422 videlicet
1584 3368 1778 3437 ipsam,

186 3465 296 3520 qua
341 3453 634 3522 regebatur
671 3462 728 3506 et
755 3453 1066 3509 docebatur.
1122 3456 1247 3511 llazc
1293 3457 1571 3513 Christum
1605 3459 1656 3513 in
1686 3459 1783 3513 ho-

186 3540 339 3594 mine
417 3553 764 3611 apparentem
822 3543 990 3599 voluit
1060 3545 1417 3602 lenocinando
1488 3548 1775 3619 decipere:

185 3631 317 3700 quia
365 3631 646 3704 Synagoga
683 3633 895 3687 volebat
940 3634 1061 3702 ejus
1091 3635 1260 3706 legem
1294 3650 1319 3677 α
1367 3638 1663 3694 carnaliter
1685 3639 1780 3694 ob-

186 3735 442 3785 servare,
513 3723 808 3778 Sabhatum
857 3735 911 3779 et
956 3727 1136 3781 omnia
1189 3744 1309 3797 qua:
1373 3728 1448 3782 illi
1502 3730 1554 3783 iu
1607 3729 1776 3800 ﬁgura

186 3813 316 3866 data
374 3812 629 3878 fuerant,
683 3816 838 3886 juxta
889 3816 1124 3872 litteram
1182 3819 1423 3888 implere.
1493 3820 1591 3875 Cui
1654 3836 1776 3875 cum

184 3906 441 3960 Christus
498 3907 664 3962 nollet
715 3908 1129 3978 obtemperare,
1177 3911 1398 3980 pallium
1467 3911 1515 3967 ei
1575 3911 1772 3981 rejecit,

186 3995 316 4062 quia
365 4003 572 4065 tegmen
627 3995 818 4051 littera:
863 3998 1049 4069 legalis
1089 3999 1161 4052 illi
1220 4001 1448 4055 dimisit.
1497 3999 1670 4064 Unde,
1703 4001 1775 4055 si-

183 4096 278 4141 cut
330 4087 618 4156 Apostolus
646 4089 797 4154 dicit,
847 4106 1008 4162 usque
1038 4091 1214 4159 hodie,
1245 4092 1369 4146 dum
1399 4092 1592 4161 legitur
1620 4091 1771 4163 Moyc

183 4197 289 4244 ses,
334 4180 566 4236 velamen
595 4183 822 4250 positum
857 4194 931 4237 est
955 4201 1112 4253 super
1143 4201 1236 4238 cor
1274 4185 1387 4254 ejus
1419 4183 1505 4255 (ΙΙ
1539 4183 1663 4239 Cor.
1693 4201 1774 4250 ιιι,
1821 4244 1824 4248 ,

186 4269 300 4324 15·.
334 4269 530 4341 Sicque
562 4273 706 4327 illam
738 4273 948 4342 plebem
1000 4275 1202 4329 dimisit
1251 4275 1510 4330 Dominus
1537 4276 1725 4330 dicens
1760 4294 1773 4329 :

183 4361 527 4432 Relinquelur
554 4361 914 4420 vobisdomus
935 4377 1103 4421 vestra
1135 4367 1337 4421 deserta
1370 4366 1586 4435 (illatth.
1615 4381 1776 4431 xxnt,

182 4449 300 4519 38),
335 4461 389 4505 et
415 4454 483 4505 ad
529 4463 720 4524 gentes
751 4456 968 4509 transiit
1001 4473 1123 4511 eum
1179 4457 1411 4526 spiritali
1459 4457 1773 4528 Scriptura-

185 4555 304 4593 rum
347 4541 644 4596 intellectu.
697 4544 990 4600 Accusavit
1037 4563 1160 4600 eum
1211 4548 1448 4613 tnulier,
1509 4549 1562 4602 in
1618 4564 1776 4617 argu-

184 4641 428 4685 mentum
461 4633 659 4688 marito
712 4635 928 4702 pallium
965 4637 1280 4703 ostendens,
1314 4639 1442 4709 quia
1492 4638 1772 4710 Syuagoga

183 4720 464 4776 Christum
517 4723 810 4778 accusabat
861 4725 992 4795 legis
1033 4727 1466 4792 destructcrem,
1524 4737 1580 4782 et
1645 4729 1773 4796 quia

184 4832 242 4870 se
275 4817 443 4870 Deum
473 4817 715 4883 dicebat,
768 4819 1028 4888 aequalem
1078 4836 1137 4876 se
1201 4821 1407 4877 faciens
1463 4823 1592 4877 Deo.
1653 4821 1776 4876 Mit-

184 4908 317 4961 titur
348 4907 552 4978 Joseph
608 4909 662 4963 in
713 4924 1031 4966 carcerem:
1072 4912 1322 4968 Christus
1367 4913 1646 4968 descendit
1705 4913 1775 4968 ad

184 4997 477 5062 infernum.
527 4999 791 5054 Educitur
843 4999 1042 5071 Joseph
1097 5005 1162 5058 de
1222 5019 1444 5058 carcere
1480 5022 1492 5058 :
1526 5003 1774 5076 Christus

183 5090 355 5161 surgit
387 5106 418 5144 a
448 5098 644 5144 morte.
691 5089 800 5144 Sed
831 5092 919 5159 qui
950 5093 1095 5148 solus
1126 5095 1322 5150 missus
1355 5094 1530 5150 fuerat
1571 5095 1621 5149 in
1655 5111 1778 5149 ear-

181 5194 382 5256 cerem,
429 5195 537 5234 non
572 5179 726 5233 solus
754 5179 979 5236 eductus
1013 5191 1116 5237 est.
1151 5182 1283 5236 Nam
1330 5184 1649 5253 principem,
1683 5183 1776 5251 qui

183 5269 402 5324 calicem
439 5269 779 5320 ιιηπινίρρῑηιῐ.
830 5269 1006 5311 minuit
1037 5281 1090 5313 ηε
1131 5272 1180 5312 in
1226 5273 1514 5320 nrigtinnm
1550 5273 1773 5322 gradui“

1891 2062 1994 2119 Sed
2041 2076 2335 2136 apparente
2364 2084 2493 2123 vero
2521 2069 2738 2140 Joseph,
2772 2071 2929 2137 alter,
2966 2072 3016 2124 id
3062 2082 3143 2126 est
3189 2072 3466 2136 Judaicus,

1887 2171 1992 2210 non
2026 2159 2294 2213 credendo
2348 2161 2400 2213 in
2448 2161 2592 2232 ligno
2640 2163 2819 2219 crucis
2859 2163 3143 2219 damnatus
3170 2174 3272 2228 est,
3301 2165 3354 2218 in
3404 2163 3471 2219 li-

1885 2263 1989 2318 gno
2021 2251 2496 2316 praevaricationis.

1960 2343 2112 2397 Vers.
2142 2343 2231 2398 ΞΟ.
2274 2343 2448 2398 Tertia
2485 2355 2663 2401 autem
2694 2347 2825 2412 dies,
2864 2337 2967 2416 qua
3001 2347 3083 2402 vel
3133 2348 3221 2403 ille
3251 2348 3473 2402 restitu-

1889 2446 1976 2490 tus
2003 2436 2085 2490 vel
2132 2437 2219 2490 ille
2253 2452 2546 2508 suspensus
2573 2449 2676 2506 est,
2708 2439 3041 2495 Dominicam
3087 2440 3358 2510 signiﬁcat
3388 2455 3474 2496 re-

1889 2532 2302 2597 surrectionem,
2332 2550 2346 2587 t
2371 2549 2452 2588 ua:
2496 2537 2651 2590 tertia
2681 2537 2768 2592 die
2799 2537 2938 2592 facta
2970 2546 3070 2593 est.

2475 2626 2703 2684 CAPUT
2745 2629 2880 2683 XLI.

1965 2715 2115 2773 Vers.
2159 2721 2210 2773 Ι.
2253 2719 2380 2774 Post
2429 2720 2562 2774 duos
2594 2741 2758 2777 annos
2786 2721 2998 2778 Pharao
3029 2725 3155 2779 vidit
3191 2727 3472 2787 somnium,

1889 2806 1992 2863 etc.
2055 2809 2271 2878 Septem
2304 2811 2427 2866 anni
2485 2813 2763 2877 ubertatis,
2817 2831 2936 2884 qua:
2965 2832 3059 2886 per
3094 2827 3283 2885 septem
3325 2817 3474 2870 bores

1888 2902 2126 2970 pingues,
2160 2912 2213 2956 et
2243 2919 2338 2974 per
2385 2904 2602 2958 totidem
2633 2906 2802 2975 spicas
2853 2907 3033 2972 plenas
3074 2918 3226 2978 atque
3275 2909 3475 2977 formo-

1889 3010 1975 3047 sas
2009 2996 2394 3066 designantur,
2443 2997 2669 3067 mystice
2723 2998 3032 3069 signiﬁcant
3083 3000 3470 3068 plenitudinem

1889 3084 2220 3154 septiforniis
2259 3085 2446 3156 gratia:
2476 3086 2709 3156 Spiritus
2738 3089 2934 3151 sancti,
2967 3104 3084 3156 qua:
3117 3089 3304 3158 primis
3337 3099 3472 3142 tem-

1888 3176 2110 3244 poribus
2143 3176 2193 3229 iu
2235 3177 2493 3244 apostolis
2522 3186 2578 3233 et
2616 3179 2827 3233 caeteris
2871 3181 3216 3233 credentibus
3248 3179 3473 3233 manife-

1887 3269 2192 3322 stabuntur.
2211 3267 2480 3323 Sterilitas
2509 3279 2687 3324 autem
2715 3280 2918 3338 septem
2953 3287 3215 3324 annorum
3245 3287 3474 3340 sequen-

1893 3359 2046 3424 tium,
2078 3374 2196 3428 quae
2222 3374 2317 3429 per
2340 3369 2530 3427 septem
2580 3361 2726 3414 bores
2769 3361 3072 3414 macilentos
3117 3371 3174 3414 et
3201 3378 3295 3430 per
3344 3362 3470 3414 toti-

1887 3453 2008 3507 dem
2045 3454 2215 3522 spicas
2265 3463 2440 3506 tenues
2463 3462 2512 3505 et
2546 3453 2762 3506 uredine
2801 3470 3076 3523 percussas
3120 3457 3332 3507 ostensa
3359 3464 3466 3517 est,

1886 3551 2095 3612 tempus
2125 3543 2252 3596 illud
2302 3542 2603 3611 signiﬁcat,
2649 3558 2756 3612 quo
2785 3543 2836 3596 in
2888 3542 2994 3597 ﬁne
3033 3543 3213 3596 sreculi
3247 3541 3466 3610 refrige-

1883 3646 2066 3691 sceule
2096 3635 2364 3690 charitatc
2397 3644 2448 3689 et
2494 3637 2798 3688 abundante
2846 3635 3131 3703 iniquitate
3159 3636 3261 3689 erit
3299 3633 3470 3689 fames

1881 3727 2027 3781 verbi
2061 3725 2174 3788 Dei,
2206 3741 2365 3796 quam
2399 3726 2656 3780 Dominus
2683 3742 2780 3796 per
2816 3728 3133 3797 prophetam
3179 3727 3427 3795 praalixit
3451 3745 3470 3781 :

1884 3817 2114 3882 Mittunt,
2147 3817 2415 3885 inquiens,
2447 3817 2640 3885 famem
2664 3819 2724 3869 in
2766 3828 2984 3882 terram,
3023 3833 3122 3869 non
3151 3816 3343 3884 [amem
3375 3834 3472 3884 pa-

1881 3911 1983 3974 nis,
2016 3925 2176 3979 neque
2199 3910 2338 3963 sitim
2371 3925 2540 3976 aaua’,
2576 3911 2666 3963 sed
2690 3909 2941 3963 audiendi
2989 3909 3126 3963 verbi
3162 3906 3253 3961 Dei
3288 3906 3472 3976 (Amos

1884 4016 1999 4064 vm,
2056 4000 2162 4068 ll).

1955 4091 2108 4144 Vcrs.
2137 4090 2223 4143 M.
2252 4087 2502 4153 Protinus
2533 4089 2775 4144 eductum
2794 4089 2858 4143 de
2883 4105 3090 4143 carcere
3114 4087 3471 4142 tetenderunt.

1881 4181 2107 4236 Eductio
2133 4181 2332 4251 Joseph
2387 4183 2452 4237 de
2493 4198 2714 4238 carcere
2760 4182 3086 4236 resurrectio
3134 4190 3215 4234 est
3245 4179 3474 4243 Christi,

1842 4337 1845 4339 _
1880 4289 1976 4343 per
2014 4291 2172 4343 quam
2197 4290 2411 4328 omnem
2440 4275 2822 4328 mortalitatem
2845 4282 2900 4327 et
2925 4272 3291 4326 inﬁrmitatem
3316 4272 3472 4340 quasi

1881 4366 2195 4435 capillorum
2221 4375 2562 4420 excrementa
2591 4365 2833 4434 proiecit,
2880 4373 2934 4419 et
2956 4373 3158 4421 vestem
3192 4363 3469 4415 immorta-

1881 4458 2048 4513 litatis
2077 4475 2140 4512 ac
2164 4457 2518 4527 jucuuditatis
2548 4457 2775 4526 acet-pit.

1951 4552 2105 4606 Vers.
2134 4549 2222 4602 4'3.
2262 4549 2400 4603 Tulit
2436 4548 2686 4602 tantulum
2717 4549 2780 4602 de
2808 4564 3107 4600 manusua.
3145 4547 3384 4599 Annulus
3416 4543 3472 4596 in

1882 4643 2246 4712 monuJoseph
2269 4641 2638 4711 pontiﬁcatum
2665 4639 2784 4693 ﬁdei
2818 4639 3083 4708 designat,
3109 4637 3196 4706 qui
3218 4637 3467 4696 iumanu,

1882 4733 1985 4787 hoc
2012 4732 2158 4786 estin
2176 4740 2439 4800 potestate
2463 4729 2660 4783 Christi
2685 4729 3008 4782 COItStilutus
3033 4736 3133 4780 est.
3166 4726 3361 4778 Factus
3389 4731 3472 4776 est

1877 4823 2020 4876 enim
2075 4821 2326 4875 sacerdos
2386 4820 2678 4873 secundum
2747 4818 2990 4871 ordinem
3056 4813 3469 4868 Melchisedech.

1882 4912 2031 4969 Slola
2051 4913 2259 4983 byssina
2283 4911 2551 4979 signiﬁcat
2602 4919 2842 4965 sanctam
2885 4923 3104 4963 carnem
3159 4906 3295 4974 ejus,
3353 4920 3473 4971 qua:

1881 5003 1946 5057 de
1977 5012 2119 5056 terra
2142 5002 2395 5070 virginea:
2442 4999 2624 5055 carnis
2672 5011 2861 5054 exorta
2885 5009 2990 5062 est,
3014 5007 3065 5050 et
3095 4997 3235 5050 sicut
3280 4995 3473 5064 byssus

1881 5095 2112 5149 diversis
2142 5093 2482 5164 passiouibus
2511 5102 2782 5148 macerata
2812 5091 3056 5159 pervenit
3084 5090 3148 5142 ad
3181 5086 3471 5140 candorem

1884 5185 2310 5240 immortalitatis
2359 5191 2412 5235 et
2462 5182 2646 5252 gloria:
2695 5182 3058 5250 sempiternm.
3113 5178 3176 5231 Et
3238 5186 3476 5245 torquem

1885 5294 2098 5322 nnrlmm
2123 5277 2256 5329 fni/0
2271 5277 2660 5328 circunnmsru'l-
2686 5273 2929 5316 Tril‘nnnc
2953 5289 3112 5310 mnum
3155 5283 3251 5304 ηηη

3499 619 3512 852 l
