3986 5506
531 474 630 530 “9

1153 463 1408 524 REMlGll
1442 457 2090 522 ANTISSIODORENSIS
2127 455 2274 513 OPP.
2315 457 2515 516 PARS.
2554 460 2596 516 l.
2623 490 2695 501 -—
2721 462 3127 521 EXEGETICA.

3650 467 3760 530 £20

599 587 750 640 νει-ε.
827 584 916 638 45.
970 582 1218 653 Fecitque
1288 582 1563 638 ascendere
1602 592 1834 633 currunt.
1894 573 2089 641 Joseph
2118 573 2165 632 Α
2193 551 2452 644 posuerit,
2480 595 2586 636 non
2619 582 2856 638 obtinuit-
2882 584 3024 653 quod
3068 583 3299 641 volebat.
3343 586 3766 649 Consideremus

525 692 743 733 currum
784 676 1058 731 ascendit:
1095 676 1217 745 quia
1269 675 1514 729 Christus
1558 665 2088 726 divinismttneribus
2188 677 2244 722 et
2271 669 2431 723 verba
2461 668 2632 736 Judte,
2653 671 3042 743 quibttssepro
3070 662 3238 744 puero
3255 675 3538 747 obligavit:
3572 678 3634 733 Si
3656 697 3765 734 non

526 770 808 822 decoratus
835 767 901 821 ad
923 765 1088 820 ctelos
1118 766 1293 819 rediit.
1321 764 1859 830 Clamanteprtecone.
1882 755 2087 818 Praeco,

526 858 616 927 qui
647 857 869 925 gloriam
893 857 1009 926 ejus
1044 854 1414 917 annuntiabat,
1439 861 1522 906 est
1549 849 1780 904 Joannes
1826 845 2088 916 Baptista,

2191 758 2464 823 reduxere,
2521 759 2714 830 inquit,
2767 779 2884 817 eum
2933 765 3046 826 tibi,
3100 781 3218 819 reus
3250 783 3339 820 ero
3374 769 3571 834 peccati
3618 771 3766 824 omni

2191 857 2437 918 tempore.
2468 860 2522 906 et
2551 850 2860 922 impetravit
2884 856 3025 924 quod
3044 853 3277 910 volebat.
3301 856 3428 926 Ejus
3448 859 3594 912 enim
3619 874 3768 914 cura:

527 951 618 1017 qui
671 949 903 1017 primum
961 945 1076 1014 ejus
1127 945 1409 1000 adventum
1459 939 1750 1002 nuntiavit,
1797 937 1909 991 sive
1963 935 2089 989 tuba
2118 958 2152 985 -.,
2187 942 2466 1014 Benjamm
2498 947 2815 1000 commissus
2841 955 2942 1001 εει,
2984 945 3272 1003 Videamus
3291 963 3418 1019 ergo
3447 965 3515 1004 ne
3543 949 3665 1021 plus
3694 952 3771 1006 δίε

518 1037 788 1105 angelica,
812 1051 930 1105 quae
957 1051 1075 1090 eum
1093 1035 1427 1106 adjttdicium
1451 1031 1756 1086 venientem
1784 1027 2090 1096 praeveniet.

598 1128 751 1182 Vers.
788 1127 878 1182 45.
919 1126 1130 1181 Vocavit
1179 1142 1294 1181 eum
1344 1122 1652 1178 salvatorem
1697 1117 1877 1172 mundi
1915 1116 2094 1186 lingua

526 1215 861 1286 Egyptiaca.
899 1216 955 1270 ld
995 1225 1080 1272 est
1120 1213 1540 1283 Phontophones.
1585 1210 1702 1265 Alia
1754 1208 1916 1264 editio
1945 1207 2092 1271 dicit,

526 1307 720 1360 vocavit
740 1323 856 1360 eum
874 1316 1074 1375 patrem
1095 1316 1326 1359 tenerum
1341 1320 1360 1359 :
1391 1312 1611 1372 patrem,
1647 1309 1864 1371 propter
1885 1298 2100 1368 sapien-

531 1395 656 1450 tiam
683 1411 699 1460 ;
732 1404 986 1456 tenerum,
1015 1402 1296 1464 propterea
1323 1393 1448 1463 quia
1480 1391 1792 1447 adolescens
1817 1395 1956 1444 erat.

597 1486 749 1540 Vers.
780 1485 869 1540 46.
933 1484 1168 1555 Triginta
1223 1493 1395 1538 autem
1453 1498 1729 1538 annorum.
1793 1480 1919 1536 Haec
1968 1489 2100 1536 aetas

524 1573 764 1642 perfecta
813 1583 899 1629 est
932 1574 985 1627 in
1025 1575 1262 1638 homine,
1293 1574 1345 1628 in
1372 1588 1476 1643 qua
1499 1581 1554 1626 et
1575 1570 1740 1625 David
1775 1585 1870 1624 rex
1902 1568 2100 1624 consti-

527 1672 674 1718 tutus
701 1671 802 1728 est,
851 1673 906 1718 et
950 1663 1196 1743 Ezechiel
1221 1679 1445 1719 exorsus
1471 1670 1558 1717 est
1599 1661 1942 1733 prapbetare.
1985 1658 2102 1728 Ipse

527 1767 740 1822 quoque
778 1753 1036 1808 Dominus
1073 1754 1310 1808 omnium
1362 1753 1414 1806 in
1464 1753 1567 1806 hac
1605 1759 1765 1806 artate
1800 1748 2103 1818 baptizatus

527 1843 694 1912 cmpit
721 1844 1030 1912 praedicare.
1059 1844 1212 1898 Stetit
1228 1853 1346 1897 ante
1374 1842 1721 1911 Pharaonem.
1743 1839 1880 1906 Quia
1903 1837 2104 1892 mundo

527 1945 589 1988 se
618 1934 958 2000 prazsentavit
981 1934 1318 2004 praedicando
1339 1931 1664 1988 etmiracula
1695 1929 1960 1986 faciendo.

604 2021 756 2077 Vers.
789 2021 1053 2091 51,Ξὸ2.
1097 2022 1370 2077 Manasses
1437 2023 1823 2093 interpretatur
1876 2018 2096 2074 oblivio:

527 2107 784 2180 Ephraim
813 2127 1041 2165 crescens
1079 2112 1161 2165 vel
1190 2112 1426 2182 frugifer.

603 2199 751 2256 Vers.
766 2201 854 2256 56.
876 2201 1086 2272 Aperuit
1105 2202 1138 2256 Ι
1146 2205 1500 2279 oseph-Itorrea
1513 2214 1559 2258 et
1574 2203 1817 2258 vendebat
1834 2198 2098 2270 Egyptiis

531 2290 810 2358 frumenta.
857 2292 924 2346 Et
969 2293 1216 2350 Christus
1257 2295 1309 2348 in
1361 2303 1472 2349 toto
1513 2295 1643 2350 orbe
1691 2294 1885 2348 horrea
1933 2291 2098 2346 divini

529 2385 677 2439 verbi
706 2385 936 2454 aperuit,
963 2387 1149 2456 eisque
1196 2387 1434 2443 vendidit
1482 2387 1746 2442 frumenta
1795 2385 2097 2441 divinorum

530 2462 883 2545 cloquiorUm,
910 2477 1180 2547 accipiens
1206 2477 1326 2532 inde
1363 2477 1551 2532 salutis
1587 2477 1797 2533 illorum
1841 2475 2095 2548 pretium.

682 2622 694 2631 ,
1040 2566 1266 2624 CAPUT
1289 2568 1629 2644 XLII-XLIII.

570 2657 758 2713 VersJ
771 2699 784 2712 .
799 2655 943 2712 Dixit
956 2657 1118 2713 Jacob
1129 2659 1255 2728 ﬁliis
1263 2660 1371 2714 suis
1385 2677 1402 2714 :
1418 2659 1720 2715 Descendite
1733 2659 1864 2714 in/E
1866 2665 2098 2730 gyptum.

519 2747 693 2800 'lacob
722 2755 868 2802 tenet
895 2748 983 2803 hic
1000 2748 1222 2819 ﬁguram
1242 2749 1333 2804 Dei
1362 2749 1556 2805 Patris.
1583 2747 1926 2803 Frumentum
1946 2747 2102 2804 Chri-

531 2846 646 2891 stus
666 2847 769 2902 est,
800 2839 963 2908 quise
985 2855 1152 2909 grano
1178 2839 1430 2894 frumenti
1453 2839 1800 2910 comparavit.
1826 2837 1987 2891 Mittit
2009 2837 2103 2891 Ja-

532 2931 624 2984 cob
647 2948 738 2999 pro
754 2931 1011 3000 frumento
1027 2934 1081 2986 in
1095 2931 1381 3002 Egyptum
1400 2941 1450 2987 et
1467 2932 1605 2985 Deus
1619 2931 1778 2985 Pater
1794 2930 1857 2983 de
1871 2928 2104 2999 Aigypto

531 3020 715 3072 mundi
741 3019 896 3090 hujus
915 3021 1185 3075 revocavit
1206 3021 1394 3075 Filium
1424 3021 1634 3075 dicens:
1665 3020 1746 3074 Ea:
1770 3019 1998 3088 ngypto
2020 3034 2106 3072 vo-
2137 3056 2154 3070 ..

530 3108 695 3164 caviF
696 3110 841 3164 ilium
856 3128 1022 3165 meum
1040 3113 1058 3183 (
1067 3111 1253 3166 Matth.
1268 3130 1328 3178 tt,
1346 3113 1452 3184 15).
1468 3113 1658 3167 Decem
1675 3111 1902 3180 majores
1915 3109 2110 3165 fratres

533 3200 624 3269 qui
643 3200 786 3254 missi
807 3210 948 3263 sunt.
966 3203 1312 3272 perfectiores
1326 3204 1608 3274 designant
1620 3219 1683 3258 ex
1701 3205 1851 3274 plebe
1864 3203 2104 3266 Jndaica,

535 3289 626 3357 qui
663 3289 794 3360 legis
818 3291 1137 3364 Decalogum
1165 3294 1477 3364 spiritaliter
1505 3305 1761 3349 noverant
1789 3294 2100 3365 adimplere.
2132 3291 2177 3354 C

609 3381 760 3437 Vers.
793 3383 844 3437 7.
879 3383 1044 3449 Quasi
1063 3385 1133 3439 ad
1159 3385 1354 3440 alienos
1385 3387 1568 3440 durius
1623 3385 1944 3456 loquebatur.
1989 3385 2104 3441 Non
2160 3420 2176 3434 ο

538 3472 1000 3543 estdeputandum
1025 3477 1325 3532 crudelitati
1354 3481 1496 3549 quod
1544 3479 1623 3533 sic
1668 3478 1862 3534 fratres
1900 3478 2107 3542 amisit,

540 3562 625 3616 vel
655 3563 796 3632 quod
831 3573 1068 3619 mutuam
1109 3567 1467 3636 cognitionem
1493 3567 1580 3621 diu
1611 3567 1836 3631 distulit,
1862 3567 1985 3635 quia
2009 3568 2112 3622 hoc

539 3651 668 3708 fecit
703 3654 886 3709 volens
908 3657 1142 3725 experiri
1169 3666 1345 3710 utrum
1374 3672 1404 3710 a
1439 3657 1640 3711 malitia
1683 3664 1982 3711 cessassent
2007 3670 2110 3724 qua

542 3761 663 3800 eum
689 3747 1060 3812 vendiderant,
1091 3756 1147 3802 et
1167 3764 1236 3802 an
1266 3748 1400 3803 tales
1425 3749 1720 3804 existerent
1741 3763 1865 3819 erga
1891 3747 2113 3801 fratrem
2150 3775 2173 3794 -

542 3853 696 3892 suum
728 3837 939 3907 qualem
969 3854 1094 3910 erga
1125 3854 1184 3894 se
1221 3855 1314 3895 eos
1357 3838 1522 3895 fuisse
1575 3847 1817 3905 noverat,
1869 3853 2027 3909 quem
2058 3837 2113 3892 in

542 3929 743 3984 exteris
771 3929 1076 4000 regionibus
1110 3931 1478 3986 vendiderant.

616 4019 770 4074 Vers.
804 4021 858 4076 9.
892 4020 1212 4075 Recordatus
1233 4032 1304 4075 est
1327 4023 1644 4078 somniorum
1672 4038 1788 4093 qute
1833 4019 2114 4092 aliquando

543 4117 761 4172 uiderat.
793 4118 943 4186 Quod
997 4121 1246 4176 videlicet
1291 4120 1370 4176 sol
1417 4129 1470 4175 et
1527 4120 1649 4174 luna
1673 4128 1727 4173 et
1752 4119 1919 4174 stella:
1967 4117 2114 4172 illum

547 4207 855 4262 adorarent.
878 4209 941 4263 Et
980 4226 1164 4265 revera
1194 4210 1466 4266 Christum
1512 4211 1701 4264 adorat
1736 4208 1911 4264 omnis
1963 4222 2114 4262 crea-

549 4307 686 4360 tura,
717 4307 767 4352 et
799 4299 1112 4368 spiritaliter
1151 4301 1474 4355 adoratettm
1506 4308 1810 4353 sanctorum
1839 4296 2114 4366 perfectio,

547 4388 798 4446 Ecclesiae
841 4391 1106 4460 splendor,
1131 4401 1190 4448 et
1233 4392 1406 4447 omnis
1462 4390 1754 4445 electorum
1810 4389 2116 4454 multitudo,

541 4479 770 4549 juvenes
793 4481 1110 4552 etvirgines,
1135 4496 1292 4536 senes
1314 4495 1435 4535 cum
1457 4479 1779 4546 junioribus.

625 4567 780 4621 V’ers.
805 4568 896 4621 24.
915 4569 1207 4640 Avertitque
1235 4587 1289 4624 se
1307 4584 1588 4640 parumper
1615 4576 1661 4620 et
1677 4567 1833 4636 ﬂevit.
1873 4565 2000 4622 Jure
2022 4567 2122 4621 Jo-

2191 1047 2342 1088 reum
2370 1047 2490 1088 esse
2509 1033 2711 1104 peccati
2738 1049 2899 1103 quam
2941 1035 3293 1106 corporaliter
3314 1037 3546 1108 aliquem
3566 1039 3767 1094 occidi.

2263 1122 2418 1180 Vers.
2451 1123 2539 1178 ll.
2582 1123 2850 1179 Modicum
2877 1126 3082 1181 resinat.
3113 1126 3361 1180 Resinam
3391 1129 3594 1197 gummi
3625 1129 3770 1185 dici-

2194 1227 2338 1279 mus,
2367 1226 2474 1282 quo
2511 1213 2727 1268 nomine
2752 1213 3078 1282 generaliter
3097 1229 3289 1270 omnes
3318 1214 3542 1272 arbores
3570 1232 3772 1273 vocan-

2197 1311 2314 1364 tur;
2365 1301 2459 1357 sed
2510 1301 2599 1356 hic
2641 1300 2956 1370 intelligitur
3008 1303 3216 1372 species
3256 1317 3376 1373 quae
3417 1304 3498 1360 sic
3545 1307 3773 1376 proprio

2197 1392 2412 1449 nomine
2448 1393 2643 1449 dicitur
2669 1393 2890 1449 Stiracis
2906 1408 2954 1450 ι.
2977 1394 3202 1451 Stiracis
3230 1410 3399 1466 genus
3438 1406 3524 1453 est
3550 1400 3767 1453 resina.

2197 1481 2304 1540 Pro
2329 1481 2523 1538 stirace
2537 1481 2680 1536 LXX
2707 1483 2990 1554 thymiama
3012 1493 3326 1554 posuerunt,
3347 1487 3487 1556 quod
3503 1487 3776 1545 Hebraiee

2198 1573 2394 1630 dicitur
2415 1589 2672 1630 necnon.
2702 1573 2877 1631 Stacte
2900 1585 3048 1646 gutta
3074 1577 3307 1649 myrrhae
3328 1577 3556 1635 arboris.
3609 1577 3774 1636 Tere-

2201 1662 2407 1717 binthus
2430 1663 2610 1726 arbor,
2644 1663 2796 1732 cujus
2833 1665 3010 1720 resina
3033 1665 3280 1721 similiter
3302 1676 3527 1722 vocatur

2269 1752 2422 1808 Vers.
2448 1753 2539 1809 25.
2565 1751 2704 1808 Nam
2719 1755 3008 1824 pecuniam,
3039 1771 3196 1826 quam
3244 1756 3432 1811 dedisti
3470 1757 3623 1821 mihi,
3649 1774 3773 1827 pra-

2202 1841 2375 1897 batam
2401 1859 2494 1914 ego
2534 1843 2716 1899 habeo.
2748 1843 2864 1900 Non
2892 1853 2975 1901 est
3001 1846 3339 1900 mendacium
3368 1848 3510 1916 quod
3538 1847 3673 1902 dicit
3716 1863 3780 1904 se

2126 1942 2174 2002 Β
2201 1933 2482 2002 pecuniam
2509 1933 2731 1999 habere,
2755 1949 2916 2005 quam
2946 1935 3019 1990 illi
3053 1935 3365 1992 invenerant
3390 1936 3442 1991 in
3489 1951 3778 1992 caecorum
3813 1957 3824 1966 ι

2198 2023 2523 2077 summitate.
2572 2022 2667 2076 Vir
2717 2023 2860 2078 enim
2889 2023 3105 2094 sapiens
3140 2032 3277 2090 erat,
3303 2033 3485 2094 utpote
3516 2026 3782 2094 sapientis

2198 2112 2401 2167 domini
2423 2112 2776 2182 dispensator,
2800 2122 2855 2170 et
2875 2113 2996 2169 ideo
3021 2129 3125 2168 non
3148 2115 3212 2170 de
3234 2115 3595 2186 argentidixit
3620 2132 3780 2185 pecu-
3831 2113 3834 2116 ’

2200 2202 2306 2262 nia,
2335 2201 2425 2256 sed
2449 2202 2514 2256 de
2559 2216 2642 2268 ea,
2687 2219 2807 2272 qua:
2836 2217 3050 2273 semper
3078 2204 3235 2258 datur
3273 2215 3329 2258 et
3360 2220 3465 2258 non
3491 2191 3775 2259 minuitur.

2201 2290 2354 2346 Unde
2378 2292 2646 2360 probatam
2669 2293 2803 2346 dixit
2831 2292 3122 2347 secundum
3146 2292 3289 2362 quod
3337 2292 3620 2349 Psalntisla
3666 2295 3775 2348 ait:

2199 2382 2402 2452 eloquia
2421 2381 2646 2446 Domini,
2671 2381 2872 2451 eloquia
2885 2391 3049 2448 casta,
3075 2391 3342 2452 argentum
3366 2382 3481 2453 igne
3505 2384 3777 2438 examina-

2201 2483 2308 2528 tum
2340 2471 2510 2542 (Psal.
2544 2489 2620 2537 χι,
2649 2473 2723 2544 7).
2990 2463 2992 2466 ’

2275 2551 2424 2620 Vers.
2457 2557 2838 2621 52.8eorsum
2884 2565 3098 2635 Ioseph,
3144 2576 3192 2622 et
3221 2583 3451 2622 seorsum
3499 2566 3775 2636 fratribus.

2203 2654 2366 2724 Quasi
2398 2656 2690 2712 extraneis.
2716 2655 3004 2727 Egyptiis,
3032 2657 3185 2726 quasi
3211 2656 3498 2726 indigenis,
3518 2673 3776 2711 seorsum.

2274 2749 2427 2804 Vers.
2476 2747 2564 2802 54.
2603 2747 2781 2819 Major
2816 2766 2936 2816 pars
2991 2750 3122 2805 venit
3163 2749 3458 2819 Benjamin.
3497 2749 3780 2819 Benjantin

2206 2837 2437 2893 diximus
2474 2836 2697 2892 Paulum
2747 2838 3046 2908 apostolum
3097 2839 3417 2910 significare,
3469 2839 3554 2894 cui
3606 2839 3780 2906 major

2204 2944 2330 2999 pars
2353 2927 2590 2992 obvenit,
2634 2928 2758 2998 quia
2776 2929 2895 2998 plus
2918 2929 3128 2985 caeteris
3151 2930 3202 2984 in
3229 2929 3609 2999 prmdicatione
3629 2929 3780 2982 labo-

2207 3020 2364 3084 ravit,
2402 3027 2458 3073 et
2495 3019 2562 3073 ab
2609 3017 2906 3076 Jerusalem
2935 3035 3105 3092 usque
3143 3020 3196 3074 in
3239 3019 3508 3091 Illyricum
3550 3019 3780 3090 replevit

2208 3109 2557 3180 Evangelium
2578 3108 2796 3166 Christi.
3645 3103 3664 3108 ’

2771 3241 2996 3298 CAPUT
3028 3241 3192 3296 XLIV

2783 3355 2836 3367 c-
2867 3355 3050 3367 —:.~-.-~
3057 3358 3069 3363 -

2221 3390 2224 3394 '
2277 3367 2431 3430 Vers.
2455 3372 2511 3428 2.
2542 3367 2686 3427 Pone
2711 3362 3150 3443 “ﬂammeam
3173 3371 3227 3424 in
3252 3387 3340 3424 ore
3367 3369 3506 3424 sacci
3521 3369 3776 3440 juniorts.

2207 3465 2502 3535 Allegorice
2527 3479 2622 3533 per
2667 3463 2966 3534 Benjamin,
2995 3472 3221 3532 utszepe
3276 3461 3531 3524 diximus,
3583 3458 3780 3514 Paulus

2211 3554 2481 3622 apostolus
2505 3552 2833 3623 designatur,
2862 3553 2950 3622 qui
2965 3552 3153 3623 junior
3175 3549 3257 3605 vel
3281 3549 3535 3604 minimus
3557 3548 3777 3612 dicitur,

2211 3642 2335 3712 quia
2358 3641 2580 3695 necdum
2615 3642 2787 3695 virum
2813 3643 3004 3710 agebat
3030 3642 3082 3694 in
3111 3639 3347 3702 Christo,
3377 3646 3433 3694 et
3470 3637 3523 3690 in
3559 3636 3781 3692 Actibus

2212 3728 2572 3798 apostolorum
2599 3731 2735 3799 (cap.
2759 3728 2854 3800 vn)
2877 3727 3174 3782 adolescens
3197 3726 3411 3780 dicitur.
3434 3723 3552 3795 Ipse
3572 3739 3783 3793 quoque

2215 3821 2280 3876 de
2309 3836 2365 3875 se
2390 3819 2550 3875 dicit:
2594 3819 2706 3890 Ego
2731 3835 2844 3873 sum
2885 3819 3130 3872 minimus
3165 3815 3536 3886 apostolorum,
3565 3816 3656 3886 qui
3683 3830 3783 3868 non

2217 3929 2329 3967 sum
2361 3913 2548 3984 dignus
2576 3912 2751 3966 vocari
2777 3910 3038 3981 apostolus
3072 3909 3317 3980 quoniam
3345 3917 3642 3978 persecutus
3667 3921 3782 3960 sum

2214 4000 2502 4058 Ecclesium
2566 4002 2661 4056 Dei
2713 4002 2760 4074 (I
2794 4002 2914 4056 Cor.
2949 4016 3037 4065 xv,
3065 4000 3142 4071 9).
3189 3997 3434 4070 Scyphus
3474 4007 3782 4067 argenteus,

2216 4095 2467 4165 splendor
2532 4095 2830 4148 divinorum
2886 4091 3260 4160 eloquiorum,
3317 4105 3436 4158 qua:
3481 4088 3788 4158 specialiter

2215 4186 2380 4240 Paulo
2413 4185 2697 4240 commissa
2742 4193 2884 4238 sunt.
2921 4181 3088 4249 Majus
3129 4180 3270 4236 enim
3303 4179 3541 4235 scientiae
3588 4179 3787 4234 donum

2217 4276 2426 4334 caateris
2453 4275 2659 4339 habuit,
2675 4275 2828 4344 juxta
2845 4273 2983 4342 quod
3007 4273 3192 4326 beatus
3209 4269 3400 4324 Petrus
3421 4267 3790 4323 testimonium

2218 4368 2462 4438 perhibet
2488 4366 2704 4421 dicens:
2754 4362 2898 4418 Sicut
2930 4363 3092 4432 frater
3142 4370 3314 4414 noster
3359 4357 3564 4412 Paulus
3602 4374 3794 4412 secun-

2218 4459 2343 4512 dum
2367 4458 2544 4511 datam
2583 4456 2681 4510 sibi
2727 4453 2992 4508 scientiam
3023 4452 3053 4523 lt
3085 4451 3286 4520 scripsit
3342 4449 3507 4502 nobis.
3551 4447 3794 4502 Habebat

2190 4547 2476 4620 “scyphum
2504 4555 2837 4616 argenteum,
2868 4543 2919 4598 id
2954 4551 3036 4598 est
3070 4541 3302 4596 divinam
3344 4540 3654 4595 scientiam:
3699 4537 3794 4592 sed

549 4659 670 4728 seph
711 4657 984 4714 Christum
1023 4626 1432 4731 significat,'qtti
1472 4626 1853 4714 totvirtutibus
1871 4657 2112 4728 refulget;

2230 4639 2428 4694 latebat
2458 4639 2594 4692 intra
2638 4651 2872 4697 saccum,
2908 4635 3009 4688 hoc
3049 4639 3128 4686 est
3183 4631 3323 4684 intra
3371 4627 3556 4698 legalis
3602 4626 3796 4679 littera:

551 4751 819 4815 castitate,
835 4767 936 4820 qua
955 4753 1184 4806 amantis
1199 4752 1424 4807 domina:
1442 4749 1837 4819 improbitatem
1855 4765 1950 4817 pro
1963 4749 2127 4803 nihilo

554 4839 733 4904 duxit;
764 4841 1042 4910 sapientia,
1090 4856 1192 4908 qua
1217 4849 1422 4895 secreta
1459 4838 2127 4893 somniorumdissolvebat

556 4939 609 4982 et
633 4928 807 4983 futura
832 4931 1171 4999 praedicebat.
1196 4931 1324 4986 Erat
1350 4930 1512 4986 etiam
1537 4944 1760 4984 severus
1787 4929 1838 4981 in
1853 4929 2127 4999 corrigen-

557 5023 640 5076 dis
670 5021 944 5086 fratribus,
973 5024 1091 5094 pius
1120 5025 1172 5077 in
1200 5023 1462 5087 fovendis,
1491 5037 1718 5091 quorum
1749 5019 1972 5087 injurias
2016 5035 2121 5073 non

557 5111 730 5167 solum
764 5129 868 5168 non
893 5112 1270 5174 ulciscebatur,
1296 5129 1483 5168 verum
1507 5114 1666 5166 etiam
1694 5127 1791 5180 pro
1815 5111 1918 5163 illis
1942 5110 2120 5166 llehat.

628 5199 783 5256 Vers.
833 5201 882 5264 8,
928 5202 980 5256 9.
1026 5202 1196 5256 ludas
1236 5219 1436 5271 quoque
1500 5201 1669 5252 dixit:
1711 5200 1858 5253 Mitte
1907 5215 2125 5268 puerum

557 5309 782 5357 mecum,
824 5306 1032 5361 usque,
1087 5309 1204 5346 reus
1241 5309 1328 5344 ero
1384 5290 1575 5340 peccati
1618 5291 1661 5310 τιν

561 5397 642 5430 om
652 5391 700 5414 κδ
759 5391 769 5398 ³

2229 4732 2514 4787 utilitatem
2548 4740 2593 4784 ο.
2624 4728 2726 4784 Sed
2749 4727 2893 4781 venit
2916 4726 3272 4793 dispensator,
3299 4720 3793 4789 disrupitsaccutu;

2227 4822 2372 4876 venit
2423 4820 2661 4874 Ananias
2708 4819 2902 4872 missus
2949 4832 2979 4870 a
3029 4813 3264 4876 Christo,
3317 4808 3558 4864 dissolvit
3608 4807 3797 4876 legalis

2225 4912 2418 4966 litterae
2437 4909 2868 4979 grossitudinem,
2893 4907 2943 4961 id
2970 4915 3052 4960 est
3078 4905 3389 4958 caecitatem.
3430 4899 3548 4953 Mox
3565 4899 3798 4969 scyphus

2226 4999 2553 5069 resplenduit
2576 4997 2698 5069 quia
2722 4997 2916 5052 Paulus
2929 4997 3181 5052 continuo
3223 4991 3538 5047 liducialiter
3564 4989 3616 5041 itt
3641 5004 3806 5058 syna-'

2225 5094 2374 5165 gogis
2400 5107 2558 5163 agere
2580 5091 2743 5161 coepit
2761 5090 3055 5159 praedicans
3068 5086 3359 5148 Christum,
3381 5091 3435 5138 et
3461 5081 3795 5135 occidentem

2229 5182 2709 5242 Ieaisllttnmwd
2743 5179 2867 5204 λυ·
2931 5178 2945 5186 ·
3244 5173 3262 5180 -
3445 5171 3458 5180 .
3555 5169 3587 5182 ..
3659 5179 3767 5202 km
