  <div class='ocr_page' id='page_1' title='image "/cluster/home/n/w/nwhite01/storage/ocr_20150623/131/hvd.32044015471725/066.png"; bbox 0 0 3986 5472; ppageno 0'>
   <div class='ocr_carea' id='block_1_1' title="bbox 286 508 383 563">
    <p class='ocr_par' dir='ltr' id='par_1_1' title="bbox 286 508 383 563">
     <span class='ocr_line' id='line_1_1' title="bbox 286 508 383 563; baseline 0 0"><span class='ocrx_word' id='word_1_1' title='bbox 286 508 383 563; x_wconf 70' lang='grc' dir='ltr'><strong>ηε</strong></span> 
     </span>
    </p>
   </div>
   <div class='ocr_carea' id='block_1_2' title="bbox 866 611 1286 674">
    <p class='ocr_par' dir='ltr' id='par_1_2' title="bbox 866 611 1286 674">
     <span class='ocr_line' id='line_1_2' title="bbox 866 611 1286 674; baseline -0.019 -2"><span class='ocrx_word' id='word_1_2' title='bbox 866 616 1089 674; x_wconf 75' lang='lat' dir='ltr'><strong>CAPUT</strong></span> <span class='ocrx_word' id='word_1_3' title='bbox 1127 611 1286 668; x_wconf 75' lang='lat' dir='ltr'><strong>XLV.</strong></span> 
     </span>
    </p>
   </div>
   <div class='ocr_carea' id='block_1_3' title="bbox 358 694 1857 777">
    <p class='ocr_par' dir='ltr' id='par_1_3' title="bbox 358 694 1857 777">
     <span class='ocr_line' id='line_1_3' title="bbox 358 694 1857 777; baseline -0.017 -7"><span class='ocrx_word' id='word_1_4' title='bbox 358 716 514 769; x_wconf 84' lang='lat' dir='ltr'><strong>Vers.</strong></span> <span class='ocrx_word' id='word_1_5' title='bbox 550 714 634 768; x_wconf 76' lang='grc'><strong>17.</strong></span> <span class='ocrx_word' id='word_1_6' title='bbox 666 712 953 767; x_wconf 83' lang='lat' dir='ltr'><strong>Onerantes</strong></span> <span class='ocrx_word' id='word_1_7' title='bbox 993 709 1249 777; x_wconf 87' lang='lat' dir='ltr'><strong>jumenta,</strong></span> <span class='ocrx_word' id='word_1_8' title='bbox 1298 713 1402 757; x_wconf 83' lang='lat' dir='ltr'><strong>etc.</strong></span> <span class='ocrx_word' id='word_1_9' title='bbox 1438 698 1549 754; x_wconf 83' lang='lat' dir='ltr'><strong>IIoc</strong></span> <span class='ocrx_word' id='word_1_10' title='bbox 1579 697 1694 750; x_wconf 90' lang='lat' dir='ltr'><strong>loco</strong></span> <span class='ocrx_word' id='word_1_11' title='bbox 1720 694 1857 748; x_wconf 80' lang='lat' dir='ltr'><strong>Pha-</strong></span> 
     </span>
    </p>
   </div>
   <div class='ocr_carea' id='block_1_4' title="bbox 285 785 1856 876">
    <p class='ocr_par' dir='ltr' id='par_1_4' title="bbox 285 785 1856 876">
     <span class='ocr_line' id='line_1_4' title="bbox 285 785 1856 876; baseline -0.015 -16"><span class='ocrx_word' id='word_1_12' title='bbox 285 823 385 860; x_wconf 87' lang='lat' dir='ltr'><strong>rao</strong></span> <span class='ocrx_word' id='word_1_13' title='bbox 411 816 593 876; x_wconf 85' lang='lat' dir='ltr'><strong>typum</strong></span> <span class='ocrx_word' id='word_1_14' title='bbox 619 812 762 858; x_wconf 89' lang='lat' dir='ltr'><strong>tenet</strong></span> <span class='ocrx_word' id='word_1_15' title='bbox 790 800 965 871; x_wconf 83' lang='lat' dir='ltr'><strong>populi</strong></span> <span class='ocrx_word' id='word_1_16' title='bbox 996 798 1226 869; x_wconf 90' lang='lat' dir='ltr'><strong>gentilis,</strong></span> <span class='ocrx_word' id='word_1_17' title='bbox 1258 794 1345 863; x_wconf 86' lang='lat' dir='ltr'><strong>qui</strong></span> <span class='ocrx_word' id='word_1_18' title='bbox 1387 793 1664 862; x_wconf 76' lang='lat' dir='ltr'><strong>gavisurus</strong></span> <span class='ocrx_word' id='word_1_19' title='bbox 1689 785 1856 840; x_wconf 75' lang='lat' dir='ltr'><strong>estde</strong></span> 
     </span>
    </p>
   </div>
   <div class='ocr_carea' id='block_1_5' title="bbox 284 880 1857 951">
    <p class='ocr_par' dir='ltr' id='par_1_5' title="bbox 284 880 1857 951">
     <span class='ocr_line' id='line_1_5' title="bbox 284 880 1857 951; baseline -0.015 0"><span class='ocrx_word' id='word_1_20' title='bbox 284 896 639 951; x_wconf 71' lang='lat' dir='ltr'><strong>conversione</strong></span> <span class='ocrx_word' id='word_1_21' title='bbox 683 889 985 947; x_wconf 75' lang='lat' dir='ltr'><strong>Iudzeorum</strong></span> <span class='ocrx_word' id='word_1_22' title='bbox 1042 888 1093 940; x_wconf 92' lang='lat' dir='ltr'><strong>in</strong></span> <span class='ocrx_word' id='word_1_23' title='bbox 1153 885 1256 939; x_wconf 92' lang='lat' dir='ltr'><strong>ﬁne</strong></span> <span class='ocrx_word' id='word_1_24' title='bbox 1285 881 1485 943; x_wconf 67' lang='lat' dir='ltr'><strong>smeuli,</strong></span> <span class='ocrx_word' id='word_1_25' title='bbox 1517 880 1702 949; x_wconf 78' lang='lat' dir='ltr'><strong>eisque</strong></span> <span class='ocrx_word' id='word_1_26' title='bbox 1736 890 1857 946; x_wconf 88' lang='lat' dir='ltr'><strong>pro-</strong></span> 
     </span>
    </p>
   </div>
   <div class='ocr_carea' id='block_1_6' title="bbox 282 967 1855 1054">
    <p class='ocr_par' dir='ltr' id='par_1_6' title="bbox 282 967 1855 1054">
     <span class='ocr_line' id='line_1_6' title="bbox 282 967 1855 1054; baseline -0.014 -14"><span class='ocrx_word' id='word_1_27' title='bbox 282 987 463 1040; x_wconf 86' lang='lat' dir='ltr'><strong>mittet</strong></span> <span class='ocrx_word' id='word_1_28' title='bbox 485 986 666 1054; x_wconf 89' lang='lat' dir='ltr'><strong>copias</strong></span> <span class='ocrx_word' id='word_1_29' title='bbox 698 980 1001 1037; x_wconf 88' lang='lat' dir='ltr'><strong>divinarum</strong></span> <span class='ocrx_word' id='word_1_30' title='bbox 1034 975 1456 1046; x_wconf 87' lang='lat' dir='ltr'><strong>Scripturarum,</strong></span> <span class='ocrx_word' id='word_1_31' title='bbox 1488 981 1543 1025; x_wconf 83' lang='lat' dir='ltr'><strong>et</strong></span> <span class='ocrx_word' id='word_1_32' title='bbox 1577 967 1855 1023; x_wconf 83' lang='lat' dir='ltr'><strong>medullam</strong></span> 
     </span>
    </p>
   </div>
   <div class='ocr_carea' id='block_1_7' title="bbox 284 1059 1854 1141">
    <p class='ocr_par' dir='ltr' id='par_1_7' title="bbox 284 1059 1854 1141">
     <span class='ocr_line' id='line_1_7' title="bbox 284 1059 1854 1141; baseline -0.012 -11"><span class='ocrx_word' id='word_1_33' title='bbox 284 1086 463 1141; x_wconf 60' lang='lat' dir='ltr'><strong>terra,</strong></span> <span class='ocrx_word' id='word_1_34' title='bbox 540 1077 640 1130; x_wconf 89' lang='lat' dir='ltr'><strong>hoc</strong></span> <span class='ocrx_word' id='word_1_35' title='bbox 695 1082 780 1129; x_wconf 91' lang='lat' dir='ltr'><strong>est</strong></span> <span class='ocrx_word' id='word_1_36' title='bbox 808 1072 1125 1129; x_wconf 76' lang='lat' dir='ltr'><strong>suavitatem</strong></span> <span class='ocrx_word' id='word_1_37' title='bbox 1176 1064 1431 1135; x_wconf 78' lang='lat' dir='ltr'><strong>spiritalis</strong></span> <span class='ocrx_word' id='word_1_38' title='bbox 1475 1059 1854 1135; x_wconf 59' lang='lat' dir='ltr'><strong>intelligentiae.</strong></span> 
     </span>
    </p>
   </div>
   <div class='ocr_carea' id='block_1_8' title="bbox 359 1152 1857 1233">
    <p class='ocr_par' dir='ltr' id='par_1_8' title="bbox 359 1152 1857 1233">
     <span class='ocr_line' id='line_1_8' title="bbox 359 1152 1857 1233; baseline -0.01 -16"><span class='ocrx_word' id='word_1_39' title='bbox 359 1166 515 1220; x_wconf 73' lang='lat' dir='ltr'><strong>Vers.</strong></span> <span class='ocrx_word' id='word_1_40' title='bbox 542 1165 634 1220; x_wconf 75' lang='grc'><strong>21.</strong></span> <span class='ocrx_word' id='word_1_41' title='bbox 664 1164 1015 1233; x_wconf 71' lang='lat' dir='ltr'><strong>Feceruntque</strong></span> <span class='ocrx_word' id='word_1_42' title='bbox 1046 1160 1141 1229; x_wconf 90' lang='lat' dir='ltr'><strong>ﬁlii</strong></span> <span class='ocrx_word' id='word_1_43' title='bbox 1171 1157 1335 1210; x_wconf 79' lang='lat' dir='ltr'><strong>Israel</strong></span> <span class='ocrx_word' id='word_1_44' title='bbox 1360 1165 1415 1208; x_wconf 90' lang='lat' dir='ltr'><strong>ut</strong></span> <span class='ocrx_word' id='word_1_45' title='bbox 1448 1155 1519 1207; x_wconf 82' lang='lat' dir='ltr'><strong>eis</strong></span> <span class='ocrx_word' id='word_1_46' title='bbox 1550 1154 1717 1223; x_wconf 77' lang='lat' dir='ltr'><strong>fuerat</strong></span> <span class='ocrx_word' id='word_1_47' title='bbox 1756 1152 1857 1203; x_wconf 88' lang='lat' dir='ltr'><strong>im-</strong></span> 
     </span>
    </p>
   </div>
   <div class='ocr_carea' id='block_1_9' title="bbox 278 1244 1855 1329">
    <p class='ocr_par' dir='ltr' id='par_1_9' title="bbox 278 1244 1855 1329">
     <span class='ocr_line' id='line_1_9' title="bbox 278 1244 1855 1329; baseline -0.008 -18"><span class='ocrx_word' id='word_1_48' title='bbox 278 1270 541 1329; x_wconf 77' lang='lat' dir='ltr'><strong>peratum.</strong></span> <span class='ocrx_word' id='word_1_49' title='bbox 569 1256 789 1311; x_wconf 84' lang='lat' dir='ltr'><strong>Fratres</strong></span> <span class='ocrx_word' id='word_1_50' title='bbox 803 1255 991 1323; x_wconf 87' lang='lat' dir='ltr'><strong>Ioseph</strong></span> <span class='ocrx_word' id='word_1_51' title='bbox 1012 1250 1233 1322; x_wconf 78' lang='lat' dir='ltr'><strong>apostoli</strong></span> <span class='ocrx_word' id='word_1_52' title='bbox 1258 1260 1401 1312; x_wconf 88' lang='lat' dir='ltr'><strong>sunt,</strong></span> <span class='ocrx_word' id='word_1_53' title='bbox 1424 1248 1615 1302; x_wconf 79' lang='lat' dir='ltr'><strong>fratres</strong></span> <span class='ocrx_word' id='word_1_54' title='bbox 1634 1244 1855 1310; x_wconf 81' lang='lat' dir='ltr'><strong>Christi,</strong></span> 
     </span>
    </p>
   </div>
   <div class='ocr_carea' id='block_1_10' title="bbox 286 1343 1875 1401">
    <p class='ocr_par' dir='ltr' id='par_1_10' title="bbox 286 1343 1875 1401">
     <span class='ocr_line' id='line_1_10' title="bbox 286 1343 1875 1401; baseline -0.003 -1"><span class='ocrx_word' id='word_1_55' title='bbox 286 1344 483 1401; x_wconf 84' lang='lat' dir='ltr'><strong>Petrus</strong></span> <span class='ocrx_word' id='word_1_56' title='bbox 513 1355 568 1401; x_wconf 93' lang='lat' dir='ltr'><strong>ct</strong></span> <span class='ocrx_word' id='word_1_57' title='bbox 602 1345 799 1399; x_wconf 78' lang='lat' dir='ltr'><strong>Paulus</strong></span> <span class='ocrx_word' id='word_1_58' title='bbox 828 1353 882 1399; x_wconf 90' lang='lat' dir='ltr'><strong>et</strong></span> <span class='ocrx_word' id='word_1_59' title='bbox 908 1343 1108 1397; x_wconf 68' lang='lat' dir='ltr'><strong>ueteri.</strong></span> <span class='ocrx_word' id='word_1_60' title='bbox 1868 1362 1875 1395; x_wconf 74' lang='grc' dir='ltr'>ι</span> 
     </span>
    </p>
   </div>
   <div class='ocr_carea' id='block_1_11' title="bbox 358 1424 1856 1505">
    <p class='ocr_par' dir='ltr' id='par_1_11' title="bbox 358 1424 1856 1505">
     <span class='ocr_line' id='line_1_11' title="bbox 358 1424 1856 1505; baseline -0.008 -13"><span class='ocrx_word' id='word_1_61' title='bbox 358 1437 518 1492; x_wconf 74' lang='lat' dir='ltr'><strong>Vers.</strong></span> <span class='ocrx_word' id='word_1_62' title='bbox 548 1437 639 1491; x_wconf 68' lang='lat'><strong>22.</strong></span> <span class='ocrx_word' id='word_1_63' title='bbox 667 1435 944 1505; x_wconf 82' lang='lat' dir='ltr'><strong>Beujantiu</strong></span> <span class='ocrx_word' id='word_1_64' title='bbox 980 1433 1119 1487; x_wconf 80' lang='lat' dir='ltr'><strong>dedit</strong></span> <span class='ocrx_word' id='word_1_65' title='bbox 1149 1440 1400 1485; x_wconf 87' lang='lat' dir='ltr'><strong>trecentos</strong></span> <span class='ocrx_word' id='word_1_66' title='bbox 1428 1437 1712 1497; x_wconf 86' lang='lat' dir='ltr'><strong>argenteos.</strong></span> <span class='ocrx_word' id='word_1_67' title='bbox 1743 1424 1856 1480; x_wconf 90' lang='lat' dir='ltr'><strong>IIoc</strong></span> 
     </span>
    </p>
   </div>
   <div class='ocr_carea' id='block_1_12' title="bbox 283 1519 1855 1593">
    <p class='ocr_par' dir='ltr' id='par_1_12' title="bbox 283 1519 1855 1593">
     <span class='ocr_line' id='line_1_12' title="bbox 283 1519 1855 1593; baseline -0.008 -9"><span class='ocrx_word' id='word_1_68' title='bbox 283 1538 394 1593; x_wconf 89' lang='lat' dir='ltr'><strong>est,</strong></span> <span class='ocrx_word' id='word_1_69' title='bbox 427 1528 589 1583; x_wconf 90' lang='lat' dir='ltr'><strong>ﬁdem</strong></span> <span class='ocrx_word' id='word_1_70' title='bbox 631 1538 834 1583; x_wconf 76' lang='lat' dir='ltr'><strong>sanctze</strong></span> <span class='ocrx_word' id='word_1_71' title='bbox 878 1524 1158 1581; x_wconf 81' lang='lat' dir='ltr'><strong>Trinitatis</strong></span> <span class='ocrx_word' id='word_1_72' title='bbox 1186 1532 1239 1578; x_wconf 92' lang='lat' dir='ltr'><strong>et</strong></span> <span class='ocrx_word' id='word_1_73' title='bbox 1277 1522 1451 1576; x_wconf 89' lang='lat' dir='ltr'><strong>crucis</strong></span> <span class='ocrx_word' id='word_1_74' title='bbox 1485 1519 1684 1575; x_wconf 88' lang='lat' dir='ltr'><strong>Christi</strong></span> <span class='ocrx_word' id='word_1_75' title='bbox 1715 1533 1855 1587; x_wconf 64' lang='lat' dir='ltr'><strong>prte-</strong></span> 
     </span>
    </p>
   </div>
   <div class='ocr_carea' id='block_1_13' title="bbox 282 1610 1855 1690">
    <p class='ocr_par' dir='ltr' id='par_1_13' title="bbox 282 1610 1855 1690">
     <span class='ocr_line' id='line_1_13' title="bbox 282 1610 1855 1690; baseline -0.006 -16"><span class='ocrx_word' id='word_1_76' title='bbox 282 1619 513 1676; x_wconf 87' lang='lat' dir='ltr'><strong>dicanda</strong></span> <span class='ocrx_word' id='word_1_77' title='bbox 570 1618 846 1690; x_wconf 81' lang='lat' dir='ltr'><strong>mysteria.</strong></span> <span class='ocrx_word' id='word_1_78' title='bbox 896 1617 1029 1671; x_wconf 83' lang='lat' dir='ltr'><strong>Nam</strong></span> <span class='ocrx_word' id='word_1_79' title='bbox 1077 1626 1167 1670; x_wconf 88' lang='lat' dir='ltr'><strong>tau</strong></span> <span class='ocrx_word' id='word_1_80' title='bbox 1209 1614 1409 1675; x_wconf 90' lang='lat' dir='ltr'><strong>littera,</strong></span> <span class='ocrx_word' id='word_1_81' title='bbox 1458 1628 1577 1682; x_wconf 69' lang='lat' dir='ltr'><strong>qua:</strong></span> <span class='ocrx_word' id='word_1_82' title='bbox 1632 1610 1855 1681; x_wconf 86' lang='lat' dir='ltr'><strong>ﬁguram</strong></span> 
     </span>
    </p>
   </div>
   <div class='ocr_carea' id='block_1_14' title="bbox 279 1699 1857 1777">
    <p class='ocr_par' dir='ltr' id='par_1_14' title="bbox 279 1699 1857 1777">
     <span class='ocr_line' id='line_1_14' title="bbox 279 1699 1857 1777; baseline -0.008 -12"><span class='ocrx_word' id='word_1_83' title='bbox 279 1709 461 1765; x_wconf 76' lang='lat' dir='ltr'><strong>crucis</strong></span> <span class='ocrx_word' id='word_1_84' title='bbox 495 1709 677 1772; x_wconf 83' lang='lat' dir='ltr'><strong>habet,</strong></span> <span class='ocrx_word' id='word_1_85' title='bbox 709 1723 801 1763; x_wconf 87' lang='lat' dir='ltr'><strong>ccc</strong></span> <span class='ocrx_word' id='word_1_86' title='bbox 832 1707 1073 1777; x_wconf 81' lang='lat' dir='ltr'><strong>designat</strong></span> <span class='ocrx_word' id='word_1_87' title='bbox 1102 1719 1370 1759; x_wconf 91' lang='lat' dir='ltr'><strong>numeros.</strong></span> <span class='ocrx_word' id='word_1_88' title='bbox 1408 1702 1472 1755; x_wconf 90' lang='lat' dir='ltr'><strong>Et</strong></span> <span class='ocrx_word' id='word_1_89' title='bbox 1504 1699 1697 1755; x_wconf 87' lang='lat' dir='ltr'><strong>Paulus</strong></span> <span class='ocrx_word' id='word_1_90' title='bbox 1731 1714 1857 1768; x_wconf 85' lang='lat' dir='ltr'><strong>apo-</strong></span> 
     </span>
    </p>
   </div>
   <div class='ocr_carea' id='block_1_15' title="bbox 278 1790 1856 1865">
    <p class='ocr_par' dir='ltr' id='par_1_15' title="bbox 278 1790 1856 1865">
     <span class='ocr_line' id='line_1_15' title="bbox 278 1790 1856 1865; baseline -0.008 -11"><span class='ocrx_word' id='word_1_91' title='bbox 278 1799 451 1854; x_wconf 81' lang='lat' dir='ltr'><strong>stolus</strong></span> <span class='ocrx_word' id='word_1_92' title='bbox 474 1814 532 1855; x_wconf 84' lang='lat' dir='ltr'><strong>se</strong></span> <span class='ocrx_word' id='word_1_93' title='bbox 560 1800 690 1854; x_wconf 89' lang='lat' dir='ltr'><strong>dicit</strong></span> <span class='ocrx_word' id='word_1_94' title='bbox 716 1819 730 1852; x_wconf 88' lang='lat'><strong>:</strong></span> <span class='ocrx_word' id='word_1_95' title='bbox 763 1796 913 1852; x_wconf 80' lang='lat' dir='ltr'><strong>Nihil</strong></span> <span class='ocrx_word' id='word_1_96' title='bbox 942 1814 1021 1849; x_wconf 88' lang='lat' dir='ltr'><strong>me</strong></span> <span class='ocrx_word' id='word_1_97' title='bbox 1049 1794 1286 1865; x_wconf 79' lang='lat' dir='ltr'><strong>judicavi</strong></span> <span class='ocrx_word' id='word_1_98' title='bbox 1316 1794 1447 1847; x_wconf 85' lang='lat' dir='ltr'><strong>scire</strong></span> <span class='ocrx_word' id='word_1_99' title='bbox 1477 1791 1614 1846; x_wconf 90' lang='lat' dir='ltr'><strong>inter</strong></span> <span class='ocrx_word' id='word_1_100' title='bbox 1638 1808 1723 1845; x_wconf 75' lang='lat' dir='ltr'><strong>vos</strong></span> <span class='ocrx_word' id='word_1_101' title='bbox 1755 1790 1856 1844; x_wconf 94' lang='lat' dir='ltr'><strong>nisi</strong></span> 
     </span>
    </p>
   </div>
   <div class='ocr_carea' id='block_1_16' title="bbox 278 1879 1851 1951">
    <p class='ocr_par' dir='ltr' id='par_1_16' title="bbox 278 1879 1851 1951">
     <span class='ocr_line' id='line_1_16' title="bbox 278 1879 1851 1951; baseline -0.008 -8"><span class='ocrx_word' id='word_1_102' title='bbox 278 1888 547 1943; x_wconf 84' lang='lat' dir='ltr'><strong>Christum</strong></span> <span class='ocrx_word' id='word_1_103' title='bbox 578 1888 758 1942; x_wconf 84' lang='lat' dir='ltr'><strong>Iesum</strong></span> <span class='ocrx_word' id='word_1_104' title='bbox 808 1897 856 1941; x_wconf 89' lang='lat' dir='ltr'><strong>et</strong></span> <span class='ocrx_word' id='word_1_105' title='bbox 890 1887 1027 1939; x_wconf 86' lang='lat' dir='ltr'><strong>hunc</strong></span> <span class='ocrx_word' id='word_1_106' title='bbox 1071 1884 1378 1951; x_wconf 77' lang='lat' dir='ltr'><strong>cruciﬁxum</strong></span> <span class='ocrx_word' id='word_1_107' title='bbox 1424 1880 1481 1949; x_wconf 86' lang='grc' dir='ltr'><strong>(Ι</strong></span> <span class='ocrx_word' id='word_1_108' title='bbox 1512 1880 1633 1935; x_wconf 84' lang='lat' dir='ltr'><strong>Cor.</strong></span> <span class='ocrx_word' id='word_1_109' title='bbox 1668 1896 1739 1945; x_wconf 89' lang='lat' dir='ltr'><strong>tt,</strong></span> <span class='ocrx_word' id='word_1_110' title='bbox 1766 1879 1851 1948; x_wconf 75' lang='grc'><strong>2).</strong></span> 
     </span>
    </p>
   </div>
   <div class='ocr_carea' id='block_1_17' title="bbox 279 1971 1855 2046">
    <p class='ocr_par' dir='ltr' id='par_1_17' title="bbox 279 1971 1855 2046">
     <span class='ocr_line' id='line_1_17' title="bbox 279 1971 1855 2046; baseline -0.004 -15"><span class='ocrx_word' id='word_1_111' title='bbox 279 1977 491 2033; x_wconf 84' lang='lat' dir='ltr'><strong>Dilecto</strong></span> <span class='ocrx_word' id='word_1_112' title='bbox 537 1992 751 2046; x_wconf 90' lang='lat' dir='ltr'><strong>quoque</strong></span> <span class='ocrx_word' id='word_1_113' title='bbox 794 1975 1053 2046; x_wconf 90' lang='lat' dir='ltr'><strong>discipulo</strong></span> <span class='ocrx_word' id='word_1_114' title='bbox 1100 1973 1316 2029; x_wconf 87' lang='lat' dir='ltr'><strong>mandat</strong></span> <span class='ocrx_word' id='word_1_115' title='bbox 1349 1990 1362 2026; x_wconf 91' lang='lat'><strong>:</strong></span> <span class='ocrx_word' id='word_1_116' title='bbox 1395 1971 1520 2026; x_wconf 86' lang='lat' dir='ltr'><strong>Noli</strong></span> <span class='ocrx_word' id='word_1_117' title='bbox 1562 1971 1855 2026; x_wconf 79' lang='lat' dir='ltr'><strong>erubescere</strong></span> 
     </span>
    </p>
   </div>
   <div class='ocr_carea' id='block_1_18' title="bbox 277 2062 1852 2138">
    <p class='ocr_par' dir='ltr' id='par_1_18' title="bbox 277 2062 1852 2138">
     <span class='ocr_line' id='line_1_18' title="bbox 277 2062 1852 2138; baseline -0.003 -17"><span class='ocrx_word' id='word_1_118' title='bbox 277 2084 487 2122; x_wconf 72' lang='lat' dir='ltr'><strong>crucem</strong></span> <span class='ocrx_word' id='word_1_119' title='bbox 516 2068 709 2123; x_wconf 78' lang='lat' dir='ltr'><strong>Christi</strong></span> <span class='ocrx_word' id='word_1_120' title='bbox 731 2084 890 2138; x_wconf 77' lang='lat' dir='ltr'><strong>neque</strong></span> <span class='ocrx_word' id='word_1_121' title='bbox 916 2084 995 2121; x_wconf 87' lang='lat' dir='ltr'><strong>me</strong></span> <span class='ocrx_word' id='word_1_122' title='bbox 1020 2068 1244 2121; x_wconf 85' lang='lat' dir='ltr'><strong>vinctum</strong></span> <span class='ocrx_word' id='word_1_123' title='bbox 1273 2065 1384 2136; x_wconf 88' lang='lat' dir='ltr'><strong>ejus</strong></span> <span class='ocrx_word' id='word_1_124' title='bbox 1417 2063 1499 2135; x_wconf 89' lang='lat' dir='ltr'><strong>(II</strong></span> <span class='ocrx_word' id='word_1_125' title='bbox 1528 2062 1660 2117; x_wconf 85' lang='lat' dir='ltr'><strong>Tim.</strong></span> <span class='ocrx_word' id='word_1_126' title='bbox 1694 2080 1754 2127; x_wconf 87' lang='lat' dir='ltr'><strong>tt,</strong></span> <span class='ocrx_word' id='word_1_127' title='bbox 1776 2063 1852 2134; x_wconf 92' lang='grc'><strong>8).</strong></span> 
     </span>
    </p>
   </div>
   <div class='ocr_carea' id='block_1_19' title="bbox 278 2154 1857 2227">
    <p class='ocr_par' dir='ltr' id='par_1_19' title="bbox 278 2154 1857 2227">
     <span class='ocr_line' id='line_1_19' title="bbox 278 2154 1857 2227; baseline -0.003 -15"><span class='ocrx_word' id='word_1_128' title='bbox 278 2158 508 2227; x_wconf 77' lang='lat' dir='ltr'><strong>Accepit</strong></span> <span class='ocrx_word' id='word_1_129' title='bbox 533 2166 586 2212; x_wconf 90' lang='lat' dir='ltr'><strong>et</strong></span> <span class='ocrx_word' id='word_1_130' title='bbox 624 2159 847 2227; x_wconf 83' lang='lat' dir='ltr'><strong>quinque</strong></span> <span class='ocrx_word' id='word_1_131' title='bbox 883 2156 1041 2211; x_wconf 78' lang='lat' dir='ltr'><strong>stolas</strong></span> <span class='ocrx_word' id='word_1_132' title='bbox 1083 2156 1328 2225; x_wconf 87' lang='lat' dir='ltr'><strong>optimas,</strong></span> <span class='ocrx_word' id='word_1_133' title='bbox 1378 2156 1478 2209; x_wconf 90' lang='lat' dir='ltr'><strong>hoc</strong></span> <span class='ocrx_word' id='word_1_134' title='bbox 1526 2162 1607 2209; x_wconf 90' lang='lat' dir='ltr'><strong>est</strong></span> <span class='ocrx_word' id='word_1_135' title='bbox 1648 2154 1857 2224; x_wconf 87' lang='lat' dir='ltr'><strong>sapien-</strong></span> 
     </span>
    </p>
   </div>
   <div class='ocr_carea' id='block_1_20' title="bbox 282 2242 1853 2315">
    <p class='ocr_par' dir='ltr' id='par_1_20' title="bbox 282 2242 1853 2315">
     <span class='ocr_line' id='line_1_20' title="bbox 282 2242 1853 2315; baseline -0.004 -14"><span class='ocrx_word' id='word_1_136' title='bbox 282 2248 412 2301; x_wconf 87' lang='lat' dir='ltr'><strong>tiam</strong></span> <span class='ocrx_word' id='word_1_137' title='bbox 435 2255 489 2300; x_wconf 85' lang='lat' dir='ltr'><strong>ct</strong></span> <span class='ocrx_word' id='word_1_138' title='bbox 518 2246 940 2301; x_wconf 85' lang='lat' dir='ltr'><strong>moderationem</strong></span> <span class='ocrx_word' id='word_1_139' title='bbox 968 2245 1203 2315; x_wconf 82' lang='lat' dir='ltr'><strong>quinque</strong></span> <span class='ocrx_word' id='word_1_140' title='bbox 1227 2259 1502 2305; x_wconf 85' lang='lat' dir='ltr'><strong>sensuum,</strong></span> <span class='ocrx_word' id='word_1_141' title='bbox 1534 2258 1650 2312; x_wconf 68' lang='lat' dir='ltr'><strong>quae</strong></span> <span class='ocrx_word' id='word_1_142' title='bbox 1672 2242 1853 2297; x_wconf 89' lang='lat' dir='ltr'><strong>omnia</strong></span> 
     </span>
    </p>
   </div>
   <div class='ocr_carea' id='block_1_21' title="bbox 279 2332 1853 2404">
    <p class='ocr_par' dir='ltr' id='par_1_21' title="bbox 279 2332 1853 2404">
     <span class='ocr_line' id='line_1_21' title="bbox 279 2332 1853 2404; baseline -0.001 -16"><span class='ocrx_word' id='word_1_143' title='bbox 279 2334 540 2403; x_wconf 87' lang='lat' dir='ltr'><strong>ampliora</strong></span> <span class='ocrx_word' id='word_1_144' title='bbox 592 2336 645 2389; x_wconf 92' lang='lat' dir='ltr'><strong>in</strong></span> <span class='ocrx_word' id='word_1_145' title='bbox 692 2333 856 2389; x_wconf 85' lang='lat' dir='ltr'><strong>Paulo</strong></span> <span class='ocrx_word' id='word_1_146' title='bbox 905 2350 1065 2404; x_wconf 91' lang='lat' dir='ltr'><strong>quam</strong></span> <span class='ocrx_word' id='word_1_147' title='bbox 1112 2335 1164 2387; x_wconf 93' lang='lat' dir='ltr'><strong>in</strong></span> <span class='ocrx_word' id='word_1_148' title='bbox 1205 2334 1413 2389; x_wconf 70' lang='lat' dir='ltr'><strong>cmteris</strong></span> <span class='ocrx_word' id='word_1_149' title='bbox 1455 2332 1620 2387; x_wconf 81' lang='lat' dir='ltr'><strong>fuere.</strong></span> <span class='ocrx_word' id='word_1_150' title='bbox 1664 2333 1853 2387; x_wconf 63' lang='lat' dir='ltr'><strong>Crateri</strong></span> 
     </span>
    </p>
   </div>
   <div class='ocr_carea' id='block_1_22' title="bbox 280 2421 1854 2493">
    <p class='ocr_par' dir='ltr' id='par_1_22' title="bbox 280 2421 1854 2493">
     <span class='ocr_line' id='line_1_22' title="bbox 280 2421 1854 2493; baseline -0.001 -16"><span class='ocrx_word' id='word_1_151' title='bbox 280 2422 478 2479; x_wconf 82' lang='lat' dir='ltr'><strong>fratres</strong></span> <span class='ocrx_word' id='word_1_152' title='bbox 498 2424 645 2477; x_wconf 86' lang='lat' dir='ltr'><strong>binas</strong></span> <span class='ocrx_word' id='word_1_153' title='bbox 668 2424 829 2478; x_wconf 93' lang='lat' dir='ltr'><strong>stolas</strong></span> <span class='ocrx_word' id='word_1_154' title='bbox 854 2431 1196 2493; x_wconf 76' lang='lat' dir='ltr'><strong>acceperunt,</strong></span> <span class='ocrx_word' id='word_1_155' title='bbox 1227 2431 1285 2476; x_wconf 91' lang='lat' dir='ltr'><strong>ut</strong></span> <span class='ocrx_word' id='word_1_156' title='bbox 1305 2423 1553 2477; x_wconf 74' lang='lat' dir='ltr'><strong>videlicet</strong></span> <span class='ocrx_word' id='word_1_157' title='bbox 1583 2421 1854 2476; x_wconf 89' lang='lat' dir='ltr'><strong>Christum</strong></span> 
     </span>
    </p>
   </div>
   <div class='ocr_carea' id='block_1_23' title="bbox 284 2511 1852 2583">
    <p class='ocr_par' dir='ltr' id='par_1_23' title="bbox 284 2511 1852 2583">
     <span class='ocr_line' id='line_1_23' title="bbox 284 2511 1852 2583; baseline -0.002 -16"><span class='ocrx_word' id='word_1_158' title='bbox 284 2512 453 2568; x_wconf 86' lang='lat' dir='ltr'><strong>Deum</strong></span> <span class='ocrx_word' id='word_1_159' title='bbox 484 2525 537 2568; x_wconf 93' lang='lat' dir='ltr'><strong>et</strong></span> <span class='ocrx_word' id='word_1_160' title='bbox 575 2514 850 2569; x_wconf 86' lang='lat' dir='ltr'><strong>hominem</strong></span> <span class='ocrx_word' id='word_1_161' title='bbox 889 2514 1268 2583; x_wconf 67' lang='lat' dir='ltr'><strong>praedicarent,</strong></span> <span class='ocrx_word' id='word_1_162' title='bbox 1305 2512 1505 2583; x_wconf 79' lang='lat' dir='ltr'><strong>Deique</strong></span> <span class='ocrx_word' id='word_1_163' title='bbox 1543 2520 1595 2569; x_wconf 89' lang='lat' dir='ltr'><strong>et</strong></span> <span class='ocrx_word' id='word_1_164' title='bbox 1622 2511 1852 2583; x_wconf 80' lang='lat' dir='ltr'><strong>proximi</strong></span> 
     </span>
    </p>
   </div>
   <div class='ocr_carea' id='block_1_24' title="bbox 284 2603 1352 2671">
    <p class='ocr_par' dir='ltr' id='par_1_24' title="bbox 284 2603 1352 2671">
     <span class='ocr_line' id='line_1_24' title="bbox 284 2603 1352 2671; baseline -0.002 -13"><span class='ocrx_word' id='word_1_165' title='bbox 284 2603 627 2658; x_wconf 86' lang='lat' dir='ltr'><strong>dilectionem</strong></span> <span class='ocrx_word' id='word_1_166' title='bbox 661 2604 945 2659; x_wconf 89' lang='lat' dir='ltr'><strong>tenendam</strong></span> <span class='ocrx_word' id='word_1_167' title='bbox 979 2603 1352 2671; x_wconf 76' lang='lat' dir='ltr'><strong>przedicarent.</strong></span> 
     </span>
    </p>
   </div>
   <div class='ocr_carea' id='block_1_25' title="bbox 356 2694 1856 2764">
    <p class='ocr_par' dir='ltr' id='par_1_25' title="bbox 356 2694 1856 2764">
     <span class='ocr_line' id='line_1_25' title="bbox 356 2694 1856 2764; baseline 0.003 -18"><span class='ocrx_word' id='word_1_168' title='bbox 356 2694 507 2748; x_wconf 81' lang='lat' dir='ltr'><strong>Vers.</strong></span> <span class='ocrx_word' id='word_1_169' title='bbox 540 2695 629 2750; x_wconf 76' lang='lat'><strong>25.</strong></span> <span class='ocrx_word' id='word_1_170' title='bbox 660 2695 844 2760; x_wconf 79' lang='lat' dir='ltr'><strong>Asini,</strong></span> <span class='ocrx_word' id='word_1_171' title='bbox 877 2696 964 2764; x_wconf 89' lang='lat' dir='ltr'><strong>qui</strong></span> <span class='ocrx_word' id='word_1_172' title='bbox 1002 2711 1191 2764; x_wconf 88' lang='lat' dir='ltr'><strong>panem</strong></span> <span class='ocrx_word' id='word_1_173' title='bbox 1221 2705 1276 2750; x_wconf 90' lang='lat' dir='ltr'><strong>et</strong></span> <span class='ocrx_word' id='word_1_174' title='bbox 1304 2696 1537 2751; x_wconf 87' lang='lat' dir='ltr'><strong>triticum</strong></span> <span class='ocrx_word' id='word_1_175' title='bbox 1573 2696 1625 2751; x_wconf 78' lang='lat' dir='ltr'><strong>in</strong></span> <span class='ocrx_word' id='word_1_176' title='bbox 1666 2696 1856 2751; x_wconf 86' lang='lat' dir='ltr'><strong>itinere</strong></span> 
     </span>
    </p>
   </div>
   <div class='ocr_carea' id='block_1_26' title="bbox 279 2782 1854 2855">
    <p class='ocr_par' dir='ltr' id='par_1_26' title="bbox 279 2782 1854 2855">
     <span class='ocr_line' id='line_1_26' title="bbox 279 2782 1854 2855; baseline 0 -18"><span class='ocrx_word' id='word_1_177' title='bbox 279 2784 593 2853; x_wconf 82' lang='lat' dir='ltr'><strong>portabant,</strong></span> <span class='ocrx_word' id='word_1_178' title='bbox 616 2784 839 2854; x_wconf 72' lang='lat' dir='ltr'><strong>gentiles</strong></span> <span class='ocrx_word' id='word_1_179' title='bbox 863 2784 927 2837; x_wconf 89' lang='lat' dir='ltr'><strong>ad</strong></span> <span class='ocrx_word' id='word_1_180' title='bbox 946 2782 1213 2837; x_wconf 86' lang='lat' dir='ltr'><strong>Christum</strong></span> <span class='ocrx_word' id='word_1_181' title='bbox 1239 2798 1529 2839; x_wconf 89' lang='lat' dir='ltr'><strong>conversos</strong></span> <span class='ocrx_word' id='word_1_182' title='bbox 1550 2784 1854 2855; x_wconf 86' lang='lat' dir='ltr'><strong>designant,</strong></span> 
     </span>
    </p>
   </div>
   <div class='ocr_carea' id='block_1_27' title="bbox 280 2870 1854 2944">
    <p class='ocr_par' dir='ltr' id='par_1_27' title="bbox 280 2870 1854 2944">
     <span class='ocr_line' id='line_1_27' title="bbox 280 2870 1854 2944; baseline 0.001 -19"><span class='ocrx_word' id='word_1_183' title='bbox 280 2873 375 2943; x_wconf 86' lang='lat' dir='ltr'><strong>qui</strong></span> <span class='ocrx_word' id='word_1_184' title='bbox 403 2873 551 2944; x_wconf 86' lang='lat' dir='ltr'><strong>prius</strong></span> <span class='ocrx_word' id='word_1_185' title='bbox 576 2873 723 2927; x_wconf 88' lang='lat' dir='ltr'><strong>stulti</strong></span> <span class='ocrx_word' id='word_1_186' title='bbox 747 2883 802 2927; x_wconf 90' lang='lat' dir='ltr'><strong>et</strong></span> <span class='ocrx_word' id='word_1_187' title='bbox 832 2872 1091 2943; x_wconf 85' lang='lat' dir='ltr'><strong>ignobiles</strong></span> <span class='ocrx_word' id='word_1_188' title='bbox 1120 2870 1354 2937; x_wconf 83' lang='lat' dir='ltr'><strong>luerunt,</strong></span> <span class='ocrx_word' id='word_1_189' title='bbox 1380 2873 1471 2927; x_wconf 90' lang='lat' dir='ltr'><strong>sed</strong></span> <span class='ocrx_word' id='word_1_190' title='bbox 1493 2873 1558 2928; x_wconf 89' lang='lat' dir='ltr'><strong>ad</strong></span> <span class='ocrx_word' id='word_1_191' title='bbox 1580 2872 1854 2929; x_wconf 87' lang='lat' dir='ltr'><strong>Christum</strong></span> 
     </span>
    </p>
   </div>
   <div class='ocr_carea' id='block_1_28' title="bbox 284 2966 1443 3036">
    <p class='ocr_par' dir='ltr' id='par_1_28' title="bbox 284 2966 1443 3036">
     <span class='ocr_line' id='line_1_28' title="bbox 284 2966 1443 3036; baseline -0.002 -14"><span class='ocrx_word' id='word_1_192' title='bbox 284 2967 529 3022; x_wconf 81' lang='lat' dir='ltr'><strong>conversi</strong></span> <span class='ocrx_word' id='word_1_193' title='bbox 560 2966 810 3036; x_wconf 86' lang='lat' dir='ltr'><strong>pabulum</strong></span> <span class='ocrx_word' id='word_1_194' title='bbox 840 2966 987 3021; x_wconf 89' lang='lat' dir='ltr'><strong>verbi</strong></span> <span class='ocrx_word' id='word_1_195' title='bbox 1015 2966 1105 3021; x_wconf 85' lang='lat' dir='ltr'><strong>Dei</strong></span> <span class='ocrx_word' id='word_1_196' title='bbox 1138 2966 1443 3035; x_wconf 85' lang='lat' dir='ltr'><strong>portabant.</strong></span> 
     </span>
    </p>
   </div>
   <div class='ocr_carea' id='block_1_29' title="bbox 355 3052 1855 3126">
    <p class='ocr_par' dir='ltr' id='par_1_29' title="bbox 355 3052 1855 3126">
     <span class='ocr_line' id='line_1_29' title="bbox 355 3052 1855 3126; baseline 0.001 -18"><span class='ocrx_word' id='word_1_197' title='bbox 355 3054 512 3110; x_wconf 74' lang='lat' dir='ltr'><strong>Vers.</strong></span> <span class='ocrx_word' id='word_1_198' title='bbox 556 3056 645 3109; x_wconf 76' lang='lat'><strong>27.</strong></span> <span class='ocrx_word' id='word_1_199' title='bbox 684 3053 881 3108; x_wconf 73' lang='lat' dir='ltr'><strong>Revixit</strong></span> <span class='ocrx_word' id='word_1_200' title='bbox 929 3055 1141 3125; x_wconf 79' lang='lat' dir='ltr'><strong>spiritus</strong></span> <span class='ocrx_word' id='word_1_201' title='bbox 1185 3057 1319 3126; x_wconf 83' lang='lat' dir='ltr'><strong>ejus.</strong></span> <span class='ocrx_word' id='word_1_202' title='bbox 1372 3055 1482 3110; x_wconf 82' lang='lat' dir='ltr'><strong>Hoc</strong></span> <span class='ocrx_word' id='word_1_203' title='bbox 1528 3054 1646 3109; x_wconf 85' lang='lat' dir='ltr'><strong>loco</strong></span> <span class='ocrx_word' id='word_1_204' title='bbox 1690 3052 1855 3111; x_wconf 90' lang='lat' dir='ltr'><strong>Iacob</strong></span> 
     </span>
    </p>
   </div>
   <div class='ocr_carea' id='block_1_30' title="bbox 280 3143 1853 3217">
    <p class='ocr_par' dir='ltr' id='par_1_30' title="bbox 280 3143 1853 3217">
     <span class='ocr_line' id='line_1_30' title="bbox 280 3143 1853 3217; baseline -0.001 -17"><span class='ocrx_word' id='word_1_205' title='bbox 280 3154 468 3217; x_wconf 83' lang='lat' dir='ltr'><strong>typum</strong></span> <span class='ocrx_word' id='word_1_206' title='bbox 490 3153 640 3200; x_wconf 90' lang='lat' dir='ltr'><strong>tenet</strong></span> <span class='ocrx_word' id='word_1_207' title='bbox 668 3144 974 3199; x_wconf 69' lang='lat' dir='ltr'><strong>Israeliticae</strong></span> <span class='ocrx_word' id='word_1_208' title='bbox 1004 3143 1195 3215; x_wconf 89' lang='lat' dir='ltr'><strong>plebis,</strong></span> <span class='ocrx_word' id='word_1_209' title='bbox 1224 3160 1342 3214; x_wconf 69' lang='lat' dir='ltr'><strong>qua:</strong></span> <span class='ocrx_word' id='word_1_210' title='bbox 1368 3161 1461 3213; x_wconf 90' lang='lat' dir='ltr'><strong>per</strong></span> <span class='ocrx_word' id='word_1_211' title='bbox 1487 3143 1853 3198; x_wconf 89' lang='lat' dir='ltr'><strong>inﬁdelitatem</strong></span> 
     </span>
    </p>
   </div>
   <div class='ocr_carea' id='block_1_31' title="bbox 280 3234 1851 3306">
    <p class='ocr_par' dir='ltr' id='par_1_31' title="bbox 280 3234 1851 3306">
     <span class='ocr_line' id='line_1_31' title="bbox 280 3234 1851 3306; baseline -0.003 -15"><span class='ocrx_word' id='word_1_212' title='bbox 280 3237 515 3306; x_wconf 86' lang='lat' dir='ltr'><strong>quodam</strong></span> <span class='ocrx_word' id='word_1_213' title='bbox 545 3236 694 3291; x_wconf 79' lang='lat' dir='ltr'><strong>senio</strong></span> <span class='ocrx_word' id='word_1_214' title='bbox 722 3236 1048 3300; x_wconf 84' lang='lat' dir='ltr'><strong>tabescebat,</strong></span> <span class='ocrx_word' id='word_1_215' title='bbox 1078 3244 1129 3290; x_wconf 90' lang='lat' dir='ltr'><strong>et</strong></span> <span class='ocrx_word' id='word_1_216' title='bbox 1156 3234 1268 3302; x_wconf 87' lang='lat' dir='ltr'><strong>jam</strong></span> <span class='ocrx_word' id='word_1_217' title='bbox 1293 3236 1446 3305; x_wconf 90' lang='lat' dir='ltr'><strong>quasi</strong></span> <span class='ocrx_word' id='word_1_218' title='bbox 1478 3246 1686 3290; x_wconf 90' lang='lat' dir='ltr'><strong>mortua</strong></span> <span class='ocrx_word' id='word_1_219' title='bbox 1716 3244 1851 3296; x_wconf 90' lang='lat' dir='ltr'><strong>erat,</strong></span> 
     </span>
    </p>
   </div>
   <div class='ocr_carea' id='block_1_32' title="bbox 278 3324 1859 3396">
    <p class='ocr_par' dir='ltr' id='par_1_32' title="bbox 278 3324 1859 3396">
     <span class='ocr_line' id='line_1_32' title="bbox 278 3324 1859 3396; baseline -0.003 -14"><span class='ocrx_word' id='word_1_220' title='bbox 278 3328 378 3382; x_wconf 89' lang='lat' dir='ltr'><strong>sed</strong></span> <span class='ocrx_word' id='word_1_221' title='bbox 429 3326 612 3380; x_wconf 89' lang='lat' dir='ltr'><strong>audita</strong></span> <span class='ocrx_word' id='word_1_222' title='bbox 671 3325 1034 3396; x_wconf 87' lang='lat' dir='ltr'><strong>apostolorum</strong></span> <span class='ocrx_word' id='word_1_223' title='bbox 1080 3324 1488 3393; x_wconf 70' lang='lat' dir='ltr'><strong>praedicatione,</strong></span> <span class='ocrx_word' id='word_1_224' title='bbox 1538 3340 1672 3393; x_wconf 91' lang='lat' dir='ltr'><strong>quos</strong></span> <span class='ocrx_word' id='word_1_225' title='bbox 1713 3324 1859 3378; x_wconf 87' lang='lat' dir='ltr'><strong>desi-</strong></span> 
     </span>
    </p>
   </div>
   <div class='ocr_carea' id='block_1_33' title="bbox 280 3413 1859 3486">
    <p class='ocr_par' dir='ltr' id='par_1_33' title="bbox 280 3413 1859 3486">
     <span class='ocr_line' id='line_1_33' title="bbox 280 3413 1859 3486; baseline 0 -18"><span class='ocrx_word' id='word_1_226' title='bbox 280 3424 453 3486; x_wconf 86' lang='lat' dir='ltr'><strong>gnant</strong></span> <span class='ocrx_word' id='word_1_227' title='bbox 497 3415 588 3470; x_wconf 88' lang='lat' dir='ltr'><strong>lilii</strong></span> <span class='ocrx_word' id='word_1_228' title='bbox 621 3414 857 3484; x_wconf 89' lang='lat' dir='ltr'><strong>ejusdem</strong></span> <span class='ocrx_word' id='word_1_229' title='bbox 898 3413 1088 3479; x_wconf 90' lang='lat' dir='ltr'><strong>Iacob,</strong></span> <span class='ocrx_word' id='word_1_230' title='bbox 1126 3414 1255 3469; x_wconf 90' lang='lat' dir='ltr'><strong>visis</strong></span> <span class='ocrx_word' id='word_1_231' title='bbox 1293 3415 1451 3468; x_wconf 91' lang='lat' dir='ltr'><strong>etiam</strong></span> <span class='ocrx_word' id='word_1_232' title='bbox 1492 3413 1766 3468; x_wconf 86' lang='lat' dir='ltr'><strong>miraculis</strong></span> <span class='ocrx_word' id='word_1_233' title='bbox 1803 3422 1859 3468; x_wconf 91' lang='lat' dir='ltr'><strong>et</strong></span> 
     </span>
    </p>
   </div>
   <div class='ocr_carea' id='block_1_34' title="bbox 252 3502 1857 3577">
    <p class='ocr_par' dir='ltr' id='par_1_34' title="bbox 252 3502 1857 3577">
     <span class='ocr_line' id='line_1_34' title="bbox 252 3502 1857 3577; baseline -0.001 -17"><span class='ocrx_word' id='word_1_234' title='bbox 252 3504 706 3573; x_wconf 15' lang='lat' dir='ltr'><strong>vcharismatibus</strong></span> <span class='ocrx_word' id='word_1_235' title='bbox 728 3505 917 3560; x_wconf 71' lang='lat' dir='ltr'><strong>divinm</strong></span> <span class='ocrx_word' id='word_1_236' title='bbox 945 3502 1261 3577; x_wconf 68' lang='lat' dir='ltr'><strong>[potentiae].</strong></span> <span class='ocrx_word' id='word_1_237' title='bbox 1290 3520 1408 3575; x_wconf 62' lang='lat' dir='ltr'><strong>quae</strong></span> <span class='ocrx_word' id='word_1_238' title='bbox 1427 3505 1692 3568; x_wconf 86' lang='lat' dir='ltr'><strong>Christus,</strong></span> <span class='ocrx_word' id='word_1_239' title='bbox 1716 3503 1857 3573; x_wconf 77' lang='lat' dir='ltr'><strong>ejus-</strong></span> 
     </span>
    </p>
   </div>
   <div class='ocr_carea' id='block_1_35' title="bbox 279 3594 1854 3665">
    <p class='ocr_par' dir='ltr' id='par_1_35' title="bbox 279 3594 1854 3665">
     <span class='ocr_line' id='line_1_35' title="bbox 279 3594 1854 3665; baseline -0.001 -16"><span class='ocrx_word' id='word_1_240' title='bbox 279 3595 405 3649; x_wconf 89' lang='lat' dir='ltr'><strong>dem</strong></span> <span class='ocrx_word' id='word_1_241' title='bbox 442 3595 613 3665; x_wconf 89' lang='lat' dir='ltr'><strong>plebis</strong></span> <span class='ocrx_word' id='word_1_242' title='bbox 645 3595 782 3650; x_wconf 91' lang='lat' dir='ltr'><strong>ﬁlius</strong></span> <span class='ocrx_word' id='word_1_243' title='bbox 807 3595 1099 3650; x_wconf 90' lang='lat' dir='ltr'><strong>secundum</strong></span> <span class='ocrx_word' id='word_1_244' title='bbox 1128 3610 1369 3662; x_wconf 90' lang='lat' dir='ltr'><strong>carnem,</strong></span> <span class='ocrx_word' id='word_1_245' title='bbox 1400 3594 1620 3663; x_wconf 79' lang='lat' dir='ltr'><strong>fecerat,</strong></span> <span class='ocrx_word' id='word_1_246' title='bbox 1652 3595 1854 3663; x_wconf 75' lang='lat' dir='ltr'><strong>revixit,</strong></span> 
     </span>
    </p>
   </div>
   <div class='ocr_carea' id='block_1_36' title="bbox 278 3665 1326 3754">
    <p class='ocr_par' dir='ltr' id='par_1_36' title="bbox 278 3665 1326 3754">
     <span class='ocr_line' id='line_1_36' title="bbox 278 3665 1326 3754; baseline 0.001 -15"><span class='ocrx_word' id='word_1_247' title='bbox 278 3686 442 3754; x_wconf 87' lang='lat' dir='ltr'><strong>eique</strong></span> <span class='ocrx_word' id='word_1_248' title='bbox 472 3701 529 3740; x_wconf 90' lang='lat' dir='ltr'><strong>se</strong></span> <span class='ocrx_word' id='word_1_249' title='bbox 561 3665 947 3741; x_wconf 79' lang='lat' dir='ltr'><strong>occurrendum</strong></span> <span class='ocrx_word' id='word_1_250' title='bbox 987 3686 1326 3754; x_wconf 59' lang='lat' dir='ltr'><strong>pra‘paravit.</strong></span> 
     </span>
    </p>
   </div>
   <div class='ocr_carea' id='block_1_37' title="bbox 850 3774 1288 3831">
    <p class='ocr_par' dir='ltr' id='par_1_37' title="bbox 850 3774 1288 3831">
     <span class='ocr_line' id='line_1_37' title="bbox 850 3774 1288 3831; baseline -0.005 -1"><span class='ocrx_word' id='word_1_251' title='bbox 850 3774 1073 3831; x_wconf 85' lang='lat' dir='ltr'><strong>CAPUT</strong></span> <span class='ocrx_word' id='word_1_252' title='bbox 1106 3774 1288 3831; x_wconf 80' lang='lat' dir='ltr'><strong>XLVI.</strong></span> 
     </span>
    </p>
   </div>
   <div class='ocr_carea' id='block_1_38' title="bbox 352 3864 1855 3937">
    <p class='ocr_par' dir='ltr' id='par_1_38' title="bbox 352 3864 1855 3937">
     <span class='ocr_line' id='line_1_38' title="bbox 352 3864 1855 3937; baseline -0.001 -17"><span class='ocrx_word' id='word_1_253' title='bbox 352 3866 510 3920; x_wconf 72' lang='lat' dir='ltr'><strong>Vers.</strong></span> <span class='ocrx_word' id='word_1_254' title='bbox 553 3866 606 3921; x_wconf 84' lang='lat'><strong>7.</strong></span> <span class='ocrx_word' id='word_1_255' title='bbox 646 3864 801 3920; x_wconf 72' lang='lat' dir='ltr'><strong>Filia:</strong></span> <span class='ocrx_word' id='word_1_256' title='bbox 848 3878 893 3921; x_wconf 91' lang='lat' dir='ltr'><strong>et</strong></span> <span class='ocrx_word' id='word_1_257' title='bbox 940 3876 1124 3920; x_wconf 88' lang='lat' dir='ltr'><strong>cuncta</strong></span> <span class='ocrx_word' id='word_1_258' title='bbox 1166 3865 1321 3920; x_wconf 83' lang='lat' dir='ltr'><strong>simul</strong></span> <span class='ocrx_word' id='word_1_259' title='bbox 1370 3866 1657 3937; x_wconf 84' lang='lat' dir='ltr'><strong>progenies.</strong></span> <span class='ocrx_word' id='word_1_260' title='bbox 1702 3864 1855 3933; x_wconf 83' lang='lat' dir='ltr'><strong>Quod</strong></span> 
     </span>
    </p>
   </div>
   <div class='ocr_carea' id='block_1_39' title="bbox 278 3956 1857 4026">
    <p class='ocr_par' dir='ltr' id='par_1_39' title="bbox 278 3956 1857 4026">
     <span class='ocr_line' id='line_1_39' title="bbox 278 3956 1857 4026; baseline 0.002 -16"><span class='ocrx_word' id='word_1_261' title='bbox 278 3958 414 4011; x_wconf 85' lang='lat' dir='ltr'><strong>dicit</strong></span> <span class='ocrx_word' id='word_1_262' title='bbox 453 3956 647 4025; x_wconf 89' lang='lat' dir='ltr'><strong>plurali</strong></span> <span class='ocrx_word' id='word_1_263' title='bbox 688 3972 930 4021; x_wconf 88' lang='lat' dir='ltr'><strong>numero,</strong></span> <span class='ocrx_word' id='word_1_264' title='bbox 972 3958 1118 4026; x_wconf 73' lang='lat' dir='ltr'><strong>ﬁlim,</strong></span> <span class='ocrx_word' id='word_1_265' title='bbox 1165 3974 1193 4012; x_wconf 89' lang='lat' dir='ltr'><strong>a</strong></span> <span class='ocrx_word' id='word_1_266' title='bbox 1227 3966 1335 4013; x_wconf 90' lang='lat' dir='ltr'><strong>toto</strong></span> <span class='ocrx_word' id='word_1_267' title='bbox 1361 3969 1568 4026; x_wconf 90' lang='lat' dir='ltr'><strong>partem</strong></span> <span class='ocrx_word' id='word_1_268' title='bbox 1600 3958 1857 4013; x_wconf 89' lang='lat' dir='ltr'><strong>debemus</strong></span> 
     </span>
    </p>
   </div>
   <div class='ocr_carea' id='block_1_40' title="bbox 282 4049 1734 4116">
    <p class='ocr_par' dir='ltr' id='par_1_40' title="bbox 282 4049 1734 4116">
     <span class='ocr_line' id='line_1_40' title="bbox 282 4049 1734 4116; baseline 0 -13"><span class='ocrx_word' id='word_1_269' title='bbox 282 4049 553 4116; x_wconf 88' lang='lat' dir='ltr'><strong>accipere.</strong></span> <span class='ocrx_word' id='word_1_270' title='bbox 590 4049 759 4104; x_wconf 89' lang='lat' dir='ltr'><strong>Unam</strong></span> <span class='ocrx_word' id='word_1_271' title='bbox 796 4058 998 4104; x_wconf 89' lang='lat' dir='ltr'><strong>tantum</strong></span> <span class='ocrx_word' id='word_1_272' title='bbox 1037 4050 1198 4105; x_wconf 90' lang='lat' dir='ltr'><strong>ﬁliam</strong></span> <span class='ocrx_word' id='word_1_273' title='bbox 1232 4050 1418 4105; x_wconf 90' lang='lat' dir='ltr'><strong>Dinam</strong></span> <span class='ocrx_word' id='word_1_274' title='bbox 1453 4050 1734 4104; x_wconf 88' lang='lat' dir='ltr'><strong>habuerat.</strong></span> 
     </span>
    </p>
   </div>
   <div class='ocr_carea' id='block_1_41' title="bbox 354 4137 1851 4210">
    <p class='ocr_par' dir='ltr' id='par_1_41' title="bbox 354 4137 1851 4210">
     <span class='ocr_line' id='line_1_41' title="bbox 354 4137 1851 4210; baseline -0.001 -17"><span class='ocrx_word' id='word_1_275' title='bbox 354 4139 511 4193; x_wconf 81' lang='lat' dir='ltr'><strong>Vers.</strong></span> <span class='ocrx_word' id='word_1_276' title='bbox 558 4138 647 4192; x_wconf 75' lang='lat'><strong>9.6.</strong></span> <span class='ocrx_word' id='word_1_277' title='bbox 697 4137 887 4193; x_wconf 87' lang='lat' dir='ltr'><strong>Omnes</strong></span> <span class='ocrx_word' id='word_1_278' title='bbox 936 4141 1125 4193; x_wconf 78' lang='lat' dir='ltr'><strong>anima:</strong></span> <span class='ocrx_word' id='word_1_279' title='bbox 1175 4156 1290 4210; x_wconf 72' lang='lat' dir='ltr'><strong>qua:</strong></span> <span class='ocrx_word' id='word_1_280' title='bbox 1334 4141 1578 4209; x_wconf 68' lang='lat' dir='ltr'><strong>ingressae</strong></span> <span class='ocrx_word' id='word_1_281' title='bbox 1630 4148 1751 4192; x_wconf 85' lang='lat' dir='ltr'><strong>sunt</strong></span> <span class='ocrx_word' id='word_1_282' title='bbox 1797 4138 1851 4193; x_wconf 86' lang='lat' dir='ltr'><strong>in</strong></span> 
     </span>
    </p>
   </div>
   <div class='ocr_carea' id='block_1_42' title="bbox 278 4225 1853 4297">
    <p class='ocr_par' dir='ltr' id='par_1_42' title="bbox 278 4225 1853 4297">
     <span class='ocr_line' id='line_1_42' title="bbox 278 4225 1853 4297; baseline 0 -16"><span class='ocrx_word' id='word_1_283' title='bbox 278 4226 574 4297; x_wconf 50' lang='lat' dir='ltr'><strong>«Egyptum</strong></span> <span class='ocrx_word' id='word_1_284' title='bbox 627 4228 837 4295; x_wconf 81' lang='lat' dir='ltr'><strong>fuerunt</strong></span> <span class='ocrx_word' id='word_1_285' title='bbox 886 4230 1230 4297; x_wconf 82' lang='lat' dir='ltr'><strong>septuaginta.</strong></span> <span class='ocrx_word' id='word_1_286' title='bbox 1286 4228 1408 4282; x_wconf 74' lang='lat' dir='ltr'><strong>lltcc</strong></span> <span class='ocrx_word' id='word_1_287' title='bbox 1464 4237 1547 4283; x_wconf 86' lang='lat' dir='ltr'><strong>est</strong></span> <span class='ocrx_word' id='word_1_288' title='bbox 1591 4225 1853 4282; x_wconf 84' lang='lat' dir='ltr'><strong>Ilebraica</strong></span> 
     </span>
    </p>
   </div>
   <div class='ocr_carea' id='block_1_43' title="bbox 278 4315 1857 4387">
    <p class='ocr_par' dir='ltr' id='par_1_43' title="bbox 278 4315 1857 4387">
     <span class='ocr_line' id='line_1_43' title="bbox 278 4315 1857 4387; baseline -0.001 -17"><span class='ocrx_word' id='word_1_289' title='bbox 278 4320 507 4373; x_wconf 85' lang='lat' dir='ltr'><strong>veritas.</strong></span> <span class='ocrx_word' id='word_1_290' title='bbox 546 4318 678 4372; x_wconf 90' lang='lat' dir='ltr'><strong>Nam</strong></span> <span class='ocrx_word' id='word_1_291' title='bbox 731 4320 870 4387; x_wconf 90' lang='lat' dir='ltr'><strong>quod</strong></span> <span class='ocrx_word' id='word_1_292' title='bbox 920 4320 970 4373; x_wconf 89' lang='lat' dir='ltr'><strong>in</strong></span> <span class='ocrx_word' id='word_1_293' title='bbox 1022 4318 1162 4373; x_wconf 82' lang='lat' dir='ltr'><strong>LXX</strong></span> <span class='ocrx_word' id='word_1_294' title='bbox 1188 4315 1632 4387; x_wconf 85' lang='lat' dir='ltr'><strong>lcgitur:0mnes</strong></span> <span class='ocrx_word' id='word_1_295' title='bbox 1668 4318 1857 4370; x_wconf 63' lang='lat' dir='ltr'><strong>anima:</strong></span> 
     </span>
    </p>
   </div>
   <div class='ocr_carea' id='block_1_44' title="bbox 279 4406 1857 4481">
    <p class='ocr_par' dir='ltr' id='par_1_44' title="bbox 279 4406 1857 4481">
     <span class='ocr_line' id='line_1_44' title="bbox 279 4406 1857 4481; baseline 0 -20"><span class='ocrx_word' id='word_1_296' title='bbox 279 4408 496 4478; x_wconf 76' lang='lat' dir='ltr'><strong>{uerunt</strong></span> <span class='ocrx_word' id='word_1_297' title='bbox 536 4410 858 4479; x_wconf 81' lang='lat' dir='ltr'><strong>septuaginta</strong></span> <span class='ocrx_word' id='word_1_298' title='bbox 902 4410 1144 4481; x_wconf 82' lang='lat' dir='ltr'><strong>quinque,</strong></span> <span class='ocrx_word' id='word_1_299' title='bbox 1195 4409 1497 4478; x_wconf 89' lang='lat' dir='ltr'><strong>supputatis</strong></span> <span class='ocrx_word' id='word_1_300' title='bbox 1536 4407 1700 4463; x_wconf 87' lang='lat' dir='ltr'><strong>Iacob</strong></span> <span class='ocrx_word' id='word_1_301' title='bbox 1735 4406 1857 4461; x_wconf 84' lang='lat' dir='ltr'><strong>ﬁliis</strong></span> 
     </span>
    </p>
   </div>
   <div class='ocr_carea' id='block_1_45' title="bbox 281 4499 1853 4571">
    <p class='ocr_par' dir='ltr' id='par_1_45' title="bbox 281 4499 1853 4571">
     <span class='ocr_line' id='line_1_45' title="bbox 281 4499 1853 4571; baseline -0.003 -15"><span class='ocrx_word' id='word_1_302' title='bbox 281 4510 470 4571; x_wconf 82' lang='lat' dir='ltr'><strong>aperte</strong></span> <span class='ocrx_word' id='word_1_303' title='bbox 499 4499 801 4555; x_wconf 88' lang='lat' dir='ltr'><strong>ostenditur</strong></span> <span class='ocrx_word' id='word_1_304' title='bbox 837 4516 941 4555; x_wconf 92' lang='lat' dir='ltr'><strong>non</strong></span> <span class='ocrx_word' id='word_1_305' title='bbox 980 4500 1289 4556; x_wconf 89' lang='lat' dir='ltr'><strong>convenire.</strong></span> <span class='ocrx_word' id='word_1_306' title='bbox 1331 4500 1404 4553; x_wconf 87' lang='lat' dir='ltr'><strong>Illi</strong></span> <span class='ocrx_word' id='word_1_307' title='bbox 1437 4500 1578 4558; x_wconf 88' lang='lat' dir='ltr'><strong>enim</strong></span> <span class='ocrx_word' id='word_1_308' title='bbox 1619 4499 1853 4567; x_wconf 91' lang='lat' dir='ltr'><strong>quicum</strong></span> 
     </span>
    </p>
   </div>
   <div class='ocr_carea' id='block_1_46' title="bbox 1400 451 2397 547">
    <p class='ocr_par' dir='ltr' id='par_1_46' title="bbox 1400 451 2397 547">
     <span class='ocr_line' id='line_1_46' title="bbox 1400 451 2397 547; baseline -0.009 0"><span class='ocrx_word' id='word_1_309' title='bbox 1400 451 1938 547; x_wconf 67' lang='lat' dir='ltr'><strong>communibus</strong></span> <span class='ocrx_word' id='word_1_310' title='bbox 1978 478 2043 534; x_wconf 53' lang='grc' dir='ltr'><strong>ιη</strong></span> <span class='ocrx_word' id='word_1_311' title='bbox 2081 482 2397 539; x_wconf 70' lang='grc' dir='ltr'><strong>αΕΝΕδιΜ.</strong></span> 
     </span>
    </p>
   </div>
   <div class='ocr_carea' id='block_1_47' title="bbox 1881 597 3510 662">
    <p class='ocr_par' dir='ltr' id='par_1_47' title="bbox 1881 597 3510 662">
     <span class='ocr_line' id='line_1_47' title="bbox 1881 597 3510 662; baseline 0.007 -14"><span class='ocrx_word' id='word_1_312' title='bbox 1881 597 1935 655; x_wconf 82' lang='grc' dir='ltr'><strong>Α</strong></span> <span class='ocrx_word' id='word_1_313' title='bbox 1963 598 2188 653; x_wconf 84' lang='lat' dir='ltr'><strong>minario</strong></span> <span class='ocrx_word' id='word_1_314' title='bbox 2211 604 2374 656; x_wconf 85' lang='lat' dir='ltr'><strong>nasci.</strong></span> <span class='ocrx_word' id='word_1_315' title='bbox 2408 602 2512 658; x_wconf 88' lang='lat' dir='ltr'><strong>Sed</strong></span> <span class='ocrx_word' id='word_1_316' title='bbox 2538 604 2693 660; x_wconf 85' lang='lat' dir='ltr'><strong>aliter</strong></span> <span class='ocrx_word' id='word_1_317' title='bbox 2714 606 2910 660; x_wconf 84' lang='lat' dir='ltr'><strong>veritas</strong></span> <span class='ocrx_word' id='word_1_318' title='bbox 2926 623 2983 661; x_wconf 90' lang='lat' dir='ltr'><strong>se</strong></span> <span class='ocrx_word' id='word_1_319' title='bbox 3010 606 3344 662; x_wconf 87' lang='lat' dir='ltr'><strong>habet.Deus</strong></span> <span class='ocrx_word' id='word_1_320' title='bbox 3369 608 3510 660; x_wconf 84' lang='lat' dir='ltr'><strong>enim</strong></span> 
     </span>
    </p>
   </div>
   <div class='ocr_carea' id='block_1_48' title="bbox 1877 3279 1928 3345">
    <p class='ocr_par' dir='ltr' id='par_1_48' title="bbox 1877 3279 1928 3345">
     <span class='ocr_line' id='line_1_48' title="bbox 1877 3279 1928 3345; baseline 0 0"><span class='ocrx_word' id='word_1_321' title='bbox 1877 3279 1928 3345; x_wconf 74' lang='grc' dir='ltr'>Ο</span> 
     </span>
    </p>
   </div>
   <div class='ocr_carea' id='block_1_49' title="bbox 3407 484 3512 541">
    <p class='ocr_par' dir='ltr' id='par_1_49' title="bbox 3407 484 3512 541">
     <span class='ocr_line' id='line_1_49' title="bbox 3407 484 3512 541; baseline 0.029 -3"><span class='ocrx_word' id='word_1_322' title='bbox 3407 484 3512 541; x_wconf 63' lang='grc' dir='ltr'><strong>ηε</strong></span> 
     </span>
    </p>
   </div>
   <div class='ocr_carea' id='block_1_50' title="bbox 1956 694 3516 769">
    <p class='ocr_par' dir='ltr' id='par_1_50' title="bbox 1956 694 3516 769">
     <span class='ocr_line' id='line_1_50' title="bbox 1956 694 3516 769; baseline 0.003 -23"><span class='ocrx_word' id='word_1_323' title='bbox 1956 694 2022 748; x_wconf 93' lang='lat' dir='ltr'><strong>de</strong></span> <span class='ocrx_word' id='word_1_324' title='bbox 2050 696 2215 749; x_wconf 86' lang='lat' dir='ltr'><strong>nihilo</strong></span> <span class='ocrx_word' id='word_1_325' title='bbox 2241 707 2388 750; x_wconf 87' lang='lat' dir='ltr'><strong>creat</strong></span> <span class='ocrx_word' id='word_1_326' title='bbox 2415 698 2642 764; x_wconf 89' lang='lat' dir='ltr'><strong>animas,</strong></span> <span class='ocrx_word' id='word_1_327' title='bbox 2670 715 2774 753; x_wconf 88' lang='lat' dir='ltr'><strong>non</strong></span> <span class='ocrx_word' id='word_1_328' title='bbox 2804 700 2868 753; x_wconf 91' lang='lat' dir='ltr'><strong>de</strong></span> <span class='ocrx_word' id='word_1_329' title='bbox 2893 701 3225 769; x_wconf 88' lang='lat' dir='ltr'><strong>corporibus,</strong></span> <span class='ocrx_word' id='word_1_330' title='bbox 3250 714 3422 769; x_wconf 89' lang='lat' dir='ltr'><strong>neque</strong></span> <span class='ocrx_word' id='word_1_331' title='bbox 3447 698 3516 751; x_wconf 87' lang='lat' dir='ltr'><strong>de</strong></span> 
     </span>
    </p>
   </div>
   <div class='ocr_carea' id='block_1_51' title="bbox 1957 784 3510 859">
    <p class='ocr_par' dir='ltr' id='par_1_51' title="bbox 1957 784 3510 859">
     <span class='ocr_line' id='line_1_51' title="bbox 1957 784 3510 859; baseline 0.004 -23"><span class='ocrx_word' id='word_1_332' title='bbox 1957 784 2074 837; x_wconf 86' lang='lat' dir='ltr'><strong>aliis</strong></span> <span class='ocrx_word' id='word_1_333' title='bbox 2126 786 2428 852; x_wconf 84' lang='lat' dir='ltr'><strong>animabus,</strong></span> <span class='ocrx_word' id='word_1_334' title='bbox 2485 803 2682 858; x_wconf 88' lang='lat' dir='ltr'><strong>easque</strong></span> <span class='ocrx_word' id='word_1_335' title='bbox 2724 792 2937 859; x_wconf 87' lang='lat' dir='ltr'><strong>quando</strong></span> <span class='ocrx_word' id='word_1_336' title='bbox 2961 800 3016 844; x_wconf 88' lang='lat' dir='ltr'><strong>et</strong></span> <span class='ocrx_word' id='word_1_337' title='bbox 3054 791 3319 859; x_wconf 90' lang='lat' dir='ltr'><strong>quomodo</strong></span> <span class='ocrx_word' id='word_1_338' title='bbox 3368 788 3510 851; x_wconf 89' lang='lat' dir='ltr'><strong>vult,</strong></span> 
     </span>
    </p>
   </div>
   <div class='ocr_carea' id='block_1_52' title="bbox 1956 876 3514 953">
    <p class='ocr_par' dir='ltr' id='par_1_52' title="bbox 1956 876 3514 953">
     <span class='ocr_line' id='line_1_52' title="bbox 1956 876 3514 953; baseline 0.007 -25"><span class='ocrx_word' id='word_1_339' title='bbox 1956 876 2269 945; x_wconf 88' lang='lat' dir='ltr'><strong>corporibus</strong></span> <span class='ocrx_word' id='word_1_340' title='bbox 2318 879 2523 933; x_wconf 84' lang='lat' dir='ltr'><strong>tribuit.</strong></span> <span class='ocrx_word' id='word_1_341' title='bbox 2584 881 2724 951; x_wconf 87' lang='lat' dir='ltr'><strong>Ergo</strong></span> <span class='ocrx_word' id='word_1_342' title='bbox 2776 883 2919 949; x_wconf 88' lang='lat' dir='ltr'><strong>quod</strong></span> <span class='ocrx_word' id='word_1_343' title='bbox 2976 883 3137 938; x_wconf 88' lang='lat' dir='ltr'><strong>dicit:</strong></span> <span class='ocrx_word' id='word_1_344' title='bbox 3169 884 3367 938; x_wconf 73' lang='lat' dir='ltr'><strong>Anima:</strong></span> <span class='ocrx_word' id='word_1_345' title='bbox 3397 901 3514 953; x_wconf 79' lang='lat' dir='ltr'><strong>qua:</strong></span> 
     </span>
    </p>
   </div>
   <div class='ocr_carea' id='block_1_53' title="bbox 1955 970 3513 1044">
    <p class='ocr_par' dir='ltr' id='par_1_53' title="bbox 1955 970 3513 1044">
     <span class='ocr_line' id='line_1_53' title="bbox 1955 970 3513 1044; baseline 0.006 -23"><span class='ocrx_word' id='word_1_346' title='bbox 1955 983 2170 1037; x_wconf 64' lang='lat' dir='ltr'><strong>egressa!</strong></span> <span class='ocrx_word' id='word_1_347' title='bbox 2200 980 2317 1023; x_wconf 88' lang='lat' dir='ltr'><strong>sunt</strong></span> <span class='ocrx_word' id='word_1_348' title='bbox 2346 970 2409 1025; x_wconf 87' lang='lat' dir='ltr'><strong>de</strong></span> <span class='ocrx_word' id='word_1_349' title='bbox 2428 971 2621 1040; x_wconf 82' lang='lat' dir='ltr'><strong>femore</strong></span> <span class='ocrx_word' id='word_1_350' title='bbox 2644 973 2827 1040; x_wconf 87' lang='lat' dir='ltr'><strong>Iacob,</strong></span> <span class='ocrx_word' id='word_1_351' title='bbox 2862 990 2955 1044; x_wconf 87' lang='lat' dir='ltr'><strong>per</strong></span> <span class='ocrx_word' id='word_1_352' title='bbox 2986 976 3192 1031; x_wconf 89' lang='lat' dir='ltr'><strong>animas</strong></span> <span class='ocrx_word' id='word_1_353' title='bbox 3216 984 3383 1030; x_wconf 91' lang='lat' dir='ltr'><strong>totum</strong></span> <span class='ocrx_word' id='word_1_354' title='bbox 3414 977 3513 1030; x_wconf 91' lang='lat' dir='ltr'><strong>ho-</strong></span> 
     </span>
    </p>
   </div>
   <div class='ocr_carea' id='block_1_54' title="bbox 1958 1057 3513 1136">
    <p class='ocr_par' dir='ltr' id='par_1_54' title="bbox 1958 1057 3513 1136">
     <span class='ocr_line' id='line_1_54' title="bbox 1958 1057 3513 1136; baseline 0.006 -25"><span class='ocrx_word' id='word_1_355' title='bbox 1958 1057 2154 1111; x_wconf 91' lang='lat' dir='ltr'><strong>minem</strong></span> <span class='ocrx_word' id='word_1_356' title='bbox 2178 1059 2433 1116; x_wconf 89' lang='lat' dir='ltr'><strong>debemus</strong></span> <span class='ocrx_word' id='word_1_357' title='bbox 2479 1063 2745 1133; x_wconf 91' lang='lat' dir='ltr'><strong>accipere,</strong></span> <span class='ocrx_word' id='word_1_358' title='bbox 2781 1081 2808 1119; x_wconf 92' lang='lat' dir='ltr'><strong>a</strong></span> <span class='ocrx_word' id='word_1_359' title='bbox 2839 1065 3041 1136; x_wconf 85' lang='lat' dir='ltr'><strong>majore</strong></span> <span class='ocrx_word' id='word_1_360' title='bbox 3067 1067 3313 1121; x_wconf 85' lang='lat' dir='ltr'><strong>videlicet</strong></span> <span class='ocrx_word' id='word_1_361' title='bbox 3340 1076 3513 1136; x_wconf 86' lang='lat' dir='ltr'><strong>parte,</strong></span> 
     </span>
    </p>
   </div>
   <div class='ocr_carea' id='block_1_55' title="bbox 1958 1147 3516 1225">
    <p class='ocr_par' dir='ltr' id='par_1_55' title="bbox 1958 1147 3516 1225">
     <span class='ocr_line' id='line_1_55' title="bbox 1958 1147 3516 1225; baseline 0.007 -25"><span class='ocrx_word' id='word_1_362' title='bbox 1958 1147 2096 1201; x_wconf 88' lang='lat' dir='ltr'><strong>sicut</strong></span> <span class='ocrx_word' id='word_1_363' title='bbox 2122 1157 2176 1203; x_wconf 91' lang='lat' dir='ltr'><strong>et</strong></span> <span class='ocrx_word' id='word_1_364' title='bbox 2204 1149 2489 1218; x_wconf 86' lang='lat' dir='ltr'><strong>aliquando</strong></span> <span class='ocrx_word' id='word_1_365' title='bbox 2512 1153 2577 1206; x_wconf 89' lang='lat' dir='ltr'><strong>ab</strong></span> <span class='ocrx_word' id='word_1_366' title='bbox 2615 1153 2850 1209; x_wconf 78' lang='lat' dir='ltr'><strong>inferiori</strong></span> <span class='ocrx_word' id='word_1_367' title='bbox 2877 1148 3029 1225; x_wconf 80' lang='lat' dir='ltr'><strong>parte</strong></span> <span class='ocrx_word' id='word_1_368' title='bbox 3051 1153 3191 1211; x_wconf 72' lang='lat' dir='ltr'><strong>tottfs</strong></span> <span class='ocrx_word' id='word_1_369' title='bbox 3215 1159 3374 1211; x_wconf 91' lang='lat' dir='ltr'><strong>homo</strong></span> <span class='ocrx_word' id='word_1_370' title='bbox 3426 1173 3516 1211; x_wconf 84' lang='lat' dir='ltr'><strong>ac-</strong></span> 
     </span>
    </p>
   </div>
   <div class='ocr_carea' id='block_1_56' title="bbox 1958 1240 3517 1315">
    <p class='ocr_par' dir='ltr' id='par_1_56' title="bbox 1958 1240 3517 1315">
     <span class='ocr_line' id='line_1_56' title="bbox 1958 1240 3517 1315; baseline 0.005 -23"><span class='ocrx_word' id='word_1_371' title='bbox 1958 1240 2175 1309; x_wconf 90' lang='lat' dir='ltr'><strong>cipitur,</strong></span> <span class='ocrx_word' id='word_1_372' title='bbox 2219 1241 2371 1310; x_wconf 82' lang='lat' dir='ltr'><strong>juxta</strong></span> <span class='ocrx_word' id='word_1_373' title='bbox 2399 1244 2538 1312; x_wconf 89' lang='lat' dir='ltr'><strong>quod</strong></span> <span class='ocrx_word' id='word_1_374' title='bbox 2563 1241 2795 1297; x_wconf 79' lang='lat' dir='ltr'><strong>Joannes</strong></span> <span class='ocrx_word' id='word_1_375' title='bbox 2827 1247 2956 1301; x_wconf 89' lang='lat' dir='ltr'><strong>dicit</strong></span> <span class='ocrx_word' id='word_1_376' title='bbox 2982 1265 2995 1302; x_wconf 91' lang='lat'><strong>:</strong></span> <span class='ocrx_word' id='word_1_377' title='bbox 3047 1245 3263 1302; x_wconf 81' lang='lat' dir='ltr'><strong>Verbum</strong></span> <span class='ocrx_word' id='word_1_378' title='bbox 3293 1265 3414 1302; x_wconf 86' lang='lat' dir='ltr'><strong>caro</strong></span> <span class='ocrx_word' id='word_1_379' title='bbox 3435 1250 3517 1315; x_wconf 80' lang='lat' dir='ltr'><strong>fa—</strong></span> 
     </span>
    </p>
   </div>
   <div class='ocr_carea' id='block_1_57' title="bbox 1942 1333 3515 1406">
    <p class='ocr_par' dir='ltr' id='par_1_57' title="bbox 1942 1333 3515 1406">
     <span class='ocr_line' id='line_1_57' title="bbox 1942 1333 3515 1406; baseline 0.005 -20"><span class='ocrx_word' id='word_1_380' title='bbox 1942 1340 2092 1386; x_wconf 71' lang='lat' dir='ltr'><strong>ctum</strong></span> <span class='ocrx_word' id='word_1_381' title='bbox 2122 1343 2194 1387; x_wconf 86' lang='lat' dir='ltr'><strong>est</strong></span> <span class='ocrx_word' id='word_1_382' title='bbox 2239 1333 2417 1406; x_wconf 85' lang='lat' dir='ltr'><strong>(Ioan.</strong></span> <span class='ocrx_word' id='word_1_383' title='bbox 2448 1350 2483 1397; x_wconf 84' lang='lat' dir='ltr'><strong>t,</strong></span> <span class='ocrx_word' id='word_1_384' title='bbox 2512 1335 2622 1405; x_wconf 78' lang='grc'><strong>15),</strong></span> <span class='ocrx_word' id='word_1_385' title='bbox 2650 1352 2745 1406; x_wconf 89' lang='lat' dir='ltr'><strong>per</strong></span> <span class='ocrx_word' id='word_1_386' title='bbox 2773 1352 2986 1393; x_wconf 82' lang='lat' dir='ltr'><strong>Carnem</strong></span> <span class='ocrx_word' id='word_1_387' title='bbox 3032 1347 3199 1395; x_wconf 86' lang='lat' dir='ltr'><strong>totum</strong></span> <span class='ocrx_word' id='word_1_388' title='bbox 3246 1340 3515 1395; x_wconf 83' lang='lat' dir='ltr'><strong>hominem</strong></span> 
     </span>
    </p>
   </div>
   <div class='ocr_carea' id='block_1_58' title="bbox 1955 1421 2260 1495">
    <p class='ocr_par' dir='ltr' id='par_1_58' title="bbox 1955 1421 2260 1495">
     <span class='ocr_line' id='line_1_58' title="bbox 1955 1421 2260 1495; baseline 0.007 -18"><span class='ocrx_word' id='word_1_389' title='bbox 1955 1421 2260 1495; x_wconf 75' lang='lat' dir='ltr'><strong>designans.</strong></span> 
     </span>
    </p>
   </div>
   <div class='ocr_carea' id='block_1_59' title="bbox 1938 1510 3516 1591">
    <p class='ocr_par' dir='ltr' id='par_1_59' title="bbox 1938 1510 3516 1591">
     <span class='ocr_line' id='line_1_59' title="bbox 1938 1510 3516 1591; baseline 0.004 -23"><span class='ocrx_word' id='word_1_390' title='bbox 1938 1510 1947 1511; x_wconf 25' lang='grc' dir='ltr'>ί</span> <span class='ocrx_word' id='word_1_391' title='bbox 2033 1515 2183 1569; x_wconf 78' lang='lat' dir='ltr'><strong>Vers.</strong></span> <span class='ocrx_word' id='word_1_392' title='bbox 2206 1516 2296 1570; x_wconf 71' lang='lat'><strong>28.</strong></span> <span class='ocrx_word' id='word_1_393' title='bbox 2329 1516 2470 1571; x_wconf 81' lang='lat' dir='ltr'><strong>Misit</strong></span> <span class='ocrx_word' id='word_1_394' title='bbox 2496 1516 2691 1572; x_wconf 82' lang='lat' dir='ltr'><strong>Iudam</strong></span> <span class='ocrx_word' id='word_1_395' title='bbox 2716 1527 2834 1573; x_wconf 88' lang='lat' dir='ltr'><strong>ante</strong></span> <span class='ocrx_word' id='word_1_396' title='bbox 2860 1536 2915 1574; x_wconf 86' lang='lat' dir='ltr'><strong>se</strong></span> <span class='ocrx_word' id='word_1_397' title='bbox 2941 1522 3009 1573; x_wconf 81' lang='lat' dir='ltr'><strong>tul</strong></span> <span class='ocrx_word' id='word_1_398' title='bbox 3029 1520 3240 1591; x_wconf 89' lang='lat' dir='ltr'><strong>Ioseph.</strong></span> <span class='ocrx_word' id='word_1_399' title='bbox 3272 1521 3516 1577; x_wconf 71' lang='lat' dir='ltr'><strong>Prmmit-</strong></span> 
     </span>
    </p>
   </div>
   <div class='ocr_carea' id='block_1_60' title="bbox 1961 1602 3515 1678">
    <p class='ocr_par' dir='ltr' id='par_1_60' title="bbox 1961 1602 3515 1678">
     <span class='ocr_line' id='line_1_60' title="bbox 1961 1602 3515 1678; baseline 0.003 -21"><span class='ocrx_word' id='word_1_400' title='bbox 1961 1602 2091 1657; x_wconf 88' lang='lat' dir='ltr'><strong>titur</strong></span> <span class='ocrx_word' id='word_1_401' title='bbox 2120 1602 2301 1670; x_wconf 80' lang='lat' dir='ltr'><strong>Iudas,</strong></span> <span class='ocrx_word' id='word_1_402' title='bbox 2349 1606 2438 1674; x_wconf 90' lang='lat' dir='ltr'><strong>qui</strong></span> <span class='ocrx_word' id='word_1_403' title='bbox 2470 1607 2723 1676; x_wconf 77' lang='lat' dir='ltr'><strong>confessio</strong></span> <span class='ocrx_word' id='word_1_404' title='bbox 2761 1609 3165 1677; x_wconf 88' lang='lat' dir='ltr'><strong>interpretatur,</strong></span> <span class='ocrx_word' id='word_1_405' title='bbox 3214 1612 3281 1663; x_wconf 87' lang='lat' dir='ltr'><strong>ad</strong></span> <span class='ocrx_word' id='word_1_406' title='bbox 3302 1609 3515 1678; x_wconf 82' lang='lat' dir='ltr'><strong>Ioseph,</strong></span> 
     </span>
    </p>
   </div>
   <div class='ocr_carea' id='block_1_61' title="bbox 1958 1691 3515 1769">
    <p class='ocr_par' dir='ltr' id='par_1_61' title="bbox 1958 1691 3515 1769">
     <span class='ocr_line' id='line_1_61' title="bbox 1958 1691 3515 1769; baseline 0.004 -24"><span class='ocrx_word' id='word_1_407' title='bbox 1958 1691 2011 1745; x_wconf 91' lang='lat' dir='ltr'><strong>id</strong></span> <span class='ocrx_word' id='word_1_408' title='bbox 2034 1700 2115 1746; x_wconf 90' lang='lat' dir='ltr'><strong>est</strong></span> <span class='ocrx_word' id='word_1_409' title='bbox 2143 1693 2207 1746; x_wconf 90' lang='lat' dir='ltr'><strong>ad</strong></span> <span class='ocrx_word' id='word_1_410' title='bbox 2229 1692 2521 1758; x_wconf 87' lang='lat' dir='ltr'><strong>Christum,</strong></span> <span class='ocrx_word' id='word_1_411' title='bbox 2546 1697 2667 1765; x_wconf 87' lang='lat' dir='ltr'><strong>quia</strong></span> <span class='ocrx_word' id='word_1_412' title='bbox 2700 1696 2966 1752; x_wconf 84' lang='lat' dir='ltr'><strong>confessio</strong></span> <span class='ocrx_word' id='word_1_413' title='bbox 2988 1698 3238 1766; x_wconf 68' lang='lat' dir='ltr'><strong>prmeedit</strong></span> <span class='ocrx_word' id='word_1_414' title='bbox 3285 1699 3515 1769; x_wconf 75' lang='lat' dir='ltr'><strong>gratiam</strong></span> 
     </span>
    </p>
   </div>
   <div class='ocr_carea' id='block_1_62' title="bbox 1959 1781 3516 1857">
    <p class='ocr_par' dir='ltr' id='par_1_62' title="bbox 1959 1781 3516 1857">
     <span class='ocr_line' id='line_1_62' title="bbox 1959 1781 3516 1857; baseline 0.003 -22"><span class='ocrx_word' id='word_1_415' title='bbox 1959 1781 2101 1836; x_wconf 88' lang='lat' dir='ltr'><strong>ﬁdei.</strong></span> <span class='ocrx_word' id='word_1_416' title='bbox 2152 1782 2276 1837; x_wconf 82' lang='lat' dir='ltr'><strong>Post</strong></span> <span class='ocrx_word' id='word_1_417' title='bbox 2297 1783 2685 1839; x_wconf 78' lang='lat' dir='ltr'><strong>confessionem</strong></span> <span class='ocrx_word' id='word_1_418' title='bbox 2718 1786 2830 1855; x_wconf 88' lang='lat' dir='ltr'><strong>ipse</strong></span> <span class='ocrx_word' id='word_1_419' title='bbox 2858 1785 3053 1856; x_wconf 82' lang='lat' dir='ltr'><strong>Ioseph</strong></span> <span class='ocrx_word' id='word_1_420' title='bbox 3088 1787 3343 1852; x_wconf 91' lang='lat' dir='ltr'><strong>occurrit,</strong></span> <span class='ocrx_word' id='word_1_421' title='bbox 3392 1787 3516 1857; x_wconf 87' lang='lat' dir='ltr'><strong>quia</strong></span> 
     </span>
    </p>
   </div>
   <div class='ocr_carea' id='block_1_63' title="bbox 1957 1875 2940 1947">
    <p class='ocr_par' dir='ltr' id='par_1_63' title="bbox 1957 1875 2940 1947">
     <span class='ocr_line' id='line_1_63' title="bbox 1957 1875 2940 1947; baseline 0.004 -17"><span class='ocrx_word' id='word_1_422' title='bbox 1957 1875 2157 1930; x_wconf 87' lang='lat' dir='ltr'><strong>Christi</strong></span> <span class='ocrx_word' id='word_1_423' title='bbox 2188 1877 2551 1932; x_wconf 88' lang='lat' dir='ltr'><strong>misericordia</strong></span> <span class='ocrx_word' id='word_1_424' title='bbox 2579 1879 2940 1947; x_wconf 89' lang='lat' dir='ltr'><strong>subsequitur.</strong></span> 
     </span>
    </p>
   </div>
   <div class='ocr_carea' id='block_1_64' title="bbox 2028 1964 3518 2041">
    <p class='ocr_par' dir='ltr' id='par_1_64' title="bbox 2028 1964 3518 2041">
     <span class='ocr_line' id='line_1_64' title="bbox 2028 1964 3518 2041; baseline 0.003 -22"><span class='ocrx_word' id='word_1_425' title='bbox 2028 1964 2182 2021; x_wconf 72' lang='lat' dir='ltr'><strong>Vers.</strong></span> <span class='ocrx_word' id='word_1_426' title='bbox 2203 1967 2291 2021; x_wconf 70' lang='grc'><strong>54.</strong></span> <span class='ocrx_word' id='word_1_427' title='bbox 2326 1966 2439 2021; x_wconf 82' lang='lat' dir='ltr'><strong>Viri</strong></span> <span class='ocrx_word' id='word_1_428' title='bbox 2456 1980 2685 2038; x_wconf 87' lang='lat' dir='ltr'><strong>pastores</strong></span> <span class='ocrx_word' id='word_1_429' title='bbox 2700 1986 2899 2034; x_wconf 88' lang='lat' dir='ltr'><strong>sumus,</strong></span> <span class='ocrx_word' id='word_1_430' title='bbox 2921 1982 2969 2024; x_wconf 91' lang='lat' dir='ltr'><strong>et</strong></span> <span class='ocrx_word' id='word_1_431' title='bbox 2988 1979 3157 2041; x_wconf 83' lang='lat' dir='ltr'><strong>patres</strong></span> <span class='ocrx_word' id='word_1_432' title='bbox 3184 1971 3365 2025; x_wconf 84' lang='lat' dir='ltr'><strong>nostri.</strong></span> <span class='ocrx_word' id='word_1_433' title='bbox 3391 1969 3518 2024; x_wconf 65' lang='lat' dir='ltr'><strong>Ilaec</strong></span> 
     </span>
    </p>
   </div>
   <div class='ocr_carea' id='block_1_65' title="bbox 1954 2055 3521 2129">
    <p class='ocr_par' dir='ltr' id='par_1_65' title="bbox 1954 2055 3521 2129">
     <span class='ocr_line' id='line_1_65' title="bbox 1954 2055 3521 2129; baseline 0.001 -16"><span class='ocrx_word' id='word_1_434' title='bbox 1954 2063 2037 2113; x_wconf 87' lang='lat' dir='ltr'><strong>est</strong></span> <span class='ocrx_word' id='word_1_435' title='bbox 2060 2055 2205 2126; x_wconf 89' lang='lat' dir='ltr'><strong>justa</strong></span> <span class='ocrx_word' id='word_1_436' title='bbox 2236 2057 2498 2123; x_wconf 88' lang='lat' dir='ltr'><strong>servitus,</strong></span> <span class='ocrx_word' id='word_1_437' title='bbox 2556 2067 2613 2111; x_wconf 85' lang='grc' dir='ltr'><strong>ιιι</strong></span> <span class='ocrx_word' id='word_1_438' title='bbox 2640 2058 2881 2113; x_wconf 89' lang='lat' dir='ltr'><strong>homines</strong></span> <span class='ocrx_word' id='word_1_439' title='bbox 2921 2061 3204 2129; x_wconf 90' lang='lat' dir='ltr'><strong>pecoribus</strong></span> <span class='ocrx_word' id='word_1_440' title='bbox 3246 2060 3521 2115; x_wconf 85' lang='lat' dir='ltr'><strong>dominen—</strong></span> 
     </span>
    </p>
   </div>
   <div class='ocr_carea' id='block_1_66' title="bbox 1954 2154 3514 2221">
    <p class='ocr_par' dir='ltr' id='par_1_66' title="bbox 1954 2154 3514 2221">
     <span class='ocr_line' id='line_1_66' title="bbox 1954 2154 3514 2221; baseline 0.003 -17"><span class='ocrx_word' id='word_1_441' title='bbox 1954 2158 2064 2215; x_wconf 90' lang='lat' dir='ltr'><strong>tur,</strong></span> <span class='ocrx_word' id='word_1_442' title='bbox 2106 2160 2161 2205; x_wconf 90' lang='lat' dir='ltr'><strong>et</strong></span> <span class='ocrx_word' id='word_1_443' title='bbox 2206 2167 2398 2221; x_wconf 88' lang='lat' dir='ltr'><strong>pecora</strong></span> <span class='ocrx_word' id='word_1_444' title='bbox 2422 2154 2729 2208; x_wconf 91' lang='lat' dir='ltr'><strong>hominibus</strong></span> <span class='ocrx_word' id='word_1_445' title='bbox 2758 2155 3015 2210; x_wconf 88' lang='lat' dir='ltr'><strong>serviant.</strong></span> <span class='ocrx_word' id='word_1_446' title='bbox 3057 2155 3189 2210; x_wconf 84' lang='lat' dir='ltr'><strong>Nam</strong></span> <span class='ocrx_word' id='word_1_447' title='bbox 3226 2158 3514 2211; x_wconf 86' lang='lat' dir='ltr'><strong>humanam</strong></span> 
     </span>
    </p>
   </div>
   <div class='ocr_carea' id='block_1_67' title="bbox 1954 2240 3513 2315">
    <p class='ocr_par' dir='ltr' id='par_1_67' title="bbox 1954 2240 3513 2315">
     <span class='ocr_line' id='line_1_67' title="bbox 1954 2240 3513 2315; baseline 0.003 -21"><span class='ocrx_word' id='word_1_448' title='bbox 1954 2240 2263 2295; x_wconf 86' lang='lat' dir='ltr'><strong>servitutem</strong></span> <span class='ocrx_word' id='word_1_449' title='bbox 2288 2252 2379 2297; x_wconf 87' lang='lat' dir='ltr'><strong>aut</strong></span> <span class='ocrx_word' id='word_1_450' title='bbox 2407 2242 2659 2312; x_wconf 77' lang='lat' dir='ltr'><strong>iniquitas</strong></span> <span class='ocrx_word' id='word_1_451' title='bbox 2684 2253 2777 2299; x_wconf 88' lang='lat' dir='ltr'><strong>aut</strong></span> <span class='ocrx_word' id='word_1_452' title='bbox 2796 2246 3092 2301; x_wconf 87' lang='lat' dir='ltr'><strong>adversitas</strong></span> <span class='ocrx_word' id='word_1_453' title='bbox 3124 2246 3271 2301; x_wconf 80' lang='lat' dir='ltr'><strong>facit.</strong></span> <span class='ocrx_word' id='word_1_454' title='bbox 3312 2246 3513 2315; x_wconf 80' lang='lat' dir='ltr'><strong>Iniqui-</strong></span> 
     </span>
    </p>
   </div>
   <div class='ocr_carea' id='block_1_68' title="bbox 1956 2331 3513 2401">
    <p class='ocr_par' dir='ltr' id='par_1_68' title="bbox 1956 2331 3513 2401">
     <span class='ocr_line' id='line_1_68' title="bbox 1956 2331 3513 2401; baseline 0.004 -18"><span class='ocrx_word' id='word_1_455' title='bbox 1956 2338 2037 2385; x_wconf 87' lang='lat' dir='ltr'><strong>tas</strong></span> <span class='ocrx_word' id='word_1_456' title='bbox 2085 2331 2318 2401; x_wconf 89' lang='lat' dir='ltr'><strong>quidem,</strong></span> <span class='ocrx_word' id='word_1_457' title='bbox 2378 2334 2515 2389; x_wconf 88' lang='lat' dir='ltr'><strong>sicut</strong></span> <span class='ocrx_word' id='word_1_458' title='bbox 2561 2333 2671 2390; x_wconf 84' lang='lat' dir='ltr'><strong>Noe</strong></span> <span class='ocrx_word' id='word_1_459' title='bbox 2706 2336 3032 2392; x_wconf 85' lang='lat' dir='ltr'><strong>maledicens</strong></span> <span class='ocrx_word' id='word_1_460' title='bbox 3058 2338 3167 2393; x_wconf 87' lang='lat' dir='ltr'><strong>ﬁlio</strong></span> <span class='ocrx_word' id='word_1_461' title='bbox 3213 2354 3307 2393; x_wconf 89' lang='lat' dir='ltr'><strong>suo</strong></span> <span class='ocrx_word' id='word_1_462' title='bbox 3338 2338 3513 2391; x_wconf 86' lang='lat' dir='ltr'><strong>dixit:</strong></span> 
     </span>
    </p>
   </div>
   <div class='ocr_carea' id='block_1_69' title="bbox 1954 2421 3518 2498">
    <p class='ocr_par' dir='ltr' id='par_1_69' title="bbox 1954 2421 3518 2498">
     <span class='ocr_line' id='line_1_69' title="bbox 1954 2421 3518 2498; baseline 0.004 -21"><span class='ocrx_word' id='word_1_463' title='bbox 1954 2421 2265 2477; x_wconf 77' lang='lat' dir='ltr'><strong>Maledictus</strong></span> <span class='ocrx_word' id='word_1_464' title='bbox 2286 2424 2428 2493; x_wconf 82' lang='lat' dir='ltr'><strong>ﬁlius</strong></span> <span class='ocrx_word' id='word_1_465' title='bbox 2449 2442 2590 2480; x_wconf 85' lang='lat' dir='ltr'><strong>meus</strong></span> <span class='ocrx_word' id='word_1_466' title='bbox 2619 2426 2892 2492; x_wconf 86' lang='lat' dir='ltr'><strong>Chanaan,</strong></span> <span class='ocrx_word' id='word_1_467' title='bbox 2926 2445 3104 2483; x_wconf 86' lang='lat' dir='ltr'><strong>servus</strong></span> <span class='ocrx_word' id='word_1_468' title='bbox 3147 2431 3242 2483; x_wconf 90' lang='lat' dir='ltr'><strong>erit</strong></span> <span class='ocrx_word' id='word_1_469' title='bbox 3268 2428 3518 2498; x_wconf 79' lang='lat' dir='ltr'><strong>fratribus</strong></span> 
     </span>
    </p>
   </div>
   <div class='ocr_carea' id='block_1_70' title="bbox 1954 2514 3517 2591">
    <p class='ocr_par' dir='ltr' id='par_1_70' title="bbox 1954 2514 3517 2591">
     <span class='ocr_line' id='line_1_70' title="bbox 1954 2514 3517 2591; baseline 0.006 -24"><span class='ocrx_word' id='word_1_470' title='bbox 1954 2514 2085 2567; x_wconf 82' lang='lat' dir='ltr'><strong>suis.</strong></span> <span class='ocrx_word' id='word_1_471' title='bbox 2123 2514 2474 2583; x_wconf 83' lang='lat' dir='ltr'><strong>Adversitas,</strong></span> <span class='ocrx_word' id='word_1_472' title='bbox 2528 2517 2664 2572; x_wconf 88' lang='lat' dir='ltr'><strong>sicut</strong></span> <span class='ocrx_word' id='word_1_473' title='bbox 2712 2516 2923 2589; x_wconf 81' lang='lat' dir='ltr'><strong>Ioseph,</strong></span> <span class='ocrx_word' id='word_1_474' title='bbox 2957 2520 3049 2591; x_wconf 82' lang='lat' dir='ltr'><strong>qui</strong></span> <span class='ocrx_word' id='word_1_475' title='bbox 3075 2520 3318 2576; x_wconf 83' lang='lat' dir='ltr'><strong>venditus</strong></span> <span class='ocrx_word' id='word_1_476' title='bbox 3346 2521 3517 2577; x_wconf 82' lang='lat' dir='ltr'><strong>factus</strong></span> 
     </span>
    </p>
   </div>
   <div class='ocr_carea' id='block_1_71' title="bbox 1934 2603 3515 2680">
    <p class='ocr_par' dir='ltr' id='par_1_71' title="bbox 1934 2603 3515 2680">
     <span class='ocr_line' id='line_1_71' title="bbox 1934 2603 3515 2680; baseline 0.004 -25"><span class='ocrx_word' id='word_1_477' title='bbox 1934 2610 2037 2655; x_wconf 77' lang='lat' dir='ltr'><strong>‘est</strong></span> <span class='ocrx_word' id='word_1_478' title='bbox 2058 2618 2263 2659; x_wconf 89' lang='lat' dir='ltr'><strong>servus.</strong></span> <span class='ocrx_word' id='word_1_479' title='bbox 2279 2603 2610 2659; x_wconf 89' lang='lat' dir='ltr'><strong>Detestantur</strong></span> <span class='ocrx_word' id='word_1_480' title='bbox 2629 2605 2865 2678; x_wconf 64' lang='lat' dir='ltr'><strong>Egyptii</strong></span> <span class='ocrx_word' id='word_1_481' title='bbox 2883 2627 3055 2664; x_wconf 88' lang='lat' dir='ltr'><strong>omnes</strong></span> <span class='ocrx_word' id='word_1_482' title='bbox 3069 2620 3299 2680; x_wconf 85' lang='lat' dir='ltr'><strong>pastores</strong></span> <span class='ocrx_word' id='word_1_483' title='bbox 3326 2611 3515 2663; x_wconf 78' lang='lat' dir='ltr'><strong>ovium.</strong></span> 
     </span>
    </p>
   </div>
   <div class='ocr_carea' id='block_1_72' title="bbox 1953 2687 3519 2769">
    <p class='ocr_par' dir='ltr' id='par_1_72' title="bbox 1953 2687 3519 2769">
     <span class='ocr_line' id='line_1_72' title="bbox 1953 2687 3519 2769; baseline 0.004 -23"><span class='ocrx_word' id='word_1_484' title='bbox 1953 2687 2080 2746; x_wconf 83' lang='lat' dir='ltr'><strong>Iure</strong></span> <span class='ocrx_word' id='word_1_485' title='bbox 2105 2690 2364 2764; x_wconf 66' lang='lat' dir='ltr'><strong>Egyptus</strong></span> <span class='ocrx_word' id='word_1_486' title='bbox 2384 2697 2637 2750; x_wconf 86' lang='lat' dir='ltr'><strong>mundum</strong></span> <span class='ocrx_word' id='word_1_487' title='bbox 2654 2696 2812 2751; x_wconf 91' lang='lat' dir='ltr'><strong>istttm</strong></span> <span class='ocrx_word' id='word_1_488' title='bbox 2837 2698 3120 2768; x_wconf 86' lang='lat' dir='ltr'><strong>signiﬁcat,</strong></span> <span class='ocrx_word' id='word_1_489' title='bbox 3145 2700 3196 2754; x_wconf 92' lang='lat' dir='ltr'><strong>in</strong></span> <span class='ocrx_word' id='word_1_490' title='bbox 3222 2714 3327 2769; x_wconf 91' lang='lat' dir='ltr'><strong>quo</strong></span> <span class='ocrx_word' id='word_1_491' title='bbox 3351 2701 3519 2753; x_wconf 85' lang='lat' dir='ltr'><strong>abun-</strong></span> 
     </span>
    </p>
   </div>
   <div class='ocr_carea' id='block_1_73' title="bbox 1955 2780 3514 2859">
    <p class='ocr_par' dir='ltr' id='par_1_73' title="bbox 1955 2780 3514 2859">
     <span class='ocr_line' id='line_1_73' title="bbox 1955 2780 3514 2859; baseline 0.004 -24"><span class='ocrx_word' id='word_1_492' title='bbox 1955 2780 2099 2835; x_wconf 83' lang='lat' dir='ltr'><strong>davit</strong></span> <span class='ocrx_word' id='word_1_493' title='bbox 2114 2782 2384 2851; x_wconf 89' lang='lat' dir='ltr'><strong>iniquitas.</strong></span> <span class='ocrx_word' id='word_1_494' title='bbox 2404 2785 2794 2840; x_wconf 85' lang='lat' dir='ltr'><strong>Abominantur</strong></span> <span class='ocrx_word' id='word_1_495' title='bbox 2807 2785 3041 2859; x_wconf 64' lang='lat' dir='ltr'><strong>Egyptii</strong></span> <span class='ocrx_word' id='word_1_496' title='bbox 3056 2797 3298 2859; x_wconf 85' lang='lat' dir='ltr'><strong>pastores</strong></span> <span class='ocrx_word' id='word_1_497' title='bbox 3311 2788 3514 2853; x_wconf 87' lang='lat' dir='ltr'><strong>ovium,</strong></span> 
     </span>
    </p>
   </div>
   <div class='ocr_carea' id='block_1_74' title="bbox 1956 2873 3510 2946">
    <p class='ocr_par' dir='ltr' id='par_1_74' title="bbox 1956 2873 3510 2946">
     <span class='ocr_line' id='line_1_74' title="bbox 1956 2873 3510 2946; baseline 0.004 -23"><span class='ocrx_word' id='word_1_498' title='bbox 1956 2873 2079 2940; x_wconf 89' lang='lat' dir='ltr'><strong>quia</strong></span> <span class='ocrx_word' id='word_1_499' title='bbox 2128 2874 2302 2928; x_wconf 88' lang='lat' dir='ltr'><strong>omnis</strong></span> <span class='ocrx_word' id='word_1_500' title='bbox 2329 2874 2543 2943; x_wconf 89' lang='lat' dir='ltr'><strong>iniquus</strong></span> <span class='ocrx_word' id='word_1_501' title='bbox 2563 2874 2686 2930; x_wconf 87' lang='lat' dir='ltr'><strong>odio</strong></span> <span class='ocrx_word' id='word_1_502' title='bbox 2710 2877 3104 2946; x_wconf 88' lang='lat' dir='ltr'><strong>hahetjustum.</strong></span> <span class='ocrx_word' id='word_1_503' title='bbox 3134 2877 3199 2931; x_wconf 85' lang='lat' dir='ltr'><strong>In</strong></span> <span class='ocrx_word' id='word_1_504' title='bbox 3222 2889 3357 2931; x_wconf 88' lang='lat' dir='ltr'><strong>terra</strong></span> <span class='ocrx_word' id='word_1_505' title='bbox 3384 2874 3510 2930; x_wconf 82' lang='lat' dir='ltr'><strong>Ges-</strong></span> 
     </span>
    </p>
   </div>
   <div class='ocr_carea' id='block_1_75' title="bbox 1956 2963 3510 3040">
    <p class='ocr_par' dir='ltr' id='par_1_75' title="bbox 1956 2963 3510 3040">
     <span class='ocr_line' id='line_1_75' title="bbox 1956 2963 3510 3040; baseline 0.007 -25"><span class='ocrx_word' id='word_1_506' title='bbox 1956 2980 2061 3016; x_wconf 80' lang='lat' dir='ltr'><strong>seu.</strong></span> <span class='ocrx_word' id='word_1_507' title='bbox 2088 2963 2288 3021; x_wconf 83' lang='lat' dir='ltr'><strong>Gessen</strong></span> <span class='ocrx_word' id='word_1_508' title='bbox 2318 2966 2445 3021; x_wconf 88' lang='lat' dir='ltr'><strong>dicit</strong></span> <span class='ocrx_word' id='word_1_509' title='bbox 2470 2979 2495 3008; x_wconf 73' lang='grc' dir='ltr'>α</span> <span class='ocrx_word' id='word_1_510' title='bbox 2523 2982 2642 3022; x_wconf 89' lang='lat' dir='ltr'><strong>esse</strong></span> <span class='ocrx_word' id='word_1_511' title='bbox 2669 2966 2995 3024; x_wconf 83' lang='lat' dir='ltr'><strong>Thebaidem</strong></span> <span class='ocrx_word' id='word_1_512' title='bbox 3018 2970 3309 3040; x_wconf 80' lang='lat' dir='ltr'><strong>regionem,</strong></span> <span class='ocrx_word' id='word_1_513' title='bbox 3340 2983 3457 3038; x_wconf 71' lang='lat' dir='ltr'><strong>qua:</strong></span> <span class='ocrx_word' id='word_1_514' title='bbox 3479 2981 3510 3019; x_wconf 78' lang='lat' dir='ltr'><strong>a</strong></span> 
     </span>
    </p>
   </div>
   <div class='ocr_carea' id='block_1_76' title="bbox 1954 3050 2560 3109">
    <p class='ocr_par' dir='ltr' id='par_1_76' title="bbox 1954 3050 2560 3109">
     <span class='ocr_line' id='line_1_76' title="bbox 1954 3050 2560 3109; baseline 0.007 -4"><span class='ocrx_word' id='word_1_515' title='bbox 1954 3050 2094 3106; x_wconf 79' lang='lat' dir='ltr'><strong>LXX</strong></span> <span class='ocrx_word' id='word_1_516' title='bbox 2125 3050 2291 3108; x_wconf 84' lang='lat' dir='ltr'><strong>Gosen</strong></span> <span class='ocrx_word' id='word_1_517' title='bbox 2318 3062 2560 3109; x_wconf 88' lang='lat' dir='ltr'><strong>vocatur.</strong></span> 
     </span>
    </p>
   </div>
   <div class='ocr_carea' id='block_1_77' title="bbox 2497 3143 2963 3201">
    <p class='ocr_par' dir='ltr' id='par_1_77' title="bbox 2497 3143 2963 3201">
     <span class='ocr_line' id='line_1_77' title="bbox 2497 3143 2963 3201; baseline 0 -2"><span class='ocrx_word' id='word_1_518' title='bbox 2497 3143 2723 3200; x_wconf 84' lang='lat' dir='ltr'><strong>CAPUT</strong></span> <span class='ocrx_word' id='word_1_519' title='bbox 2760 3144 2963 3201; x_wconf 80' lang='lat' dir='ltr'><strong>XLVII.</strong></span> 
     </span>
    </p>
   </div>
   <div class='ocr_carea' id='block_1_78' title="bbox 2026 3230 3521 3305">
    <p class='ocr_par' dir='ltr' id='par_1_78' title="bbox 2026 3230 3521 3305">
     <span class='ocr_line' id='line_1_78' title="bbox 2026 3230 3521 3305; baseline 0.003 -20"><span class='ocrx_word' id='word_1_520' title='bbox 2026 3230 2180 3285; x_wconf 82' lang='lat' dir='ltr'><strong>Vers.</strong></span> <span class='ocrx_word' id='word_1_521' title='bbox 2205 3231 2257 3286; x_wconf 89' lang='lat'><strong>9.</strong></span> <span class='ocrx_word' id='word_1_522' title='bbox 2292 3230 2412 3287; x_wconf 86' lang='lat' dir='ltr'><strong>Dies</strong></span> <span class='ocrx_word' id='word_1_523' title='bbox 2436 3235 2861 3303; x_wconf 86' lang='lat' dir='ltr'><strong>peregrinationis</strong></span> <span class='ocrx_word' id='word_1_524' title='bbox 2890 3250 3036 3289; x_wconf 66' lang='lat' dir='ltr'><strong>metu.</strong></span> <span class='ocrx_word' id='word_1_525' title='bbox 3071 3234 3208 3289; x_wconf 84' lang='lat' dir='ltr'><strong>Nota</strong></span> <span class='ocrx_word' id='word_1_526' title='bbox 3235 3235 3374 3305; x_wconf 89' lang='lat' dir='ltr'><strong>quod</strong></span> <span class='ocrx_word' id='word_1_527' title='bbox 3400 3250 3521 3290; x_wconf 85' lang='lat' dir='ltr'><strong>san-</strong></span> 
     </span>
    </p>
   </div>
   <div class='ocr_carea' id='block_1_79' title="bbox 1967 3322 3517 3397">
    <p class='ocr_par' dir='ltr' id='par_1_79' title="bbox 1967 3322 3517 3397">
     <span class='ocr_line' id='line_1_79' title="bbox 1967 3322 3517 3397; baseline 0.001 -18"><span class='ocrx_word' id='word_1_528' title='bbox 1967 3323 2037 3379; x_wconf 64' lang='grc' dir='ltr'><strong>(ξιί</strong></span> <span class='ocrx_word' id='word_1_529' title='bbox 2060 3322 2157 3376; x_wconf 87' lang='lat' dir='ltr'><strong>viri</strong></span> <span class='ocrx_word' id='word_1_530' title='bbox 2179 3323 2411 3378; x_wconf 86' lang='lat' dir='ltr'><strong>advenas</strong></span> <span class='ocrx_word' id='word_1_531' title='bbox 2430 3334 2479 3379; x_wconf 92' lang='lat' dir='ltr'><strong>et</strong></span> <span class='ocrx_word' id='word_1_532' title='bbox 2500 3327 2791 3396; x_wconf 87' lang='lat' dir='ltr'><strong>peregrinos</strong></span> <span class='ocrx_word' id='word_1_533' title='bbox 2814 3341 2872 3381; x_wconf 91' lang='lat' dir='ltr'><strong>se</strong></span> <span class='ocrx_word' id='word_1_534' title='bbox 2902 3328 3242 3394; x_wconf 77' lang='lat' dir='ltr'><strong>conﬁtentur,</strong></span> <span class='ocrx_word' id='word_1_535' title='bbox 3260 3330 3381 3397; x_wconf 90' lang='lat' dir='ltr'><strong>quia</strong></span> <span class='ocrx_word' id='word_1_536' title='bbox 3414 3344 3517 3381; x_wconf 92' lang='lat' dir='ltr'><strong>non</strong></span> 
     </span>
    </p>
   </div>
   <div class='ocr_carea' id='block_1_80' title="bbox 1961 3413 3520 3486">
    <p class='ocr_par' dir='ltr' id='par_1_80' title="bbox 1961 3413 3520 3486">
     <span class='ocr_line' id='line_1_80' title="bbox 1961 3413 3520 3486; baseline 0.003 -19"><span class='ocrx_word' id='word_1_537' title='bbox 1961 3413 2155 3467; x_wconf 88' lang='lat' dir='ltr'><strong>habent</strong></span> <span class='ocrx_word' id='word_1_538' title='bbox 2187 3415 2272 3468; x_wconf 93' lang='lat' dir='ltr'><strong>hic</strong></span> <span class='ocrx_word' id='word_1_539' title='bbox 2308 3423 2608 3469; x_wconf 89' lang='lat' dir='ltr'><strong>manentem</strong></span> <span class='ocrx_word' id='word_1_540' title='bbox 2633 3417 2923 3480; x_wconf 90' lang='lat' dir='ltr'><strong>civitatem,</strong></span> <span class='ocrx_word' id='word_1_541' title='bbox 2957 3419 3047 3472; x_wconf 88' lang='lat' dir='ltr'><strong>sed</strong></span> <span class='ocrx_word' id='word_1_542' title='bbox 3080 3417 3309 3471; x_wconf 83' lang='lat' dir='ltr'><strong>futuram</strong></span> <span class='ocrx_word' id='word_1_543' title='bbox 3342 3419 3520 3486; x_wconf 89' lang='lat' dir='ltr'><strong>inqui-</strong></span> 
     </span>
    </p>
   </div>
   <div class='ocr_carea' id='block_1_81' title="bbox 1958 3504 3520 3580">
    <p class='ocr_par' dir='ltr' id='par_1_81' title="bbox 1958 3504 3520 3580">
     <span class='ocr_line' id='line_1_81' title="bbox 1958 3504 3520 3580; baseline 0.001 -20"><span class='ocrx_word' id='word_1_544' title='bbox 1958 3514 2099 3560; x_wconf 87' lang='lat' dir='ltr'><strong>runt.</strong></span> <span class='ocrx_word' id='word_1_545' title='bbox 2138 3504 2402 3561; x_wconf 86' lang='lat' dir='ltr'><strong>Ramesses</strong></span> <span class='ocrx_word' id='word_1_546' title='bbox 2433 3521 2558 3575; x_wconf 88' lang='lat' dir='ltr'><strong>pars</strong></span> <span class='ocrx_word' id='word_1_547' title='bbox 2605 3516 2687 3563; x_wconf 91' lang='lat' dir='ltr'><strong>cst</strong></span> <span class='ocrx_word' id='word_1_548' title='bbox 2719 3507 3029 3576; x_wconf 83' lang='lat' dir='ltr'><strong>Thebaidis,</strong></span> <span class='ocrx_word' id='word_1_549' title='bbox 3063 3524 3231 3580; x_wconf 87' lang='lat' dir='ltr'><strong>pagus</strong></span> <span class='ocrx_word' id='word_1_550' title='bbox 3282 3508 3520 3573; x_wconf 82' lang='lat' dir='ltr'><strong>Scilicet,</strong></span> 
     </span>
    </p>
   </div>
   <div class='ocr_carea' id='block_1_82' title="bbox 1957 3598 2927 3668">
    <p class='ocr_par' dir='ltr' id='par_1_82' title="bbox 1957 3598 2927 3668">
     <span class='ocr_line' id='line_1_82' title="bbox 1957 3598 2927 3668; baseline 0.004 -20"><span class='ocrx_word' id='word_1_551' title='bbox 1957 3598 2047 3667; x_wconf 89' lang='lat' dir='ltr'><strong>qui</strong></span> <span class='ocrx_word' id='word_1_552' title='bbox 2080 3613 2219 3652; x_wconf 90' lang='lat' dir='ltr'><strong>nunc</strong></span> <span class='ocrx_word' id='word_1_553' title='bbox 2244 3598 2602 3668; x_wconf 83' lang='lat' dir='ltr'><strong>Arsenoginite</strong></span> <span class='ocrx_word' id='word_1_554' title='bbox 2630 3598 2657 3637; x_wconf 74' lang='grc' dir='ltr'>δ</span> <span class='ocrx_word' id='word_1_555' title='bbox 2689 3608 2927 3653; x_wconf 87' lang='lat' dir='ltr'><strong>vocatur.</strong></span> 
     </span>
    </p>
   </div>
   <div class='ocr_carea' id='block_1_83' title="bbox 2031 3685 3523 3758">
    <p class='ocr_par' dir='ltr' id='par_1_83' title="bbox 2031 3685 3523 3758">
     <span class='ocr_line' id='line_1_83' title="bbox 2031 3685 3523 3758; baseline -0.001 -16"><span class='ocrx_word' id='word_1_556' title='bbox 2031 3687 2181 3742; x_wconf 80' lang='lat' dir='ltr'><strong>Vcrs.</strong></span> <span class='ocrx_word' id='word_1_557' title='bbox 2211 3687 2297 3741; x_wconf 73' lang='lat'><strong>12.</strong></span> <span class='ocrx_word' id='word_1_558' title='bbox 2330 3686 2397 3741; x_wconf 88' lang='lat' dir='ltr'><strong>Et</strong></span> <span class='ocrx_word' id='word_1_559' title='bbox 2427 3686 2594 3743; x_wconf 82' lang='lat' dir='ltr'><strong>alebat</strong></span> <span class='ocrx_word' id='word_1_560' title='bbox 2639 3705 2741 3751; x_wconf 92' lang='lat' dir='ltr'><strong>eos,</strong></span> <span class='ocrx_word' id='word_1_561' title='bbox 2768 3695 2871 3743; x_wconf 91' lang='lat' dir='ltr'><strong>etc.</strong></span> <span class='ocrx_word' id='word_1_562' title='bbox 2928 3687 3113 3744; x_wconf 90' lang='lat' dir='ltr'><strong>Solent</strong></span> <span class='ocrx_word' id='word_1_563' title='bbox 3158 3702 3396 3758; x_wconf 65' lang='lat' dir='ltr'><strong>quaerere</strong></span> <span class='ocrx_word' id='word_1_564' title='bbox 3422 3685 3523 3740; x_wconf 91' lang='lat' dir='ltr'><strong>hoc</strong></span> 
     </span>
    </p>
   </div>
   <div class='ocr_carea' id='block_1_84' title="bbox 1956 3777 3529 3848">
    <p class='ocr_par' dir='ltr' id='par_1_84' title="bbox 1956 3777 3529 3848">
     <span class='ocr_line' id='line_1_84' title="bbox 1956 3777 3529 3848; baseline -0.003 -16"><span class='ocrx_word' id='word_1_565' title='bbox 1956 3778 2073 3833; x_wconf 90' lang='lat' dir='ltr'><strong>loco</strong></span> <span class='ocrx_word' id='word_1_566' title='bbox 2102 3777 2499 3846; x_wconf 90' lang='lat' dir='ltr'><strong>undejumenta</strong></span> <span class='ocrx_word' id='word_1_567' title='bbox 2532 3788 2585 3833; x_wconf 90' lang='lat' dir='ltr'><strong>et</strong></span> <span class='ocrx_word' id='word_1_568' title='bbox 2627 3795 2819 3848; x_wconf 85' lang='lat' dir='ltr'><strong>pecora</strong></span> <span class='ocrx_word' id='word_1_569' title='bbox 2852 3779 3112 3844; x_wconf 89' lang='lat' dir='ltr'><strong>viverent,</strong></span> <span class='ocrx_word' id='word_1_570' title='bbox 3155 3777 3295 3831; x_wconf 77' lang='lat' dir='ltr'><strong>fame</strong></span> <span class='ocrx_word' id='word_1_571' title='bbox 3334 3790 3529 3847; x_wconf 61' lang='lat' dir='ltr'><strong>persea</strong></span> 
     </span>
    </p>
   </div>
   <div class='ocr_carea' id='block_1_85' title="bbox 1956 3864 3525 3937">
    <p class='ocr_par' dir='ltr' id='par_1_85' title="bbox 1956 3864 3525 3937">
     <span class='ocr_line' id='line_1_85' title="bbox 1956 3864 3525 3937; baseline -0.004 -15"><span class='ocrx_word' id='word_1_572' title='bbox 1956 3878 2099 3937; x_wconf 88' lang='lat' dir='ltr'><strong>ptem</strong></span> <span class='ocrx_word' id='word_1_573' title='bbox 2126 3883 2292 3922; x_wconf 89' lang='lat' dir='ltr'><strong>annos</strong></span> <span class='ocrx_word' id='word_1_574' title='bbox 2328 3882 2537 3922; x_wconf 87' lang='lat' dir='ltr'><strong>omnem</strong></span> <span class='ocrx_word' id='word_1_575' title='bbox 2573 3876 2769 3921; x_wconf 90' lang='lat' dir='ltr'><strong>terram</strong></span> <span class='ocrx_word' id='word_1_576' title='bbox 2802 3876 3098 3937; x_wconf 84' lang='lat' dir='ltr'><strong>premente,</strong></span> <span class='ocrx_word' id='word_1_577' title='bbox 3140 3866 3373 3920; x_wconf 79' lang='lat' dir='ltr'><strong>maxime</strong></span> <span class='ocrx_word' id='word_1_578' title='bbox 3398 3864 3525 3932; x_wconf 85' lang='lat' dir='ltr'><strong>quia</strong></span> 
     </span>
    </p>
   </div>
   <div class='ocr_carea' id='block_1_86' title="bbox 1958 3954 3525 4028">
    <p class='ocr_par' dir='ltr' id='par_1_86' title="bbox 1958 3954 3525 4028">
     <span class='ocr_line' id='line_1_86' title="bbox 1958 3954 3525 4028; baseline -0.004 -16"><span class='ocrx_word' id='word_1_579' title='bbox 1958 3958 2048 4012; x_wconf 90' lang='lat' dir='ltr'><strong>ﬁlii</strong></span> <span class='ocrx_word' id='word_1_580' title='bbox 2079 3958 2244 4012; x_wconf 89' lang='lat' dir='ltr'><strong>Iacob</strong></span> <span class='ocrx_word' id='word_1_581' title='bbox 2270 3959 2518 4012; x_wconf 86' lang='lat' dir='ltr'><strong>dixerunt</strong></span> <span class='ocrx_word' id='word_1_582' title='bbox 2545 3958 2789 4028; x_wconf 89' lang='lat' dir='ltr'><strong>superius</strong></span> <span class='ocrx_word' id='word_1_583' title='bbox 2822 3975 2925 4012; x_wconf 90' lang='lat' dir='ltr'><strong>non</strong></span> <span class='ocrx_word' id='word_1_584' title='bbox 2954 3972 3075 4012; x_wconf 89' lang='lat' dir='ltr'><strong>esse</strong></span> <span class='ocrx_word' id='word_1_585' title='bbox 3098 3957 3198 4011; x_wconf 88' lang='lat' dir='ltr'><strong>sibi</strong></span> <span class='ocrx_word' id='word_1_586' title='bbox 3246 3954 3437 4025; x_wconf 88' lang='lat' dir='ltr'><strong>pabula</strong></span> <span class='ocrx_word' id='word_1_587' title='bbox 3471 3954 3525 4006; x_wconf 93' lang='lat' dir='ltr'><strong>in</strong></span> 
     </span>
    </p>
   </div>
   <div class='ocr_carea' id='block_1_87' title="bbox 1960 4043 3524 4118">
    <p class='ocr_par' dir='ltr' id='par_1_87' title="bbox 1960 4043 3524 4118">
     <span class='ocr_line' id='line_1_87' title="bbox 1960 4043 3524 4118; baseline -0.005 -14"><span class='ocrx_word' id='word_1_588' title='bbox 1960 4059 2103 4105; x_wconf 89' lang='lat' dir='ltr'><strong>terra</strong></span> <span class='ocrx_word' id='word_1_589' title='bbox 2127 4050 2401 4114; x_wconf 89' lang='lat' dir='ltr'><strong>Chanaan,</strong></span> <span class='ocrx_word' id='word_1_590' title='bbox 2434 4063 2498 4104; x_wconf 90' lang='lat' dir='ltr'><strong>eo</strong></span> <span class='ocrx_word' id='word_1_591' title='bbox 2521 4050 2659 4118; x_wconf 89' lang='lat' dir='ltr'><strong>quod</strong></span> <span class='ocrx_word' id='word_1_592' title='bbox 2698 4048 2854 4103; x_wconf 73' lang='lat' dir='ltr'><strong>nullae.</strong></span> <span class='ocrx_word' id='word_1_593' title='bbox 2878 4049 2947 4102; x_wconf 90' lang='lat' dir='ltr'><strong>ibi</strong></span> <span class='ocrx_word' id='word_1_594' title='bbox 2977 4059 3158 4103; x_wconf 90' lang='lat' dir='ltr'><strong>essent</strong></span> <span class='ocrx_word' id='word_1_595' title='bbox 3182 4045 3388 4117; x_wconf 67' lang='lat' dir='ltr'><strong>pluvize.</strong></span> <span class='ocrx_word' id='word_1_596' title='bbox 3419 4043 3524 4098; x_wconf 88' lang='lat' dir='ltr'><strong>Sed</strong></span> 
     </span>
    </p>
   </div>
   <div class='ocr_carea' id='block_1_88' title="bbox 1963 4132 3526 4209">
    <p class='ocr_par' dir='ltr' id='par_1_88' title="bbox 1963 4132 3526 4209">
     <span class='ocr_line' id='line_1_88' title="bbox 1963 4132 3526 4209; baseline -0.01 -11"><span class='ocrx_word' id='word_1_597' title='bbox 1963 4143 2235 4198; x_wconf 89' lang='lat' dir='ltr'><strong>sciendum</strong></span> <span class='ocrx_word' id='word_1_598' title='bbox 2271 4141 2442 4195; x_wconf 90' lang='lat' dir='ltr'><strong>Nilum</strong></span> <span class='ocrx_word' id='word_1_599' title='bbox 2482 4139 2532 4193; x_wconf 89' lang='lat' dir='ltr'><strong>itt</strong></span> <span class='ocrx_word' id='word_1_600' title='bbox 2566 4137 2800 4209; x_wconf 63' lang='lat' dir='ltr'><strong>Egypto</strong></span> <span class='ocrx_word' id='word_1_601' title='bbox 2851 4137 3115 4193; x_wconf 80' lang='lat' dir='ltr'><strong>maximas</strong></span> <span class='ocrx_word' id='word_1_602' title='bbox 3153 4135 3328 4189; x_wconf 83' lang='lat' dir='ltr'><strong>facere</strong></span> <span class='ocrx_word' id='word_1_603' title='bbox 3377 4132 3526 4201; x_wconf 86' lang='lat' dir='ltr'><strong>palu-</strong></span> 
     </span>
    </p>
   </div>
   <div class='ocr_carea' id='block_1_89' title="bbox 1962 4224 3527 4302">
    <p class='ocr_par' dir='ltr' id='par_1_89' title="bbox 1962 4224 3527 4302">
     <span class='ocr_line' id='line_1_89' title="bbox 1962 4224 3527 4302; baseline -0.01 -11"><span class='ocrx_word' id='word_1_604' title='bbox 1962 4236 2080 4299; x_wconf 89' lang='lat' dir='ltr'><strong>des,</strong></span> <span class='ocrx_word' id='word_1_605' title='bbox 2109 4235 2158 4287; x_wconf 92' lang='lat' dir='ltr'><strong>in</strong></span> <span class='ocrx_word' id='word_1_606' title='bbox 2184 4233 2376 4302; x_wconf 89' lang='lat' dir='ltr'><strong>quibus</strong></span> <span class='ocrx_word' id='word_1_607' title='bbox 2404 4231 2684 4286; x_wconf 88' lang='lat' dir='ltr'><strong>abundans</strong></span> <span class='ocrx_word' id='word_1_608' title='bbox 2713 4230 2876 4284; x_wconf 87' lang='lat' dir='ltr'><strong>herba</strong></span> <span class='ocrx_word' id='word_1_609' title='bbox 2922 4230 3165 4283; x_wconf 86' lang='lat' dir='ltr'><strong>nascitur</strong></span> <span class='ocrx_word' id='word_1_610' title='bbox 3191 4224 3448 4296; x_wconf 87' lang='lat' dir='ltr'><strong>jumentis</strong></span> <span class='ocrx_word' id='word_1_611' title='bbox 3474 4230 3527 4276; x_wconf 90' lang='lat' dir='ltr'><strong>et</strong></span> 
     </span>
    </p>
   </div>
   <div class='ocr_carea' id='block_1_90' title="bbox 1957 4314 3522 4395">
    <p class='ocr_par' dir='ltr' id='par_1_90' title="bbox 1957 4314 3522 4395">
     <span class='ocr_line' id='line_1_90' title="bbox 1957 4314 3522 4395; baseline -0.006 -18"><span class='ocrx_word' id='word_1_612' title='bbox 1957 4325 2151 4395; x_wconf 89' lang='lat' dir='ltr'><strong>pabula</strong></span> <span class='ocrx_word' id='word_1_613' title='bbox 2182 4325 2464 4393; x_wconf 88' lang='lat' dir='ltr'><strong>pecoribus</strong></span> <span class='ocrx_word' id='word_1_614' title='bbox 2495 4332 2639 4377; x_wconf 87' lang='lat' dir='ltr'><strong>tanto</strong></span> <span class='ocrx_word' id='word_1_615' title='bbox 2668 4321 2925 4375; x_wconf 83' lang='lat' dir='ltr'><strong>lorliliora</strong></span> <span class='ocrx_word' id='word_1_616' title='bbox 2957 4329 3157 4389; x_wconf 88' lang='lat' dir='ltr'><strong>quanto</strong></span> <span class='ocrx_word' id='word_1_617' title='bbox 3185 4317 3377 4371; x_wconf 88' lang='lat' dir='ltr'><strong>siccior</strong></span> <span class='ocrx_word' id='word_1_618' title='bbox 3404 4314 3522 4367; x_wconf 81' lang='lat' dir='ltr'><strong>fue-</strong></span> 
     </span>
    </p>
   </div>
   <div class='ocr_carea' id='block_1_91' title="bbox 1960 4410 3523 4483">
    <p class='ocr_par' dir='ltr' id='par_1_91' title="bbox 1960 4410 3523 4483">
     <span class='ocr_line' id='line_1_91' title="bbox 1960 4410 3523 4483; baseline -0.006 -14"><span class='ocrx_word' id='word_1_619' title='bbox 1960 4416 2029 4469; x_wconf 88' lang='lat' dir='ltr'><strong>rit</strong></span> <span class='ocrx_word' id='word_1_620' title='bbox 2056 4416 2225 4469; x_wconf 68' lang='lat' dir='ltr'><strong>Nilus.</strong></span> <span class='ocrx_word' id='word_1_621' title='bbox 2259 4415 2314 4467; x_wconf 93' lang='lat' dir='ltr'><strong>ln</strong></span> <span class='ocrx_word' id='word_1_622' title='bbox 2351 4414 2433 4468; x_wconf 91' lang='lat' dir='ltr'><strong>his</strong></span> <span class='ocrx_word' id='word_1_623' title='bbox 2458 4429 2585 4483; x_wconf 87' lang='lat' dir='ltr'><strong>ergo</strong></span> <span class='ocrx_word' id='word_1_624' title='bbox 2610 4414 2738 4467; x_wconf 89' lang='lat' dir='ltr'><strong>locis</strong></span> <span class='ocrx_word' id='word_1_625' title='bbox 2775 4410 3315 4477; x_wconf 87' lang='lat' dir='ltr'><strong>alebanturjumeuta</strong></span> <span class='ocrx_word' id='word_1_626' title='bbox 3344 4415 3398 4461; x_wconf 90' lang='lat' dir='ltr'><strong>et</strong></span> <span class='ocrx_word' id='word_1_627' title='bbox 3419 4420 3523 4460; x_wconf 68' lang='lat' dir='ltr'><strong>ea:-</strong></span> 
     </span>
    </p>
   </div>
   <div class='ocr_carea' id='block_1_92' title="bbox 1924 4492 3309 4574">
    <p class='ocr_par' dir='ltr' id='par_1_92' title="bbox 1924 4492 3309 4574">
     <span class='ocr_line' id='line_1_92' title="bbox 1924 4492 3309 4574; baseline -0.008 -12"><span class='ocrx_word' id='word_1_628' title='bbox 1924 4492 1929 4495; x_wconf 19' lang='lat' dir='ltr'><strong>l</strong></span> <span class='ocrx_word' id='word_1_629' title='bbox 1958 4515 2068 4562; x_wconf 86' lang='lat' dir='ltr'><strong>tera</strong></span> <span class='ocrx_word' id='word_1_630' title='bbox 2096 4507 2367 4570; x_wconf 90' lang='lat' dir='ltr'><strong>animalia,</strong></span> <span class='ocrx_word' id='word_1_631' title='bbox 2405 4520 2522 4574; x_wconf 68' lang='lat' dir='ltr'><strong>quin</strong></span> <span class='ocrx_word' id='word_1_632' title='bbox 2547 4505 2772 4574; x_wconf 90' lang='lat' dir='ltr'><strong>plurima</strong></span> <span class='ocrx_word' id='word_1_633' title='bbox 2803 4514 2954 4558; x_wconf 88' lang='lat' dir='ltr'><strong>erant</strong></span> <span class='ocrx_word' id='word_1_634' title='bbox 2984 4504 3035 4556; x_wconf 94' lang='lat' dir='ltr'><strong>in</strong></span> <span class='ocrx_word' id='word_1_635' title='bbox 3061 4500 3309 4570; x_wconf 71' lang='lat' dir='ltr'><strong>Egypto.</strong></span> 
     </span>
    </p>
   </div>
   <div class='ocr_carea' id='block_1_93' title="bbox 279 4586 1855 4675">
    <p class='ocr_par' dir='ltr' id='par_1_93' title="bbox 279 4588 1852 4659">
     <span class='ocr_line' id='line_1_93' title="bbox 279 4588 1852 4659; baseline -0.003 -15"><span class='ocrx_word' id='word_1_636' title='bbox 279 4588 451 4645; x_wconf 85' lang='lat' dir='ltr'><strong>Iacob</strong></span> <span class='ocrx_word' id='word_1_637' title='bbox 481 4588 775 4659; x_wconf 63' lang='lat' dir='ltr'><strong>Egyptum</strong></span> <span class='ocrx_word' id='word_1_638' title='bbox 803 4589 1157 4653; x_wconf 89' lang='lat' dir='ltr'><strong>intraverunt,</strong></span> <span class='ocrx_word' id='word_1_639' title='bbox 1192 4590 1467 4657; x_wconf 77' lang='lat' dir='ltr'><strong>sexaginta</strong></span> <span class='ocrx_word' id='word_1_640' title='bbox 1499 4604 1589 4642; x_wconf 76' lang='lat' dir='ltr'><strong>sex</strong></span> <span class='ocrx_word' id='word_1_641' title='bbox 1620 4588 1852 4650; x_wconf 80' lang='lat' dir='ltr'><strong>fuerunt,</strong></span> 
     </span>
    </p>
   </div>
   <div class='ocr_carea' id='block_1_94' title="bbox 1955 4586 3526 4675">
    <p class='ocr_par' dir='ltr' id='par_1_94' title="bbox 2033 4586 3526 4661">
     <span class='ocr_line' id='line_1_94' title="bbox 2033 4586 3526 4661; baseline -0.005 -13"><span class='ocrx_word' id='word_1_642' title='bbox 2033 4594 2186 4649; x_wconf 78' lang='lat' dir='ltr'><strong>Vers.</strong></span> <span class='ocrx_word' id='word_1_643' title='bbox 2223 4596 2305 4650; x_wconf 85' lang='lat' dir='ltr'><strong>l9.</strong></span> <span class='ocrx_word' id='word_1_644' title='bbox 2334 4595 2462 4648; x_wconf 84' lang='lat' dir='ltr'><strong>Eme</strong></span> <span class='ocrx_word' id='word_1_645' title='bbox 2489 4612 2578 4647; x_wconf 86' lang='lat' dir='ltr'><strong>nos</strong></span> <span class='ocrx_word' id='word_1_646' title='bbox 2601 4595 2652 4646; x_wconf 88' lang='lat' dir='ltr'><strong>in</strong></span> <span class='ocrx_word' id='word_1_647' title='bbox 2676 4593 2969 4646; x_wconf 77' lang='lat' dir='ltr'><strong>servitutem</strong></span> <span class='ocrx_word' id='word_1_648' title='bbox 2988 4592 3201 4661; x_wconf 85' lang='lat' dir='ltr'><strong>regiam.</strong></span> <span class='ocrx_word' id='word_1_649' title='bbox 3231 4586 3526 4658; x_wconf 81' lang='lat' dir='ltr'><strong>Allegorice</strong></span> 
     </span>
    </p>
   </div>
   <div class='ocr_carea' id='block_1_95' title="bbox 281 4678 1856 4749">
    <p class='ocr_par' dir='ltr' id='par_1_95' title="bbox 281 4678 1856 4749">
     <span class='ocr_line' id='line_1_95' title="bbox 281 4678 1856 4749; baseline 0 -18"><span class='ocrx_word' id='word_1_650' title='bbox 281 4681 483 4747; x_wconf 84' lang='lat' dir='ltr'><strong>quibus</strong></span> <span class='ocrx_word' id='word_1_651' title='bbox 523 4681 567 4733; x_wconf 91' lang='lat' dir='ltr'><strong>si</strong></span> <span class='ocrx_word' id='word_1_652' title='bbox 611 4680 803 4733; x_wconf 89' lang='lat' dir='ltr'><strong>addam</strong></span> <span class='ocrx_word' id='word_1_653' title='bbox 844 4679 1013 4749; x_wconf 85' lang='lat' dir='ltr'><strong>ipsum</strong></span> <span class='ocrx_word' id='word_1_654' title='bbox 1050 4678 1244 4748; x_wconf 89' lang='lat' dir='ltr'><strong>Ioseph</strong></span> <span class='ocrx_word' id='word_1_655' title='bbox 1286 4687 1339 4731; x_wconf 91' lang='lat' dir='ltr'><strong>et</strong></span> <span class='ocrx_word' id='word_1_656' title='bbox 1382 4678 1517 4733; x_wconf 87' lang='lat' dir='ltr'><strong>ﬁlios</strong></span> <span class='ocrx_word' id='word_1_657' title='bbox 1556 4678 1691 4746; x_wconf 86' lang='lat' dir='ltr'><strong>ejus,</strong></span> <span class='ocrx_word' id='word_1_658' title='bbox 1723 4693 1856 4745; x_wconf 86' lang='lat' dir='ltr'><strong>quos</strong></span> 
     </span>
    </p>
   </div>
   <div class='ocr_carea' id='block_1_96' title="bbox 280 4768 1857 4840">
    <p class='ocr_par' dir='ltr' id='par_1_96' title="bbox 280 4768 1857 4840">
     <span class='ocr_line' id='line_1_96' title="bbox 280 4768 1857 4840; baseline 0 -17"><span class='ocrx_word' id='word_1_659' title='bbox 280 4771 335 4823; x_wconf 87' lang='lat' dir='ltr'><strong>in</strong></span> <span class='ocrx_word' id='word_1_660' title='bbox 368 4768 605 4840; x_wconf 64' lang='lat' dir='ltr'><strong>Egypto</strong></span> <span class='ocrx_word' id='word_1_661' title='bbox 642 4778 918 4840; x_wconf 85' lang='lat' dir='ltr'><strong>genuerat,</strong></span> <span class='ocrx_word' id='word_1_662' title='bbox 952 4768 1166 4823; x_wconf 70' lang='lat' dir='ltr'><strong>Fuerunt</strong></span> <span class='ocrx_word' id='word_1_663' title='bbox 1204 4771 1479 4838; x_wconf 77' lang='lat' dir='ltr'><strong>sexaginta</strong></span> <span class='ocrx_word' id='word_1_664' title='bbox 1520 4784 1728 4823; x_wconf 90' lang='lat' dir='ltr'><strong>novem.</strong></span> <span class='ocrx_word' id='word_1_665' title='bbox 1764 4768 1857 4823; x_wconf 91' lang='lat' dir='ltr'><strong>llis</strong></span> 
     </span>
    </p>
   </div>
   <div class='ocr_carea' id='block_1_97' title="bbox 244 4850 1857 4935">
    <p class='ocr_par' dir='ltr' id='par_1_97' title="bbox 244 4850 1857 4935">
     <span class='ocr_line' id='line_1_97' title="bbox 244 4850 1857 4935; baseline 0.001 -21"><span class='ocrx_word' id='word_1_666' title='bbox 244 4862 447 4935; x_wconf 83' lang='lat' dir='ltr'><strong>etiam</strong></span> <span class='ocrx_word' id='word_1_667' title='bbox 494 4862 631 4915; x_wconf 89' lang='lat' dir='ltr'><strong>adde</strong></span> <span class='ocrx_word' id='word_1_668' title='bbox 675 4863 845 4931; x_wconf 89' lang='lat' dir='ltr'><strong>ipsum</strong></span> <span class='ocrx_word' id='word_1_669' title='bbox 895 4859 1092 4924; x_wconf 85' lang='lat' dir='ltr'><strong>Iacob,</strong></span> <span class='ocrx_word' id='word_1_670' title='bbox 1144 4870 1351 4930; x_wconf 81' lang='lat' dir='ltr'><strong>patrem</strong></span> <span class='ocrx_word' id='word_1_671' title='bbox 1404 4861 1677 4927; x_wconf 90' lang='lat' dir='ltr'><strong>omnium,</strong></span> <span class='ocrx_word' id='word_1_672' title='bbox 1725 4850 1857 4915; x_wconf 88' lang='lat' dir='ltr'><strong>ﬁunt</strong></span> 
     </span>
    </p>
   </div>
   <div class='ocr_carea' id='block_1_98' title="bbox 279 4952 1857 5024">
    <p class='ocr_par' dir='ltr' id='par_1_98' title="bbox 279 4952 1857 5024">
     <span class='ocr_line' id='line_1_98' title="bbox 279 4952 1857 5024; baseline 0 -17"><span class='ocrx_word' id='word_1_673' title='bbox 279 4954 644 5024; x_wconf 75' lang='lat' dir='ltr'><strong>septuaginta.</strong></span> <span class='ocrx_word' id='word_1_674' title='bbox 703 4954 853 5020; x_wconf 85' lang='lat' dir='ltr'><strong>Quod</strong></span> <span class='ocrx_word' id='word_1_675' title='bbox 905 4955 955 5007; x_wconf 93' lang='lat' dir='ltr'><strong>in</strong></span> <span class='ocrx_word' id='word_1_676' title='bbox 1008 4953 1229 5009; x_wconf 86' lang='lat' dir='ltr'><strong>Actibus</strong></span> <span class='ocrx_word' id='word_1_677' title='bbox 1279 4954 1640 5021; x_wconf 89' lang='lat' dir='ltr'><strong>apostolorum</strong></span> <span class='ocrx_word' id='word_1_678' title='bbox 1685 4952 1857 5007; x_wconf 89' lang='lat' dir='ltr'><strong>Lucas</strong></span> 
     </span>
    </p>
   </div>
   <div class='ocr_carea' id='block_1_99' title="bbox 280 5041 1856 5112">
    <p class='ocr_par' dir='ltr' id='par_1_99' title="bbox 280 5041 1856 5112">
     <span class='ocr_line' id='line_1_99' title="bbox 280 5041 1856 5112; baseline -0.002 -17"><span class='ocrx_word' id='word_1_679' title='bbox 280 5044 417 5097; x_wconf 84' lang='lat' dir='ltr'><strong>dicit</strong></span> <span class='ocrx_word' id='word_1_680' title='bbox 459 5061 472 5095; x_wconf 89' lang='lat'><strong>:</strong></span> <span class='ocrx_word' id='word_1_681' title='bbox 513 5042 779 5097; x_wconf 83' lang='lat' dir='ltr'><strong>Descendit</strong></span> <span class='ocrx_word' id='word_1_682' title='bbox 837 5043 1001 5096; x_wconf 77' lang='lat' dir='ltr'><strong>Iacob</strong></span> <span class='ocrx_word' id='word_1_683' title='bbox 1048 5044 1102 5096; x_wconf 92' lang='lat' dir='ltr'><strong>in</strong></span> <span class='ocrx_word' id='word_1_684' title='bbox 1148 5041 1436 5112; x_wconf 60' lang='lat' dir='ltr'><strong>Egi/ptum</strong></span> <span class='ocrx_word' id='word_1_685' title='bbox 1483 5042 1535 5097; x_wconf 90' lang='lat' dir='ltr'><strong>in</strong></span> <span class='ocrx_word' id='word_1_686' title='bbox 1584 5041 1856 5095; x_wconf 85' lang='lat' dir='ltr'><strong>animabus</strong></span> 
     </span>
    </p>
   </div>
   <div class='ocr_carea' id='block_1_100' title="bbox 277 5132 1849 5203">
    <p class='ocr_par' dir='ltr' id='par_1_100' title="bbox 277 5132 1849 5203">
     <span class='ocr_line' id='line_1_100' title="bbox 277 5132 1849 5203; baseline -0.001 -18"><span class='ocrx_word' id='word_1_687' title='bbox 277 5132 613 5200; x_wconf 86' lang='lat' dir='ltr'><strong>septuaginta</strong></span> <span class='ocrx_word' id='word_1_688' title='bbox 649 5135 874 5203; x_wconf 82' lang='lat' dir='ltr'><strong>quinque</strong></span> <span class='ocrx_word' id='word_1_689' title='bbox 902 5132 1035 5198; x_wconf 73' lang='lat' dir='ltr'><strong>(Act.</strong></span> <span class='ocrx_word' id='word_1_690' title='bbox 1065 5148 1173 5198; x_wconf 85' lang='lat' dir='ltr'><strong>vn,</strong></span> <span class='ocrx_word' id='word_1_691' title='bbox 1201 5133 1289 5201; x_wconf 76' lang='lat' dir='ltr'><strong>M)</strong></span> <span class='ocrx_word' id='word_1_692' title='bbox 1313 5173 1327 5197; x_wconf 91' lang='lat'><strong>,</strong></span> <span class='ocrx_word' id='word_1_693' title='bbox 1355 5133 1543 5187; x_wconf 89' lang='lat' dir='ltr'><strong>similis</strong></span> <span class='ocrx_word' id='word_1_694' title='bbox 1570 5149 1724 5187; x_wconf 85' lang='lat' dir='ltr'><strong>error</strong></span> <span class='ocrx_word' id='word_1_695' title='bbox 1749 5140 1849 5186; x_wconf 90' lang='lat' dir='ltr'><strong>est.</strong></span> 
     </span>
    </p>
   </div>
   <div class='ocr_carea' id='block_1_101' title="bbox 281 5220 1850 5292">
    <p class='ocr_par' dir='ltr' id='par_1_101' title="bbox 281 5220 1850 5292">
     <span class='ocr_line' id='line_1_101' title="bbox 281 5220 1850 5292; baseline 0 -18"><span class='ocrx_word' id='word_1_696' title='bbox 281 5220 393 5274; x_wconf 88' lang='lat' dir='ltr'><strong>Sed</strong></span> <span class='ocrx_word' id='word_1_697' title='bbox 423 5221 552 5289; x_wconf 85' lang='lat' dir='ltr'><strong>quia</strong></span> <span class='ocrx_word' id='word_1_698' title='bbox 581 5232 705 5276; x_wconf 85' lang='lat' dir='ltr'><strong>tunc</strong></span> <span class='ocrx_word' id='word_1_699' title='bbox 732 5223 874 5278; x_wconf 80' lang='lat' dir='ltr'><strong>LXX</strong></span> <span class='ocrx_word' id='word_1_700' title='bbox 905 5222 1122 5292; x_wconf 89' lang='lat' dir='ltr'><strong>majoris</strong></span> <span class='ocrx_word' id='word_1_701' title='bbox 1146 5223 1486 5278; x_wconf 86' lang='lat' dir='ltr'><strong>auctoritatis</strong></span> <span class='ocrx_word' id='word_1_702' title='bbox 1508 5233 1665 5277; x_wconf 87' lang='lat' dir='ltr'><strong>erant</strong></span> <span class='ocrx_word' id='word_1_703' title='bbox 1688 5238 1850 5292; x_wconf 89' lang='lat' dir='ltr'><strong>quam</strong></span> 
     </span>
    </p>
   </div>
   <div class='ocr_carea' id='block_1_102' title="bbox 890 5312 1063 5340">
    <p class='ocr_par' dir='ltr' id='par_1_102' title="bbox 890 5312 1063 5340">
     <span class='ocr_line' id='line_1_102' title="bbox 890 5312 1063 5340; baseline -0.012 0"><span class='ocrx_word' id='word_1_704' title='bbox 890 5321 939 5340; x_wconf 68' lang='lat' dir='ltr'><strong>ns</strong></span> <span class='ocrx_word' id='word_1_705' title='bbox 1004 5312 1063 5334; x_wconf 55' lang='grc' dir='ltr'><strong>σαι</strong></span> 
     </span>
    </p>
   </div>
   <div class='ocr_carea' id='block_1_103' title="bbox 1123 5312 1673 5360">
    <p class='ocr_par' dir='ltr' id='par_1_103' title="bbox 1123 5312 1673 5360">
     <span class='ocr_line' id='line_1_103' title="bbox 1123 5312 1673 5360; baseline -0.02 -10"><span class='ocrx_word' id='word_1_706' title='bbox 1123 5312 1366 5360; x_wconf 70' lang='lat' dir='ltr'><strong>qmnihnc</strong></span> <span class='ocrx_word' id='word_1_707' title='bbox 1422 5312 1673 5344; x_wconf 65' lang='grc' dir='ltr'><strong>Πηιιιηιιῖε-</strong></span> 
     </span>
    </p>
   </div>
   <div class='ocr_carea' id='block_1_104' title="bbox 1960 4681 3526 4756">
    <p class='ocr_par' dir='ltr' id='par_1_104' title="bbox 1960 4681 3526 4756">
     <span class='ocr_line' id='line_1_104' title="bbox 1960 4681 3526 4756; baseline -0.005 -16"><span class='ocrx_word' id='word_1_708' title='bbox 1960 4687 2133 4740; x_wconf 89' lang='lat' dir='ltr'><strong>omnis</strong></span> <span class='ocrx_word' id='word_1_709' title='bbox 2160 4686 2421 4756; x_wconf 54' lang='lat' dir='ltr'><strong>[Egyptus</strong></span> <span class='ocrx_word' id='word_1_710' title='bbox 2473 4700 2658 4739; x_wconf 90' lang='lat' dir='ltr'><strong>servus</strong></span> <span class='ocrx_word' id='word_1_711' title='bbox 2709 4693 2812 4748; x_wconf 89' lang='lat' dir='ltr'><strong>est,</strong></span> <span class='ocrx_word' id='word_1_712' title='bbox 2862 4690 2915 4736; x_wconf 89' lang='lat' dir='ltr'><strong>et</strong></span> <span class='ocrx_word' id='word_1_713' title='bbox 2947 4697 3011 4736; x_wconf 90' lang='lat' dir='ltr'><strong>eo</strong></span> <span class='ocrx_word' id='word_1_714' title='bbox 3033 4681 3278 4751; x_wconf 88' lang='lat' dir='ltr'><strong>amplius,</strong></span> <span class='ocrx_word' id='word_1_715' title='bbox 3324 4695 3430 4748; x_wconf 87' lang='lat' dir='ltr'><strong>quo</strong></span> <span class='ocrx_word' id='word_1_716' title='bbox 3468 4693 3526 4732; x_wconf 86' lang='lat' dir='ltr'><strong>se</strong></span> 
     </span>
    </p>
   </div>
   <div class='ocr_carea' id='block_1_105' title="bbox 1964 4769 3525 4845">
    <p class='ocr_par' dir='ltr' id='par_1_105' title="bbox 1964 4769 3525 4845">
     <span class='ocr_line' id='line_1_105' title="bbox 1964 4769 3525 4845; baseline -0.007 -14"><span class='ocrx_word' id='word_1_717' title='bbox 1964 4786 2151 4845; x_wconf 79' lang='lat' dir='ltr'><strong>sponte</strong></span> <span class='ocrx_word' id='word_1_718' title='bbox 2173 4777 2352 4830; x_wconf 88' lang='lat' dir='ltr'><strong>tradit.</strong></span> <span class='ocrx_word' id='word_1_719' title='bbox 2382 4775 2512 4828; x_wconf 85' lang='lat' dir='ltr'><strong>Nam</strong></span> <span class='ocrx_word' id='word_1_720' title='bbox 2547 4776 2635 4829; x_wconf 89' lang='lat' dir='ltr'><strong>lilii</strong></span> <span class='ocrx_word' id='word_1_721' title='bbox 2659 4774 2821 4828; x_wconf 88' lang='lat' dir='ltr'><strong>Israel</strong></span> <span class='ocrx_word' id='word_1_722' title='bbox 2849 4784 2901 4827; x_wconf 89' lang='lat' dir='ltr'><strong>et</strong></span> <span class='ocrx_word' id='word_1_723' title='bbox 2924 4774 3021 4843; x_wconf 88' lang='lat' dir='ltr'><strong>ipsi</strong></span> <span class='ocrx_word' id='word_1_724' title='bbox 3053 4772 3192 4825; x_wconf 87' lang='lat' dir='ltr'><strong>servi</strong></span> <span class='ocrx_word' id='word_1_725' title='bbox 3240 4771 3446 4823; x_wconf 81' lang='lat' dir='ltr'><strong>fuerant</strong></span> <span class='ocrx_word' id='word_1_726' title='bbox 3471 4769 3525 4821; x_wconf 90' lang='lat' dir='ltr'><strong>in</strong></span> 
     </span>
    </p>
   </div>
   <div class='ocr_carea' id='block_1_106' title="bbox 1918 4852 3527 4935">
    <p class='ocr_par' dir='ltr' id='par_1_106' title="bbox 1918 4852 3527 4935">
     <span class='ocr_line' id='line_1_106' title="bbox 1918 4852 3527 4935; baseline -0.008 -13"><span class='ocrx_word' id='word_1_727' title='bbox 1918 4852 1924 4857; x_wconf 13' lang='lat' dir='ltr'><strong>i</strong></span> <span class='ocrx_word' id='word_1_728' title='bbox 1967 4864 2211 4935; x_wconf 62' lang='lat' dir='ltr'><strong>.‘Egypto,</strong></span> <span class='ocrx_word' id='word_1_729' title='bbox 2237 4865 2329 4918; x_wconf 85' lang='lat' dir='ltr'><strong>sed</strong></span> <span class='ocrx_word' id='word_1_730' title='bbox 2355 4880 2456 4919; x_wconf 91' lang='lat' dir='ltr'><strong>non</strong></span> <span class='ocrx_word' id='word_1_731' title='bbox 2485 4874 2693 4933; x_wconf 87' lang='lat' dir='ltr'><strong>sponte.</strong></span> <span class='ocrx_word' id='word_1_732' title='bbox 2745 4863 2975 4934; x_wconf 68' lang='lat' dir='ltr'><strong>Aigyptii</strong></span> <span class='ocrx_word' id='word_1_733' title='bbox 3016 4879 3143 4917; x_wconf 88' lang='lat' dir='ltr'><strong>vero</strong></span> <span class='ocrx_word' id='word_1_734' title='bbox 3181 4869 3527 4932; x_wconf 87' lang='lat' dir='ltr'><strong>spontaneam</strong></span> 
     </span>
    </p>
   </div>
   <div class='ocr_carea' id='block_1_107' title="bbox 1964 4946 3527 5020">
    <p class='ocr_par' dir='ltr' id='par_1_107' title="bbox 1964 4946 3527 5020">
     <span class='ocr_line' id='line_1_107' title="bbox 1964 4946 3527 5020; baseline -0.008 -11"><span class='ocrx_word' id='word_1_735' title='bbox 1964 4955 2245 5009; x_wconf 90' lang='lat' dir='ltr'><strong>subierunt</strong></span> <span class='ocrx_word' id='word_1_736' title='bbox 2294 4954 2627 5019; x_wconf 85' lang='lat' dir='ltr'><strong>servitutem,</strong></span> <span class='ocrx_word' id='word_1_737' title='bbox 2677 4968 2769 5007; x_wconf 89' lang='lat' dir='ltr'><strong>eos</strong></span> <span class='ocrx_word' id='word_1_738' title='bbox 2822 4954 3004 5020; x_wconf 86' lang='lat' dir='ltr'><strong>utique</strong></span> <span class='ocrx_word' id='word_1_739' title='bbox 3048 4950 3387 5020; x_wconf 85' lang='lat' dir='ltr'><strong>designantes</strong></span> <span class='ocrx_word' id='word_1_740' title='bbox 3436 4946 3527 5013; x_wconf 90' lang='lat' dir='ltr'><strong>qui</strong></span> 
     </span>
    </p>
   </div>
   <div class='ocr_carea' id='block_1_108' title="bbox 1966 5036 3531 5106">
    <p class='ocr_par' dir='ltr' id='par_1_108' title="bbox 1966 5036 3531 5106">
     <span class='ocr_line' id='line_1_108' title="bbox 1966 5036 3531 5106; baseline -0.006 -8"><span class='ocrx_word' id='word_1_741' title='bbox 1966 5046 2129 5100; x_wconf 87' lang='lat' dir='ltr'><strong>Deum</strong></span> <span class='ocrx_word' id='word_1_742' title='bbox 2186 5062 2215 5099; x_wconf 91' lang='lat' dir='ltr'><strong>a</strong></span> <span class='ocrx_word' id='word_1_743' title='bbox 2255 5061 2348 5100; x_wconf 91' lang='lat' dir='ltr'><strong>sua</strong></span> <span class='ocrx_word' id='word_1_744' title='bbox 2379 5054 2559 5098; x_wconf 91' lang='lat' dir='ltr'><strong>mente</strong></span> <span class='ocrx_word' id='word_1_745' title='bbox 2587 5044 2948 5106; x_wconf 84' lang='lat' dir='ltr'><strong>excludentes,</strong></span> <span class='ocrx_word' id='word_1_746' title='bbox 2982 5042 3200 5096; x_wconf 87' lang='lat' dir='ltr'><strong>tradunt</strong></span> <span class='ocrx_word' id='word_1_747' title='bbox 3226 5055 3283 5093; x_wconf 88' lang='lat' dir='ltr'><strong>se</strong></span> <span class='ocrx_word' id='word_1_748' title='bbox 3328 5036 3531 5091; x_wconf 82' lang='lat' dir='ltr'><strong>servire</strong></span> 
     </span>
    </p>
   </div>
   <div class='ocr_carea' id='block_1_109' title="bbox 1963 5130 3176 5202">
    <p class='ocr_par' dir='ltr' id='par_1_109' title="bbox 1963 5130 3176 5202">
     <span class='ocr_line' id='line_1_109' title="bbox 1963 5130 3176 5202; baseline -0.004 -14"><span class='ocrx_word' id='word_1_749' title='bbox 1963 5135 2317 5189; x_wconf 70' lang='lat' dir='ltr'><strong>immtmditite</strong></span> <span class='ocrx_word' id='word_1_750' title='bbox 2350 5143 2398 5187; x_wconf 91' lang='lat' dir='ltr'><strong>et</strong></span> <span class='ocrx_word' id='word_1_751' title='bbox 2427 5134 2691 5202; x_wconf 90' lang='lat' dir='ltr'><strong>iniquitati</strong></span> <span class='ocrx_word' id='word_1_752' title='bbox 2723 5131 2787 5186; x_wconf 91' lang='lat' dir='ltr'><strong>ad</strong></span> <span class='ocrx_word' id='word_1_753' title='bbox 2819 5130 3176 5200; x_wconf 87' lang='lat' dir='ltr'><strong>iniquitatem.</strong></span> 
     </span>
    </p>
   </div>
   <div class='ocr_carea' id='block_1_110' title="bbox 2034 5220 3316 5279">
    <p class='ocr_par' dir='ltr' id='par_1_110' title="bbox 2034 5220 3316 5279">
     <span class='ocr_line' id='line_1_110' title="bbox 2034 5220 3316 5279; baseline -0.018 -3"><span class='ocrx_word' id='word_1_754' title='bbox 2034 5223 2188 5279; x_wconf 84' lang='lat' dir='ltr'><strong>Vers.</strong></span> <span class='ocrx_word' id='word_1_755' title='bbox 2226 5224 2317 5278; x_wconf 69' lang='grc'><strong>22,</strong></span> <span class='ocrx_word' id='word_1_756' title='bbox 2351 5220 2554 5276; x_wconf 74' lang='lat' dir='ltr'><strong>Prwter</strong></span> <span class='ocrx_word' id='word_1_757' title='bbox 2597 5234 2785 5277; x_wconf 81' lang='lat' dir='ltr'><strong>terram</strong></span> <span class='ocrx_word' id='word_1_758' title='bbox 2830 5221 3153 5262; x_wconf 62' lang='lat' dir='ltr'><strong>carm-Anium</strong></span> <span class='ocrx_word' id='word_1_759' title='bbox 3203 5230 3316 5256; x_wconf 76' lang='lat' dir='ltr'><strong>nun&quot;</strong></span> 
     </span>
    </p>
   </div>
  </div>
