4026 6422
424 4270 464 4471 l

397 4508 457 4875 β]

547 425 653 483 125

538 535 670 607 seph
698 542 900 599 noster,
933 532 985 589 id
1003 542 1085 590 est
1106 533 1373 601 Christus,
1430 536 1675 591 hortatur
1717 533 1896 589 ﬁdeles
1933 543 1991 587 ut
2017 550 2101 587 se-
2126 538 2173 595 Α

542 625 687 680 mina
736 626 1055 697 evangelicae
1096 627 1487 697 praedicationis
1540 628 1794 696 accipiant
1835 634 1881 680 et
1926 633 2101 679 serant

543 732 718 787 agros,
752 716 801 771 id
822 727 905 772 est
932 717 1098 772 corda
1118 717 1448 783 auditorum,
1480 728 1541 772 ut
1566 717 1685 772 inde
1711 714 1915 771 fructus
1940 717 2102 771 bono.

540 822 660 863 rum
687 822 907 880 operum
942 813 1181 880 recipere
1214 812 1445 882 possint.
1836 846 1861 875 ,ς
1934 864 1935 867 η
1982 882 1985 885 _

527 976 533 981 ι
614 898 772 955 Vers.
805 899 896 957 24.
943 899 1193 968 Quintam
1223 904 1329 974 regi
1352 903 1562 973 dabitis.
1590 902 1783 969 Quinta
1810 918 1957 974 pars,
1984 918 2103 977 qua:

538 991 753 1063 regibus
787 993 1208 1064 persolvebatnr,
1253 995 1488 1066 quinque
1524 1009 1774 1061 sensuum
1803 996 2101 1069 custodiam

540 1082 807 1154 designat,
835 1099 955 1154 qua:
988 1082 1204 1140 Christo
1245 1085 1609 1140 consecranda
1663 1093 1771 1140 est.
1794 1082 1926 1139 Nam
1955 1092 2009 1139 et
2045 1084 2101 1141 in

537 1174 656 1247 lege
676 1177 987 1246 pracipitur
1011 1192 1171 1232 omne
1195 1178 1608 1249 primogenitum
1633 1175 1913 1235 masculini
1941 1192 2101 1232 sexus

536 1269 762 1338 quinque
799 1268 942 1325 siclis
991 1270 1191 1340 argenti
1237 1270 1436 1326 debere
1480 1270 1690 1331 redimi.
1747 1266 1944 1340 (Exod.
1981 1284 2099 1335 χιιι,

526 1352 652 1431 ⁷15.)
685 1364 836 1432 Quod
857 1378 988 1419 vero
1006 1372 1232 1434 quatuor
1260 1370 1434 1431 partes
1462 1361 1909 1431 permittebantur
1930 1357 2102 1437 habe-

522 1471 620 1523 re,
654 1456 758 1513 hoc
776 1454 1018 1524 designat
1044 1452 1185 1522 quod
1210 1453 1578 1522 unusquisque
1600 1452 1653 1505 in
1677 1450 1850 1506 laicali
1874 1466 2104 1507 conver-

536 1548 768 1611 satione,
791 1546 893 1602 hoc
917 1554 1000 1601 est
1019 1542 1237 1610 actuali,
1262 1543 1556 1611 secundum
1584 1556 1739 1597 suum
1767 1540 2101 1612 propositum

534 1640 621 1696 vel
648 1639 953 1695 facultatem
982 1636 1312 1707 permittitur
1339 1636 1536 1691 vivere.
2030 1704 2034 1708 Δ

596 1729 759 1790 «νοτε.
797 1731 887 1787 29.
918 1730 1063 1786 Pone
1090 1743 1306 1785 manum
1336 1737 1494 1786 tuam
1523 1727 1618 1782 sub
1649 1728 1843 1796 femore
1889 1742 2023 1790 meo,
2051 1734 2101 1783 et

526 1832 655 1897 jura
690 1822 818 1877 mihi
851 1836 943 1891 per
974 1821 1143 1897 Deum
1169 1819 1314 1885 cali,
1360 1828 1415 1873 ut
1461 1835 1565 1875 non
1612 1816 1838 1888 accipias
1884 1832 2099 1872 uxorem

1170 420 1425 480 REMIGII
1463 420 2101 478 ANTISSIODOIIENSIS

2198 422 2299 478 PP.
2343 422 2539 478 PARS.
2580 424 2621 478 I.
2651 455 2720 464 —
2747 423 3153 482 EXEGETICA.

3665 424 3769 478 I21

2745 535 2971 592 CAPUT
3007 535 3232 591 XLVIII.

2271 621 2427 678 Vers.
2457 624 2510 679 5.
2542 624 2689 681 Sicut
2737 624 2915 679 Ruben
2942 638 2988 679 et
3018 624 3230 682 Simeon
3261 626 3636 697 reputabantur
3669 626 3773 680 nti-

2198 714 2273 769 Iti.
2292 714 2360 777 Id
2385 724 2489 780 est,
2517 731 2644 770 suas
2669 730 2764 786 per
2792 730 2851 771 se
2881 718 3051 772 tribus
3080 716 3298 782 facient,
3331 726 3390 771 ut
3411 716 3523 786 jam
3552 732 3657 771 non
3687 717 3774 771 di-

2200 812 2355 858 catur
2383 805 2550 859 trihus
2576 803 2794 875 Ioseph,
2830 806 3117 875 sedrtribus
3138 806 3392 876 Ephraim
3415 814 3470 862 et
3499 800 3765 861 manasse.

2202 895 2351 953 Sicut
2380 896 2595 953 Simcon
2623 906 2677 954 et
2702 890 2891 953 Ruben
2918 914 3043 955 suas
3077 900 3249 956 tribus
3278 900 3518 970 singulas
3547 900 3766 966 facient,

2200 988 2279 1044 sic
2332 988 2586 1059 Ephraim
2615 995 2668 1043 et
2701 986 2946 1045 Manasse
2994 990 3114 1047 dum
3138 992 3547 1057 tribu’s'entnt‘,
3590 1000 3645 1048 et
3686 993 3772 1047 sic

2185 1070 2458 1136 ’tredecnn
2503 1079 2674 1136 tribus
2714 1077 3083 1151 perlicientar,
3123 1075 3323 1155 Ioseph
3363 1074 3587 1139 tribuis]
3633 1082 3772 1137 duas

2186 1180 2378 1243 partes
2406 1169 2597 1227 divisa.
2826 1180 2833 1186 ‘
3006 1168 3011 1171 ’
3152 1176 3161 1199 ¹
3316 1180 3319 1187 ’
3413 1181 3417 1184 ’

2267 1259 2422 1315 Vers.
2479 1259 2561 1314 l4.
2609 1257 2957 1316 Commutans'
2989 1274 3176 1317 manus
3218 1262 3413 1332 Ioseph
3438 1262 3593 1317 'ds‘tas
3626 1260 3774 1332 ﬁlios

2197 1348 2337 1419 patri
2372 1340 2649 1403 adduxit.
2683 1349 2755 1426 Ut
2800 1351 2881 1406 eis
2929 1348 3288 1408 benediceret'.
3339 1351 3771 1423 Primoge‘nitum

2199 1454 2352 1494 suum
2380 1430 2662 1496 Manassen
2688 1442 2869 1512 posuit
2896 1442 2961 1498 ad
2982 1430 3242 1500 dextram
3271 1434 3471 1516 patris;
3497 1445 3771 1515 iuniorem

2184 1526 2343 1593 'vero,
2376 1528 2428 1584 id
2452 1537 2534 1585 est
2559 1526 2833 1603 Ephrai'm,
2865 1532 2931 1588 ad
2964 1525 3279 1589 sinistram.
3300 1534 3396 1590 Ille
3422 1534 3632 1590 alIlatus
3658 1534 3775 1607 spi-

2199 1618 2305 1672 ritu
2353 1620 2686 1690 prophctico,
2718 1618 3021 1692 praevidens
3044 1624 3166 1694 qute’
3191 1624 3420 1681 Ventura
3441 1615 3619 1691 erant,
3672 1640 3775 1695 po-

2198 1710 2602 1767 suit'dexteram
2631 1700 2848 1767 manum
2879 1729 3040 1785 super
3059 1714 3217 1784 caput
3239 1700 3769 1787 juniorisEpht-aim.

2198 1798 2471 1853 sinistram
2498 1813 2627 1856 vero
2649 1814 2821 1871 super
2835 1810 2996 1872 caput
3023 1801 3299 1870 Mau‘asse,
3321 1805 3414 1875 qui
3441 1803 3615 1873 major
3638 1813 3771 1858 natu

530 1888 596 1969 ite
622 1914 832 1985 ﬁliabus
852 1888 1375 1967 Chanaanﬂstendit
1416 1923 1476 1964 se
1517 1905 1687 1964 Iacob
1735 1906 1899 1961 filium
1923 1906 2094 1961 sancti

2196 1900 2345 1957 erat,
2410 1888 2659 1948 manibus
2707 1892 2760 1948 in
2806 1892 3024 1950 modum
3072 1896 3251 1952 crucis
3280 1897 3352 1951 'in
3403 1891 3775 1951 transversum

514 2001 762 2063 Abrahae
802 2016 909 2056 non
930 2014 1098 2056 carne
1134 2007 1363 2062 tantum,
1394 1998 1489 2053 sed
1526 1996 1785 2053 moribus.
1817 1995 1911 2053 Ille
1956 1996 2098 2067 enim

533 2093 804 2166 adjuravit
835 2106 1052 2147 servum
1072 2105 1229 2146 suum
1252 2088 1475 2145 dicens:
1520 2086 1665 2144 Pone
1700 2105 1913 2157 manum
1955 2100 2101 2142 tuam

531 2184 625 2240 sub
652 2185 847 2254 femore
871 2198 1007 2248 meo,
1027 2183 1156 2253 jura
1185 2182 1311 2236 mihi
1338 2198 1431 2252 per
1447 2179 1617 2234 Deum
1641 2181 1773 2245 caeli,
1797 2191 1853 2235 ut
1882 2196 1989 2236 non
2013 2198 2102 2237 ac-

529 2274 696 2345 cipias
730 2289 943 2329 κεω-ειη
974 2273 1039 2327 de
1061 2271 1273 2343 filiabus
1303 2266 1576 2328 Chanaan.
1610 2271 1978 2344 IIic_similitcr
2005 2273 2102 2327 ad-

523 2365 675 2436 jurat
696 2363 863 2419 ﬁlium
890 2362 1109 2433 Ioseph,
1133 2372 1194 2421 ut
1216 2378 1322 2420 non
1343 2363 1571 2432 sepeliat
1588 2378 1719 2419 eum
1753 2364 1806 2419 in
1843 2364 2097 2436 Egypto.

532 2454 772 2524 Uterque
796 2454 940 2510 enim
976 2453 1397 2511 incarnationem
1428 2454 1631 2511 Christi
1658 2463 1712 2511 et
1764 2457 2102 2526 praevidebat

530 2553 588 2602 et
608 2544 838 2602 ﬁdeliter
861 2545 1118 2602 credebat
1138 2555 1441 2603 venturam.
1472 2544 1651 2613 Quaeri
1703 2554 1881 2601 autem
1924 2554 2103 2617 potest

518 2651 633 2701 _cur
656 2638 830 2692 sancti
855 2636 1183 2707 patriarcha:
1207 2645 1414 2693 tantum
1438 2652 1623 2693 curam
1647 2636 1935 2715 habuerint
1955 2652 2099 2709 sepe-

528 2730 829 2789 liendorum
851 2746 1155 2801 corporum.
1172 2746 1294 2789 cum
1319 2731 1521 2787 scirent
1547 2732 1817 2788 cadavera
1829 2741 1884 2786 et
1911 2731 1963 2786 in
1988 2748 2101 2787 sar-

524 2823 789 2895 .cophagis
824 2823 1033 2895 sepulta
1064 2832 1131 2880 et-
1157 2823 1257 2878 sub
1279 2824 1419 2880 nudo
1443 2823 1582 2881 etelo
1608 2824 1891 2896 aequaliter
1940 2840 2101 2896 posse

532 2926 866 2987 putrescere.
890 2914 1023 2971 Nam
1070 2926 1127 2972 et
1152 2926 1307 2987 poeta
1333 2918 1462 2972 dicit
1492 2934 1506 2970 :

805 2987 935 3038 Caelo
954 2990 1156 3052 tegitur,
1174 2989 1258 3053 qui
1275 3000 1369 3038 non
1383 2987 1532 3038 habet
1557 3001 1742 3039 urnam.

532 3065 639 3124 Sed
664 3069 767 3124 hoc
794 3067 1089 3135 faciebant,
1110 3083 1214 3125 non
1232 3083 1340 3139 quo
1362 3084 1545 3125 curam
1567 3068 1839 3125 habebant
1862 3068 2100 3141 ipsorum

529 3160 873 3227 cadaverum,
932 3158 1071 3232 qute'
1094 3160 1474 3231 .quoquomodo
1518 3160 1570 3215 in
1615 3169 1817 3219 terram
1862 3162 2097 3217 reditura

2200 1977 2542 2069 commutatis
2569 1998 2585 2040 :
2615 1976 2739 2055 quia
2767 1985 2911 2041 illum
2938 1984 3154 2057 videbat
3177 1987 3667 2058 multiplicandum,
3713 1995 3775 2043 et

2184 2070 2481 2130 ‘Icroboam
2514 2089 2693 2146 regem
2720 2090 2785 2132 ex
2819 2077 2959 2133 tribu
2988 2075 3245 2149 Ephrailn
3269 2077 3525 2134 futurum.
3548 2077 3776 2149 Mystice

2198 2178 2295 2236 per
2327 2162 2424 2220 hos
2452 2165 2587 2221 duos
2612 2165 2753 2221 ﬁlios
2777 2162 2972 2237 Ioseph
2998 2166 3101 2222 duo
3125 2168 3303 2239 populi
3335 2168 3631 2239 signantur.
3664 2166 3775 2222 I‘er

2200 2252 2504 2321 Manassen,
2537 2257 2628 2327 qui
2652 2246 2844 2312 Iobli'rio
2877 2257 3277 2335 interpretatur,
3304 2256 3775 2330 acclpiturIudai-

2198 2362 2293 2402 cus
2318 2349 2563 2418 populus,
2608 2348 2698 2418 qui
2745 2340 2938 2406 Oblitus
2967 2354 3049 2406 est
3094 2348 3313 2405 Domini
3357 2350 3614 2406 creatoris
3659 2349 3771 2405 sui.

2197 2426 2301 2492 Per
2328 2432 2607 2507 Ephraim,
2637 2440 2727 2510 qui
2757 2439 2983 2510 frugifer
3010 2440 3096 2496 vel
3115 2430 3419 2511 fecunditas
3448 2441 3776 2511 interpreta-

2190 2520 2309 2593 tur,
2337 2526 2546 2598 gentilis
2570 2522 2799 2598 populus
2826 2528 3102 2599 ﬁguratur,
3130 2529 3220 2600 qui
3241 2530 3510 2585 credendo
3539 2528 3592 2584 in
3616 2529 3776 2585 Chri-

2197 2626 2339 2671 stum
2388 2616 2510 2673 fidei
2559 2625 2615 2674 et
2670 2610 2933 2674 bonorum
2977 2633 3199 2688 operum
3248 2616 3482 2674 fructum
3531 2618 3776 2675 Domino

2198 2706 2412 2781 obtulit,
2457 2717 2511 2763 et
2558 2707 2819 2778 spirituali
2868 2706 3194 2764 fecunditate
3241 2708 3619 2780 multiplicatus
3661 2719 3773 2764 est.

2197 2798 2299 2853 Hic
2324 2799 2447 2854 licet
2470 2799 2738 2870 posterior
2763 2799 2853 2854 Dei
2884 2799 3243 2869 cognitionem
3273 2799 3605 2869 perceperit,
3635 2813 3778 2853 con-

2198 2890 2417 2945 stitutus
2444 2898 2526 2945 est
2555 2882 2736 2945 tamen
2779 2898 2904 2944 ante
2933 2888 3213 2944 Manassen
3242 2906 3259 2942 :
3288 2889 3414 2959 quia
3456 2904 3615 2959 quam
3648 2903 3777 2959 gra-

2201 2978 2329 3032 tiam
2352 2989 2378 3019 α
2409 2969 2711 3033 habuerunt
2737 2977 2902 3034 Iudaei
2925 2987 2979 3035 et
3004 2987 3336 3035 sacramenta
3367 2977 3776 3048 Scripturarum

2177 3079 2359 3149 atque
2382 3083 2595 3125 onmem
2624 3068 2936 3140 dignitatem
2964 3067 3157 3125 divina:
3181 3067 3337 3141 legis,
3358 3064 3556 3124 Iudaeis
3584 3082 3777 3138 repro-

2197 3159 2361 3225 batis,
2396 3161 2621 3232 accepit.
3237 3167 3240 3171 ’
3392 3158 3395 3161 ’

527 3257 707 3316 erant,
728 3249 821 3305 sed
845 3257 902 3304 ut
926 3250 1243 3321 memoriam,
1260 3250 1343 3306 sui
1363 3249 1483 3305 aliis
1504 3250 1890 3322 relinquerent,
1912 3252 2095 3322 sicque
2121 3253 2165 3315 C
2269 3250 2420 3306 Vers.
2469 3250 2559 3304 2i.
2606 3240 2935 3322 Reducetque
2981 3266 3069 3306 vos
3119 3250 3188 3306 ad
3233 3258 3425 3305 terram
3458 3258 3664 3320 patrum
3692 3266 3783 3319 se:

529 3357 623 3398 eos
651 3344 718 3398 ad
747 3358 807 3399 se
835 3342 1155 3411 imitandum
1182 3352 1558 3415 provocarent.
1602 3343 1738 3398 Nam
1766 3355 1821 3399 et
1842 3345 2099 3403 Dominus

528 3431 595 3486 ad
617 3431 718 3488 Iob
747 3432 1020 3503 loquitur:
1049 3431 1367 3489 Restituetur
1389 3434 1524 3488 sicut
1554 3433 1721 3488 futuat
1746 3435 2095 3505 signaculum,

524 3531 574 3577 et
590 3522 746 3578 stabit
779 3525 913 3579 sicut
933 3524 1288 3579 vestimentum
1309 3524 1559 3594 plicatam
1589 3524 1709 3596 (Iob
1734 3540 1960 3590 xxxvm,
1986 3526 2094 3597 14).

480 3608 485 3613 ’
528 3613 891 3685 Signaculum,
919 3615 971 3673 id
1002 3624 1087 3673 est
1108 3616 1266 3671 homo
1287 3615 1355 3669 ad
1376 3615 1665 3693 imaginem
1694 3613 2009 3697 Deifactus,
2043 3625 2099 3669 ut

498 3704 696 3787 .lutuin
717 3721 814 3775 per
839 3714 1064 3763 mortem
1098 3706 1408 3771 restituitur,
1439 3721 1545 3768 non
1579 3714 1756 3760 tamen
1782 3712 1984 3760 temere
2005 3714 2099 3760 aut

527 3797 861 3868 negligenter
878 3794 1178 3868 projicitur,
1203 3796 1301 3853 sed
1319 3797 1454 3851 sicut
1476 3796 1835 3851 vestimentum
1846 3794 2097 3865 plicatam

526 3896 646 3945 tuto
669 3887 785 3958 loco
812 3887 1109 3959 reponitur,
1149 3895 1209 3942 ut
1260 3901 1474 3943 rursum
1524 3901 1624 3957 per
1650 3883 2098 3942 resurrectionem

525 3979 858 4036 reinduatur.

600 4068 752 4129 Veis.
767 4070 856 4126 '51.
873 4070 1121 4126 Adoravit
1138 4070 1308 4126 Israel
1328 4071 1515 4139 Deum,
1536 4086 1812 4126 conversus
1835 4071 1906 4125 ad
1923 4069 2100 4145 lectuli

527 4169 706 4232 caput.
746 4162 1113 4232 Augustinus:
1153 4160 1306 4229 Quod
1332 4161 1530 4216 habent
1558 4146 1781 4230 quidam,
1801 4159 1977 4215 Latini
2007 4176 2098 4216 co-

473 4249 479 4315 ἒ
530 4249 720 4306 dices:
755 4249 822 4303 Et
851 4251 1090 4305 adoravit
1105 4267 1274 4321 super
1297 4260 1449 4321 caput
1478 4251 1638 4321 virga:
1663 4250 1793 4321 ejus,
1822 4250 1904 4305 vel
1934 4252 1989 4304 in
2016 4266 2100 4304 ca-

464 4320 475 4421 l
524 4339 649 4410 pile,
680 4337 817 4394 fallit
843 4354 937 4395 eos
957 4320 1205 4395 Caecum
1228 4320 1470 4406 verbum,
1500 4320 1640 4411 quod
1670 4320 1874 4394 eisdem
1901 4338 2097 4396 litteris

456 4428 467 4491 ί
526 4434 787 4505 scriptum
822 4444 924 4501 est,
950 4437 1064 4491 sive
1084 4452 1217 4502 sua,
1242 4437 1356 4493 sive
1379 4436 1513 4507 ejus,
1545 4437 1637 4491 sed
1666 4445 1887 4491 accentu
1919 4436 2100 4505 dispa-

531 4537 619 4578 res
654 4532 800 4589 sunt,
849 4533 904 4579 et
944 4525 1012 4581 ab
1040 4526 1121 4582 eis
1146 4526 1236 4597 qui
1265 4527 1365 4582 ista
1396 4536 1681 4594 noverunt,
1726 4526 1780 4582 in
1824 4526 2099 4582 codicibus

2198 3350 2446 3394 sti-orum.
2496 3340 2686 3413 Magno
2725 3342 2991 3398 desiderio
3017 3342 3325 3413 patriarcha
3353 3340 3521 3397 Iacob
3550 3340 3775 3397 teneba-

2198 3439 2308 3498 tur,
2336 3432 2554 3502 cupiens
2576 3432 2630 3486 in
2660 3444 2721 3488 ea
2749 3440 2892 3492 terra
2922 3431 3156 3503 Sepeliri,
3186 3433 3274 3488 ubi
3303 3446 3584 3503 passurum
3611 3432 3775 3489 Chri-

2198 3530 2338 3577 stum
2366 3530 2590 3595 noverat
2618 3530 2671 3576 et
2698 3521 3063 3576 redimendum
3093 3536 3260 3592 genus
3298 3523 3612 3587 humanum.
3660 3520 3771 3577 De-

2172 3612 2392 3682 ‘nique,
2441 3623 2500 3668 ut
2525 3611 2704 3667 ferunt
2730 3613 2885 3682 periti
2916 3621 3225 3668 sanctorum
3271 3611 3543 3678 locorum,
3598 3613 3666 3666 ab
3696 3627 3766 3668 eo

2196 3699 2317 3757 loco
2346 3702 2434 3770 qui
2471 3702 2775 3756 Abramiitm
2806 3701 3026 3769 dicitur,
3075 3701 3165 3758 ubi
3199 3700 3472 3758 Abraham
3520 3702 3574 3757 et
3617 3701 3774 3758 Isaac

2174 3791 2388 3863 sepulti
2430 3800 2587 3855 sunt,
2640 3794 2809 3860 usque
2838 3792 2905 3846 ad
2948 3791 3124 3847 locum
3157 3791 3446 3869 Dominicse
3468 3791 3771 3862 passionis,

2198 3879 2416 3952 triginta
2454 3879 2569 3936 fere
2614 3880 2781 3936 millia
2810 3893 3063 3951 passuum
3089 3880 3373 3948 habentur,
3406 3889 3465 3936 ut
3490 3880 3605 3951 ipso
3629 3895 3772 3951 quo-

2197 3986 2302 4041 que
2327 3984 2550 4027 numero
2579 3971 2669 4041 qui
2716 3971 2770 4027 in
2800 3969 2844 4026 T
2872 3972 3051 4027 littera
3080 3971 3422 4041 continetur,
3453 3971 3772 4046 mysterium

2199 4061 2490 4118 Dominicte
2522 4063 2790 4132 passionis
2814 4064 3145 4118 ostendatur.

2267 4153 2422 4209 Vers.
2454 4152 2547 4208 9.2.
2579 4152 2748 4207 Extra
2781 4153 2967 4223 fratres
2993 4165 3128 4211 tuos.
3158 4153 3215 4210 Id
3240 4163 3345 4221 est,
3372 4164 3524 4211 extra
3554 4163 3769 4211 sortem

2197 4258 2357 4314 quam
2386 4259 2509 4299 cum
2532 4244 2742 4300 caeteris
2785 4242 3043 4300 fratribus
3088 4244 3142 4299 in
3172 4244 3524 4301 divisionibus
3553 4259 3772 4316 posses-

2198 4337 2408 4393 sionum
2438 4347 2756 4408 accepturus
2785 4344 2886 4392 est.
2915 4337 3068 4405 Quod
3097 4347 3275 4394 autem
3305 4339 3457 4404 dicit,
3483 4354 3640 4410 quam
3665 4338 3770 4392 tuli

2198 4428 2263 4482 de
2291 4445 2450 4482 manu
2474 4427 2764 4482 Amorrltaei
2793 4428 2846 4482 in
2880 4422 3054 4505 gladio
3092 4438 3141 4484 et
3184 4445 3310 4484 arcu
3354 4446 3501 4495 meo,
3532 4429 3768 4500 gladium

2200 4526 2255 4574 et
2278 4534 2460 4574 arcum
2493 4517 2724 4588 appellat
2764 4517 3027 4587 justitiam
3078 4535 3230 4576 suam
3250 4560 3266 4586 ,
3310 4516 3407 4591 per
3429 4535 3614 4590 quam,
3640 4534 3770 4588 per-

527 4628 635 4668 non
664 4623 1081 4672 contemnuntur
1104 4635 1119 4672 :
1145 4595 1483 4673 valenteuim
1515 4619 1581 4672 ad
1612 4632 1858 4689 magnam
1890 4615 2096 4672 discre-
2122 4595 2175 4656 Β
2200 4608 2320 4665 acta
2363 4613 2506 4666 caede
2540 4609 2959 4675 Sichimilarum,
3005 4627 3034 4665 a
3071 4611 3322 4684 gentibus
3369 4610 3772 4680 circumpositis

531 4703 752 4760 tionem.
782 4705 861 4760 Ac
885 4720 981 4776 per
1002 4708 1104 4765 hoc
1131 4709 1390 4778 quaeritur
1435 4708 1564 4781 quid
1591 4708 1664 4763 sit
1695 4708 1840 4779 quod
1891 4708 2094 4763 diuum

527 4804 632 4852 est.
680 4794 814 4852 Nam
858 4796 1017 4854 facile
1044 4799 1432 4871 intelligeretur
1480 4816 1664 4856 senem
1690 4800 1919 4856 adorare
1946 4797 2101 4855 fasti-

528 4886 676 4957 gium
722 4887 885 4958 virga:
935 4903 1064 4956 suae,
1108 4905 1268 4960 quam
1295 4891 1374 4946 sic
1401 4889 1629 4958 ferebat,
1683 4901 1743 4945 ut
1791 4904 1952 4960 super
1977 4904 2097 4944 eam

528 4985 690 5047 caput
712 4977 1020 5035 iuclinando
1042 4979 1294 5037 adoraret
1311 4979 1499 5035 Deum.
1528 4978 1633 5036 Sed
1650 4980 1790 5049 quod
1808 4978 1940 5034 dicit
1959 4980 2096 5049 ejus,

529 5067 688 5123 aliter
729 5082 849 5123 sese
898 5068 1097 5136 refert;
1123 5070 1269 5140 iquia
1298 5078 1421 5140 post
1444 5068 1809 5139 juramentum
1854 5069 1945 5123 lilii
1991 5069 2094 5135 sui,

489 5199 497 5213 .
531 5161 633 5231 ipsi
663 5159 770 5216 ﬁlio
817 5161 967 5234 virga
996 5171 1206 5232 sumpta
1250 5162 1446 5217 iterum
1477 5160 1681 5215 inuisus
1702 5160 1876 5217 eidem
1907 5160 2103 5215 adora-

486 5306 493 5312 _
529 5253 609 5306 vit
635 5264 892 5308 cacumen
930 5251 1047 5323 ejus
1082 5252 1167 5308 vel
1197 5252 1358 5306 illius.
1383 5254 1615 5309 Sanctus
1663 5251 1744 5307 vir
1778 5260 1834 5306 et
1868 5251 1979 5306 Deo
2007 5251 2101 5307 de-

532 5342 678 5399 ditus
716 5353 995 5400 senectute
1023 5353 1274 5413 gravatus
1298 5345 1371 5399 ita
1409 5345 1605 5400 lectum
1632 5343 1686 5397 in
1735 5358 1842 5413 quo
1884 5341 2101 5412 iacebat

528 5436 882 5505 compositum
910 5437 1167 5501 habebat,
1218 5446 1283 5491 ut
1300 5436 1476 5505 capite
1519 5437 1583 5492 ad
1626 5436 1889 5493 orientem
1941 5453 2099 5493 verso

493 5588 498 5592 ι
529 5539 655 5580 mox
681 5527 728 5582 si
749 5526 932 5593 vellet,
961 5527 1165 5597 absque
1186 5524 1494 5584 difficultate
1521 5527 1588 5584 ad
1609 5528 1868 5585 orandum
1895 5544 1954 5586 se
1980 5544 2102 5586 ver-

490 5664 495 5665 ,
531 5624 647 5670 tere
674 5623 877 5686 posset.

603 5805 630 5835 ι
663 5792 900 5866 Uterque
922 5796 1110 5865 codex,
1135 5798 1261 5867 quia
1285 5798 1545 5869 quondam
1571 5809 1707 5874 gra't.

2205 4701 2315 4757 Deo
2343 4717 2401 4757 se
2425 4713 2739 4773 protegente
2765 4704 2899 4774 eripi
2929 4705 3121 4776 potuit.
3157 4705 3273 4759 Alia
3304 4693 3584 4760 translatio
3612 4703 3772 4771 dicit,

2199 4809 2357 4865 quam
2386 4791 2483 4848 tuli
2524 4794 2579 4848 in
2605 4794 2910 4862 fortitudine
2948 4814 3080 4851 mea.
3118 4796 3775 4867 Fortitudinem’appellat

2199 4882 2480 4952 pecuniam
2510 4883 2593 4938 vel
2616 4883 2832 4939 divitias
2859 4901 2992 4955 quas
3014 4887 3350 4957 possidebat,
3380 4900 3525 4958 quas
3544 4900 3640 4942 suo
3671 4900 3772 4940 su-

2203 4970 2334 5026 dore
2360 4970 2444 5026 vel
2465 4971 2646 5029 labore
2673 4975 3013 5044 acquisierat.
3520 4974 3521 4977 “

2765 5082 2991 5140 CAPUT
3032 5084 3215 5141 XLIX.

2275 5170 2430 5228 Vers.
2468 5173 2519 5227 1.
2564 5172 2759 5228 Diebus
2798 5176 3107 5233 novissimis.
3146 5177 3258 5233 [Ioc
3286 5178 3517 5250 dicendo
3535 5178 3776 5234 ostendit

2166 5275 2263 5324 ,δε
2309 5263 2621 5333 prophetiae
2650 5263 2982 5337 locuturum.
3030 5265 3186 5331 Licet
3233 5268 3377 5324 enim
3424 5269 3540 5324 haec
3567 5270 3771 5334 verba,

2204 5353 2399 5424 quibus
2429 5352 2550 5408 filiis
2597 5354 2897 5418 benedixit,
2947 5356 3015 5410 ad
3046 5357 3361 5414 divisionem
3414 5358 3775 5429 possessionis

2203 5458 2364 5514 quam
2393 5437 2712 5514 acceperunt
2740 5445 2792 5500 in
2823 5456 2963 5501 terra
2990 5445 3273 5513 Chanaan,
3297 5449 3615 5519 pertineant,
3643 5463 3775 5518 spe-

2199 5533 2407 5589 cialiter
2452 5543 2630 5589 tamen
2672 5536 2738 5590 ad
2783 5535 3077 5604 Christum,
3126 5540 3216 5609 qui
3250 5540 3543 5597 novissimo
3586 5539 3775 5596 seculi

2203 5630 2438 5695 tempore
2465 5624 2777 5681 incarnatus
2804 5634 2905 5691 est,
2937 5630 3214 5685 referenda
3242 5639 3385 5687 sunt.
