3986 5680
186 455 289 512 ωδ

1306 441 1850 503 (ῘΟΝΙὩΕΝΤΑΜΗΒ
1890 441 1951 495 IN
1992 442 2309 498 GENICSIM.

3316 446 3421 500 ηδ

258 567 405 619 Vers.
435 566 489 631 5,
520 566 571 619 4.
607 566 783 619 Ruben
810 568 1179 635 primogenitus
1225 580 1383 621 meus,
1418 572 1472 613 tu
1502 558 1748 628 fortitudo
1780 554 1834 614 Α
1860 555 2048 609 scriba:
2077 566 2129 610 et
2157 559 2465 612 sacerdotes
2506 557 2808 612 Jndmornm
2839 556 2959 609 dolo
2988 565 3042 609 et
3083 555 3284 610 malitia
3310 553 3424 625 ple-

186 672 291 707 mra
320 665 367 707 et
391 656 704 724 principium
728 657 921 709 doloris
950 658 1068 708 mei.
1096 655 1244 720 Quod
1269 654 1415 715 dicit,
1443 648 1752 719 principium

184 744 377 797 doloris
405 746 522 807 mei,
548 743 700 811 juxta
735 746 967 800 litteram
999 748 1099 801 hoc
1126 746 1391 813 designat,
1422 742 1543 810 quia
1580 739 1755 793 onntis

186 836 571 904 pritnogeuitns
613 838 930 906 principium
973 847 1057 892 est
1100 838 1331 900 doloris,
1382 837 1506 887 dum
1554 849 1650 903 pro
1690 848 1755 885 eo

170 934 400 993 paterna
447 927 677 995 primum
727 936 782 981 et
824 936 1065 982 materna
1104 928 1310 981 viscera
1351 932 1748 979 concututntnr.

171 1012 272 1065 'Est
309 1022 489 1067 autem
536 1030 725 1069 sensus
753 1017 942 1069 horum
974 1019 1261 1071 verborum
1290 1033 1303 1068 :
1338 1017 1381 1071 Ο
1412 1014 1633 1073 Ruben,
1662 1012 1753 1082 qui

183 1104 573 1172 primogenitus
602 1120 751 1160 meus
784 1105 953 1170 fuisti,
1000 1109 1085 1163 cui
1115 1108 1291 1159 omnia
1318 1104 1672 1177 primogenita
1701 1113 1757 1157 et

181 1194 409 1263 dignitas
435 1197 783 1253 sacerdotalis
824 1213 887 1252 ac
930 1198 1076 1270 regia
1105 1199 1453 1261 debebantur,
1495 1198 1585 1266 qui
1612 1198 1755 1265 prior

178 1285 316 1339 fuisti
348 1286 403 1338 in
434 1286 585 1341 donis
613 1295 667 1341 et
694 1290 867 1358 major
893 1289 946 1342 in
973 1291 1215 1359 imperio,
1268 1298 1447 1343 tamen
1476 1288 1753 1358 perdidisti

180 1377 286 1431 luce
330 1380 534 1442 omnia,
570 1380 695 1448 quia
745 1380 945 1449 effusus
973 1398 1027 1435 es
1069 1382 1202 1435 sicut
1231 1399 1366 1452 aqua
1398 1381 1597 1447 impetu
1628 1378 1752 1433 mali

180 1468 446 1522 desiderii.
477 1467 616 1539 Ergo
645 1487 746 1523 non
771 1488 989 1535 crescas,
1023 1473 1135 1527 sive
1168 1488 1273 1527 non
1306 1471 1677 1542 multipliceris
1698 1479 1753 1524 et

179 1560 439 1628 augearis.
476 1558 592 1625 Quo
635 1574 794 1614 sensu
832 1570 886 1617 et
913 1561 1123 1634 Moyses
1163 1562 1483 1617 benedicens
1526 1578 1648 1617 eum
1674 1560 1755 1615 div

179 1649 283 1704 cit:
321 1648 472 1703 Vivat
500 1640 682 1704 Ruben
707 1660 754 1703 et
784 1666 885 1705 non
916 1653 1172 1705 moriatur
1198 1661 1244 1707 et
1270 1653 1335 1705 sit
1365 1669 1553 1721 parvus
1574 1652 1627 1704 in
1651 1668 1749 1703 nu-

178 1754 331 1801 mero,
362 1749 409 1792 et
440 1756 547 1793 non
573 1756 798 1806 crescas,
829 1742 912 1796 vel
944 1750 1001 1796 ut
1029 1742 1195 1797 iteres
1224 1742 1397 1796 scelus
1430 1751 1597 1794 tuum.
1629 1740 1753 1794 llaec

181 1830 329 1901 juxta
366 1830 620 1884 litteram.
656 1831 976 1901 Allegoriee,
1023 1832 1210 1887 Ruben
1250 1831 1499 1901 populum
1538 1830 1751 1885 Juzlazo-

170 1936 288 1974 rum
319 1922 629 1991 signiﬁcat,
675 1923 739 1979 de
768 1939 873 1991 quo
900 1925 1101 1979 dictum
1143 1933 1225 1979 est
1255 1942 1267 1977 :
1301 1922 1471 1977 Filius
1499 1924 1752 1992 primoge-

179 2012 309 2065 nitus
342 2028 490 2067 meus
530 2011 718 2067 Israel.
763 2014 861 2070 llic
887 2015 1140 2083 fortitudo
1170 2014 1389 2080 dicitur,
1437 2014 1561 2083 quia
1607 2012 1754 2067 Scri-

175 2110 452 2171 pturarum
508 2105 762 2174 mysteria
811 2106 1090 2161 intellexit.
1159 2104 1485 2175 Principium
1539 2120 1753 2175 quoque

174 2190 365 2245 doloris
397 2193 487 2247 Dei
534 2192 663 2259 fuit,
713 2195 837 2264 quia
880 2204 1162 2265 postquam
1192 2211 1249 2250 se
1281 2196 1389 2251 Deo
1422 2196 1753 2251 serviturum

176 2285 442 2351 promisit,
469 2285 781 2356 frequenter
808 2303 930 2341 eum
967 2287 1032 2341 ad
1080 2288 1409 2343 iracundiam
1441 2286 1753 2357 provocavit

176 2376 562 2429 murinurando
634 2386 687 2432 et
753 2376 869 2445 ejus
913 2378 1172 2432 beneﬁcia
1223 2378 1563 2432 fastidiendo.
1630 2378 1755 2433 Fuit

176 2463 328 2515 etiam
357 2465 512 2532 prior
534 2464 590 2517 in
625 2466 798 2529 donis,
828 2468 951 2536 quia
984 2466 1056 2520 illi
1087 2468 1279 2521 tradita
1310 2476 1434 2521 sunt
1468 2468 1639 2522 ﬁdelia
1668 2484 1753 2522 sa-

177 2563 479 2619 cramenta;
528 2563 577 2608 et
607 2556 781 2625 major
807 2556 864 2609 in
893 2556 1109 2626 imperio
1133 2597 1149 2622 ,
1203 2544 1327 2626 quia
1359 2558 1592 2626 quandin
1642 2558 1752 2613 Deo

176 2643 412 2707 servivit,
439 2643 625 2699 multis
652 2646 899 2716 gentibus
931 2646 1160 2702 ﬁdeliter
1188 2648 1492 2717 imperavit.
1544 2647 1649 2703 Sed
1673 2649 1751 2719 ef-

175 2734 313 2802 fusus
342 2747 422 2790 est
447 2738 581 2791 sicut
612 2754 746 2808 aqua
766 2779 781 2802 ,
823 2738 875 2792 id
910 2748 1021 2804 est,
1069 2739 1251 2794 omnia
1280 2741 1391 2794 tunc
1416 2739 1753 2795 velocissime

174 2825 365 2890 amisit,
410 2825 549 2880 sicut
578 2841 717 2888 aqua
759 2826 1019 2881 velociter
1060 2827 1352 2883 eﬁ'umlitur
1377 2844 1498 2883 cum
1545 2829 1596 2882 in
1624 2843 1753 2883 vase

175 2916 435 2970 contineri
464 2931 567 2970 non
598 2925 796 2986 potest.
832 2917 899 2971 Et
924 2932 1089 2985 quare
1116 2917 1252 2972 hoc?
1285 2917 1421 2982 Quia
1448 2918 1749 2983 oscendisti,

176 3005 365 3076 inquit,
410 3008 577 3062 cubile
600 3010 765 3078 patris
791 3010 888 3062 tui.
940 3008 1126 3064 Cubile
1170 3009 1262 3063 Dei
1294 3008 1472 3064 Patris
1503 3009 1749 3065 Christus

173 3108 248 3151 est
274 3099 575 3153 secundum
609 3100 1029 3165 humanitatem,
1083 3101 1135 3154 in
1177 3115 1283 3170 quo
1320 3102 1606 3170 requiescit
1640 3102 1752 3170 ple-

176 3191 349 3246 nitudo
380 3192 706 3248 divinitatis.
740 3194 853 3249 lloc
881 3193 1058 3249 cubile
1086 3194 1237 3265 plebs
1285 3194 1520 3250 nefanda
1564 3210 1752 3250 ascen-

175 3282 276 3348 dit,
320 3284 540 3354 quando
574 3294 760 3340 eontra
790 3286 1065 3341 Christum
1087 3254 1396 3341 .insurrexit
1441 3296 1496 3342 et
1524 3288 1597 3341 ita
1629 3303 1752 3342 eum
1780 3254 1826 3318 Ο

176 3372 233 3425 ad
269 3384 495 3445 mortem
541 3376 821 3445 expetivit.
863 3376 1103 3432 Stratum
1138 3391 1351 3447 quoque
1396 3378 1487 3432 Dei
1522 3376 1754 3431 macula-

175 3463 237 3514 rit
257 3504 270 3527 ,
318 3466 536 3533 quando
566 3464 837 3520 Christum
868 3474 1206 3536 peccatorem
1226 3507 1241 3533 ,
1277 3464 1675 3521 Samaritanum
1701 3475 1756 3521 et

172 3553 487 3608 daemonium
540 3555 741 3610 habere
783 3554 1012 3609 dicebat.
1062 3553 1215 3610 Unde
1274 3555 1472 3610 meruit
1519 3556 1751 3611 audire:

177 3642 288 3696 Non
338 3662 584 3711 crescas,
630 3646 724 3701 sed
770 3647 947 3717 potius
1002 3646 1291 3709 minuaris,
1341 3655 1399 3702 et
1428 3662 1524 3717 per
1568 3662 1755 3703 omnes

173 3744 347 3803 gentes
376 3738 663 3791 minuaris.
1216 3728 1219 3729 ⁷

240 3825 387 3881 Vers.
421 3828 476 3883 5.
510 3827 722 3883 Simeon
754 3838 801 3882 et
828 3827 969 3897 Levi,
1000 3846 1125 3884 vasa
1155 3830 1447 3901 iniquitatis
1477 3829 1750 3884 bellantia.

174 3914 231 3969 lli
262 3918 363 3972 duo
394 3918 597 3973 fratres
626 3919 774 3974 Dina:
799 3918 1037 3984 fuerunt,
1071 3920 1161 3990 qui
1189 3921 1257 3976 ob
1282 3930 1527 3991 stuprum
1553 3921 1755 3975 sororis

174 4010 435 4064 szeviendo
484 4008 803 4064 foederatam
850 4010 1127 4066 civitatem
1172 4011 1552 4066 subverterent
1600 4013 1755 4067 exesis

174 4098 582 4157 habitatoribus.
637 4100 745 4157 Hos
771 4112 924 4156 vocat
967 4118 1091 4156 vaso
1125 4103 1415 4173 iniquitatis
1469 4102 1753 4168 bellantia,

172 4188 220 4242 id
245 4202 324 4245 est
349 4194 717 4249 instrumenta
754 4195 1075 4265 iniquitatis.
1116 4195 1185 4250 In
1214 4197 1430 4251 consilio
1453 4214 1630 4250 eorum
1652 4215 1756 4253 non

171 4281 324 4334 veniet
353 4283 536 4337 animo
572 4300 705 4338 mea.
740 4284 834 4340 His
864 4285 1044 4340 verbis
1099 4286 1332 4341 ostendit
1358 4302 1461 4340 non
1497 4302 1617 4341 esse
1644 4303 1755 4343 suae

169 4371 458 4427 voluntatis
489 4382 547 4427 ut
582 4373 781 4430 Ilemor
804 4385 861 4431 et
905 4376 1124 4431 Sichem
1155 4377 1468 4432 innocentes
1502 4394 1623 4433 cum
1650 4394 1755 4433 cae-

172 4461 298 4515 teris
324 4464 732 4519 occiderentur.
766 4464 882 4520 Non
907 4466 978 4521 sit
1007 4466 1208 4533 anima,
1240 4467 1292 4521 id
1320 4477 1403 4522 est
1430 4468 1678 4524 voluntas
1702 4479 1756 4525 et

172 4554 480 4608 consilium.

237 4642 393 4701 Vers.
420 4644 477 4710 6,
506 4645 560 4700 7.
594 4646 908 4703 Occiderunt
939 4649 1128 4702 virum.
1156 4648 1213 4703 Id
1251 4659 1334 4705 est
1364 4649 1562 4705 llemor
1586 4660 1641 4706 et
1669 4650 1753 4706 Si-

172 4736 343 4791 chem.
374 4736 726 4807 Suﬂ'oderunt
757 4756 986 4803 murum,
1035 4740 1263 4810 hospita:
1295 4741 1552 4795 civitatis.
1600 4740 1753 4807 Quod

172 4836 345 4883 autem
376 4828 541 4894 dicit,
590 4829 822 4882 dividam
850 4846 935 4883 eos
965 4831 1018 4883 in
1043 4829 1209 4883 Iacob
1229 4871 1243 4895 ,
1274 4841 1320 4883 et
1350 4830 1649 4899 disperdam
1693 4831 1749 4885 in

173 4916 359 4986 Israel,
409 4919 682 4991 signiﬁcat
725 4921 848 4990 quia
889 4921 1060 4975 tribus
1107 4920 1235 4975 Levi
1267 4936 1373 4975 non
1406 4921 1590 4974 habuit
1630 4937 1750 4990 pos-
1774 4902 1789 4923 ’

172 5014 468 5069 sessionem
499 5028 619 5067 cum
658 5013 778 5068 aliis
817 5014 1080 5078 tribubus,
1132 5014 1225 5068 sed
1253 5028 1451 5083 parvas
1481 5016 1642 5069 urbes
1670 5015 1748 5068 in-

173 5111 249 5159 ter
274 5106 412 5160 alias
440 5105 614 5160 tribus
643 5104 706 5159 ad
751 5105 1103 5159 habitandum
1132 5106 1359 5176 accepit.
1398 5105 1473 5159 De
1500 5103 1752 5160 Simeone

174 5209 383 5264 quoque
434 5194 632 5264 legitur
682 5196 825 5264 quod
871 5196 1074 5249 nullum
1119 5195 1481 5265 possessionis
1523 5196 1753 5263 propria:

175 5284 475 5341 funiculum
507 5286 766 5354 habuerit,
799 5288 891 5343 sed
922 5288 986 5341 de
1012 5288 1354 5363 possessione
1376 5287 1525 5341 Iudae
1552 5288 1751 5357 aliquid

174 5378 464 5445 acceperit.
500 5375 714 5446 Mystice
746 5378 959 5434 Simeon
987 5388 1034 5433 et
1079 5378 1198 5433 Leri
1232 5380 1505 5450 principes
1545 5377 1756 5433 Judzeo-
1791 5438 1800 5445 _

175 5481 289 5520 rum
324 5466 632 5535 designant,
667 5470 753 5539 qui
783 5479 969 5524 contra
999 5467 1271 5523 Christum
1305 5469 1578 5523 bellabant
1607 5469 1741 5523 faci-

176 5556 272 5609 bus
317 5556 543 5610 invidize
570 5560 828 5615 succensi.
868 5559 1020 5614 Unde
1060 5560 1251 5614 merito
1294 5576 1416 5613 rasa
1464 5560 1752 5629 iniquitatis
1799 5606 1807 5613 .

177 5647 525 5680 annl'nnlllr
591 5650 706 5680 ηιιῖ..
740 5652 877 5680 ιιῖΛιιΙ
914 5666 1035 5680 ινηρο
1070 5649 1273 5680 Ιῖηηηιιη
1318 5649 1603 5680 ἷιηηΙΛιιὶηιι
1674 5650 1750 5680 r-:n

1782 4601 1833 4661 D

1860 648 1912 699 ni
1940 657 2112 701 erant.
2158 648 2465 701 PaL-videns
2509 664 2637 719 ergo
2676 649 2976 717 patriarcha
3025 648 3232 704 illorum
3275 648 3427 703 mali-

1860 738 2019 802 tiam,
2065 748 2185 792 orat
2214 748 2269 792 ιιι
2294 741 2345 791 in
2376 738 2592 794 consilio
2619 756 2829 802 eorum,
2878 740 3019 807 quod
3046 750 3231 795 contra
3269 740 3424 795 Chri-

1857 840 1997 883 stum
2029 830 2285 893 fccerunt,
2311 849 2410 885 non
2438 832 2606 887 veniat
2635 831 2811 884 animo
2836 847 2971 894 mea,
3000 830 3051 884 id
3075 839 3157 885 est
3182 830 3425 887 voluntas

1856 918 1988 987 ejus.
2027 919 2340 973 Occiderunt
2369 921 2557 985 virum,
2608 921 2659 974 id
2693 930 2776 977 est
2802 919 3117 986 Christum;
3173 919 3419 991 Sulj'ode-

1838 1020 1975 1063 'runt
2003 1027 2230 1075 murum,
2265 1012 2314 1064 id
2343 1019 2447 1075 est,
2493 1027 2693 1081 corpus
2738 1012 2856 1081 ejus
2899 1012 3066 1067 clavis
3090 1013 3427 1069 conﬁxerunt

1858 1111 1913 1157 et
1943 1101 2124 1157 lancea
2155 1112 2504 1171 aperuerunt.
2531 1102 2741 1158 Murum
2766 1104 2917 1160 enim
2959 1104 3311 1159 fortissimum
3336 1119 3426 1174 ap-

1855 1192 2018 1262 pellat
2059 1207 2255 1262 corpus
2299 1190 2517 1257 Christi,
2554 1195 2697 1264 quod
2742 1195 2796 1247 in
2826 1186 2979 1249 utero
3006 1195 3245 1265 Virginis
3286 1209 3424 1264 qua-

1857 1286 2101 1355 draginta
2131 1294 2186 1340 et
2230 1300 2324 1341 sex
2374 1286 2562 1347 diebus
2592 1288 2908 1343 azdilicatum
2938 1294 3055 1351 est,
3106 1287 3245 1342 sicut
3291 1295 3428 1341 tem-

1853 1377 1999 1449 plqu
2029 1378 2236 1432 Domini
2285 1379 2640 1449 quadraginta
2681 1387 2737 1435 et
2783 1392 2877 1435 sex
2922 1378 3080 1434 annis
3103 1378 3425 1434 :edilicatum

1856 1470 1940 1524 vel
1964 1479 2333 1525 constructum
2373 1480 2473 1525 est.
2505 1470 2743 1525 Dividam
2777 1487 2864 1525 eos
2892 1471 2947 1524 in
2985 1468 3187 1535 Iacob,
3234 1480 3283 1524 et
3308 1470 3425 1523 dis-

1856 1564 2068 1633 perdam
2117 1563 2171 1618 in
2198 1562 2389 1617 Israel.
2437 1561 2552 1618 Non
2596 1576 2704 1618 uno
2731 1577 2890 1617 sensu
2918 1561 3110 1616 divisio
3134 1570 3189 1617 et
3214 1561 3422 1631 disper-

1856 1657 1937 1712 sio
1966 1655 2268 1724 accipienda
2299 1662 2440 1708 sunt.
2498 1654 2691 1709 Divisio
2716 1654 2858 1709 enim
2882 1653 2935 1707 in
2959 1652 3130 1717 bono,
3171 1651 3425 1720 dispersio

1858 1756 2032 1801 autem
2061 1746 2324 1815 accipitur
2350 1746 2404 1799 in
2433 1745 2650 1799 malum.
2692 1746 2797 1799 Eos
2828 1744 2971 1799 enim
3002 1744 3092 1813 qni
3122 1759 3189 1799 ex
3217 1742 3307 1798 illo
3331 1758 3430 1813 po-

1856 1836 1982 1906 pulo
2007 1835 2369 1899 crediderunt,
2406 1835 2580 1889 divisit
2606 1836 2747 1891 Dens
2772 1834 2839 1889 ab
2867 1833 3195 1898 inﬁdelibus,
3224 1842 3279 1888 et
3307 1849 3431 1888 cor-

1856 1927 1971 1997 pori
2009 1927 2260 1981 Ecclesia:
2288 1926 2584 1997 conjunxit.
2616 1927 2740 1982 Illos
2767 1936 2942 1981 autem
2981 1926 3072 1994 qui
3110 1926 3165 1980 in
3198 1924 3430 1980 inﬁdeli-

1857 2024 1971 2072 tate
2000 2028 2429 2088 permanserunt,
2458 2017 2764 2085 disperdidit
2788 2031 2886 2086 per
2913 2016 3193 2070 universas
3218 2024 3428 2085 gentes.

1925 2108 2081 2162 Vers.
2113 2109 2167 2163 8.
2200 2107 2366 2173 Iuda,
2398 2118 2446 2162 te
2472 2107 2760 2162 laudabunt
2791 2106 2980 2175 fratres
3007 2104 3103 2169 tui,
3135 2113 3189 2158 et
3218 2103 3429 2171 reliqua

1857 2214 2049 2269 usque,
2095 2198 2390 2251 adorabunt
2421 2207 2467 2251 te
2494 2198 2594 2267 filii
2620 2198 2786 2266 patris
2816 2196 2913 2249 tui.
2963 2193 3072 2249 Sub
3101 2193 3316 2248 nomine
3342 2191 3431 2248 Iu-

1855 2290 1938 2345 dae
1965 2289 2076 2342 luce
2104 2288 2405 2343 benedictio
2430 2288 2497 2343 de
2524 2287 2692 2341 David
2724 2286 3010 2356 accipitur,
3038 2285 3129 2353 qui
3153 2284 3219 2338 de
3237 2284 3428 2338 eadem

1856 2381 1997 2435 tribu
2028 2379 2129 2433 fuit
2158 2394 2255 2432 rex
2293 2376 2720 2447 potentissimus.
2767 2374 2937 2442 Quem
2978 2374 3273 2428 laudabunt
3318 2371 3431 2426 fra-

1857 2474 1968 2527 tres
2016 2469 2133 2536 sui,
2179 2468 2398 2538 reliqua:
2436 2468 2688 2524 videlicet
2740 2466 2932 2522 tribus.
2984 2465 3177 2520 Manus
3222 2465 3337 2536 ejus
3374 2465 3430 2519 in

1808 2572 1813 2575 ’
1854 2564 2135 2619 cervicibus
2177 2561 2506 2616 inimicorum
2546 2558 2664 2627 eius
2696 2567 2847 2623 erat,
2886 2559 2987 2613 hoc
3015 2565 3131 2623 est,
3174 2557 3350 2610 virtus
3376 2563 3431 2608 et

1854 2655 2112 2712 fortitudo
2166 2654 2238 2708 ad
2282 2651 2668 2707 humiliandam
2730 2649 3028 2719 potentiam
3100 2648 3429 2717 reliquarum

1855 2746 2113 2816 gentium.
2144 2743 2287 2799 Pene
2311 2743 2453 2798 enim
2483 2756 2694 2795 omnem
2747 2739 2961 2811 Syriam
2999 2748 3053 2793 et
3080 2736 3426 2793 Palzestinatn

1854 2844 1910 2891 et
1943 2834 2352 2905 circumpositas
2379 2832 2627 2888 nationes
2650 2830 2884 2899 reliquas
2912 2829 3214 2883 humiliavit
3242 2837 3297 2884 et
3325 2828 3425 2882 tri-

1854 2926 2096 2983 butarias
2124 2923 2270 2980 fecit.
2324 2922 2480 2978 Unde
2528 2931 2577 2975 et
2619 2918 2913 2974 adorabunt
2957 2934 3073 2971 eum
3116 2916 3216 2985 ﬁlii
3264 2916 3429 2985 patris

1853 3017 1989 3088 ejus,
2021 3015 2104 3071 vel
2148 3014 2342 3069 fratres
2370 3012 2639 3076 videlicet,
2670 3008 2755 3064 vel
2799 3008 2975 3064 omnis
3002 3004 3306 3060 Iudaeorum
3336 3019 3431 3073 po-

1853 3109 2049 3179 pulus,
2094 3106 2340 3161 videntes
2388 3104 2669 3158 Dominum
2716 3116 2838 3156 esse
2884 3114 3007 3155 eum
3042 3098 3153 3153 illo.
3208 3096 3431 3167 Mystice

1854 3199 2025 3254 Iudas
2054 3196 2325 3253 Christum
2362 3194 2655 3266 signiﬁcat,
2691 3193 2782 3262 qui
2812 3200 2893 3246 est
2926 3205 3086 3245 verus
3130 3187 3427 3252 confessor,

1859 3288 1997 3343 sicut
2030 3288 2084 3341 in
2126 3284 2416 3355 Evangelio
2448 3285 2516 3338 ad
2558 3283 2775 3353 Patrem
2805 3280 2973 3335 dicit:
3003 3277 3268 3346 Conﬁteor
3299 3276 3428 3341 tibi,

1860 3378 2048 3441 Pater,
2104 3375 2317 3429 Domine
2345 3374 2458 3429 caeli
2486 3382 2533 3428 et
2565 3382 2720 3427 teme
2748 3369 2972 3440 (Hatth.
3002 3383 3081 3431 ιι,
3110 3366 3236 3438 25).
3276 3364 3428 3420 llunc

1857 3469 2077 3523 laudant
2112 3466 2306 3537 fratres
2332 3466 2434 3527 sui,
2467 3464 2642 3519 omnis
2667 3461 2920 3517 videlicet
2949 3458 3216 3526 justorum
3250 3455 3431 3509 multi-

1856 3560 2006 3625 tudo,
2033 3574 2139 3613 non
2166 3556 2434 3613 communi
2465 3554 2640 3620 laude,
2669 3551 2762 3608 sed
2791 3550 3010 3621 speciali
3037 3557 3091 3604 et
3121 3547 3324 3611 divina,
3354 3546 3427 3601 si-

1855 3642 1947 3708 eut
1994 3652 2161 3707 Deum
2208 3659 2262 3705 et
2306 3648 2591 3703 Dominum
2645 3660 2824 3715 suum.
2873 3640 3010 3712 Ejus
3047 3636 3234 3694 manus
3264 3646 3345 3694 est
3373 3638 3429 3690 in

1854 3740 2135 3796 cervicibus
2183 3738 2513 3793 inimicorum
2553 3749 2795 3790 suorum.
2850 3731 2922 3787 Ut
2966 3745 3063 3785 eos
3106 3728 3348 3783 humiliet
3376 3739 3430 3780 et

1854 3846 1965 3886 sua:
1993 3829 2114 3884 ﬁdei
2160 3828 2294 3883 colla
2342 3842 2529 3883 eorum
2562 3825 2773 3880 subdat.
2804 3822 2961 3877 llunc
2998 3820 3290 3875 adorabunt
3331 3818 3430 3887 ﬁlii

1840 3923 2016 3992 patris
2041 3921 2175 3991 ejus.
2214 3918 2269 3972 ιιι
2295 3926 2379 3973 est
2415 3916 2610 3982 sancti,
2643 3929 2778 3985 quos
2821 3913 2938 3984 ipse
2976 3910 3123 3967 dedit
3145 3924 3263 3966 esse
3292 3908 3431 3964 ﬁlios

1855 4012 1948 4065 Dei
1972 4020 2026 4065 et
2049 4010 2244 4064 fratres
2282 4008 2425 4078 ejus.

1925 4099 2079 4155 Vers.
2108 4100 2160 4155 9.
2193 4100 2274 4151 Ad
2298 4098 2549 4168 praedam,
2577 4095 2656 4165 ﬁli
2690 4094 2785 4161 mi,
2816 4092 3113 4148 ascendisti.
3151 4089 3277 4144 Haec
3310 4102 3429 4157 qua:

1856 4193 2052 4248 tradita
2080 4199 2205 4246 sunt
2234 4198 2341 4244 tam
2383 4189 2448 4244 de
2476 4188 2643 4242 David
2678 4187 2744 4239 ad
2772 4185 3033 4247 litteram,
3072 4195 3231 4251 quam
3275 4187 3328 4233 et
3364 4176 3431 4231 de

1853 4282 2068 4338 Christo
2121 4280 2436 4351 spiritaliter
2482 4277 2770 4348 pertinent,
2813 4288 2972 4344 quem
3021 4286 3117 4340 per
3178 4275 3428 4336 apostro-

1853 4373 1993 4442 phen
2016 4371 2321 4442 patriarcha
2343 4364 2757 4436 alloquiturzAd
2781 4362 3033 4434 prwdam.
3049 4359 3126 4427 ﬁli
3150 4357 3241 4421 mi,
3258 4371 3431 4409 ascen-

1855 4466 1999 4521 disti.
2025 4464 2273 4520 Christus
2295 4462 2363 4515 ad
2389 4460 2623 4532 praedam
2653 4456 2904 4519 ascendit,
2933 4453 3057 4523 quia
3087 4459 3275 4505 contra
3312 4448 3428 4502 dia-

1854 4556 2035 4611 bolum
2080 4562 2413 4625 pugnaturus
2456 4550 2625 4612 venit,
2654 4557 2711 4602 ut
2753 4558 3001 4614 eosquos
3040 4541 3425 4611 captivaverat,

1855 4647 2107 4716 eriperet.
2136 4643 2287 4710 Quod
2326 4649 2504 4695 autem
2535 4638 2683 4703 dicit,
2712 4634 3013 4698 ascendisti,
3046 4628 3428 4686 conﬁdentiam

1853 4749 1907 4794 et
1943 4738 2287 4795 securitatem
2332 4733 2603 4789 Creatoris
2645 4728 2899 4786 ostendit.
2942 4726 3061 4797 Ipse
3108 4722 3425 4794 requiescens

1853 4832 2092 4888 occubuit
2123 4840 2176 4884 ut
2204 4829 2301 4893 leo,
2337 4827 2462 4896 quia
2503 4825 2556 4878 in
2588 4839 2682 4893 spe
2724 4820 3029 4889 ﬁrmissima
3079 4829 3106 4859 α
3148 4829 3426 4871 resurrec-

1855 4925 2015 4978 ti0nis
2046 4930 2274 4975 mortem
2307 4918 2562 4986 suscepit,
2606 4929 2768 4987 quam
2813 4912 2867 4966 in
2913 4917 3179 4980 potestate
3223 4903 3425 4959 habuit.

1856 5014 2126 5085 Requievit
2179 5021 2233 5066 ut
2280 5008 2483 5063 catulus
2520 5006 2708 5071 leonis,
2749 5003 2876 5072 quia
2930 5002 3099 5055 tribus
3145 4996 3331 5085 diebus
3373 4993 3426 5085 in

1848 5081 2101 5175 sepulcro
2123 5103 2312 5173 jacuit.
2342 5100 2545 5155 Ferunt
2570 5098 2713 5153 enim
2739 5091 2945 5165 physici
2969 5090 3035 5145 de
3059 5086 3234 5144 catulo
3258 5081 3427 5175 leonis

1848 5172 1997 5264 quod
2048 5172 2205 5247 natus
2254 5191 2422 5245 tribus
2466 5188 2654 5242 diebus
2699 5181 2948 5241 dormiat,
3001 5178 3158 5233 tertio
3212 5172 3427 5264 tandem

1855 5261 1941 5339 die
1972 5298 2165 5353 magno
2217 5281 2394 5350 rugitu
2441 5278 2608 5347 patris
2636 5282 2927 5332 excitatur.
2969 5269 3059 5324 Sic
3087 5275 3142 5319 et
3182 5261 3427 5360 Christus

1856 5376 2025 5429 tribus
2054 5373 2242 5426 diebus
2264 5370 2515 5425 dormivit
2554 5370 2605 5422 in
2634 5365 2899 5435 sepulcro,
2928 5370 2984 5415 et
3029 5356 3242 5419 tandem
3269 5356 3427 5405 tertia

1857 5466 1943 5519 die
1979 5481 2008 5518 a
2042 5466 2148 5518 Deo
2183 5464 2343 5517 Patre
2368 5460 2631 5515 excitatus
2660 5466 2759 5517 est,
2812 5453 2965 5522 cujus
2994 5448 3226 5519 rugitum
3274 5441 3426 5497 Psal-

1857 5556 2012 5608 ntista
2039 5552 2293 5606 describit
2316 5550 2500 5603 dicens
2523 5565 2536 5601 :
2566 5547 2819 5613 Exsurge,
2842 5540 3010 5610 gloria
3032 5553 3165 5600 mea,
3189 5546 3425 5599 exsurge,

2296 5641 2492 5676 ι-ἔιιιο-υη
2538 5635 2690 5674 (ps-nl
2760 5646 2884 5674 Μαι
3048 5628 3108 5672 Ri
3152 5622 3424 5666 rncnnnilil

1856 5645 2157 5680 “trullas-ium
2201 5654 2243 5674 ΔΙ
