3986 5434
566 402 667 456 127

1213 396 1468 454 REM‘lGll
1508 389 2156 452 ANTISSIODORENSIS
2193 387 2342 446 OPP.
2385 394 2656 468 PARSJ.
2679 431 2746 440 —
2769 399 3172 458 EXEGETICA.

3703 409 3808 466 128

566 512 717 580 ipse:
753 511 1044 582 Exsurgam
1076 513 1326 568 diluculo.
1361 514 1490 580 Quis
1527 513 1790 568 suscitavit
1816 494 1978 566 cum?
2011 503 2208 573 Nul-_A
2236 507 2480 576 pellatur,
2531 511 2582 565 id
2631 520 2714 567 est
2751 528 2972 582 serpens
3016 525 3275 569 cernulus
3327 527 3544 585 propter
3572 518 3728 574 dolos
3755 528 3810 574 et

566 600 650 656 lus
678 601 924 658 videlicet
949 603 1048 658 nisi
1093 603 1250 659 Pater
1281 614 1335 659 et
1361 605 1474 674 ipsa
1520 604 1768 659 divinitas
1793 618 1897 672 qua
1943 601 2128 655 huma-

569 694 710 748 nitas
735 692 850 762 ejus
874 694 1028 764 plena
1055 703 1188 748 erat.

639 785 793 839 Vers.
834 787 919 840 10.
951 784 1070 840 Non
1109 787 1377 855 auferetur
1405 796 1660 855 sceptrum
1697 786 1760 840 de
1782 785 1816 839 J
1823 786 1926 839 uda
1951 796 1996 838 et
2023 785 2133 838 dux

569 876 634 931 de
670 877 863 946 femore
883 878 1016 948 ejus,
1047 879 1210 933 donec
1244 881 1409 934 veniat
1436 879 1522 949 qui
1548 879 1824 932 mittendus
1855 887 1948 932 est.
1979 877 2133 933 Patet

568 967 818 1020 omnibus
840 967 943 1022 hoc
967 967 1032 1022 de
1061 967 1274 1022 Christo
1304 969 1429 1033 dici,
1463 969 1528 1023 ad
1554 969 1710 1039 cujus
1739 984 1908 1038 usque
1935 967 2135 1021 adven-

573 1061 686 1108 tum
730 1056 998 1126 principes
1044 1058 1109 1111 de
1140 1058 1278 1112 tribu
1309 1057 1443 1114 Juda
1477 1059 1801 1112 exstiterunt
1844 1057 1896 1110 in
1939 1055 2135 1126 popqu

568 1145 894 1202 Iudaeorum.
928 1147 1058 1202 Nam
1098 1149 1360 1215 Herodes,
1406 1151 1506 1208 sub
1533 1166 1640 1222 quo
1683 1150 1935 1205 Dominus
1979 1156 2136 1202 natus

571 1246 673 1300 est,
689 1237 986 1308 alienigena
1004 1249 1118 1296 erat
1132 1251 1187 1295 et
1201 1243 1640 1314 prosclytus..lam
1655 1244 1797 1298 enim
1811 1249 2028 1297 venerat
2042 1241 2134 1310 qui

573 1328 861 1385 mittendus
899 1340 1037 1386 erat.
1092 1332 1158 1388 Et
1185 1335 1292 1403 ipse
1321 1335 1416 1390 erit
1453 1335 1766 1406 exspectatio
1795 1336 2044 1406 gentium,
2077 1342 2135 1388 ut

571 1431 690 1486 quae
716 1421 951 1488 pretioso
979 1423 1238 1492 sanguine
1258 1422 1376 1492 ejus
1399 1426 1721 1481 redimendae
1745 1435 1918 1480 erant.
1944 1424 2135 1494 Ligans

571 1506 642 1558 ad
663 1507 864 1561 vineam
893 1509 1093 1578 pullum
1131 1528 1302 1579 suum,
1335 1523 1382 1567 et
1410 1515 1478 1567 ad
1523 1515 1699 1580 vitent,
1739 1531 1769 1568 o
1809 1514 1886 1582 ﬁli
1913 1515 2006 1580 mi,
2036 1515 2138 1568 asi-

573 1611 696 1649 nam
721 1613 888 1650 suam.
919 1597 1016 1654 Hic
1041 1610 1224 1672 aperte
1251 1605 1554 1659 ostenditur
1579 1605 1718 1674 quod
1748 1620 1852 1658 non
1889 1605 1952 1659 de
1977 1603 2133 1668 Juda,

573 1684 669 1738 sed
699 1685 763 1739 de
793 1686 1005 1743 Christo
1036 1690 1136 1745 ista
1164 1693 1426 1748 dicantur.
1460 1693 1591 1749 Nam
1619 1710 1738 1749 eum
1770 1695 1835 1750 de
1875 1693 2009 1750 .luda
2056 1696 2136 1750 vi-

573 1772 766 1827 deatur
815 1774 975 1844 loqui,
1035 1787 1211 1835 tamen
1261 1782 1329 1836 ad
1379 1783 1551 1852 ipsum
1601 1781 1791 1837 ludam
1845 1799 2136 1840 conversus

2232 614 2434 653 venena
2471 601 2706 658 malitiae.
2738 603 2944 673 Equum
2993 620 3118 659 vero
3162 605 3242 659 vel
3271 607 3502 676 equitem
3533 608 3807 665 Christum

2233 689 2508 759 accipiunt
2559 694 2852 748 secundum
2904 695 3315 750 humanitatem.
3377 697 3541 768 Cujus
3580 699 3817 771 ungulas

2233 778 2456 834 coluber
2506 781 2585 836 vel
2625 793 2862 838 cerastes
2907 786 3212 851 momordit,
3247 788 3459 855 quando
3493 791 3655 843 morti
3694 789 3811 858 ejus

2233 867 2456 923 insidias
2483 871 2712 939 paravit.
2745 871 2814 926 Ut
2835 873 3049 927 caderet
3084 888 3338 930 ascensor
3363 873 3480 944 ejus
3508 885 3681 942 retro,
3711 878 3812 933 hoc

2235 968 2340 1024 est,
2375 969 2431 1015 ut
2459 961 2703 1018 Christus
2726 979 2820 1034 per
2849 973 3075 1020 mortem
3109 965 3504 1035 redigereturin
3536 967 3814 1036 pulverem

2235 1051 2372 1106 sicut
2421 1053 2603 1108 cmteri
2654 1055 2918 1110 homines.
2969 1055 3136 1122 Quasi
3191 1057 3333 1111 enim
3391 1067 3536 1113 retro
3584 1059 3810 1124 cadunt,

2237 1143 2449 1210 quando
2477 1157 2570 1211 per
2600 1152 2826 1199 mortem
2858 1145 2909 1199 in
2942 1153 3166 1211 terram,
3207 1147 3271 1204 de
3303 1163 3404 1217 qua
3435 1149 3633 1219 sumpti
3669 1159 3810 1213 sunt,

2239 1233 2481 1288 redeunt.
2509 1234 2614 1290 Sed
2641 1237 2762 1304 quia
2807 1238 3051 1306 praevidit
3093 1253 3215 1292 eum
3263 1241 3576 1310 prephetico
3620 1243 3815 1312 spiritu

2241 1325 2395 1378 tertia
2432 1324 2518 1379 die
2546 1336 2995 1392 resurrecturum,
3022 1327 3142 1382 ideo
3173 1328 3306 1382 dixit
3335 1346 3348 1382 :
3389 1328 3638 1385 Salutare
3665 1341 3816 1384 tuum

2239 1420 2565 1486 exspectabo,
2594 1416 2832 1472 Domine.
2869 1417 2973 1473 Sed
3001 1419 3192 1474 melius
3221 1421 3332 1476 lucc
3371 1421 3534 1477 verba
3564 1419 3633 1475 ad
3660 1422 3816 1476 Anti-

2242 1504 2502 1560 christum
2549 1504 2878 1573 referuntur,
2927 1508 3019 1578 qui
3049 1509 3115 1564 de
3177 1511 3317 1564 tribu
3349 1510 3460 1564 Dan
3507 1512 3817 1566 nasciturus

2241 1600 2342 1648 est.
2381 1591 2533 1650 Unde
2560 1596 2732 1650 tribus
2764 1596 2872 1650 Dan
2903 1606 3048 1654 recte
3091 1599 3144 1653 in
3175 1599 3386 1662 deserto
3428 1600 3481 1654 in
3510 1601 3815 1671 aquilonari

2243 1694 2397 1754 parte
2431 1693 2609 1739 castra
2653 1694 2852 1741 metata
2881 1686 3047 1743 fuisse
3089 1687 3303 1758 legitur,
3351 1689 3496 1744 illum
3522 1691 3817 1745 ostendens

2243 1774 2336 1843 qui
2361 1773 2495 1828 dixit
2518 1789 2532 1828 :
2559 1773 2754 1830 Sedebo
2781 1777 2835 1830 in
2856 1787 3029 1832 monte
3056 1779 3366 1844 testamenti,
3393 1780 3446 1834 in
3471 1781 3633 1835 latere
3659 1781 3818 1851 Aqui-

574 1863 725 1930 quasi
755 1865 820 1918 de
847 1866 950 1921 alio
994 1868 1125 1924 dicit
1155 1885 1170 1925 ε
1200 1870 1370 1942 [59am
1391 1847 1471 1944 iud
1498 1875 1695 1928 ιεὶηεῃῃι
1722 1873 1924 1944 panum
1961 1892 2134 1928 suum,
2167 1847 2217 1909 Β
2245 1863 2398 1918 Ionis.
2430 1863 2565 1920 lliuc
2592 1881 2720 1937 ergo
2747 1867 2858 1920 Dan
2897 1867 3105 1922 coluber
3139 1877 3188 1922 et
3220 1880 3440 1923 cerastes
3471 1847 3812 1939 appellatur:

584 1949 796 2007 Vineam
841 1957 1065 2012 chorum
1121 1962 1352 2030 appellat
1405 1964 1790 2033 apostolorum,
1844 1964 1934 2033 qui
1985 1964 2137 2034 quasi

573 2042 816 2110 palmites
839 2047 903 2101 de
931 2064 1032 2102 uua
1063 2060 1117 2104 et
1139 2066 1264 2106 vera
1301 2053 1409 2107 vite
1435 2063 1831 2113 succrevcrant.
1861 2053 1999 2108 sicut
2029 2055 2141 2122 ipse

575 2131 628 2185 in
664 2133 990 2206 Evangelio:
1041 2137 1152 2210 Ego
1195 2159 1311 2196 sum
1353 2144 1490 2206 vitis,
1527 2161 1614 2198 vos
1655 2143 1913 2214 palmites.
1961 2145 2142 2200 Pullus

576 2239 726 2290 vero,
789 2230 1004 2300 gentilis
1058 2233 1280 2303 populus
1311 2275 1326 2300 ,
1372 2251 1528 2305 quem
1569 2236 1635 2290 ad
1680 2237 1890 2291 vineam
1936 2235 2137 2306 ligavit,

576 2319 789 2386 quando
851 2335 946 2391 per
988 2324 1334 2392 apostolicam
1399 2326 1831 2396 prmdicationem
1888 2326 2142 2398 populum

579 2407 805 2474 domuit,
836 2419 893 2464 ut
921 2411 1130 2480 illorum
1173 2413 1330 2470 tidem
1361 2427 1415 2471 et
1443 2416 1739 2472 doctrinam
1767 2425 2140 2488 sequerentur.

577 2496 742 2552 Asina
783 2515 909 2555 vero
961 2487 1198 2559 Ecclesia
1247 2515 1330 2560 est
1379 2520 1442 2560 ex
1495 2507 1744 2574 gentibus
1800 2515 2138 2578 congregata,

580 2584 847 2654 quondam
895 2588 1056 2644 stulta
1106 2601 1162 2646 et
1219 2594 1471 2648 oneribus
1523 2602 1866 2664 peccatorum
1916 2611 2146 2668 praegra-

578 2686 700 2733 vata
747 2695 798 2745 -,
839 2681 930 2736 sed
963 2693 1243 2754 postquam
1283 2685 1439 2741 ﬁdem
1479 2686 1675 2742 Christi
1725 2687 1947 2756 recepit,
1991 2703 2143 2744 versa

578 2766 897 2838 vicejugum
925 2771 1120 2826 diaboli
1157 2773 1376 2843 projecit
1402 2785 1454 2830 et
1488 2791 1622 2829 onus
1649 2775 1845 2830 Christi
1879 2776 1994 2830 leve
2021 2793 2143 2832 sus-

575 2856 738 2926 cepit.
770 2855 922 2914 Hanc
955 2862 1158 2914 asinam
1188 2867 1255 2916 ad
1280 2864 1436 2918 vitem
1471 2863 1668 2934 ligavit,
1698 2864 1822 2933 quia
1853 2865 2144 2920 Ecclesium

577 2961 644 3003 ex
679 2950 928 3019 gentibus
957 2952 1184 3008 vinculis
1209 2952 1492 3009 charitatis
1519 2957 1616 3009 sibi
1645 2955 1942 3025 conjunxit.
1981 2956 2147 3032 Lava-

578 3037 650 3092 bit
687 3039 803 3093 vino
839 3041 1024 3096 stolam
1073 3061 1245 3100 suam.
1297 3045 1442 3101 Stola
1477 3049 1674 3104 Christi
1706 3065 1834 3106 caro
1882 3050 1997 3117 ejus
2040 3062 2144 3120 est,

577 3140 740 3195 quam
771 3129 896 3184 vino
925 3129 1054 3186 lavit
1098 3134 1240 3202 quod
1283 3136 1350 3192 de
1393 3137 1547 3192 botro
1584 3139 1635 3192 in
1678 3155 1838 3196 cruce
1881 3143 2146 3210 pendente

2245 1954 2454 2008 coluber
2487 1964 2707 2026 propter
2749 1957 2946 2023 dolum,
2996 1969 3218 2014 cerastes
3247 1970 3464 2030 propter
3495 1962 3812 2030 potentiam.

2244 2044 2606 2099 Antichristus
2629 2046 2796 2111 enim,
2845 2062 2978 2117 quos
3006 2046 3192 2103 fraude
3225 2050 3468 2119 decipere
3515 2065 3620 2106 non
3665 2059 3815 2120 pote-

2246 2135 2337 2200 rit,
2377 2151 2474 2205 per
2527 2139 2818 2207 potentiam
2865 2141 3045 2194 saeculi
3094 2141 3247 2209 quasi
3296 2150 3550 2196 cornutas
3594 2156 3817 2210 serpens

2247 2226 2344 2281 sibi
2373 2227 2600 2282 subdere
2621 2226 2905 2283 laborabit.
2929 2229 3320 2284 Attendendum
3349 2246 3476 2285 vero
3495 2232 3641 2300 quod
3663 2230 3813 2296 dicit,

2247 2315 2454 2370 coluber
2498 2317 2551 2371 iu
2591 2318 2695 2381 via,
2744 2327 2966 2372 cerastes
3009 2318 3062 2372 iu
3118 2319 3322 2373 semita.
3370 2318 3554 2375 Nullus
3607 2322 3820 2391 ignorat

2246 2406 2389 2461 viam
2435 2406 2680 2463 latiorem
2726 2423 2847 2463 esse
2877 2423 3038 2477 quam
3067 2410 3334 2464 semitam.
3378 2409 3502 2465 ldeo
3543 2426 3640 2480 per
3678 2413 3817 2465 viam

2248 2497 2598 2568 designantur
2649 2498 2754 2554 lata
2816 2499 3007 2555 itinera
3058 2500 3237 2555 smeuli
3292 2501 3638 2570 gradientes,
3687 2517 3819 2570 quos

2247 2588 2398 2660 quasi
2414 2587 2624 2641 coluber
2639 2587 3002 2644 Antichristus
3015 2590 3219 2646 occulte
3247 2591 3538 2667 mordendo
3557 2591 3816 2662 decipiet;

2247 2680 2301 2734 in
2327 2679 2508 2733 semita
2539 2692 2662 2733 vero
2692 2679 2864 2732 sancti
2895 2694 2990 2748 per
3027 2688 3309 2750 angustam
3354 2679 3495 2734 viam
3539 2682 3609 2736 ad
3652 2682 3816 2735 vitam

2249 2768 2549 2830 tendentes,
2582 2781 2719 2834 quos
2757 2767 2910 2836 quasi
2945 2778 3167 2821 cerastes
3197 2782 3292 2836 per
3316 2769 3611 2837 potentiam
3634 2771 3815 2840 oppri-

2249 2868 2376 2913 met.
2413 2857 2658 2913 Mordeus
2689 2859 2912 2930 ungulas
2936 2861 3074 2930 equi.
3103 2860 3286 2930 Equus
3312 2863 3412 2916 hoc
3439 2862 3558 2919 loco
3584 2864 3814 2919 mundus

2248 2947 2528 3016 accipitur,
2566 2948 2656 3017 qui
2699 2949 3004 3018 superbiam
3054 2957 3108 3002 et
3159 2951 3502 3006 ambitionem
3555 2952 3612 3006 in
3657 2968 3815 3007 cursu

2249 3034 2479 3090 labentis
2527 3036 2782 3106 temporis
2826 3045 3057 3108 spumat.
3103 3036 3528 3108 ngula.autem
3575 3049 3814 3095 extrema

2251 3140 2374 3195 pars
2400 3124 2550 3195 pedis
2577 3133 2682 3190 est,
2707 3141 2802 3195 pes
2824 3137 3065 3181 extrema
3092 3141 3217 3196 pars
3243 3128 3504 3203 corporis.
3533 3127 3672 3196 Quia
3693 3144 3816 3198 ergo

575 3194 892 3288 expressum
921 3229 1023 3289 est,
1051 3194 1176 3294 quia
1199 3225 1445 3284 videlicet
1467 3244 1683 3285 carnem
1710 3245 1863 3286 suam
1883 3194 2143 3303 sanguine
2168 3194 2219 3261 ο
2246 3214 2612 3270 Αθιίθιιτίεῑυε
2633 3223 2878 3271 “uel”
2910 3217 3090 3272 mundi
3117 3226 3357 3287 lempom
3384 3232 3578 3287 (³³1)οω
3602 3220 3813 3289 quam“

576 3308 843 3378 passionis
871 3327 978 3367 sum
1005 3314 1256 3384 perfudit.
1959 3365 1962 3367 λ
2092 3334 2129 3369 ι’

648 3397 882 3457 Pallium
911 3415 1100 3475 gentes
1129 3408 1415 3478 signiﬁcat,
1439 3411 1636 3483 quibus
1661 3411 1906 3470 Christus
1927 3414 2144 3473 indutus

577 3496 678 3553 est,
701 3489 853 3559 juxta
880 3494 1022 3563 quod
1055 3495 1102 3549 ei
1147 3511 1244 3567 per
1285 3501 1600 3570 prophetam
1643 3501 1843 3558 dictum
1885 3513 2009 3560 est:
2045 3504 2144 3560 His

581 3581 817 3666 omnibus
864 3584 999 3638 velut
1043 3583 1346 3660 cruentento
1393 3592 1624 3646 vestieris
1655 3591 1788 3664 (Isa.
1822 3609 1986 3662 χιιι,
2035 3593 2142 3666 18).

580 3665 803 3754 Pallium
830 3686 959 3741 ergo
983 3688 1136 3730 suum
1165 3676 1294 3731 lavit
1315 3679 1368 3733 in
1395 3681 1645 3750 sanguine
1667 3698 1796 3748 uvw,
1829 3683 1953 3752 quia
1984 3699 2148 3754 pupu-

578 3753 688 3810 lum
717 3760 954 3829 gentium
984 3778 1082 3819 suo
1107 3765 1334 3822 redemit
1359 3784 1568 3826 cruore.
1597 3768 1732 3825 Hinc
1753 3771 1984 3828 Joannes
2008 3788 2021 3826 :
2043 3753 2146 3839 Qui

578 3845 762 3936 dilexit
789 3867 900 3916 nos,
922 3863 969 3907 et
1004 3853 1130 3910 lavit
1158 3874 1250 3913 nos
1286 3876 1319 3914 a
1352 3863 1571 3921 peccatis
1601 3863 1788 3918 nostris
1812 3864 1863 3918 in
1891 3866 2144 3936 sanguine

577 3951 674 3990 suo
705 3935 885 4009 (Apoc.
920 3959 960 4007 ι,
989 3943 1065 4012 5).
1126 3943 1130 3948 ’
1307 3945 1312 3948 ’

651 4027 804 4084 Vers.
838 4031 922 4085 12.
966 4031 1302 4094 Pulchriores
1336 4050 1455 4094 sunt
1493 4042 1630 4096 oculi
1656 4043 1770 4113 ejus
1805 4045 1941 4098 vino.
1993 4044 2146 4099 Oculi

579 4115 778 4172 Christi
806 4123 1027 4189 apostoli
1059 4135 1182 4180 sunt
1200 4137 1252 4182 et
1277 4131 1738 4202 evangelistre,qui
1759 4134 1911 4188 nobis
1927 4135 2142 4203 Spirita-

579 4203 683 4259 lem
714 4208 992 4266 scientiam
1019 4213 1347 4272 infuderunt.
1401 4220 1591 4274 Vinum
1621 4237 1747 4276 vero
1775 4223 2142 4276 austeritatem

577 4293 761 4367 legalis
781 4299 1137 4360 observantia:
1169 4305 1432 4379 designat.
1469 4308 1622 4366 Oculi
1647 4327 1775 4383 ergo
1800 4313 1997 4368 Christi
2029 4315 2142 4368 vino
2191 4363 2194 4366 .

576 4385 895 4453 pulchriores
921 4401 1063 4458 sunt,
1093 4393 1217 4463 quia
1251 4397 1492 4452 doctrina
1517 4401 1820 4470 evangeliea
1847 4401 2044 4456 clarior
2065 4412 2148 4456 est

579 4473 734 4542 legali
785 4479 1091 4536 traditione.
1138 4483 1329 4540 Dentes
1367 4503 1495 4542 vero
1548 4491 1716 4544 sancti
1766 4491 2143 4561 praedicatores

578 4573 724 4630 sunt,
751 4568 838 4635 qui
869 4570 1011 4624 sicut
1031 4572 1218 4629 dentes
1240 4578 1409 4642 cibos,
1443 4580 1512 4632 ita
1539 4580 1778 4636 inﬁdeles
1807 4599 1834 4636 a
1868 4599 1962 4637 sua
1991 4586 2138 4640 duri-

579 4655 650 4710 tia
683 4660 1072 4728 comminuunt,
1101 4674 1160 4717 ut
1188 4664 1240 4718 in
1275 4683 1472 4738 corpus
1501 4670 1751 4725 Ecclesia:
1795 4673 2138 4742 recipiantur.

575 4746 684 4805 Lac
708 4765 835 4807 vero
881 4763 964 4809 est
1001 4753 1187 4825 legalis
1234 4759 1467 4824 traditio,
1513 4778 1615 4830 qua
1663 4763 1831 4818 Judzci
1885 4774 2139 4835 tanquam

575 4841 780 4906 parvuli
813 4845 1209 4911 nutriebantur,
1238 4863 1341 4902 non
1372 4851 1608 4906 valentes
1647 4853 1884 4922 recipere
1910 4855 2138 4908 solidum

575 4927 773 4983 cibum.
830 4930 1020 4986 Dentes
1071 4949 1200 5012 ergo
1259 4935 1389 4991 lacte
1436 4940 1764 4993 candidiores
1821 4950 1966 5006 sunt,
2011 4943 2138 5010 quia

572 5019 950 5087 praedicatores
978 5021 1110 5078 Novi
1159 5025 1482 5081 Testamenti
1535 5029 1843 5096 praecellunt
1873 5030 2005 5098 legis
2045 5031 2139 5084 do-

574 5116 772 5164 ctores.
801 5110 865 5165 Et
895 5109 1031 5168 bene
1054 5115 1265 5169 candidi
1313 5117 1578 5177 dicuntur,
1609 5120 1730 5186 quia
1758 5119 1846 5187 qui
1873 5119 2006 5174 alios
2042 5121 2138 5174 do-

573 5207 715 5263 cent,
743 5201 925 5255 mundi
963 5212 1018 5257 et
1054 5204 1122 5259 ab
1145 5204 1289 5260 omni
1321 5205 1439 5262 labe
1465 5208 1668 5276 peccati
1715 5208 1976 5263 immunes
2021 5223 2140 5264 csse

574 5288 790 5346 debent.

648 5380 804 5434 Vers.
829 5382 912 5434 16.
939 5385 1052 5430 Dnn
1077 5388 1324 5434 iudicabit
1341 5389 1585 5434 nnnulum
1607 5405 1778 5434 stutm-
1805 5389 1928 5434 "me
1953 5393 2113 5434 vnn-Im

2246 3305 2366 3360 ideo
2387 3305 2612 3376 ungulas
2635 3307 2757 3377 equi
2802 3308 3051 3362 mordere
3087 3307 3306 3363 dicitur.
3336 3307 3593 3363 Asceusor
3641 3317 3816 3364 autem

2230 3395 2403 3464 hujus
2428 3397 2552 3467 equi
2581 3403 2664 3452 est
2693 3395 2870 3452 omnis
2901 3397 2994 3466 qui
3025 3397 3076 3451 in
3116 3395 3465 3468 dignitatibus
3493 3405 3548 3451 et
3578 3398 3812 3465 potentia

2244 3485 2422 3542 saeculi
2472 3486 2748 3557 gloriatur.
2782 3486 3016 3562 Cerastes
3059 3500 3206 3558 ergo,
3231 3487 3282 3541 id
3311 3496 3394 3542 est
3415 3487 3810 3550 Autichristus,

2245 3578 2368 3647 equi
2397 3577 2620 3648 ungulas
2642 3577 2871 3638 mordet.
2903 3586 2958 3632 ut
2988 3591 3243 3632 ascensor
3280 3587 3427 3633 retro
3457 3579 3617 3632 cadat
3643 3595 3656 3630 :
3687 3577 3808 3646 quia

2246 3671 2313 3724 ad
2340 3670 2442 3724 hoc
2469 3676 2707 3724 extrema
2751 3668 2937 3723 mundi
2980 3677 3218 3737 tempora
3248 3677 3497 3738 occupat,
3529 3678 3589 3722 ut
3636 3683 3815 3738 repro-

2244 3759 2343 3814 bos
2369 3773 2548 3814 secum
2588 3757 2656 3812 ad
2684 3765 2939 3813 aeternam
2971 3757 3368 3812 damnationem
3417 3758 3616 3812 trahat.
3654 3756 3814 3812 Retro

2234 3837 2389 3906 enim
2417 3849 2610 3904 cadere
2639 3847 2988 3918 reproborum
3019 3857 3100 3903 est
3129 3848 3267 3904 sicut
3291 3857 3509 3903 econtra
3540 3849 3592 3902 in
3627 3847 3812 3902 faciem

2247 3939 2442 3996 cadere
2467 3937 2782 3993 electorum.
2819 3937 2876 3992 ln
2907 3937 3096 3992 faciem
3125 3939 3320 3992 cadere
3348 3947 3431 3993 est
3459 3942 3523 3993 de
3548 3948 3815 4007 perpetra-

2248 4029 2318 4083 tis
2348 4027 2503 4082 malis
2545 4029 2884 4094 erubescere,
2913 4027 3036 4097 quia
3081 4029 3169 4098 qui
3210 4028 3262 4082 in
3314 4028 3506 4084 faciem
3545 4031 3713 4093 cadit,
3747 4029 3810 4082 ibi

2231 4113 2392 4172 cadit
2421 4117 2510 4172 ubi
2540 4118 2718 4183 videt;
2763 4116 2854 4186 qui
2885 4131 3012 4172 vero
3051 4127 3218 4185 retro,
3269 4118 3340 4173 ibi
3391 4119 3535 4174 cadit
3576 4120 3664 4172 ubi
3713 4135 3810 4172 non

2247 4211 2412 4266 videt.
2463 4211 2527 4265 Et
2569 4211 2686 4265 ideo
2734 4221 2868 4264 retro
2905 4211 3088 4265 cadere
3115 4221 3198 4267 est
3244 4213 3295 4266 in
3343 4219 3560 4266 teternze
3592 4212 3808 4265 damna-

2249 4304 2410 4359 tionis
2462 4301 2691 4368 foveam,
2719 4302 2843 4356 dum
2892 4302 3122 4372 ignorat,
3169 4316 3347 4357 ruere.
3398 4302 3627 4368 Quidam
3677 4304 3810 4357 hunc

2249 4398 2426 4453 locum
2457 4397 2557 4452 sub
2602 4411 2828 4466 persona
2876 4395 2988 4449 Dan
3029 4396 3094 4450 de
3142 4395 3366 4450 Samson
3407 4396 3707 4450 fortissimo
3750 4396 3808 4449 ad

2251 4487 2486 4542 litteram
2515 4485 2808 4555 accipiunt,
2848 4485 2938 4554 qui
2972 4483 3068 4539 fuit
3095 4485 3160 4540 de
3189 4485 3376 4540 eadem
3425 4486 3563 4562 tribu
3597 4495 3654 4539 et
3677 4484 3809 4551 judi-

2247 4579 2390 4634 cavit
2414 4577 2575 4631 Israel
2602 4575 2786 4630 multis
2807 4575 2982 4629 annis.
3017 4573 3168 4630 llunc
3204 4590 3332 4645 ergo
3365 4583 3649 4644 comparat
3674 4572 3810 4628 culu-

2243 4672 2341 4725 bro
2369 4680 2424 4725 et
2454 4677 2695 4724 cerastae.
2728 4667 2878 4722 Sicut
2921 4667 3063 4722 enim
3106 4676 3384 4737 serpentes
3414 4669 3811 4722 transeuntibus

2242 4762 2583 4825 insidiantur,
2630 4761 2708 4814 sic
2751 4759 2977 4813 Samson
3024 4759 3291 4814 netniuem
3324 4759 3558 4812 hosﬁum
3607 4758 3811 4813 sinebat

2243 4869 2339 4922 per
2364 4868 2513 4907 suam
2553 4852 2780 4907 transire
2808 4851 3198 4920 possessionem
3229 4851 3313 4904 vel
3353 4849 3552 4904 malum
3596 4851 3808 4920 aliquod

2241 4944 2313 4998 ihi
2331 4943 2526 4996 facere.
2555 4941 2662 4997 Sed
2688 4951 2740 4996 et
2763 4943 2805 4996 si
2832 4943 2952 5012 quis
2982 4941 3147 4996 frctus
3169 4941 3402 5010 agilitate
3428 4940 3510 4995 vel
3539 4941 3802 4995 fortitudi-

2242 5049 2310 5088 ne
2338 5033 2616 5087 mordebat
2643 5031 2758 5100 ejus
2793 5031 3038 5100 ungulas,
3068 5030 3170 5085 boc
3215 5039 3319 5094 est,
3366 5047 3560 5100 magna
3610 5034 3808 5087 virtute

2241 5137 2362 5176 eum
2413 5121 2722 5186 superabat,
2755 5127 2809 5173 et
2853 5127 2996 5173 retro
3033 5118 3181 5172 illum
3229 5117 3414 5188 fugere
3457 5121 3808 5189 compellebat

2242 5211 2394 5280 quasi
2425 5209 2656 5278 equitem
2691 5217 2838 5263 retro
2887 5207 3086 5261 faciens
3131 5207 3323 5262 cadere
3353 5208 3417 5264 de
3464 5223 3628 5278 equo.
3662 5209 3806 5277 Quod

2243 5311 2423 5356 autem
2473 5299 2642 5354 dicit:
2701 5297 2947 5353 Salutare
2996 5308 3144 5350 tuum
3191 5301 3516 5368 exspectabo,
3570 5300 3805 5361 Domine,

2241 5405 2433 5434 SPIISIIS
2465 5387 2582 5423 οηιῖο
2611 5396 2686 5422 ηοε
2721 5404 2732 5416 ·
2765 5386 2859 5419 Ρη·
2955 5386 2966 5398 ’
3087 5387 3118 5404 ’⁸
3211 5387 3224 5398 ’
3250 5388 3262 5406 “
3343 5404 3407 5408 π’
3443 5388 3676 5434 σ’-νδσιη
3707 5390 3805 5434 for.
