3986 5364
219 415 322 471 ίὲε)

1343 408 1530 464 (ΣΟΜΜ
1542 405 1714 461 ΕΝὙΑ
1726 405 1785 459 R1
1802 405 1885 461 US
1921 404 1984 460 ΙΝ
2016 404 2336 458 GENESIM.

3360 404 3461 469 1⁷30

217 530 363 582 mille
392 530 535 581 viros
564 528 829 590 oecidere,
875 535 1057 596 portas
1086 525 1243 579 sze
1274 524 1505 579 civitatis
1552 522 1789 576 humeris
1819 534 1863 585 Α
1896 521 2021 573 dicit
2067 538 2079 573 :
2116 520 2231 573 Cad
2256 522 2518 574 accinctus
2566 520 2889 590 pra'liabitur
2928 535 3045 579 ante
3077 542 3192 580 eum
3220 566 3236 593 ,
3279 527 3332 583 id
3377 540 3463 585 est

216 620 496 687 impositas
523 622 573 672 in
613 630 844 672 inmitem
874 617 1101 680 deferre,
1146 617 1352 671 leonem
1386 616 1545 668 veluti
1583 614 1791 667 lizedum

217 711 491 774 oecidere,
522 727 644 764 cmn
693 711 804 763 lucc
833 718 887 762 et
918 709 1040 762 talia
1073 707 1359 763 facientem
1394 707 1653 768 viderem,
1698 720 1792 772 pu-

221 802 325 853 tavi
356 816 481 853 cum
514 815 633 855 esse.
661 800 954 855 Christum.
997 799 1101 854 Sed
1134 814 1348 853 rursum
1394 812 1515 852 eum
1555 797 1792 850 viderem

217 904 340 944 eum
372 893 649 945 amoribus
718 891 1019 945 meretricis
1047 889 1239 959 decipi,
1274 897 1330 941 et
1381 903 1503 942 cum
1555 886 1791 939 viderem

218 996 342 1035 eum
372 982 611 1036 occisum
644 997 748 1035 non
781 994 1086 1049 resurgere.
1126 980 1360 1034 intellexi
1393 995 1499 1033 non
1524 993 1645 1033 eum
1673 991 1791 1031 esse

220 1072 377 1125 nobis
428 1072 809 1141 repromissum
857 1071 1147 1126 Christum.
1195 1070 1335 1139 Ergo
1373 1079 1517 1122 tuum
1562 1066 1791 1121 salutare

216 1162 545 1227 exspectabo,
581 1161 631 1213 id
672 1170 755 1216 est
781 1159 983 1224 Jesum,
1023 1160 1114 1227 qui
1143 1158 1393 1212 salutaris
1424 1157 1505 1211 vel
1540 1156 1683 1210 salus
1710 1156 1791 1209 in-

217 1256 515 1317 terpretatu
525 1265 569 1302 r.

289 1337 440 1391 Vers.
478 1340 559 1392 l3.
592 1338 829 1391 Zalmlou
848 1339 906 1390 in
938 1337 1109 1390 littore
1132 1338 1291 1389 maris
1324 1335 1593 1389 habitabit.
1627 1332 1788 1388 Juxta

214 1426 453 1480 litteram
517 1429 762 1496 praedicit
824 1426 1128 1496 patriarcha
1178 1426 1573 1495 possessionem
1625 1439 1787 1494 quam

215 1518 389 1571 tribus
437 1518 674 1571 Zabulon
723 1518 911 1571 tenuit.
961 1515 1205 1569 Possedit
1254 1516 1396 1569 enim
1436 1514 1584 1568 littus
1625 1513 1788 1568 maris

210 1605 387 1675 Magni
418 1608 712 1676 pertingens
744 1623 900 1675 usque
924 1606 991 1658 ad
1024 1604 1267 1659 Sidonem
1298 1605 1619 1657 maritimam
1651 1604 1783 1657 civi-

211 1704 399 1748 tatem.
427 1695 727 1767 Allegorice
752 1694 988 1747 Zabalon
1029 1693 1321 1748 Ecclesiam
1352 1692 1637 1763 significat,
1665 1706 1785 1762 qum

206 1794 395 1853 erepta
424 1786 491 1839 de
522 1787 771 1840 lluctibus
800 1785 978 1839 saeculi
1021 1784 1214 1839 fruitur
1251 1784 1517 1839 soliditate
1562 1783 1779 1847 littoris,

1898 621 2022 664 ante
2054 611 2330 679 populum;
2364 621 2418 665 et
2454 622 2736 681 postquam
2779 629 3023 671 reversus
3061 616 3241 687 fuerit,
3287 620 3464 674 accin-

1894 713 2042 771 getur
2072 704 2259 757 iterum
2312 713 2811 773 retrorsumgcontra
2850 709 3113 764 nationes.
3164 710 3463 781 Allegoriee

1894 790 2011 846 God
2052 793 2321 848 Christum
2367 795 2654 865 signiﬁcat,
2700 797 2792 865 qui
2840 798 3013 867 primo
3053 800 3283 855 adventu
3337 816 3457 867 suo,

1893 884 2107 951 quando
2130 886 2370 939 occultus
2402 886 2563 951 venit,
2596 888 2869 943 accinctus
2904 900 2989 945 est
3022 899 3082 944 ut
3124 890 3463 961 przeliaretur

1893 983 2078 1026 contra
2125 975 2417 1039 diabolum,
2466 983 2520 1030 et
2568 977 2866 1046 accingetur
2896 990 2920 1018 α
2955 989 3236 1033 retrorsum
3281 982 3334 1035 in
3376 996 3460 1037 se-

1892 1064 2069 1116 cundo
2091 1063 2320 1117 adventu
2348 1078 2465 1128 suo,
2494 1066 2707 1133 quando
2739 1066 3054 1123 manifestus
3098 1071 3369 1136 adveniet,
3405 1081 3462 1126 ut

1886 1149 2090 1219 iudicet
2134 1154 2409 1220 mundum,
2450 1164 2504 1209 et
2542 1155 2768 1227 singulis
2803 1160 3096 1215 secundum
3128 1164 3321 1217 merita
3360 1179 3459 1219 sua

1890 1241 2095 1295 reddat.
3088 1238 3093 1241 ’

1963 1334 2113 1387 Vers.
2140 1334 2227 1388 20.
2264 1334 2413 1401 Aser,
2458 1338 2661 1408 pinguis
2686 1342 2836 1408 panis
2871 1343 3004 1410 ejus.
3033 1342 3157 1397 Haec
3198 1343 3361 1398 verba
3389 1344 3458 1398 ad

1891 1422 2223 1477 tertilitatem
2282 1426 2633 1493 possessionis
2670 1428 2834 1496 'juxta
2878 1429 3112 1484 litteram
3161 1434 3453 1501 pertinent.

1887 1512 2183 1583 Allegorice
2210 1531 2337 1570 vero
2362 1519 2506 1578 Aser,
2542 1520 2629 1588 qui
2662 1519 2839 1573 beatus
2860 1521 2941 1575 vel
2966 1522 3172 1592 pinguis
3191 1526 3340 1591 panis
3376 1526 3458 1578 in-

1890 1613 2231 1673 terpretatur,
2259 1608 2504 1661 eumdem
2535 1608 2806 1664 Christum
2835 1612 3100 1683 designat,
3129 1612 3278 1681 cujus
3307 1616 3458 1683 panis

1886 1693 2094 1763 pinguis
2123 1705 2224 1760 est,
2249 1696 2316 1765 .id
2359 1706 2443 1751 est
2471 1713 2667 1768 corpus
2691 1700 2828 1770 ejus,
2858 1717 2967 1771 quo
2996 1703 3062 1758 ad
3093 1712 3349 1758 :eternam
3376 1705 3458 1759 vi-

1889 1788 1997 1835 tam
2030 1782 2322 1850 reﬁcimur,
2354 1788 2493 1841 sicut
2537 1788 2650 1856 ipse
2679 1790 2851 1845 dixit:
2883 1792 2995 1863 Ego
3040 1810 3156 1847 sum
3193 1796 3345 1863 panis
3376 1796 3454 1849 ui-

202 1884 261 1926 et
288 1885 373 1929 est
406 1876 457 1929 in
484 1877 706 1929 statione
736 1877 963 1940 navium,
998 1876 1119 1943 quia
1146 1875 1381 1930 Ecclesia
1412 1875 1667 1929 diluatur
1690 1890 1785 1944 per
1812 1884 1859 1943 Β
1888 1888 1998 1935 vus,
2038 1874 2127 1943 qui
2151 1874 2215 1928 de
2250 1874 2380 1930 ctelo
2407 1874 2668 1943 descendi,
2709 1888 2758 1933 et
2796 1880 2862 1933 do
2910 1883 3069 1935 vitam
3110 1884 3232 1937 huic
3260 1886 3456 1938 mundo

204 1964 433 2032 p0pulos
476 1966 779 2035 gentiiium,
820 1980 955 2034 quos
982 1966 1168 2031 Sidon,
1215 1980 1333 2035 quze
1374 1968 1577 2021 cenatio
1617 1965 1788 2021 inter-

198 2063 474 2120 pretatur,
506 2056 772 2125 designat.

282 2142 437 2197 Vers.
472 2145 555 2199 H.
594 2144 861 2210 Issacltar,
894 2156 1089 2215 mqmt,
1131 2148 1311 2201 asinus
1348 2146 1521 2216 fortis.
1556 2147 1780 2201 Asinum

203 2232 399 2287 fortem
431 2246 592 2289 vocat
629 2235 782 2305 juxta
831 2238 1085 2301 litteram,
1122 2240 1245 2307 quia
1292 2239 1572 2294 laborabat
1606 2241 1658 2293 in
1694 2254 1783 2293 ve-

202 2322 400 2376 hendis
426 2325 695 2380 mercibus
724 2327 790 2379 ad
823 2342 987 2381 mare.
1024 2328 1251 2381 Accubat
1284 2331 1337 2383 in
1360 2330 1612 2393 terminis,
1636 2330 1786 2384 vide-

188 2410 331 2464 licet
355 2414 507 2481 juxta
534 2417 928 2483 possessionem
960 2417 1319 2487 Nephtltalim.
1350 2417 1559 2473 Hebraei
1599 2419 1782 2472 dicunt

202 2505 349 2570 quod
403 2506 617 2560 assidue
652 2508 898 2564 homines
940 2509 1080 2564 illius
1115 2511 1285 2565 tribus
1324 2511 1690 2581 operabantur
1727 2513 1779 2566 in

200 2592 402 2647 divinm
432 2594 564 2664 legis
604 2598 971 2663 meditatione,
1013 2608 1065 2653 et
1096 2601 1215 2655 ideo
1243 2602 1421 2655 asinus
1444 2601 1594 2670 [ortis
1622 2616 1781 2657 voca-

198 2691 291 2734 tur
314 2693 533 2752 propter
555 2686 831 2741 assiduum
859 2689 1094 2743 studium
1121 2691 1452 2761 inquirenda:
1478 2692 1775 2762 sapientiae.

188 2768 455 2831 ,ΙδιηεΙιαν
495 2777 675 2829 asinus
720 2777 890 2845 fortis.
949 2777 1081 2845 Quia
1130 2782 1339 2836 dixerat
1385 2784 1779 2851 possessionem

190 2859 443 2914 Zabulon
472 2862 524 2915 in
557 2866 843 2920 maritimis
882 2866 1014 2922 locis
1042 2868 1297 2935 futuram,
1332 2872 1468 2925 redit
1507 2872 1572 2925 ad
1613 2872 1778 2926 medi-

198 2960 479 3017 terram-tt,
511 2963 565 3007 et
607 2956 847 3023 przedicit
888 2959 1281 3026 possessionem
1330 2959 1597 3026 lssachar,
1635 2960 1776 3030 quod

188 3041 535 3097 fertilissima
580 3044 759 3101 futura
808 3058 970 3115 esset,
1020 3059 1076 3103 et
1120 3052 1573 3121 negotiationibus
1609 3054 1776 3107 abun-

197 3130 371 3184 daret.
408 3131 629 3202 Mystice
657 3136 905 3190 lssachar
932 3138 1182 3207 populum
1205 3140 1458 3209 gentilcm
1484 3142 1772 3213 signiﬁcat,

1888 1958 2068 2030 (Joan.
2114 1978 2189 2027 vr,
2226 1963 2339 2033 55).
2379 1964 2494 2033 Ipse
2530 1966 2720 2035 pra'bet
2765 1968 2978 2024 delicias
3012 1970 3255 2040 regibus,
3287 1973 3339 2027 id
3373 1982 3459 2029 est

1884 2050 2104 2117 sanctis,
2145 2053 2235 2120 qui
2279 2063 2457 2109 motus
2484 2056 2725 2125 corporis
2772 2058 2856 2112 sui
2884 2058 3020 2113 bene
3064 2075 3253 2131 regere
3291 2077 3453 2118 nove-

1885 2148 2027 2193 runt.
2065 2140 2161 2196 His
2201 2144 2392 2212 pra'bet
2438 2144 2673 2211 delicias,
2707 2147 2758 2201 id
2796 2156 2880 2203 est
2926 2150 3248 2205 suavitatem
3280 2153 3450 2218 verbi,

1883 2228 1997 2284 sive
2018 2230 2181 2284 etiam
2208 2246 2265 2285 se
2289 2232 2487 2301 ipsum,
2509 2236 2632 2303 quia
2659 2237 2794 2290 Aser
2817 2237 3018 2292 delicia:
3041 2238 3451 2308 interpretatur.

1953 2317 2107 2373 Vers.
2138 2319 2228 2373 2|.
2270 2320 2571 2390 Nephtalim
2594 2339 2773 2378 cerous
2805 2328 3045 2381 emissus.
3077 2327 3268 2383 Cervus
3301 2332 3456 2385 emis-

1881 2423 1969 2461 sus
1996 2417 2215 2463 vocatur
2252 2421 2472 2480 propter
2520 2406 2729 2468 fructus
2760 2423 3154 2485 temporaneos,
3181 2419 3271 2488 qui
3314 2422 3454 2489 apud

1883 2495 2001 2551 illos
2029 2496 2189 2551 citius
2230 2508 2638 2566 maturescunt;
2670 2503 2789 2558 ideo
2817 2520 2995 2559 cervus
3022 2510 3261 2573 emissus,
3296 2507 3348 2563 id
3374 2519 3457 2565 est

1881 2586 2036 2641 velox
2066 2588 2147 2642 vel
2188 2588 2371 2660 fugax,
2397 2598 2638 2645 vocatur.
2681 2592 2799 2647 Alia
2828 2594 3109 2651 translatio
3150 2597 3297 2663 dicit,
3348 2596 3457 2652 Ne-

1879 2677 2096 2744 phtalim
2139 2695 2264 2748 ager
2298 2680 2548 2749 irriguus.
2582 2680 2862 2753 Signiﬁcat
2887 2693 3069 2740 autem
3119 2701 3288 2756 aquas
3325 2688 3456 2743 cali-

1880 2765 1977 2819 das
1999 2781 2117 2836 quae
2155 2768 2206 2821 in
2240 2768 2327 2822 illa
2362 2770 2503 2824 tribu
2545 2781 2689 2825 sunt.
2721 2772 2814 2827 Vel
2840 2776 3003 2829 etiam
3034 2787 3252 2847 propter
3276 2778 3453 2834 lacum

1881 2852 2123 2910 Genesar
2147 2857 2248 2912 hoc
2270 2858 2420 2924 dicit,
2444 2860 2537 2928 qui
2565 2861 2705 2931 apud
2726 2862 2845 2919 illos
2865 2873 2967 2919 est.
2996 2864 3210 2922 Hebraei
3236 2870 3457 2924 tradunt

1880 2940 2219 3002 Tiberiadem
2247 2946 2521 3002 civitatem
2552 2948 2606 3002 in
2634 2950 2735 3005 bac
2759 2952 2901 3007 tribu
2927 2967 3068 3022 esse,
3114 2956 3168 3009 in
3199 2971 3303 3025 qua
3328 2968 3454 3013 sunt

1879 3032 2125 3090 doctores
2162 3035 2312 3105 legis.
2345 3036 2412 3090 Et
2446 3038 2548 3093 hoc
2595 3043 2848 3111 estquod
2892 3044 3043 3111 dicit,
3072 3044 3204 3100 dans
3248 3047 3455 3119 eloquia

1876 3124 2301 3195 pulchritudinis.
2360 3128 2585 3201 Mystice
2647 3131 2950 3203 Nephtalim
2996 3138 3267 3206 apostolos
3312 3140 3455 3197 desi-

193 3220 290 3287 qui
347 3222 621 3288 quondam
691 3225 888 3280 stultus
938 3237 992 3281 et
1037 3228 1282 3292 ignobilis
1334 3234 1774 3302 pncgravabatur

1887 3228 2028 3287 gnat,
2060 3219 2149 3286 qui
2189 3221 2255 3273 de
2288 3219 2426 3275 tribu
2477 3221 2783 3293 Nephtalim
2812 3235 2868 3280 et
2892 3227 3131 3283 Zabulon
3161 3244 3191 3283 a
3224 3231 3451 3286 Domino

198 3310 459 3364 oneribus
494 3322 855 3380 peccatorum.
902 3315 1191 3386 Postquam
1221 3333 1350 3374 vero
1385 3319 1657 3375 Christum
1687 3336 1777 3377 co-

196 3400 408 3466 gnovit,
462 3403 628 3472 cmpit
674 3404 937 3461 accubare
984 3408 1035 3461 iu
1086 3410 1352 3474 terminis,
1402 3410 1505 3465 hoc
1546 3420 1651 3475 est,
1703 3427 1781 3467 re-

186 3489 487 3558 quiescere
529 3492 580 3544 in
624 3507 716 3561 spe
748 3495 1022 3562 promissae
1069 3496 1362 3563 felicitatis,
1388 3515 1549 3568 quam
1590 3513 1780 3569 exspe-

195 3588 312 3632 ctat
343 3580 395 3633 in
433 3583 680 3648 termino,
721 3585 821 3639 hoc
846 3594 951 3649 cst,
978 3586 1032 3639 in
1083 3587 1187 3641 ﬁne
1215 3588 1416 3643 saeculi.
1468 3586 1605 3643 Vidit
1634 3592 1777 3645 enim

200 3672 453 3740 requiem,
476 3674 615 3741 quod
646 3687 773 3728 esset
797 3676 951 3743 bona,
989 3677 1133 3732 illam
1165 3679 1430 3742 videliCet,
1458 3695 1576 3749 qua:
1600 3682 1650 3736 in
1674 3682 1777 3738 alia

194 3761 315 3819 vita
364 3763 618 3819 onmibus
664 3767 865 3820 sanctis
909 3770 1318 3838 repromittitur.
1375 3770 1513 3824 Vidit
1562 3782 1775 3839 terram,

194 3852 341 3918 quod
381 3863 522 3907 esset
556 3855 778 3922 optima,
821 3870 964 3921 eam,
1008 3858 1073 3913 de
1118 3874 1221 3927 qua
1268 3858 1553 3915 Psalmista
1603 3861 1775 3916 dicit:

200 3939 373 3994 Credo
416 3944 586 3997 ridere
623 3944 755 3998 bona
789 3944 1001 4000 Domini
1031 3948 1084 4001 in
1123 3958 1263 4002 terra
1290 3949 1559 4003 viventium
1604 3950 1775 4016 (Psal.

200 4049 315 4098 xvi,
355 4034 473 4105 13);
504 4045 558 4090 et
589 4037 709 4091 ideo
733 4040 999 4107 supposuit
1038 4039 1311 4093 humerum
1346 4041 1416 4094 ad
1439 4043 1776 4109 portandum,

198 4127 327 4192 quia
366 4143 466 4195 pro
504 4128 790 4197 adeptione
827 4131 1015 4199 patria:
1059 4132 1293 4186 etelestis
1332 4132 1561 4188 libenter
1596 4134 1778 4189 omnia

203 4217 398 4270 tolerat
422 4219 598 4272 seculi
625 4220 867 4275 adversa.
894 4220 940 4273 F
942 4233 1188 4293 actusque
1210 4236 1283 4278 est
1307 4225 1515 4279 tributis
1532 4228 1776 4293 serviens,

198 4306 326 4374 quia
380 4322 603 4362 censqu
671 4309 793 4364 lidei
858 4320 910 4365 et
971 4311 1233 4367 bonorum
1298 4322 1514 4370 actuum
1563 4315 1779 4371 Christo

200 4395 403 4449 reddit.

190 4542 191 4547 η
274 4484 431 4553 V'ers.
466 4485 553 4541 l9.
595 4484 711 4541 Gad
748 4488 1009 4543 accinctus
1037 4490 1381 4559 prteltaottur.
1422 4494 1477 4547 In
1520 4494 1779 4552 Deutet'o-

1879 3308 2039 3362 electi
2068 3318 2208 3373 sunt,
2222 3309 2377 3378 juxta
2403 3314 2546 3381 quod
2568 3318 2883 3383 praedictum
2910 3318 3085 3373 fuerat
3106 3336 3203 3390 per
3222 3322 3410 3377 Isaiam
3435 3342 3449 3378 :

1880 3393 2064 3449 Primo
2105 3406 2329 3468 tempore
2372 3399 2615 3454 alleviata
2652 3413 2727 3456 est
2768 3415 2907 3459 terra
2954 3405 3193 3462 Zabulon
3219 3421 3264 3464 et
3311 3421 3451 3467 terra

1880 3486 2182 3556 Neplttalim
2211 3488 2344 3558 (lsa.
2382 3506 2457 3556 ιι,
2490 3492 2571 3562 1);
2602 3494 2725 3563 quia
2760 3497 2935 3566 primo
2964 3500 3219 3557 Dominus
3269 3506 3321 3558 in
3368 3506 3452 3561 his

1878 3575 2011 3633 locis
2052 3581 2384 3648 prtedtcavit,
2416 3590 2472 3637 et
2515 3594 2638 3637 tunc
2682 3585 2923 3641 alleviata
2962 3601 3033 3643 est
3058 3601 3197 3646 terra
3242 3609 3449 3661 eorum,

1879 3667 2091 3724 sublato
2138 3671 2456 3741 grauissimo
2493 3672 2624 3747 jugo
2666 3675 2887 3733 diaboli.
2956 3680 3097 3752 Ergo
3148 3682 3449 3755 Nepbtalim

1880 3774 2057 3812 ceruus
2078 3762 2297 3817 emissus
2324 3774 2569 3835 vocatur,
2609 3766 2733 3836 quia
2756 3771 2982 3838 apostoli
3004 3773 3333 3829 velocissime
3355 3790 3454 3845 per

1880 3848 2191 3904 universum
2235 3854 2495 3908 mundum
2532 3856 2926 3926 discurrerunt,
2973 3871 3027 3916 et
3061 3863 3158 3932 ipsi
3192 3878 3317 3918 sunt
3348 3866 3453 3935 ﬁlii

1880 3954 2219 3995 excussorum
2249 3945 2397 4000 missi
2432 3947 2499 4001 de
2528 3963 2688 4002 manu
2724 3951 2953 4017 Domini,
2985 3954 3131 4009 velut
3151 3958 3359 4026 sagitta:
3386 3961 3454 4017 de

1880 4044 2043 4084 manu
2092 4034 2326 4102 potentis
2366 4033 2539 4107 (Psal.
2579 4053 2763 4106 cxxvr,
2807 4040 2885 4101 4).
2929 4043 3033 4113 Ipsi
3074 4046 3202 4100 dant
3241 4048 3451 4119 eloquia

1881 4122 2320 4193 pulchritudinis,
2372 4129 2425 4183 id
2470 4141 2552 4185 est
2602 4134 2762 4187 verba
2804 4137 3202 4203 pnediCaIionis
3237 4142 3452 4198 divinae.

1957 4212 2110 4268 Vers.
2149 4215 2237 4269 22.
2279 4214 2453 4272 Filius
2494 4237 2788 4277 accrescens
2834 4224 3049 4294 Ioseph,
3091 4229 3233 4296 ﬁlius
3274 4249 3450 4287 accre-

1882 4319 2049 4359 scens.
2073 4304 2273 4377 Joseplt
2303 4322 2487 4363 auctus
2513 4314 2912 4383 interpretatur,
2951 4321 3001 4375 id
3027 4332 3107 4375 est
3132 4324 3451 4394 multiplica-

1883 4402 1968 4449 tus
1999 4395 2291 4453 virtulibus
2316 4412 2370 4454 et
2395 4405 2574 4457 saculi
2596 4406 2874 4476 dignitate.
2904 4411 3033 4466 Erat
3068 4414 3210 4469 enim
3230 4416 3449 4475 decorus

1882 4496 2109 4573 aspectu.
2141 4488 2289 4545 Unde
2315 4501 2369 4546 et
2410 4507 2440 4545 a
2473 4494 2711 4564 principe
2740 4497 2955 4569 Egypti
2985 4516 3197 4573 emptus
3225 4517 3326 4562 cst.
3358 4500 3454 4565 Fi-

190 4574 385 4641 _noutio
415 4574 636 4643 lcgiums
670 4578 864 4633 tribum
893 4577 1005 4633 Gad
1039 4596 1159 4635 cum
1207 4583 1347 4663 tribu
1374 4583 1562 4641 Ruben
1605 4599 1661 4643 et
1700 4589 1779 4644 di-

1887 4566 1968 4635 Ιίἷε
1996 4582 2352 4639 discurrerunt
2379 4604 2534 4657 super
2575 4606 2800 4645 murum.
2835 4595 3024 4649 Dicunt
3067 4597 3276 4654 Hebraei
3310 4604 3451 4671 quod

198 4664 365 4717 ntidia
398 4666 540 4718 tribu
583 4666 829 4722 Manasse
868 4671 1261 4737 possessionem
1294 4660 1461 4730 trans
1485 4674 1773 4733 Iordanem

202 4755 502 4823 accepisse,
552 4754 792 4810 tradente
839 4757 944 4811 sibi
993 4757 1193 4829 Moyse,
1244 4775 1307 4815 ea
1358 4772 1536 4818 tamen
1590 4767 1776 4821 condi-

203 4844 347 4896 tione
378 4854 437 4897 ut
473 4861 577 4897 non
620 4854 746 4900 ante
781 4846 834 4899 in
871 4847 1058 4902 domos
1096 4866 1224 4905 suas
1250 4862 1649 4910 reverterentur
1682 4857 1776 4911 do-

202 4949 299 4988 nec
331 4935 516 4988 caeteri
546 4933 743 4991 fratres
784 4950 970 4990 eorum
1006 4942 1397 5008 possessionem
1447 4946 1771 5015 acciperent.

201 5023 402 5093 Sicque
448 5024 532 5077 isti
570 5025 822 5090 accincti,
857 5025 909 5079 id
942 5036 1025 5081 est
1066 5030 1301 5098 expediti
1345 5032 1412 5086 ad
1456 5032 1652 5091 bellmn
1694 5036 1776 5089 vel

200 5113 512 5182 prasparati,
538 5122 894 5182 perrexerunt
924 5125 1048 5171 ante
1089 5117 1286 5175 fratres
1312 5136 1455 5177 suos.
1485 5124 1616 5180 Cum
1647 5142 1776 5196 ergo

202 5204 408 5258 reversi
455 5204 678 5260 fuissent
703 5212 929 5267 peracto
971 5208 1107 5254 imlln
1156 5222 1202 5250 Μ
1234 5212 1414 5248 η--ςιιηι
1456 5218 1661 5253 rotlolito
1700 5219 1750 5249 :--

1880 4673 2095 4740 quando
2144 4674 2341 4744 Joseph
2423 4682 2916 4738 ventumlucelmtnr
2987 4702 3084 4755 per
3136 4688 3450 4761 Heliopolitn

1881 4764 2151 4818 civitatem
2177 4765 2303 4837 Eg)
2318 4768 2413 4836 pti,
2437 4768 2587 4836 ﬁlice,
2628 4771 2680 4825 id
2724 4784 2803 4827 est
2831 4776 3017 4845 puellm
3052 4778 3448 4851 Egyptiorum,

1880 4854 2240 4909 discurrebant
2293 4874 2386 4927 per
2417 4876 2625 4916 murum
2678 4866 2921 4933 civitatis,
2964 4872 3294 4929 admirantes
3336 4874 3452 4943 ejus

1880 4945 2358 5014 pulchritudinem.
2389 4950 2489 5017 Qui
2544 4954 2719 5023 qualis
2774 4957 2952 5023 fuerit,
3004 4978 3070 5016 ex
3119 4962 3219 5016 hoc
3261 4965 3453 5032 conjici

1883 5046 2059 5106 potest
2099 5040 2243 5108 quod
2292 5040 2523 5106 feminae,
2582 5061 2807 5114 quarum
2850 5052 3066 5120 proprie
3113 5052 3452 5120 pulchritudo

1884 5136 1991 5191 est,
2019 5145 2137 5185 eam
2170 5132 2220 5185 in
2246 5131 2441 5202 Joseph
2467 5134 2807 5192 mirabantur

1957 5216 2090 5256 νου-ο
2140 5222 2209 5254 Οἳ
2260 5222 2362 5263 gan
2389 5240 2823 5271 nvngnprnnarunt
2850 5248 2961 5274 mum
3019 5244 3064 5274 ρΙ
3096 5234 3285 5270 ἔην-[ιηιῖ
3317 5244 3432 5275 ...ηρ
