3986 5596
512 418 607 481 131

1145 415 1399 473 REMlGll
1432 407 2081 470 ANTISSIODORENSIS
2120 402 2267 461 OPP.
2306 400 2509 457 PARS.
2548 399 2583 455 l.
2619 432 2682 441 --
2710 399 3118 457 EXEGETICA.

3652 403 3757 456 ΙῖιΞ

586 517 739 573 Vers.
767 512 859 569 24.
894 510 1039 569 Sedit
1065 510 1121 564 in
1165 510 1291 579 forti
1320 523 1473 561 arcus
1500 507 1634 576 ejus.
1667 506 1721 558 Ill
1773 511 1875 567 est,
1911 501 2082 553 virtus
2110 503 2154 559 Α
2182 494 2348 563 patris
2397 495 2473 546 tui
2516 491 2827 563 confertam:
2880 503 2998 547 sunt
3058 492 3496 548 benedictionibus
3546 503 3757 562 patrum

513 609 631 678 ejus
662 616 717 661 et
748 618 873 675 spes
903 600 1019 670 ejus
1041 600 1192 663 sedit,
1223 599 1324 654 hoc
1360 604 1442 652 est
1475 594 1707 650 stabilita
1750 592 1905 646 estin
1935 588 2079 660 forti,

515 700 620 757 hoc
634 706 717 753 est
736 695 797 756 in
825 693 1061 758 Christo.
1097 690 1161 745 Et
1190 687 1442 743 dissoluta
1468 695 1585 740 sunt
1609 683 1812 743 vincula
1846 681 2084 737 brachio-

518 805 635 844 tum
663 788 777 857 ejus
814 801 904 855 per
942 788 1127 838 manus
1153 779 1372 851 potentis
1400 777 1584 841 Iacob,
1615 776 1668 830 id
1711 782 1795 831 est
1836 772 2084 842 omnipo-

520 876 685 933 tentis
705 875 830 929 Dei.
866 871 1021 936 Inde,
1052 870 1105 925 id
1144 876 1230 923 est
1255 883 1319 922 ex
1350 866 1514 921 Jacob
1545 863 1822 934 progenie,
1852 875 2086 932 egressus

521 977 596 1023 est
613 966 776 1036 lapis,
803 964 857 1021 id
893 972 976 1019 est
996 961 1277 1024 Christus;
1307 973 1540 1028 egressus
1579 965 1655 1011 est
1683 959 1880 1025 p‘astor,
1913 953 1965 1006 id
2005 958 2089 1007 est

525 1058 793 1122 Christus,
829 1055 920 1125 qui
965 1061 1047 1110 est
1075 1060 1131 1108 et
1179 1050 1314 1120 lapis
1340 1046 1529 1112 Israel,
1573 1047 1626 1101 id
1661 1053 1746 1101 est
1782 1042 2012 1099 ﬁrmitas
2035 1048 2091 1097 et

475 1188 486 1200 κ
525 1148 692 1203 robur
716 1144 965 1201 omnium
1000 1142 1169 1197 Deum
1206 1134 1704 1215 contemplandum.

596 1235 751 1291 Vers.
781 1231 873 1287 25.
913 1226 1364 1285 Benedictionibus
1400 1224 1511 1278 caeli
1551 1223 1789 1292 desuper.
1827 1219 1978 1287 Quod
2012 1217 2094 1275 di-

527 1325 621 1392 cit,
660 1320 1096 1378 benedictionibus
1134 1318 1356 1386 desuper
1399 1323 1461 1370 et‘
1492 1314 1686 1384 abyssi,
1727 1312 1966 1368 omnium
2007 1325 2096 1366 rc-

527 1427 648 1470 rum
693 1410 902 1482 copiam
946 1423 1044 1479 per
1096 1408 1214 1462 haec
1260 1405 1364 1460 duo
1407 1403 1697 1474 signiﬁcat,
1764 1400 2093 1457 fertilitatem

528 1502 779 1558 videlicet
801 1506 981 1564 terrae,
1017 1495 1330 1567 temperiem
1359 1506 1416 1549 et
1456 1503 1773 1564 proventum
1814 1493 1957 1557 cteli,
1994 1493 2098 1549 hoc

529 1602 617 1649 est
656 1592 815 1649 aeris.
862 1590 966 1645 Per
991 1587 1369 1643 benedictiones
1397 1586 1613 1640 uberum
1640 1596 1688 1640 et
1710 1584 1873 1640 vulva:
1913 1574 2096 1639 multi-

531 1682 830 1754 plicandsm
878 1678 1122 1747 designat
1165 1677 1383 1747 stirpem
1438 1674 1554 1744 ejus
1601 1677 1836 1731 maxime
1879 1682 2100 1746 propter

532 1767 997 1842 prraim,.cujus
1022 1765 1308 1821 multitudo
1352 1780 1522 1836 usque
1552 1766 1603 1821 in
1643 1767 1960 1823 immensum
1997 1782 2095 1821 auo-

2183 588 2315 657 ejus.
2346 587 2457 641 Hoc
2485 596 2586 650 cst,
2623 586 2723 640 illic
2763 588 3160 643 benedictiones
3198 588 3391 657 quibus
3420 588 3567 643 Deus
3593 588 3751 643 Patet

2184 678 2376 733 Filium
2423 678 2717 739 benedixit,
2742 677 3070 735 confortaltc
3107 689 3232 734 sunt
3270 688 3325 734 et
3362 678 3763 748 praevaluerunt

2183 769 2424 823 omnium
2459 777 2767 823 sanctorum
2804 766 3020 822 Patrum
3057 767 3541 823 benedictionibus.
3573 766 3765 821 Nullus

2187 858 2330 913 enim
2372 851 2644 925 iustorum
2690 855 2908 911 Christo
2965 855 3234 925 exuaquari
3275 855 3470 925 potuit,
3517 856 3645 923 quia
3676 855 3768 910 ille

2186 961 2285 1016 per
2313 955 2562 1009 naturam
2593 953 2679 1000 cst
2706 944 2804 1000 Dei
2863 944 3052 1009 Filius,
3095 945 3279 1001 etetet‘i
3320 944 3491 1002 sancti
3530 959 3631 1013 per
3671 944 3769 997 ad-

2187 1038 2423 1109 optionis
2449 1038 2699 1109 gratiam.
2727 1036 2904 1093 Donec
2949 1036 3142 1098 veniret
3190 1035 3501 1091 desiderium
3550 1034 3769 1089 collium

2190 1128 2725 1190 wtemorunn‘Colles
2758 1136 2988 1199 aeternos
3009 1127 3351 1197 patriarchas
3375 1133 3431 1179 et
3468 1125 3769 1193 prophetas

2191 1219 2343 1285 dicit,
2366 1219 2456 1289 qui
2488 1236 2592 1273 non
2614 1218 2799 1288 jacent
2838 1218 2891 1273 in
2922 1217 3178 1285 terrenis,
3200 1217 3295 1272 sed
3321 1215 3675 1272 sublevantur
3701 1216 3774 1270 ad

2193 1311 2451 1368 cwlestia.
2483 1311 2684 1366 Horum
2721 1310 3039 1365 desiderium
3066 1308 3193 1374 fuit,
3236 1323 3345 1379 quo
3386 1306 3777 1364 desiderabant

2168 1401 2376 1456 videre
2401 1401 2688 1455 adventum
2718 1399 2941 1455 Christi.
2969 1397 3017 1451 ιτ
3023 1400 3133 1453 iant
3162 1398 3276 1453 ista!
3296 1396 3678 1451 bcnedictioncs
3715 1396 3778 1450 its

2162 1534 2165 1537 η
2195 1489 2363 1558 capite
2390 1488 2606 1557 Joscplt.
2654 1488 2710 1542 ιιι
2738 1496 2840 1552 est,
2881 1485 3207 1556 impleantur
3234 1486 3288 1541 in
3334 1485 3572 1541 Christo.
3616 1484 3686 1539 Et
3716 1484 3773 1537 in

2197 1577 2382 1631 vertice
2417 1573 2689 1630 Nasarcci.
2726 1574 2782 1629 Id
2820 1583 2905 1629 est
2936 1573 3170 1632 Christi.
3220 1573 3311 1643 qui
3357 1581 3441 1627 est
3478 1587 3642 1627 verus
3672 1570 3777 1626 llos

2200 1664 2499 1730 munditiae,
2528 1665 2582 1720 in
2621 1678 2728 1734 quo
2751 1664 2981 1734 primum
3006 1661 3408 1719 benediction'es
3432 1659 3593 1727 facta;
3622 1668 3777 1724 sunt,

2198 1764 2255 1810 et
2281 1757 2350 1811 ab
2385 1757 2486 1812 hoc
2524 1757 2727 1813 vertice
2755 1755 3147 1812 descenderunt
3188 1769 3285 1823 per
3315 1753 3497 1808 omnia
3531 1754 3777 1807 membra

531 1870 618 1918 cta
660 1868 763 1917 est.
798 1858 1097 1930 Allegorice
1130 1856 1323 1928 Ioseph
1354 1855 1625 1913 Christum
1665 1856 1952 1928 signitiéat.
1999 1856 2100 1910 Ao—
2131 1845 2175 1905 Β
2202 1846 2458 1904 Ecclesiae.
2517 1862 2687 1918 usque
2718 1848 2784 1902 ad
2844 1862 2995 1902 oram
3049 1846 3354 1902 vestimenti
3403 1843 3540 1915 ejus,
3593 1844 3648 1900 id
3694 1853 3784 1902 est

435 1951 452 1973 ⁸
533 1962 762 2006 crescens
805 1949 1027 2014 dicitur,
1058 1947 1185 2018 quia
1234 1946 1406 2002 crevit
1446 1945 1499 1999 in
1524 1946 1642 2001 ﬁde.
1676 1946 1936 2015 gentium.
1985 1946 2102 2016 Ipse

534 2049 621 2097 est
646 2040 789 2095 enim
826 2039 1046 2094 decorus
1089 2046 1322 2109 aspectu,
1365 2037 1488 2108 quia
1518 2038 1779 2107 speciosus
1802 2037 1974 2107 [arma
1994 2052 2103 2108 prte

532 2131 659 2202 ﬁliis
707 2130 975 2187 lanuuinum
1002 2129 1172 2202 (Psal.
1213 2143 1362 2193 Iuv,
1382 2129 1462 2197 5).
1487 2127 1655 2193 Filias,
1684 2144 1804 2198 qua:
1835 2129 2104 2183 discurre-

537 2229 662 2276 runt
699 2235 796 2291 per
823 2235 1037 2275 murum
1089 2218 1422 2274 admirantes
1462 2217 1581 2288 ejus
1615 2217 2061 2288 pulchritudinem
2082 2254 2100 2282 ,

533 2309 727 2367 animat
749 2319 874 2367 sunt
901 2318 1236 2374 sanctomm,
1271 2323 1433 2379 super
1458 2307 1780 2363 soliditatem
1827 2307 1951 2362 ﬁdei
1980 2321 2106 2362 con-

535 2400 755 2463 stitutzc,
795 2414 916 2471 quae
952 2399 1291 2453 admirantur
1315 2397 1768 2468 pulchritudinem
1797 2396 2017 2459 Christi,
2049 2401 2108 2451 et

537 2498 687 2558 tanto
710 2504 831 2545 eum
875 2489 1106 2559 amplius
1132 2487 1389 2559 diligunt,
1408 2496 1610 2557 quanto
1648 2485 1866 2556 majoris
1896 2485 2104 2555 fragili-

538 2582 667 2637 tatis
697 2582 800 2637 sibi
837 2590 964 2639 sunt
1001 2581 1251 2639 consciae.
1304 2581 1620 2637 Discurrunt
1669 2595 1829 2651 super
1866 2595 2104 2648 murum,

2200 1952 2370 2007 usque
2392 1938 2461 1997 ad
2494 1938 2843 1994 novissimum
2870 1937 3125 1994 electum.
3216 1962 3223 1966 -

2270 2026 2427 2082 V’ers.
2451 2026 2542 2081 27.
2583 2026 2860 2097 Bcnjamin
2901 2025 3053 2095 lupus
3078 2041 3264 2095 rapax.
3304 2023 3458 2081 Hunc
3484 2024 3664 2080 locum
3704 2023 3786 2087 ita

2200 2115 2412 2172 Hebraei
2455 2116 2780 2179 edisserunt.
2816 2114 3002 2171 Altarc
3027 2114 3170 2184 quod
3208 2115 3265 2169 in
3303 2113 3502 2184 templo
3528 2121 3650 2168 erat
3675 2112 3788 2166 Do-

2201 2206 2356 2271 mini,
2388 2207 2441 2262 in
2478 2216 2630 2276 parte
2666 2206 2837 2265 tribus
2863 2203 3139 2274 Benjamin
3165 2204 3325 2260 situm
3350 2212 3486 2259 erat.
3518 2202 3636 2259 Hoc
3654 2216 3788 2272 ergo

2202 2292 2371 2353 altare
2398 2301 2553 2349 vocat
2572 2293 2754 2363 lupum
2777 2291 3180 2362 sanguinarium
3205 2300 3260 2346 et
3284 2305 3539 2361 rapacem
3565 2298 3791 2360 propter

2202 2383 2407 2441 hostias
2431 2399 2549 2454 qua:
2578 2383 2649 2447 ibi
2688 2397 2846 2439 mane
2871 2379 3251 2445 oderebantur,
3274 2391 3330 2437 et
3361 2381 3506 2452 igne,
3546 2396 3639 2450 qui
3667 2387 3791 2434 erat

2202 2487 2416 2543 semper
2446 2474 2499 2529 in
2529 2473 2708 2541 altari,
2738 2473 3154 2529 devorabantur.
3176 2465 3288 2527 Huc
3318 2481 3402 2527 est
3431 2472 3576 2541 quod
3604 2470 3746 2525 decit
3770 2486 3787 2523 :

2205 2561 2363 2618 Mane
2385 2563 2612 2618 comedet
2628 2561 2886 2633 prtcdam.
2916 2560 3070 2629 Quod
3098 2575 3223 2616 vero
3251 2560 3492 2630 sequitur
3520 2577 3534 2615 :
3569 2556 3790 2627 Vespere

540 2670 646 2729 hoc
679 2679 765 2729 est
786 2672 1285 2743 Stupet-soliditatem
1312 2669 1455 2736 fidei,
1481 2669 1562 2724 vel
1593 2684 1753 2739 super
1777 2667 2095 2740 insuperabic

2204 2653 2398 2709 dividet
2424 2654 2613 2725 spolia,
2639 2655 2708 2710 ad
2734 2654 3043 2710 sacerdotes
3067 2654 3321 2724 pertinet,
3343 2654 3434 2723 qui
3460 2668 3523 2709 ea
3551 2669 3673 2724 quae
3692 2667 3793 2723 per

541 2763 645 2818 lem
669 2761 976 2818 ﬁrmitatem
999 2761 1306 2817 divinarum
1340 2759 1760 2832 scripturarum,
1791 2769 1850 2815 ιιι
1883 2760 1954 2816 ibi
1985 2774 2110 2831 pos.
2205 2746 2345 2802 diem
2375 2747 2442 2802 de
2458 2745 2744 2805 sacriﬁciis
2785 2746 2974 2802 altaris
2999 2761 3029 2801 a
3065 2745 3260 2817 populo
3297 2744 3790 2815 consequebantur,

541 2855 654 2911 sint
690 2853 873 2910 videre
899 2852 1352 2925 pulchritudinem
1379 2852 1602 2915 Christi.
1629 2849 1732 2907 Sed
1770 2867 2095 2921 exasperare-

2205 2849 2430 2906 .vespere
2465 2834 2606 2891 inter
2627 2850 2686 2891 se
2719 2834 3046 2890 dividebant.
3084 2834 3151 2889 Et
3180 2834 3280 2890 hoc
3313 2835 3610 2888 secundum
3650 2833 3789 2889 illos-

543 2938 672 2998 runt
703 2923 1118 3013 eumfet'jurgati
1141 2951 1279 2998 ιιιηι.
1309 2942 1427 2998 Hoc
1456 2943 1521 2997 de
1544 2939 1743 2997 Judtcis
1768 2941 1982 3006 dicitur,
2018 2942 2095 3011 qui

2211 2925 2318 2981 Nos
2355 2939 2486 2981 vero
2519 2926 2585 2981 de
2620 2924 2790 2981 Paulo
2819 2924 3062 2994 apostolo
3099 2924 3301 2978 dictum
3345 2924 3662 2992 accipimus,
3700 2923 3792 2994 qui

542 3016 1001 3099 exasperaverunt
1042 3029 1320 3085 Christum
1364 3027 1605 3084 dicentes
1645 3043 1768 3084 eum
1811 3028 2108 3085 Samaritae
2140 3034 2160 3096 ᾖ
2209 3017 2313 3086 ﬁt“.
2350 3016 2417 3072 de
2441 3017 2581 3072 "ib"
2610 3015 2911 3084 Beniamin.
2951 3023 3004 3070 ει
3030 3015 3182 3086 (ιιιοεὶ
3224 3013 3378 3085 ίπραε
3407 3030 3574 3084 MP“
3611 3028 3793 3083 Perse“

546 3132 675 3173 num
700 3127 756 3172 et
781 3117 1190 3179 daemoniacum.
1222 3116 1484 3173 Habentes
1503 3117 1690 3188 jacula
1719 3119 1947 3184 invidiae,
1989 3118 2095 3188 qui-

2212 3116 2367 3163 cutus
2415 3116 2498 3162 est
2543 3106 2838 3163 Ecclesiam
2890 3105 3065 3175 primo
3117 3114 3378 3174 tempore.
3433 3103 3587 3159 Unde
3631 3112 3690 3159 et
3739 3103 3794 3159 in

546 3206 650 3261 bus
678 3206 885 3275 seipsos
908 3206 1276 3262 vulnerabant.
1312 3207 1462 3264 Unde
1496 3186 1551 3263 et
1577 3207 1861 3265 Psalmista
1884 3223 1901 3262 :
1923 3186 2095 3264 Dente:

2215 3198 2428 3254 Psalmo
2471 3198 2721 3254 dicitur:
2774 3195 2858 3251 lbi
2900 3194 3181 3265 Benjamin
3233 3196 3292 3249 in
3346 3195 3528 3249 mentis
3583 3211 3794 3249 excessis

547 3310 728 3365 eorum
751 3310 899 3349 arata
923 3305 977 3365 et
1015 3297 1240 3366 sagittis,
1260 3305 1315 3359 ct
1337 3295 1525 3367 lingua
1553 3313 1731 3351 eorum
1756 3297 1965 3368 gladius
1990 3314 2089 3351 acu

2214 3287 2387 3360 (Psal.
2424 3304 2591 3353 vau,
2633 3287 2746 3359 28).
2791 3287 2889 3342 llic
2915 3301 3044 3356 ergo
3082 3299 3237 3341 mane
3271 3288 3503 3357 praedam
3541 3288 3793 3353 comedit,

550 3394 634 3439 tus
676 3382 848 3455 (Psal.
882 3401 989 3450 ιη,
1014 3384 1090 3458 5).
1120 3415 1193 3427 —
1218 3384 1364 3441 Sedit
1403 3386 1458 3440 in
1496 3387 1621 3456 [orti
1685 3404 1841 3442 arcus
1884 3389 2018 3458 ejus.
2058 3386 2115 3443 Id
2214 3381 2427 3451 quando
2474 3388 2692 3436 sanctos
2717 3378 2976 3442 laniabat,
3018 3386 3073 3433 et
3116 3379 3349 3448 acceptis
3395 3394 3429 3433 a
3467 3380 3798 3449 principibus

548 3482 652 3540 est,
682 3490 805 3545 spes
833 3475 1046 3531 virtutis
1071 3474 1189 3545 ejus
1212 3478 1410 3531 mansit
1437 3475 1489 3533 in
1514 3478 1623 3533 Deo
1649 3477 1829 3532 Patre.
1857 3476 1924 3532 Et
1949 3478 2111 3534 disso-
2215 3471 2455 3541 epistolis
2493 3485 2660 3539 usque
2693 3469 2747 3523 in
2773 3475 2991 3523 exteras
3026 3468 3271 3522 nationes
3315 3469 3665 3537 sequebatur.
3697 3469 3797 3524 Ve-

550 3563 660 3618 luta
705 3573 824 3618 sunt
848 3564 1056 3619 uncum
1092 3565 1423 3619 brachiorum
1447 3565 1580 3635 ejus.
1621 3565 1758 3633 Quia
1781 3568 1994 3623 vinctus
2026 3570 2119 3622 ad-
2217 3577 2373 3631 apere
2415 3569 2594 3620 autem
2629 3559 2811 3614 divisit
2852 3557 3042 3627 spolia,
3078 3546 3304 3626 quando
3347 3558 3459 3627 jam
3507 3571 3799 3613 conversus

550 3655 745 3728 ductus
783 3664 867 3709 est
907 3663 1033 3710 ante
1082 3656 1389 3725 praesidem.
1432 3657 1525 3712 Vel
1555 3658 1760 3711 vincula
1791 3658 2095 3712 brachiorun

2218 3649 2516 3704 doctrinam
2572 3648 2840 3717 Evangelii
2899 3661 3091 3717 magna
3156 3646 3485 3702 discretione
3546 3647 3797 3703 ﬁdelibus

553 3741 1075 3821 dicit’blasphcmias
1101 3743 1299 3812 quibus
1322 3758 1488 3814 opera
1524 3745 1780 3799 virtutum
1814 3746 1930 3816 ejus
1959 3746 2124 3815 impe-
2220 3745 2512 3803 distribuit.
2539 3743 2838 3800 Natandum
2865 3750 3042 3796 autem
3067 3740 3208 3810 quod
3243 3755 3364 3795 cum
3395 3741 3503 3795 illis
3538 3740 3795 3796 fratribus

555 3830 672 3885 dire
708 3830 1061 3894 conabantur,
1093 3830 1335 3888 dicentes
1375 3848 1497 3888 eum
1530 3820 1583 3888 iu
1620 3833 1886 3890 Belzebub
1925 3836 2122 3906 ejicere
2220 3835 2311 3903 qui
2342 3835 2407 3887 de
2436 3833 2617 3889 liberis
2640 3834 2749 3888 nati
2777 3844 2952 3899 erant,
2986 3834 3039 3888 id
3060 3842 3144 3888 est
3164 3833 3259 3888 Lia
3281 3843 3338 3889 et
3363 3833 3616 3900 Rachele,
3638 3834 3799 3891 etiam

556 3921 836 3977 tltl'lllonla.
881 3920 950 3976 Et
988 3922 1091 3977 hoc
1133 3939 1225 3992 per
1251 3939 1439 3978 manus
1474 3926 1698 3995 potentis
1719 3925 1909 3991 Iacob,
1944 3927 1999 3982 id
2040 3935 2125 3981 est
2223 3922 2536 3979 ancillarum
2565 3922 2657 3978 lilii
2687 3923 2950 3979 benedicti
2979 3933 3105 3978 sunt
3131 3941 3146 3977 :
3172 3924 3224 3978 in
3246 3938 3354 3993 quo
3372 3924 3802 3980 ostendituranon

556 4026 655 4080 per
680 4010 1044 4080 operationem
1074 4011 1459 4086 omnipotentis
1510 4012 1623 4068 Dei.
1667 4014 1804 4068 Deus
1846 4017 2013 4084 patris
2047 4017 2125 4069 uti
2224 4028 2345 4068 esse
2364 4029 2714 4084 personarum
2741 4015 3103 4085 acceptionem
3124 4017 3264 4086 apud
3289 4015 3475 4077 Deum.
3499 4017 3592 4085 qui
3614 4031 3803 4072 omnes

561 4099 778 4169 adjutor
808 4108 948 4155 tuus.
991 4098 1253 4170 Loquitur
1290 4101 1594 4170 patriarcha
1636 4102 1704 4157 ad
1736 4102 2006 4158 Christum
2035 4118 2125 4172 seg-
2225 4105 2335 4159 vult
2363 4104 2540 4161 salvos
2563 4105 2698 4169 ﬂeri,
2724 4119 2822 4160 nec
2840 4107 3093 4161 discernit
3113 4108 3311 4179 gradus
3329 4109 3646 4176 nativitatis,
3669 4125 3802 4180 quos

562 4189 798 4243 cundum
847 4189 950 4245 hoc
987 4190 1131 4260 quod
1176 4191 1337 4246 homo
1384 4200 1485 4247 est.
1527 4191 1685 4258 Deus,
1736 4193 1929 4264 inquit,
1963 4194 2127 4263 pam's
2180 4258 2183 4261 ν
2225 4211 2331 4250 una
2363 4195 2493 4250 ﬁdes
2528 4194 2657 4252 limit
2680 4195 2933 4265 aequales.

569 4279 674 4345 tni,
715 4278 768 4333 id
811 4290 897 4334 est
936 4279 1024 4335 ille
1054 4281 1196 4338 Deus
1222 4296 1380 4352 quem
1409 4289 1590 4351 patres
1635 4283 1709 4337 tui
1750 4284 2126 4348 adoravernnt,
2159 4286 2163 4290 ’
2298 4288 2452 4342 Vers.
2480 4286 2571 4345 52.
2595 4288 2971 4358 Appositusque
2996 4296 3070 4342 est
3099 4288 3169 4341 ad
3187 4288 3431 4359 populum
3456 4298 3629 4344 suum.
3652 4289 3805 4361 Sxpe

563 4366 859 4436 Abraham,
900 4369 1051 4427 Isaac
1091 4382 1146 4429 et
1179 4370 1365 4429 Jacoh.
1396 4372 1461 4427 Et
1494 4372 1829 4444 Omnipotens
1871 4376 2128 4430 benedicet
2229 4378 2334 4432 hoc
2374 4377 2570 4447 legitur
2612 4378 2667 4445 iu
2712 4377 2890 4432 divina
2926 4376 3204 4446 Scriptura
3247 4394 3269 4432 τ
3303 4379 3694 4448 Appositus—cst
3736 4381 3803 4433 ad

565 4459 678 4512 tibi.
727 4458 993 4530 Singulari
1052 4463 1301 4519 videlicet
1342 4463 1716 4520 benedictione
1765 4480 1875 4534 prae.
1921 4466 2129 4522 caeteris
2160 4519 2206 4540 ,ι
2234 4468 2423 4538 fratres
2450 4484 2589 4532 suos,
2622 4470 2993 4540 oppositasque
3016 4478 3092 4524 est
3117 4470 3187 4523 ad
3207 4469 3454 4539 populum
3478 4487 3651 4526 suum.
3684 4472 3806 4527 ideo

566 4550 786 4603 sanctis.
826 4519 929 4605 Per
973 4553 1398 4608 benedictionem
1442 4552 1564 4607 coeli
1594 4519 1820 4622 desuper
1854 4563 1910 4610 ct
1951 4519 2129 4626 abjssi
2159 4519 2210 4584 θ

568 4637 800 4707 jacentis
840 4639 1087 4696 deorsum
1124 4641 1459 4713 signiﬁcatur
1488 4641 1703 4697 Christo
1745 4645 1924 4698 omnia
1968 4644 2132 4700 finisse
2233 4649 2375 4703 nulla
2418 4649 2644 4718 quaestio
2683 4656 2786 4713 est,
2826 4649 2967 4718 quod
3004 4648 3254 4703 videlicet
3296 4663 3416 4704 cum
3446 4650 3716 4705 Abraham
3753 4659 3805 4707 et

568 4724 826 4796 subjecta,
883 4730 1102 4800 angelos
1122 4731 1372 4788 videlicet
1410 4732 1464 4787 in
1509 4737 1647 4787 caelo
1683 4744 1737 4788 et
1788 4735 2032 4790 homines
2077 4736 2132 4790 in
2233 4740 2852 4812 lsaaccongregarelur.
2883 4741 2959 4795 De
2992 4739 3187 4810 populo
3232 4749 3408 4795 autem
3453 4741 3673 4796 dubium
3703 4750 3803 4806 est,

572 4825 736 4872 terra.
780 4818 858 4874 De
910 4818 1013 4875 hac
1061 4820 1435 4877 benedictione
1484 4822 1769 4892 Apostolus
1814 4823 1944 4879 dicit
1999 4840 2019 4878 :
2064 4821 2132 4877 Et
2233 4829 2356 4898 quia
2377 4828 2603 4899 populus
2631 4836 2714 4884 cst
2739 4828 3040 4884 multitudo.
3071 4829 3147 4883 llli
3172 4843 3301 4885 vero
3327 4829 3501 4884 adhuc
3526 4838 3633 4884 tam
3658 4829 3804 4899 parvi

572 4908 818 4962 exultavit
877 4908 1025 4964 illum
1070 4909 1239 4976 Deus,
1279 4921 1327 4965 et
1372 4912 1581 4966 donavit
1635 4913 1715 4968 illi
1763 4926 1980 4981 nomen,
2025 4924 2131 4971 etc.
2234 4927 2411 4983 erant,
2441 4917 2875 4989 utpopulusdici
2908 4918 3263 4989 nonpossint.
3290 4919 3655 4989 lntelligamus
3681 4933 3805 4991 ergo

574 4995 796 5070 (Philip.
840 5015 903 5067 ιι,
948 5000 1025 5073 9).
1046 5031 1118 5041 —
1138 5000 1594 5058 Benedictionibus
1633 5006 1845 5059 uberum
1897 5006 2050 5073 dicit,
2082 5007 2133 5062 id
2242 5011 2345 5066 hoc
2372 5023 2478 5064 non
2506 5010 2571 5064 de
2595 5007 2723 5064 solis
2746 5008 2947 5064 sanctis
2966 5008 3270 5064 hominibus
3289 5009 3510 5073 dictum,
3532 5009 3627 5064 sed
3647 5011 3803 5064 etiam

573 5089 901 5147 estduorum
924 5091 1414 5171 Testamentorum,
1441 5111 1670 5164 quorum
1698 5086 1924 5152 alterum
1950 5108 2138 5153 ventu-
2245 5104 2311 5157 de
2338 5101 2563 5174 angelis,
2599 5101 2665 5156 ad
2705 5116 2932 5170 quorum
2959 5102 3270 5156 societatem
3306 5102 3475 5156 sancti
3516 5102 3582 5155 dc
3611 5102 3803 5156 mundo

575 5197 696 5236 rum
724 5180 1017 5248 Christum,
1054 5184 1281 5239 alterum
1308 5186 1521 5241 venisse
1564 5189 1849 5243 nuntiavit.
1885 5189 1980 5245 llis
2006 5191 2139 5247 ube-
2248 5202 2585 5250 transeuntes
2629 5192 3050 5261 apponebantur.
3099 5192 3178 5247 De
3228 5192 3327 5247 hoc
3371 5192 3567 5262 populo
3595 5192 3804 5247 Pullus

578 5271 728 5327 ribus
767 5274 1004 5328 nutritur
1027 5275 1248 5329 infantia
1281 5274 1551 5331 Ecclesiae.
1609 5277 1703 5334 Vel
1740 5280 1902 5334 etiam
1930 5280 2141 5336 benedi-
2248 5283 2379 5338 dicit
2409 5297 2424 5336 :
2454 5282 2752 5336 Accessistis
2780 5280 2848 5333 ad
2882 5289 3104 5335 montem
3133 5277 3262 5334 Sion
3296 5290 3345 5335 et
3384 5282 3452 5334 ad
3483 5280 3804 5336 Hierusalem

579 5362 833 5444 ctionibus
884 5363 1097 5416 uberum
1139 5363 1269 5417 dicit
1317 5365 1485 5421 beata:
1514 5364 1695 5424 Mariae
1728 5367 1984 5440 Virginis,
2020 5386 2142 5441 quas
2251 5372 2682 5437 cmicstent,etad
2704 5370 3042 5441 frequentiam
3060 5369 3362 5439 angelorum
3384 5369 3569 5441 (Hebr.
3587 5371 3800 5441 xnﬁe).

579 5452 852 5541 (inustum
881 5451 1138 5510 infantem
1167 5455 1370 5521 habuit,
1397 5455 1549 5525 cujus
1578 5459 1885 5532 incorrupta
1907 5461 1959 5515 in
1987 5462 2143 5515 vulva
2865 5454 3092 5512 CAPUT
3127 5457 3192 5511 L.

1095 5545 1242 5578 ""4"
1287 5555 1334 5570 “
1385 5548 1434 5576 '-
1496 5547 1780 5582 ’λιιι-υ·Αή
1837 5550 2094 5596 nul-Iam!“

2320 5549 2474 5596 Verg.
2496 5548 2549 5594 3-
2575 5547 2911 5596 Transierunt
2929 5548 3274 5591 ηυηδυηηεηιη
3294 5548 3403 5588 ,κη
3439 5548 3538 5596 ηερ
3559 5564 3805 5596 "unum"
