  <div class='ocr_page' id='page_1' title='image "/cluster/home/n/w/nwhite01/storage/ocr_20150623/131/hvd.32044015471725/072.png"; bbox 0 0 3986 5400; ppageno 0'>
   <div class='ocr_carea' id='block_1_1' title="bbox 215 366 1749 463">
    <p class='ocr_par' dir='ltr' id='par_1_1' title="bbox 215 366 1749 463">
     <span class='ocr_line' id='line_1_1' title="bbox 215 366 1749 463; baseline -0.006 -4"><span class='ocrx_word' id='word_1_1' title='bbox 215 400 303 463; x_wconf 68' lang='lat'><strong>133</strong></span> <span class='ocrx_word' id='word_1_2' title='bbox 1015 366 1542 454; x_wconf 60' lang='lat' dir='ltr'><strong>suannirtoxss</strong></span> <span class='ocrx_word' id='word_1_3' title='bbox 1583 396 1644 451; x_wconf 83' lang='lat' dir='ltr'><strong>IN</strong></span> <span class='ocrx_word' id='word_1_4' title='bbox 1685 394 1749 449; x_wconf 80' lang='lat' dir='ltr'><strong>r:</strong></span> 
     </span>
    </p>
   </div>
   <div class='ocr_carea' id='block_1_2' title="bbox 1854 366 2581 463">
    <p class='ocr_par' dir='ltr' id='par_1_2' title="bbox 1854 392 2581 452">
     <span class='ocr_line' id='line_1_2' title="bbox 1854 392 2581 452; baseline 0.004 -6"><span class='ocrx_word' id='word_1_5' title='bbox 1854 394 2090 452; x_wconf 77' lang='lat' dir='ltr'><strong>.MOS.—</strong></span> <span class='ocrx_word' id='word_1_6' title='bbox 2118 392 2581 451; x_wconf 60' lang='lat' dir='ltr'><strong>PILEAMBULA.</strong></span> 
     </span>
    </p>
   </div>
   <div class='ocr_carea' id='block_1_3' title="bbox 3331 403 3435 463">
    <p class='ocr_par' dir='ltr' id='par_1_3' title="bbox 3331 403 3435 463">
     <span class='ocr_line' id='line_1_3' title="bbox 3331 403 3435 463; baseline 0 -2"><span class='ocrx_word' id='word_1_7' title='bbox 3331 403 3435 463; x_wconf 64' lang='lat'><strong>£54</strong></span> 
     </span>
    </p>
   </div>
   <div class='ocr_carea' id='block_1_4' title="bbox 213 507 3437 583">
    <p class='ocr_par' dir='ltr' id='par_1_4' title="bbox 213 507 3437 583">
     <span class='ocr_line' id='line_1_4' title="bbox 213 507 3437 583; baseline 0.002 -16"><span class='ocrx_word' id='word_1_8' title='bbox 213 512 527 583; x_wconf 71' lang='lat' dir='ltr'><strong>Septuaginta</strong></span> <span class='ocrx_word' id='word_1_9' title='bbox 564 512 765 566; x_wconf 85' lang='lat' dir='ltr'><strong>diebus.</strong></span> <span class='ocrx_word' id='word_1_10' title='bbox 813 510 1044 575; x_wconf 85' lang='lat' dir='ltr'><strong>Ethnici,</strong></span> <span class='ocrx_word' id='word_1_11' title='bbox 1074 513 1125 566; x_wconf 86' lang='lat' dir='ltr'><strong>id</strong></span> <span class='ocrx_word' id='word_1_12' title='bbox 1161 524 1243 566; x_wconf 89' lang='lat' dir='ltr'><strong>est</strong></span> <span class='ocrx_word' id='word_1_13' title='bbox 1278 511 1526 583; x_wconf 87' lang='lat' dir='ltr'><strong>gentiles,</strong></span> <span class='ocrx_word' id='word_1_14' title='bbox 1562 524 1753 564; x_wconf 81' lang='lat' dir='ltr'><strong>novem</strong></span> <span class='ocrx_word' id='word_1_15' title='bbox 1783 510 1830 569; x_wconf 86' lang='grc' dir='ltr'><strong>Α</strong></span> <span class='ocrx_word' id='word_1_16' title='bbox 1861 507 2229 577; x_wconf 72' lang='lat' dir='ltr'><strong>signiﬁcantia:</strong></span> <span class='ocrx_word' id='word_1_17' title='bbox 2259 508 2361 562; x_wconf 79' lang='lat' dir='ltr'><strong>line</strong></span> <span class='ocrx_word' id='word_1_18' title='bbox 2400 508 2601 562; x_wconf 83' lang='lat' dir='ltr'><strong>factum</strong></span> <span class='ocrx_word' id='word_1_19' title='bbox 2638 523 2757 564; x_wconf 87' lang='lat' dir='ltr'><strong>esse</strong></span> <span class='ocrx_word' id='word_1_20' title='bbox 2785 509 3039 566; x_wconf 84' lang='lat' dir='ltr'><strong>sciamus.</strong></span> <span class='ocrx_word' id='word_1_21' title='bbox 3071 511 3129 567; x_wconf 86' lang='lat' dir='ltr'><strong>In</strong></span> <span class='ocrx_word' id='word_1_22' title='bbox 3156 512 3260 569; x_wconf 88' lang='lat' dir='ltr'><strong>hoc</strong></span> <span class='ocrx_word' id='word_1_23' title='bbox 3292 517 3437 577; x_wconf 88' lang='lat' dir='ltr'><strong>enim</strong></span> 
     </span>
    </p>
   </div>
   <div class='ocr_carea' id='block_1_5' title="bbox 211 596 1761 660">
    <p class='ocr_par' dir='ltr' id='par_1_5' title="bbox 211 596 1761 660">
     <span class='ocr_line' id='line_1_5' title="bbox 211 596 1761 660; baseline -0.006 0"><span class='ocrx_word' id='word_1_24' title='bbox 211 606 377 660; x_wconf 87' lang='lat' dir='ltr'><strong>diebus</strong></span> <span class='ocrx_word' id='word_1_25' title='bbox 418 601 610 655; x_wconf 85' lang='lat' dir='ltr'><strong>ﬂebant</strong></span> <span class='ocrx_word' id='word_1_26' title='bbox 656 610 899 654; x_wconf 88' lang='lat' dir='ltr'><strong>mortuos</strong></span> <span class='ocrx_word' id='word_1_27' title='bbox 944 615 1089 653; x_wconf 89' lang='lat' dir='ltr'><strong>suos.</strong></span> <span class='ocrx_word' id='word_1_28' title='bbox 1139 600 1291 654; x_wconf 86' lang='lat' dir='ltr'><strong>Unde</strong></span> <span class='ocrx_word' id='word_1_29' title='bbox 1334 610 1389 653; x_wconf 87' lang='lat' dir='ltr'><strong>et</strong></span> <span class='ocrx_word' id='word_1_30' title='bbox 1430 596 1761 653; x_wconf 79' lang='lat' dir='ltr'><strong>novendialis</strong></span> 
     </span>
    </p>
   </div>
   <div class='ocr_carea' id='block_1_6' title="bbox 208 686 1759 759">
    <p class='ocr_par' dir='ltr' id='par_1_6' title="bbox 208 686 1759 759">
     <span class='ocr_line' id='line_1_6' title="bbox 208 686 1759 759; baseline -0.005 -13"><span class='ocrx_word' id='word_1_31' title='bbox 208 692 478 747; x_wconf 77' lang='lat' dir='ltr'><strong>vocabatur</strong></span> <span class='ocrx_word' id='word_1_32' title='bbox 529 706 670 743; x_wconf 86' lang='lat' dir='ltr'><strong>nona</strong></span> <span class='ocrx_word' id='word_1_33' title='bbox 713 691 849 753; x_wconf 90' lang='lat' dir='ltr'><strong>dies,</strong></span> <span class='ocrx_word' id='word_1_34' title='bbox 900 690 1113 759; x_wconf 80' lang='lat' dir='ltr'><strong>quando</strong></span> <span class='ocrx_word' id='word_1_35' title='bbox 1161 690 1537 757; x_wconf 82' lang='lat' dir='ltr'><strong>sepeliebatur.</strong></span> <span class='ocrx_word' id='word_1_36' title='bbox 1581 686 1759 741; x_wconf 85' lang='lat' dir='ltr'><strong>Nostri</strong></span> 
     </span>
    </p>
   </div>
   <div class='ocr_carea' id='block_1_7' title="bbox 209 781 1760 850">
    <p class='ocr_par' dir='ltr' id='par_1_7' title="bbox 209 781 1760 850">
     <span class='ocr_line' id='line_1_7' title="bbox 209 781 1760 850; baseline -0.001 -15"><span class='ocrx_word' id='word_1_37' title='bbox 209 798 338 845; x_wconf 79' lang='lat' dir='ltr'><strong>vero.</strong></span> <span class='ocrx_word' id='word_1_38' title='bbox 387 783 435 835; x_wconf 92' lang='lat' dir='ltr'><strong>id</strong></span> <span class='ocrx_word' id='word_1_39' title='bbox 464 792 547 835; x_wconf 87' lang='lat' dir='ltr'><strong>est</strong></span> <span class='ocrx_word' id='word_1_40' title='bbox 589 782 681 835; x_wconf 78' lang='lat' dir='ltr'><strong>hei</strong></span> <span class='ocrx_word' id='word_1_41' title='bbox 717 781 972 843; x_wconf 85' lang='lat' dir='ltr'><strong>cultores,</strong></span> <span class='ocrx_word' id='word_1_42' title='bbox 1014 791 1215 850; x_wconf 89' lang='lat' dir='ltr'><strong>septem</strong></span> <span class='ocrx_word' id='word_1_43' title='bbox 1255 781 1442 835; x_wconf 90' lang='lat' dir='ltr'><strong>diebus</strong></span> <span class='ocrx_word' id='word_1_44' title='bbox 1480 781 1760 846; x_wconf 82' lang='lat' dir='ltr'><strong>exsequias</strong></span> 
     </span>
    </p>
   </div>
   <div class='ocr_carea' id='block_1_8' title="bbox 207 870 1757 939">
    <p class='ocr_par' dir='ltr' id='par_1_8' title="bbox 207 870 1757 939">
     <span class='ocr_line' id='line_1_8' title="bbox 207 870 1757 939; baseline -0.004 -10"><span class='ocrx_word' id='word_1_45' title='bbox 207 882 517 929; x_wconf 84' lang='lat' dir='ltr'><strong>mortuorum</strong></span> <span class='ocrx_word' id='word_1_46' title='bbox 557 872 852 926; x_wconf 88' lang='lat' dir='ltr'><strong>celebrant.</strong></span> <span class='ocrx_word' id='word_1_47' title='bbox 902 871 1054 926; x_wconf 87' lang='lat' dir='ltr'><strong>Unde</strong></span> <span class='ocrx_word' id='word_1_48' title='bbox 1096 872 1356 939; x_wconf 88' lang='lat' dir='ltr'><strong>scriptum</strong></span> <span class='ocrx_word' id='word_1_49' title='bbox 1399 880 1523 927; x_wconf 84' lang='lat' dir='ltr'><strong>est:</strong></span> <span class='ocrx_word' id='word_1_50' title='bbox 1565 870 1757 923; x_wconf 83' lang='lat' dir='ltr'><strong>Luctus</strong></span> 
     </span>
    </p>
   </div>
   <div class='ocr_carea' id='block_1_9' title="bbox 206 960 1758 1030">
    <p class='ocr_par' dir='ltr' id='par_1_9' title="bbox 206 960 1758 1030">
     <span class='ocr_line' id='line_1_9' title="bbox 206 960 1758 1030; baseline -0.004 -12"><span class='ocrx_word' id='word_1_51' title='bbox 206 966 376 1018; x_wconf 87' lang='lat' dir='ltr'><strong>mortui</strong></span> <span class='ocrx_word' id='word_1_52' title='bbox 402 972 588 1030; x_wconf 78' lang='lat' dir='ltr'><strong>septem</strong></span> <span class='ocrx_word' id='word_1_53' title='bbox 619 962 766 1026; x_wconf 82' lang='lat' dir='ltr'><strong>dies;</strong></span> <span class='ocrx_word' id='word_1_54' title='bbox 797 961 968 1015; x_wconf 87' lang='lat' dir='ltr'><strong>luctus</strong></span> <span class='ocrx_word' id='word_1_55' title='bbox 996 972 1169 1015; x_wconf 81' lang='lat' dir='ltr'><strong>autem</strong></span> <span class='ocrx_word' id='word_1_56' title='bbox 1196 960 1329 1029; x_wconf 81' lang='lat' dir='ltr'><strong>[alui</strong></span> <span class='ocrx_word' id='word_1_57' title='bbox 1372 976 1521 1013; x_wconf 86' lang='lat' dir='ltr'><strong>omne</strong></span> <span class='ocrx_word' id='word_1_58' title='bbox 1560 969 1758 1028; x_wconf 86' lang='lat' dir='ltr'><strong>tempus</strong></span> 
     </span>
    </p>
   </div>
   <div class='ocr_carea' id='block_1_10' title="bbox 206 1051 1758 1123">
    <p class='ocr_par' dir='ltr' id='par_1_10' title="bbox 206 1051 1758 1123">
     <span class='ocr_line' id='line_1_10' title="bbox 206 1051 1758 1123; baseline -0.003 -15"><span class='ocrx_word' id='word_1_59' title='bbox 206 1056 306 1109; x_wconf 68' lang='lat' dir='ltr'><strong>tittr</strong></span> <span class='ocrx_word' id='word_1_60' title='bbox 329 1055 435 1123; x_wconf 78' lang='lat' dir='ltr'><strong>ejus</strong></span> <span class='ocrx_word' id='word_1_61' title='bbox 463 1053 648 1122; x_wconf 76' lang='lat' dir='ltr'><strong>(Ereti.</strong></span> <span class='ocrx_word' id='word_1_62' title='bbox 680 1069 812 1116; x_wconf 63' lang='grc' dir='ltr'>χχιι,</span> <span class='ocrx_word' id='word_1_63' title='bbox 836 1052 943 1121; x_wconf 75' lang='grc'><strong>15).</strong></span> <span class='ocrx_word' id='word_1_64' title='bbox 970 1052 1315 1121; x_wconf 80' lang='lat' dir='ltr'><strong>Septenarius</strong></span> <span class='ocrx_word' id='word_1_65' title='bbox 1340 1052 1576 1120; x_wconf 80' lang='lat' dir='ltr'><strong>requiem</strong></span> <span class='ocrx_word' id='word_1_66' title='bbox 1595 1051 1758 1120; x_wconf 79' lang='lat' dir='ltr'><strong>signi-</strong></span> 
     </span>
    </p>
   </div>
   <div class='ocr_carea' id='block_1_11' title="bbox 203 1144 1755 1213">
    <p class='ocr_par' dir='ltr' id='par_1_11' title="bbox 203 1144 1755 1213">
     <span class='ocr_line' id='line_1_11' title="bbox 203 1144 1755 1213; baseline -0.004 -12"><span class='ocrx_word' id='word_1_67' title='bbox 203 1149 311 1201; x_wconf 80' lang='lat' dir='ltr'><strong>ﬁeat</strong></span> <span class='ocrx_word' id='word_1_68' title='bbox 334 1162 349 1200; x_wconf 88' lang='lat'><strong>:</strong></span> <span class='ocrx_word' id='word_1_69' title='bbox 379 1146 515 1198; x_wconf 89' lang='lat' dir='ltr'><strong>unde</strong></span> <span class='ocrx_word' id='word_1_70' title='bbox 544 1155 597 1198; x_wconf 87' lang='lat' dir='ltr'><strong>et</strong></span> <span class='ocrx_word' id='word_1_71' title='bbox 621 1145 849 1213; x_wconf 85' lang='lat' dir='ltr'><strong>septima</strong></span> <span class='ocrx_word' id='word_1_72' title='bbox 874 1146 991 1198; x_wconf 87' lang='lat' dir='ltr'><strong>dies</strong></span> <span class='ocrx_word' id='word_1_73' title='bbox 1013 1145 1327 1208; x_wconf 88' lang='lat' dir='ltr'><strong>Sabbatnm,</strong></span> <span class='ocrx_word' id='word_1_74' title='bbox 1354 1144 1403 1197; x_wconf 89' lang='lat' dir='ltr'><strong>id</strong></span> <span class='ocrx_word' id='word_1_75' title='bbox 1428 1152 1512 1198; x_wconf 88' lang='lat' dir='ltr'><strong>est</strong></span> <span class='ocrx_word' id='word_1_76' title='bbox 1536 1144 1755 1211; x_wconf 85' lang='lat' dir='ltr'><strong>requies,</strong></span> 
     </span>
    </p>
   </div>
   <div class='ocr_carea' id='block_1_12' title="bbox 200 1233 1754 1305">
    <p class='ocr_par' dir='ltr' id='par_1_12' title="bbox 200 1233 1754 1305">
     <span class='ocr_line' id='line_1_12' title="bbox 200 1233 1754 1305; baseline -0.001 -16"><span class='ocrx_word' id='word_1_77' title='bbox 200 1236 497 1305; x_wconf 77' lang='lat' dir='ltr'><strong>appellatur.</strong></span> <span class='ocrx_word' id='word_1_78' title='bbox 529 1233 812 1288; x_wconf 87' lang='lat' dir='ltr'><strong>Celebrant</strong></span> <span class='ocrx_word' id='word_1_79' title='bbox 849 1249 979 1304; x_wconf 85' lang='lat' dir='ltr'><strong>ergo</strong></span> <span class='ocrx_word' id='word_1_80' title='bbox 1002 1234 1286 1301; x_wconf 88' lang='lat' dir='ltr'><strong>septimam</strong></span> <span class='ocrx_word' id='word_1_81' title='bbox 1330 1233 1474 1289; x_wconf 88' lang='lat' dir='ltr'><strong>diem</strong></span> <span class='ocrx_word' id='word_1_82' title='bbox 1514 1244 1754 1288; x_wconf 79' lang='lat' dir='ltr'><strong>mortuo-</strong></span> 
     </span>
    </p>
   </div>
   <div class='ocr_carea' id='block_1_13' title="bbox 201 1322 1755 1395">
    <p class='ocr_par' dir='ltr' id='par_1_13' title="bbox 201 1322 1755 1395">
     <span class='ocr_line' id='line_1_13' title="bbox 201 1322 1755 1395; baseline -0.002 -15"><span class='ocrx_word' id='word_1_83' title='bbox 201 1340 302 1380; x_wconf 88' lang='lat' dir='ltr'><strong>rum</strong></span> <span class='ocrx_word' id='word_1_84' title='bbox 330 1334 579 1395; x_wconf 81' lang='lat' dir='ltr'><strong>Optantes</strong></span> <span class='ocrx_word' id='word_1_85' title='bbox 620 1324 738 1377; x_wconf 89' lang='lat' dir='ltr'><strong>illos</strong></span> <span class='ocrx_word' id='word_1_86' title='bbox 769 1325 1107 1392; x_wconf 82' lang='lat' dir='ltr'><strong>requiescere</strong></span> <span class='ocrx_word' id='word_1_87' title='bbox 1136 1338 1257 1378; x_wconf 90' lang='lat' dir='ltr'><strong>cum</strong></span> <span class='ocrx_word' id='word_1_88' title='bbox 1287 1324 1569 1378; x_wconf 84' lang='lat' dir='ltr'><strong>Dominoa</strong></span> <span class='ocrx_word' id='word_1_89' title='bbox 1606 1322 1755 1377; x_wconf 75' lang='lat' dir='ltr'><strong>labo-</strong></span> 
     </span>
    </p>
   </div>
   <div class='ocr_carea' id='block_1_14' title="bbox 200 1409 1753 1484">
    <p class='ocr_par' dir='ltr' id='par_1_14' title="bbox 200 1409 1753 1484">
     <span class='ocr_line' id='line_1_14' title="bbox 200 1409 1753 1484; baseline -0.001 -17"><span class='ocrx_word' id='word_1_90' title='bbox 200 1414 330 1467; x_wconf 80' lang='lat' dir='ltr'><strong>ribus</strong></span> <span class='ocrx_word' id='word_1_91' title='bbox 373 1414 649 1483; x_wconf 65' lang='lat' dir='ltr'><strong>praesentis</strong></span> <span class='ocrx_word' id='word_1_92' title='bbox 693 1414 897 1469; x_wconf 59' lang='lat' dir='ltr'><strong>saeculi.</strong></span> <span class='ocrx_word' id='word_1_93' title='bbox 927 1413 1026 1468; x_wconf 84' lang='lat' dir='ltr'><strong>Hie</strong></span> <span class='ocrx_word' id='word_1_94' title='bbox 1065 1428 1196 1484; x_wconf 89' lang='lat' dir='ltr'><strong>ergo</strong></span> <span class='ocrx_word' id='word_1_95' title='bbox 1238 1413 1407 1471; x_wconf 89' lang='lat' dir='ltr'><strong>dicit:</strong></span> <span class='ocrx_word' id='word_1_96' title='bbox 1441 1409 1610 1466; x_wconf 80' lang='lat' dir='ltr'><strong>Flevit</strong></span> <span class='ocrx_word' id='word_1_97' title='bbox 1636 1429 1753 1466; x_wconf 85' lang='lat' dir='ltr'><strong>eum</strong></span> 
     </span>
    </p>
   </div>
   <div class='ocr_carea' id='block_1_15' title="bbox 198 1504 1754 1577">
    <p class='ocr_par' dir='ltr' id='par_1_15' title="bbox 198 1504 1754 1577">
     <span class='ocr_line' id='line_1_15' title="bbox 198 1504 1754 1577; baseline 0.003 -19"><span class='ocrx_word' id='word_1_98' title='bbox 198 1504 435 1575; x_wconf 54' lang='lat' dir='ltr'><strong>ﬁgyptus</strong></span> <span class='ocrx_word' id='word_1_99' title='bbox 490 1508 821 1576; x_wconf 73' lang='lat' dir='ltr'><strong>septuaginta</strong></span> <span class='ocrx_word' id='word_1_100' title='bbox 871 1506 1088 1572; x_wconf 78' lang='lat' dir='ltr'><strong>diebus,</strong></span> <span class='ocrx_word' id='word_1_101' title='bbox 1154 1507 1246 1577; x_wconf 88' lang='lat' dir='ltr'><strong>qui</strong></span> <span class='ocrx_word' id='word_1_102' title='bbox 1304 1514 1390 1565; x_wconf 90' lang='lat' dir='ltr'><strong>est</strong></span> <span class='ocrx_word' id='word_1_103' title='bbox 1443 1507 1754 1576; x_wconf 85' lang='lat' dir='ltr'><strong>decuplatus</strong></span> 
     </span>
    </p>
   </div>
   <div class='ocr_carea' id='block_1_16' title="bbox 197 1594 1751 1667">
    <p class='ocr_par' dir='ltr' id='par_1_16' title="bbox 197 1594 1751 1667">
     <span class='ocr_line' id='line_1_16' title="bbox 197 1594 1751 1667; baseline 0.001 -19"><span class='ocrx_word' id='word_1_104' title='bbox 197 1595 529 1662; x_wconf 83' lang='lat' dir='ltr'><strong>septenarius.</strong></span> <span class='ocrx_word' id='word_1_105' title='bbox 594 1594 729 1650; x_wconf 81' lang='lat' dir='ltr'><strong>Nam</strong></span> <span class='ocrx_word' id='word_1_106' title='bbox 779 1597 980 1666; x_wconf 88' lang='lat' dir='ltr'><strong>septies</strong></span> <span class='ocrx_word' id='word_1_107' title='bbox 1030 1596 1153 1652; x_wconf 86' lang='lat' dir='ltr'><strong>deni</strong></span> <span class='ocrx_word' id='word_1_108' title='bbox 1210 1598 1547 1667; x_wconf 78' lang='lat' dir='ltr'><strong>septuaginta</strong></span> <span class='ocrx_word' id='word_1_109' title='bbox 1606 1604 1751 1653; x_wconf 88' lang='lat' dir='ltr'><strong>sunt.</strong></span> 
     </span>
    </p>
   </div>
   <div class='ocr_carea' id='block_1_17' title="bbox 196 1683 1751 1754">
    <p class='ocr_par' dir='ltr' id='par_1_17' title="bbox 196 1683 1751 1754">
     <span class='ocr_line' id='line_1_17' title="bbox 196 1683 1751 1754; baseline 0.003 -18"><span class='ocrx_word' id='word_1_110' title='bbox 196 1683 358 1737; x_wconf 80' lang='lat' dir='ltr'><strong>Potest</strong></span> <span class='ocrx_word' id='word_1_111' title='bbox 395 1693 447 1739; x_wconf 90' lang='lat' dir='ltr'><strong>et</strong></span> <span class='ocrx_word' id='word_1_112' title='bbox 494 1685 603 1739; x_wconf 86' lang='lat' dir='ltr'><strong>hoc</strong></span> <span class='ocrx_word' id='word_1_113' title='bbox 648 1686 782 1750; x_wconf 90' lang='lat' dir='ltr'><strong>dici,</strong></span> <span class='ocrx_word' id='word_1_114' title='bbox 828 1686 952 1754; x_wconf 85' lang='lat' dir='ltr'><strong>quia</strong></span> <span class='ocrx_word' id='word_1_115' title='bbox 1007 1687 1148 1742; x_wconf 84' lang='lat' dir='ltr'><strong>sicut</strong></span> <span class='ocrx_word' id='word_1_116' title='bbox 1190 1687 1348 1742; x_wconf 85' lang='lat' dir='ltr'><strong>tertia</strong></span> <span class='ocrx_word' id='word_1_117' title='bbox 1395 1687 1510 1742; x_wconf 88' lang='lat' dir='ltr'><strong>dies</strong></span> <span class='ocrx_word' id='word_1_118' title='bbox 1556 1687 1751 1743; x_wconf 89' lang='lat' dir='ltr'><strong>mortui</strong></span> 
     </span>
    </p>
   </div>
   <div class='ocr_carea' id='block_1_18' title="bbox 195 1773 1747 1849">
    <p class='ocr_par' dir='ltr' id='par_1_18' title="bbox 195 1773 1747 1849">
     <span class='ocr_line' id='line_1_18' title="bbox 195 1773 1747 1849; baseline 0.005 -25"><span class='ocrx_word' id='word_1_119' title='bbox 195 1773 351 1843; x_wconf 86' lang='lat' dir='ltr'><strong>agitur</strong></span> <span class='ocrx_word' id='word_1_120' title='bbox 370 1790 396 1828; x_wconf 83' lang='lat' dir='ltr'><strong>a</strong></span> <span class='ocrx_word' id='word_1_121' title='bbox 420 1775 694 1841; x_wconf 85' lang='lat' dir='ltr'><strong>ﬁdelibus,</strong></span> <span class='ocrx_word' id='word_1_122' title='bbox 720 1786 779 1830; x_wconf 91' lang='lat' dir='ltr'><strong>ut</strong></span> <span class='ocrx_word' id='word_1_123' title='bbox 804 1777 1002 1840; x_wconf 82' lang='lat' dir='ltr'><strong>anima,</strong></span> <span class='ocrx_word' id='word_1_124' title='bbox 1025 1792 1145 1849; x_wconf 65' lang='lat' dir='ltr'><strong>qua:</strong></span> <span class='ocrx_word' id='word_1_125' title='bbox 1170 1777 1395 1847; x_wconf 86' lang='lat' dir='ltr'><strong>triplicis</strong></span> <span class='ocrx_word' id='word_1_126' title='bbox 1418 1787 1624 1832; x_wconf 70' lang='lat' dir='ltr'><strong>natura:</strong></span> <span class='ocrx_word' id='word_1_127' title='bbox 1644 1785 1747 1843; x_wconf 87' lang='lat' dir='ltr'><strong>est,</strong></span> 
     </span>
    </p>
   </div>
   <div class='ocr_carea' id='block_1_19' title="bbox 1862 596 3439 671">
    <p class='ocr_par' dir='ltr' id='par_1_19' title="bbox 1862 596 3439 671">
     <span class='ocr_line' id='line_1_19' title="bbox 1862 596 3439 671; baseline 0.008 -22"><span class='ocrx_word' id='word_1_128' title='bbox 1862 596 1980 651; x_wconf 89' lang='lat' dir='ltr'><strong>loco</strong></span> <span class='ocrx_word' id='word_1_129' title='bbox 2004 597 2091 665; x_wconf 90' lang='lat' dir='ltr'><strong>qui</strong></span> <span class='ocrx_word' id='word_1_130' title='bbox 2112 613 2234 652; x_wconf 87' lang='lat' dir='ltr'><strong>area</strong></span> <span class='ocrx_word' id='word_1_131' title='bbox 2262 598 2412 655; x_wconf 83' lang='lat' dir='ltr'><strong>Adad</strong></span> <span class='ocrx_word' id='word_1_132' title='bbox 2444 597 2667 663; x_wconf 87' lang='lat' dir='ltr'><strong>dicitur,</strong></span> <span class='ocrx_word' id='word_1_133' title='bbox 2693 608 2877 671; x_wconf 85' lang='lat' dir='ltr'><strong>postea</strong></span> <span class='ocrx_word' id='word_1_134' title='bbox 2902 600 3184 656; x_wconf 90' lang='lat' dir='ltr'><strong>multitudo</strong></span> <span class='ocrx_word' id='word_1_135' title='bbox 3207 602 3439 661; x_wconf 88' lang='lat' dir='ltr'><strong>liliorum</strong></span> 
     </span>
    </p>
   </div>
   <div class='ocr_carea' id='block_1_20' title="bbox 1859 689 3439 763">
    <p class='ocr_par' dir='ltr' id='par_1_20' title="bbox 1859 689 3439 763">
     <span class='ocr_line' id='line_1_20' title="bbox 1859 689 3439 763; baseline 0.004 -20"><span class='ocrx_word' id='word_1_136' title='bbox 1859 689 2023 743; x_wconf 87' lang='lat' dir='ltr'><strong>Israel</strong></span> <span class='ocrx_word' id='word_1_137' title='bbox 2051 705 2391 744; x_wconf 84' lang='lat' dir='ltr'><strong>murmurans</strong></span> <span class='ocrx_word' id='word_1_138' title='bbox 2423 698 2610 745; x_wconf 80' lang='lat' dir='ltr'><strong>contra</strong></span> <span class='ocrx_word' id='word_1_139' title='bbox 2637 690 2917 745; x_wconf 91' lang='lat' dir='ltr'><strong>Dominum</strong></span> <span class='ocrx_word' id='word_1_140' title='bbox 2950 692 3070 763; x_wconf 90' lang='lat' dir='ltr'><strong>igne</strong></span> <span class='ocrx_word' id='word_1_141' title='bbox 3097 693 3280 748; x_wconf 85' lang='lat' dir='ltr'><strong>divino</strong></span> <span class='ocrx_word' id='word_1_142' title='bbox 3306 710 3439 749; x_wconf 83' lang='lat' dir='ltr'><strong>con-</strong></span> 
     </span>
    </p>
   </div>
   <div class='ocr_carea' id='block_1_21' title="bbox 1859 782 3437 853">
    <p class='ocr_par' dir='ltr' id='par_1_21' title="bbox 1859 782 3437 853">
     <span class='ocr_line' id='line_1_21' title="bbox 1859 782 3437 853; baseline 0.004 -17"><span class='ocrx_word' id='word_1_143' title='bbox 1859 792 2068 850; x_wconf 88' lang='lat' dir='ltr'><strong>sumpta</strong></span> <span class='ocrx_word' id='word_1_144' title='bbox 2092 791 2192 836; x_wconf 90' lang='lat' dir='ltr'><strong>est.</strong></span> <span class='ocrx_word' id='word_1_145' title='bbox 2242 782 2354 836; x_wconf 82' lang='lat' dir='ltr'><strong>Hoc</strong></span> <span class='ocrx_word' id='word_1_146' title='bbox 2393 797 2520 852; x_wconf 74' lang='lat' dir='ltr'><strong>ergo</strong></span> <span class='ocrx_word' id='word_1_147' title='bbox 2560 782 2919 853; x_wconf 72' lang='lat' dir='ltr'><strong>pnesignahat</strong></span> <span class='ocrx_word' id='word_1_148' title='bbox 2946 785 3119 841; x_wconf 90' lang='lat' dir='ltr'><strong>luctus</strong></span> <span class='ocrx_word' id='word_1_149' title='bbox 3152 787 3239 841; x_wconf 87' lang='lat' dir='ltr'><strong>ille</strong></span> <span class='ocrx_word' id='word_1_150' title='bbox 3273 789 3437 843; x_wconf 76' lang='lat' dir='ltr'><strong>vehe~</strong></span> 
     </span>
    </p>
   </div>
   <div class='ocr_carea' id='block_1_22' title="bbox 1860 859 3495 945">
    <p class='ocr_par' dir='ltr' id='par_1_22' title="bbox 1860 859 3495 945">
     <span class='ocr_line' id='line_1_22' title="bbox 1860 859 3495 945; baseline 0.006 -20"><span class='ocrx_word' id='word_1_151' title='bbox 1860 889 2031 935; x_wconf 80' lang='lat' dir='ltr'><strong>mens,</strong></span> <span class='ocrx_word' id='word_1_152' title='bbox 2070 889 2176 942; x_wconf 89' lang='lat' dir='ltr'><strong>quo</strong></span> <span class='ocrx_word' id='word_1_153' title='bbox 2212 890 2315 927; x_wconf 89' lang='lat' dir='ltr'><strong>non</strong></span> <span class='ocrx_word' id='word_1_154' title='bbox 2356 882 2560 945; x_wconf 90' lang='lat' dir='ltr'><strong>tantum</strong></span> <span class='ocrx_word' id='word_1_155' title='bbox 2596 889 2740 929; x_wconf 89' lang='lat' dir='ltr'><strong>mors</strong></span> <span class='ocrx_word' id='word_1_156' title='bbox 2776 873 2962 938; x_wconf 85' lang='lat' dir='ltr'><strong>Jacoh,</strong></span> <span class='ocrx_word' id='word_1_157' title='bbox 2993 886 3251 944; x_wconf 88' lang='lat' dir='ltr'><strong>quantum</strong></span> <span class='ocrx_word' id='word_1_158' title='bbox 3278 880 3435 934; x_wconf 83' lang='lat' dir='ltr'><strong>ruina</strong></span> <span class='ocrx_word' id='word_1_159' title='bbox 3483 859 3495 868; x_wconf 53' lang='grc'><em>’</em></span> 
     </span>
    </p>
   </div>
   <div class='ocr_carea' id='block_1_23' title="bbox 1861 962 3149 1031">
    <p class='ocr_par' dir='ltr' id='par_1_23' title="bbox 1861 962 3149 1031">
     <span class='ocr_line' id='line_1_23' title="bbox 1861 962 3149 1031; baseline 0.003 -16"><span class='ocrx_word' id='word_1_160' title='bbox 1861 962 2000 1016; x_wconf 89' lang='lat' dir='ltr'><strong>illius</strong></span> <span class='ocrx_word' id='word_1_161' title='bbox 2024 963 2198 1031; x_wconf 81' lang='lat' dir='ltr'><strong>pupnli</strong></span> <span class='ocrx_word' id='word_1_162' title='bbox 2229 979 2346 1030; x_wconf 76' lang='lat' dir='ltr'><strong>qnte</strong></span> <span class='ocrx_word' id='word_1_163' title='bbox 2374 964 2444 1017; x_wconf 89' lang='lat' dir='ltr'><strong>ibi</strong></span> <span class='ocrx_word' id='word_1_164' title='bbox 2477 964 2651 1016; x_wconf 89' lang='lat' dir='ltr'><strong>l&#39;utura</strong></span> <span class='ocrx_word' id='word_1_165' title='bbox 2676 974 2812 1027; x_wconf 91' lang='lat' dir='ltr'><strong>erat,</strong></span> <span class='ocrx_word' id='word_1_166' title='bbox 2838 962 3149 1020; x_wconf 84' lang='lat' dir='ltr'><strong>deﬂebatur.</strong></span> 
     </span>
    </p>
   </div>
   <div class='ocr_carea' id='block_1_24' title="bbox 1932 1050 3434 1119">
    <p class='ocr_par' dir='ltr' id='par_1_24' title="bbox 1932 1050 3434 1119">
     <span class='ocr_line' id='line_1_24' title="bbox 1932 1050 3434 1119; baseline 0.003 -14"><span class='ocrx_word' id='word_1_167' title='bbox 1932 1051 2081 1105; x_wconf 68' lang='lat' dir='ltr'><strong>Vera.</strong></span> <span class='ocrx_word' id='word_1_168' title='bbox 2104 1052 2190 1104; x_wconf 73' lang='grc'><strong>21.</strong></span> <span class='ocrx_word' id='word_1_169' title='bbox 2214 1050 2441 1105; x_wconf 84' lang='lat' dir='ltr'><strong>Locutus</strong></span> <span class='ocrx_word' id='word_1_170' title='bbox 2466 1062 2537 1104; x_wconf 86' lang='lat' dir='ltr'><strong>est</strong></span> <span class='ocrx_word' id='word_1_171' title='bbox 2562 1050 2812 1119; x_wconf 74' lang='lat' dir='ltr'><strong>fratribus</strong></span> <span class='ocrx_word' id='word_1_172' title='bbox 2836 1064 2855 1103; x_wconf 90' lang='lat'><strong>.&#39;</strong></span> <span class='ocrx_word' id='word_1_173' title='bbox 2878 1050 3006 1106; x_wconf 84' lang='lat' dir='ltr'><strong>Post</strong></span> <span class='ocrx_word' id='word_1_174' title='bbox 3030 1064 3243 1108; x_wconf 86' lang='lat' dir='ltr'><strong>mortem</strong></span> <span class='ocrx_word' id='word_1_175' title='bbox 3265 1071 3434 1110; x_wconf 86' lang='lat' dir='ltr'><strong>meam</strong></span> 
     </span>
    </p>
   </div>
   <div class='ocr_carea' id='block_1_25' title="bbox 1857 1136 3433 1220">
    <p class='ocr_par' dir='ltr' id='par_1_25' title="bbox 1857 1136 3433 1220">
     <span class='ocr_line' id='line_1_25' title="bbox 1857 1136 3433 1220; baseline 0.004 -26"><span class='ocrx_word' id='word_1_176' title='bbox 1857 1142 2080 1195; x_wconf 83' lang='lat' dir='ltr'><strong>visitubit</strong></span> <span class='ocrx_word' id='word_1_177' title='bbox 2112 1158 2198 1195; x_wconf 82' lang='lat' dir='ltr'><strong>vos</strong></span> <span class='ocrx_word' id='word_1_178' title='bbox 2236 1141 2511 1220; x_wconf 81' lang='lat' dir='ltr'><strong>Dominus,</strong></span> <span class='ocrx_word' id='word_1_179' title='bbox 2547 1150 2598 1195; x_wconf 90' lang='lat' dir='ltr'><strong>et</strong></span> <span class='ocrx_word' id='word_1_180' title='bbox 2640 1140 2861 1211; x_wconf 82' lang='lat' dir='ltr'><strong>reliqua.</strong></span> <span class='ocrx_word' id='word_1_181' title='bbox 2891 1136 3094 1212; x_wconf 53' lang='lat' dir='ltr'><strong>&#39;Joseph</strong></span> <span class='ocrx_word' id='word_1_182' title='bbox 3128 1145 3309 1212; x_wconf 79' lang='lat' dir='ltr'><strong>igitur,</strong></span> <span class='ocrx_word' id='word_1_183' title='bbox 3342 1148 3433 1215; x_wconf 92' lang='lat' dir='ltr'><strong>qui</strong></span> 
     </span>
    </p>
   </div>
   <div class='ocr_carea' id='block_1_26' title="bbox 1857 1231 3432 1308">
    <p class='ocr_par' dir='ltr' id='par_1_26' title="bbox 1857 1231 3432 1308">
     <span class='ocr_line' id='line_1_26' title="bbox 1857 1231 3432 1308; baseline 0.005 -22"><span class='ocrx_word' id='word_1_184' title='bbox 1857 1234 1999 1286; x_wconf 86' lang='lat' dir='ltr'><strong>sicut</strong></span> <span class='ocrx_word' id='word_1_185' title='bbox 2037 1241 2189 1301; x_wconf 89' lang='lat' dir='ltr'><strong>pater</strong></span> <span class='ocrx_word' id='word_1_186' title='bbox 2220 1233 2336 1302; x_wconf 85' lang='lat' dir='ltr'><strong>ejus</strong></span> <span class='ocrx_word' id='word_1_187' title='bbox 2377 1231 2540 1287; x_wconf 85' lang='lat' dir='ltr'><strong>Jacob</strong></span> <span class='ocrx_word' id='word_1_188' title='bbox 2591 1241 2788 1288; x_wconf 88' lang='lat' dir='ltr'><strong>terram</strong></span> <span class='ocrx_word' id='word_1_189' title='bbox 2843 1236 3275 1308; x_wconf 71' lang='lat' dir='ltr'><strong>repromissionis</strong></span> <span class='ocrx_word' id='word_1_190' title='bbox 3320 1248 3432 1295; x_wconf 83' lang='lat' dir='ltr'><strong>tota</strong></span> 
     </span>
    </p>
   </div>
   <div class='ocr_carea' id='block_1_27' title="bbox 1857 1323 3431 1397">
    <p class='ocr_par' dir='ltr' id='par_1_27' title="bbox 1857 1323 3431 1397">
     <span class='ocr_line' id='line_1_27' title="bbox 1857 1323 3431 1397; baseline 0.004 -20"><span class='ocrx_word' id='word_1_191' title='bbox 1857 1332 2035 1378; x_wconf 90' lang='lat' dir='ltr'><strong>mente</strong></span> <span class='ocrx_word' id='word_1_192' title='bbox 2079 1324 2449 1390; x_wconf 82' lang='lat' dir='ltr'><strong>desiderabat,</strong></span> <span class='ocrx_word' id='word_1_193' title='bbox 2504 1323 2899 1395; x_wconf 88' lang='lat' dir='ltr'><strong>incolatumque</strong></span> <span class='ocrx_word' id='word_1_194' title='bbox 2941 1325 3159 1397; x_wconf 59' lang='lat' dir='ltr'><strong>Egypti</strong></span> <span class='ocrx_word' id='word_1_195' title='bbox 3195 1330 3431 1384; x_wconf 87' lang='lat' dir='ltr'><strong>detesta-</strong></span> 
     </span>
    </p>
   </div>
   <div class='ocr_carea' id='block_1_28' title="bbox 1855 1412 3430 1484">
    <p class='ocr_par' dir='ltr' id='par_1_28' title="bbox 1855 1412 3430 1484">
     <span class='ocr_line' id='line_1_28' title="bbox 1855 1412 3430 1484; baseline 0.003 -17"><span class='ocrx_word' id='word_1_196' title='bbox 1855 1413 2037 1478; x_wconf 87' lang='lat' dir='ltr'><strong>batur,</strong></span> <span class='ocrx_word' id='word_1_197' title='bbox 2067 1412 2341 1467; x_wconf 87' lang='lat' dir='ltr'><strong>moraliter</strong></span> <span class='ocrx_word' id='word_1_198' title='bbox 2368 1428 2486 1475; x_wconf 10' lang='lat' dir='ltr'><strong>rnos</strong></span> <span class='ocrx_word' id='word_1_199' title='bbox 2522 1422 2839 1468; x_wconf 68' lang='lat' dir='ltr'><strong>instrutt&#39;ut</strong></span> <span class='ocrx_word' id='word_1_200' title='bbox 2875 1417 3110 1484; x_wconf 89' lang='lat' dir='ltr'><strong>quandm</strong></span> <span class='ocrx_word' id='word_1_201' title='bbox 3157 1432 3339 1472; x_wconf 90' lang='lat' dir='ltr'><strong>sumus</strong></span> <span class='ocrx_word' id='word_1_202' title='bbox 3378 1419 3430 1473; x_wconf 93' lang='lat' dir='ltr'><strong>in</strong></span> 
     </span>
    </p>
   </div>
   <div class='ocr_carea' id='block_1_29' title="bbox 1855 1502 3432 1576">
    <p class='ocr_par' dir='ltr' id='par_1_29' title="bbox 1855 1502 3432 1576">
     <span class='ocr_line' id='line_1_29' title="bbox 1855 1502 3432 1576; baseline 0.005 -20"><span class='ocrx_word' id='word_1_203' title='bbox 1855 1502 1958 1558; x_wconf 89' lang='lat' dir='ltr'><strong>hoc</strong></span> <span class='ocrx_word' id='word_1_204' title='bbox 1988 1503 2207 1569; x_wconf 90' lang='lat' dir='ltr'><strong>mundo,</strong></span> <span class='ocrx_word' id='word_1_205' title='bbox 2240 1516 2453 1572; x_wconf 89' lang='lat' dir='ltr'><strong>semper</strong></span> <span class='ocrx_word' id='word_1_206' title='bbox 2490 1503 2856 1559; x_wconf 84' lang='lat' dir='ltr'><strong>desideremus</strong></span> <span class='ocrx_word' id='word_1_207' title='bbox 2882 1505 3084 1576; x_wconf 80' lang='lat' dir='ltr'><strong>ingredi</strong></span> <span class='ocrx_word' id='word_1_208' title='bbox 3119 1516 3316 1562; x_wconf 90' lang='lat' dir='ltr'><strong>terram</strong></span> <span class='ocrx_word' id='word_1_209' title='bbox 3349 1526 3432 1571; x_wconf 78' lang='lat' dir='ltr'><strong>re,-</strong></span> 
     </span>
    </p>
   </div>
   <div class='ocr_carea' id='block_1_30' title="bbox 1853 1592 3431 1668">
    <p class='ocr_par' dir='ltr' id='par_1_30' title="bbox 1853 1592 3431 1668">
     <span class='ocr_line' id='line_1_30' title="bbox 1853 1592 3431 1668; baseline 0.006 -22"><span class='ocrx_word' id='word_1_210' title='bbox 1853 1592 2240 1661; x_wconf 90' lang='lat' dir='ltr'><strong>promissiouis,</strong></span> <span class='ocrx_word' id='word_1_211' title='bbox 2266 1593 2317 1650; x_wconf 91' lang='lat' dir='ltr'><strong>id</strong></span> <span class='ocrx_word' id='word_1_212' title='bbox 2348 1602 2431 1647; x_wconf 91' lang='lat' dir='ltr'><strong>est</strong></span> <span class='ocrx_word' id='word_1_213' title='bbox 2455 1602 2647 1646; x_wconf 87' lang='lat' dir='ltr'><strong>terram</strong></span> <span class='ocrx_word' id='word_1_214' title='bbox 2663 1595 2954 1659; x_wconf 84' lang='lat' dir='ltr'><strong>viventium,</strong></span> <span class='ocrx_word' id='word_1_215' title='bbox 2984 1596 3165 1666; x_wconf 86' lang='lat' dir='ltr'><strong>ibique</strong></span> <span class='ocrx_word' id='word_1_216' title='bbox 3193 1600 3431 1668; x_wconf 86' lang='lat' dir='ltr'><strong>requies-</strong></span> 
     </span>
    </p>
   </div>
   <div class='ocr_carea' id='block_1_31' title="bbox 1854 1683 3429 1757">
    <p class='ocr_par' dir='ltr' id='par_1_31' title="bbox 1854 1683 3429 1757">
     <span class='ocr_line' id='line_1_31' title="bbox 1854 1683 3429 1757; baseline 0.006 -20"><span class='ocrx_word' id='word_1_217' title='bbox 1854 1696 1977 1737; x_wconf 89' lang='lat' dir='ltr'><strong>cere</strong></span> <span class='ocrx_word' id='word_1_218' title='bbox 2037 1692 2307 1752; x_wconf 78' lang='lat' dir='ltr'><strong>optemus.</strong></span> <span class='ocrx_word' id='word_1_219' title='bbox 2352 1683 2505 1750; x_wconf 83' lang='lat' dir='ltr'><strong>Quod</strong></span> <span class='ocrx_word' id='word_1_220' title='bbox 2557 1694 2682 1753; x_wconf 88' lang='lat' dir='ltr'><strong>tunc</strong></span> <span class='ocrx_word' id='word_1_221' title='bbox 2726 1687 2884 1757; x_wconf 81' lang='lat' dir='ltr'><strong>digne</strong></span> <span class='ocrx_word' id='word_1_222' title='bbox 2930 1687 2988 1742; x_wconf 88' lang='lat' dir='ltr'><strong>lit</strong></span> <span class='ocrx_word' id='word_1_223' title='bbox 3043 1690 3090 1744; x_wconf 89' lang='lat' dir='ltr'><strong>si</strong></span> <span class='ocrx_word' id='word_1_224' title='bbox 3147 1707 3429 1746; x_wconf 89' lang='lat' dir='ltr'><strong>numerum</strong></span> 
     </span>
    </p>
   </div>
   <div class='ocr_carea' id='block_1_32' title="bbox 1857 1775 3112 1845">
    <p class='ocr_par' dir='ltr' id='par_1_32' title="bbox 1857 1775 3112 1845">
     <span class='ocr_line' id='line_1_32' title="bbox 1857 1775 3112 1845; baseline 0.003 -16"><span class='ocrx_word' id='word_1_225' title='bbox 1857 1788 2120 1829; x_wconf 88' lang='lat' dir='ltr'><strong>annorum</strong></span> <span class='ocrx_word' id='word_1_226' title='bbox 2153 1775 2328 1829; x_wconf 74' lang='lat' dir='ltr'><strong>aetatis</strong></span> <span class='ocrx_word' id='word_1_227' title='bbox 2356 1775 2523 1845; x_wconf 89' lang='lat' dir='ltr'><strong>ipsius</strong></span> <span class='ocrx_word' id='word_1_228' title='bbox 2551 1777 2789 1831; x_wconf 89' lang='lat' dir='ltr'><strong>moribus</strong></span> <span class='ocrx_word' id='word_1_229' title='bbox 2820 1778 3112 1843; x_wconf 88' lang='lat' dir='ltr'><strong>imitemur.</strong></span> 
     </span>
    </p>
   </div>
   <div class='ocr_carea' id='block_1_33' title="bbox 194 1854 3427 1937">
    <p class='ocr_par' dir='ltr' id='par_1_33' title="bbox 194 1854 3427 1937">
     <span class='ocr_line' id='line_1_33' title="bbox 194 1854 3427 1937; baseline 0.003 -20"><span class='ocrx_word' id='word_1_230' title='bbox 194 1865 507 1932; x_wconf 84' lang='lat' dir='ltr'><strong>requiescat;</strong></span> <span class='ocrx_word' id='word_1_231' title='bbox 558 1867 628 1921; x_wconf 84' lang='lat' dir='ltr'><strong>ita</strong></span> <span class='ocrx_word' id='word_1_232' title='bbox 677 1868 903 1937; x_wconf 88' lang='lat' dir='ltr'><strong>septima</strong></span> <span class='ocrx_word' id='word_1_233' title='bbox 940 1868 1056 1924; x_wconf 89' lang='lat' dir='ltr'><strong>dies</strong></span> <span class='ocrx_word' id='word_1_234' title='bbox 1100 1868 1424 1934; x_wconf 88' lang='lat' dir='ltr'><strong>celebratur,</strong></span> <span class='ocrx_word' id='word_1_235' title='bbox 1468 1878 1524 1923; x_wconf 88' lang='lat' dir='ltr'><strong>ut</strong></span> <span class='ocrx_word' id='word_1_236' title='bbox 1569 1870 1750 1935; x_wconf 83' lang='lat' dir='ltr'><strong>anima</strong></span> <span class='ocrx_word' id='word_1_237' title='bbox 1778 1854 1825 1914; x_wconf 84' lang='grc' dir='ltr'><strong>Β</strong></span> <span class='ocrx_word' id='word_1_238' title='bbox 1924 1865 2080 1921; x_wconf 85' lang='lat' dir='ltr'><strong>Vers.</strong></span> <span class='ocrx_word' id='word_1_239' title='bbox 2123 1865 2213 1921; x_wconf 72' lang='lat'><strong>25.</strong></span> <span class='ocrx_word' id='word_1_240' title='bbox 2244 1864 2462 1920; x_wconf 88' lang='lat' dir='ltr'><strong>Centum</strong></span> <span class='ocrx_word' id='word_1_241' title='bbox 2504 1882 2633 1937; x_wconf 86' lang='lat' dir='ltr'><strong>ergo</strong></span> <span class='ocrx_word' id='word_1_242' title='bbox 2675 1879 2723 1922; x_wconf 87' lang='lat' dir='ltr'><strong>et</strong></span> <span class='ocrx_word' id='word_1_243' title='bbox 2750 1871 2924 1923; x_wconf 85' lang='lat' dir='ltr'><strong>decem</strong></span> <span class='ocrx_word' id='word_1_244' title='bbox 2970 1870 3086 1924; x_wconf 76' lang='lat' dir='ltr'><strong>vita:</strong></span> <span class='ocrx_word' id='word_1_245' title='bbox 3125 1887 3233 1926; x_wconf 75' lang='lat' dir='ltr'><strong>sua!</strong></span> <span class='ocrx_word' id='word_1_246' title='bbox 3278 1890 3310 1925; x_wconf 91' lang='lat' dir='ltr'><strong>a</strong></span> <span class='ocrx_word' id='word_1_247' title='bbox 3346 1873 3427 1928; x_wconf 84' lang='lat' dir='ltr'><strong>nis</strong></span> 
     </span>
    </p>
   </div>
   <div class='ocr_carea' id='block_1_34' title="bbox 192 1956 1748 2029">
    <p class='ocr_par' dir='ltr' id='par_1_34' title="bbox 192 1956 1748 2029">
     <span class='ocr_line' id='line_1_34' title="bbox 192 1956 1748 2029; baseline 0.003 -21"><span class='ocrx_word' id='word_1_248' title='bbox 192 1956 379 2024; x_wconf 86' lang='lat' dir='ltr'><strong>corpori</strong></span> <span class='ocrx_word' id='word_1_249' title='bbox 404 1957 819 2023; x_wconf 86' lang='lat' dir='ltr'><strong>reconcilietur,</strong></span> <span class='ocrx_word' id='word_1_250' title='bbox 855 1973 974 2027; x_wconf 74' lang='lat' dir='ltr'><strong>quae</strong></span> <span class='ocrx_word' id='word_1_251' title='bbox 1010 1974 1174 2015; x_wconf 91' lang='lat' dir='ltr'><strong>earne</strong></span> <span class='ocrx_word' id='word_1_252' title='bbox 1212 1959 1463 2015; x_wconf 86' lang='lat' dir='ltr'><strong>illiciente</strong></span> <span class='ocrx_word' id='word_1_253' title='bbox 1490 1962 1748 2029; x_wconf 79' lang='lat' dir='ltr'><strong>peccavit.</strong></span> 
     </span>
    </p>
   </div>
   <div class='ocr_carea' id='block_1_35' title="bbox 190 2044 1747 2119">
    <p class='ocr_par' dir='ltr' id='par_1_35' title="bbox 190 2044 1747 2119">
     <span class='ocr_line' id='line_1_35' title="bbox 190 2044 1747 2119; baseline 0.007 -22"><span class='ocrx_word' id='word_1_254' title='bbox 190 2044 240 2098; x_wconf 89' lang='lat' dir='ltr'><strong>lu</strong></span> <span class='ocrx_word' id='word_1_255' title='bbox 263 2058 455 2116; x_wconf 85' lang='lat' dir='ltr'><strong>septem</strong></span> <span class='ocrx_word' id='word_1_256' title='bbox 485 2048 635 2102; x_wconf 83' lang='lat' dir='ltr'><strong>enim</strong></span> <span class='ocrx_word' id='word_1_257' title='bbox 674 2049 787 2103; x_wconf 83' lang='lat' dir='ltr'><strong>tria</strong></span> <span class='ocrx_word' id='word_1_258' title='bbox 811 2058 938 2105; x_wconf 91' lang='lat' dir='ltr'><strong>sunt</strong></span> <span class='ocrx_word' id='word_1_259' title='bbox 976 2060 1029 2105; x_wconf 89' lang='lat' dir='ltr'><strong>et</strong></span> <span class='ocrx_word' id='word_1_260' title='bbox 1069 2059 1320 2119; x_wconf 84' lang='lat' dir='ltr'><strong>quatuor.</strong></span> <span class='ocrx_word' id='word_1_261' title='bbox 1358 2051 1425 2105; x_wconf 85' lang='lat' dir='ltr'><strong>Et</strong></span> <span class='ocrx_word' id='word_1_262' title='bbox 1456 2052 1747 2119; x_wconf 76' lang='lat' dir='ltr'><strong>tertiarius,</strong></span> 
     </span>
    </p>
   </div>
   <div class='ocr_carea' id='block_1_36' title="bbox 188 2136 1751 2211">
    <p class='ocr_par' dir='ltr' id='par_1_36' title="bbox 188 2136 1751 2211">
     <span class='ocr_line' id='line_1_36' title="bbox 188 2136 1751 2211; baseline 0.007 -25"><span class='ocrx_word' id='word_1_263' title='bbox 188 2144 242 2187; x_wconf 87' lang='lat' dir='ltr'><strong>ut</strong></span> <span class='ocrx_word' id='word_1_264' title='bbox 264 2136 449 2192; x_wconf 88' lang='lat' dir='ltr'><strong>dictum</strong></span> <span class='ocrx_word' id='word_1_265' title='bbox 476 2147 587 2203; x_wconf 84' lang='lat' dir='ltr'><strong>est,</strong></span> <span class='ocrx_word' id='word_1_266' title='bbox 632 2139 863 2208; x_wconf 89' lang='lat' dir='ltr'><strong>pertinet</strong></span> <span class='ocrx_word' id='word_1_267' title='bbox 901 2142 968 2194; x_wconf 91' lang='lat' dir='ltr'><strong>ad</strong></span> <span class='ocrx_word' id='word_1_268' title='bbox 1003 2141 1262 2207; x_wconf 89' lang='lat' dir='ltr'><strong>animam,</strong></span> <span class='ocrx_word' id='word_1_269' title='bbox 1296 2155 1416 2211; x_wconf 71' lang='lat' dir='ltr'><strong>quae</strong></span> <span class='ocrx_word' id='word_1_270' title='bbox 1447 2149 1531 2196; x_wconf 88' lang='lat' dir='ltr'><strong>est</strong></span> <span class='ocrx_word' id='word_1_271' title='bbox 1561 2140 1751 2211; x_wconf 82' lang='lat' dir='ltr'><strong>irasci-</strong></span> 
     </span>
    </p>
   </div>
   <div class='ocr_carea' id='block_1_37' title="bbox 188 2214 1750 2300">
    <p class='ocr_par' dir='ltr' id='par_1_37' title="bbox 188 2214 1750 2300">
     <span class='ocr_line' id='line_1_37' title="bbox 188 2214 1750 2300; baseline 0.007 -24"><span class='ocrx_word' id='word_1_272' title='bbox 188 2223 328 2291; x_wconf 87' lang='lat' dir='ltr'><strong>bilis,</strong></span> <span class='ocrx_word' id='word_1_273' title='bbox 370 2229 850 2297; x_wconf 82' lang='lat' dir='ltr'><strong>concupiscihilis,</strong></span> <span class='ocrx_word' id='word_1_274' title='bbox 907 2230 1214 2296; x_wconf 82' lang='lat' dir='ltr'><strong>rationalis;</strong></span> <span class='ocrx_word' id='word_1_275' title='bbox 1260 2214 1640 2300; x_wconf 66' lang='lat' dir='ltr'><strong>quaternarius</strong></span> <span class='ocrx_word' id='word_1_276' title='bbox 1680 2232 1750 2287; x_wconf 86' lang='lat' dir='ltr'><strong>ad</strong></span> 
     </span>
    </p>
   </div>
   <div class='ocr_carea' id='block_1_38' title="bbox 185 2317 1717 2387">
    <p class='ocr_par' dir='ltr' id='par_1_38' title="bbox 185 2317 1717 2387">
     <span class='ocr_line' id='line_1_38' title="bbox 185 2317 1717 2387; baseline 0.01 -22"><span class='ocrx_word' id='word_1_277' title='bbox 185 2327 372 2382; x_wconf 79' lang='lat' dir='ltr'><strong>corpus,</strong></span> <span class='ocrx_word' id='word_1_278' title='bbox 399 2317 552 2385; x_wconf 79' lang='lat' dir='ltr'><strong>quod</strong></span> <span class='ocrx_word' id='word_1_279' title='bbox 585 2328 816 2387; x_wconf 86' lang='lat' dir='ltr'><strong>quatuor</strong></span> <span class='ocrx_word' id='word_1_280' title='bbox 842 2329 1054 2381; x_wconf 90' lang='lat' dir='ltr'><strong>constat</strong></span> <span class='ocrx_word' id='word_1_281' title='bbox 1090 2319 1392 2376; x_wconf 87' lang='lat' dir='ltr'><strong>elementis.</strong></span> <span class='ocrx_word' id='word_1_282' title='bbox 1478 2374 1481 2377; x_wconf 37' lang='grc' dir='ltr'><strong><em>λ</em></strong></span> <span class='ocrx_word' id='word_1_283' title='bbox 1714 2380 1717 2381; x_wconf 30' lang='grc' dir='ltr'><em>ν</em></span> 
     </span>
    </p>
   </div>
   <div class='ocr_carea' id='block_1_39' title="bbox 248 2402 1746 2480">
    <p class='ocr_par' dir='ltr' id='par_1_39' title="bbox 248 2402 1746 2480">
     <span class='ocr_line' id='line_1_39' title="bbox 248 2402 1746 2480; baseline 0.007 -24"><span class='ocrx_word' id='word_1_284' title='bbox 248 2402 382 2460; x_wconf 82' lang='lat' dir='ltr'><strong>Vers.</strong></span> <span class='ocrx_word' id='word_1_285' title='bbox 408 2406 490 2459; x_wconf 76' lang='lat' dir='ltr'><strong>lt).</strong></span> <span class='ocrx_word' id='word_1_286' title='bbox 540 2405 893 2478; x_wconf 75' lang='lat' dir='ltr'><strong>l’eneruntque</strong></span> <span class='ocrx_word' id='word_1_287' title='bbox 920 2410 988 2462; x_wconf 83' lang='lat' dir='ltr'><strong>ad</strong></span> <span class='ocrx_word' id='word_1_288' title='bbox 1020 2426 1217 2474; x_wconf 86' lang='lat' dir='ltr'><strong>aream,</strong></span> <span class='ocrx_word' id='word_1_289' title='bbox 1247 2426 1362 2480; x_wconf 69' lang='lat' dir='ltr'><strong>quis</strong></span> <span class='ocrx_word' id='word_1_290' title='bbox 1381 2410 1484 2464; x_wconf 85' lang='lat' dir='ltr'><strong>sita</strong></span> <span class='ocrx_word' id='word_1_291' title='bbox 1504 2419 1577 2464; x_wconf 84' lang='lat' dir='ltr'><strong>est</strong></span> <span class='ocrx_word' id='word_1_292' title='bbox 1600 2419 1746 2467; x_wconf 84' lang='lat' dir='ltr'><strong>trans</strong></span> 
     </span>
    </p>
   </div>
   <div class='ocr_carea' id='block_1_40' title="bbox 186 2489 1745 2571">
    <p class='ocr_par' dir='ltr' id='par_1_40' title="bbox 186 2489 1745 2571">
     <span class='ocr_line' id='line_1_40' title="bbox 186 2489 1745 2571; baseline 0.008 -29"><span class='ocrx_word' id='word_1_293' title='bbox 186 2489 465 2547; x_wconf 70' lang='lat' dir='ltr'><strong>Iordanem.</strong></span> <span class='ocrx_word' id='word_1_294' title='bbox 500 2495 859 2567; x_wconf 83' lang='lat' dir='ltr'><strong>Septuaginta</strong></span> <span class='ocrx_word' id='word_1_295' title='bbox 888 2498 1094 2562; x_wconf 88' lang='lat' dir='ltr'><strong>dicunt,</strong></span> <span class='ocrx_word' id='word_1_296' title='bbox 1130 2498 1200 2551; x_wconf 88' lang='lat' dir='ltr'><strong>ad</strong></span> <span class='ocrx_word' id='word_1_297' title='bbox 1244 2495 1423 2553; x_wconf 71' lang='lat' dir='ltr'><strong>aream</strong></span> <span class='ocrx_word' id='word_1_298' title='bbox 1453 2500 1631 2563; x_wconf 86' lang='lat' dir='ltr'><strong>Adad,</strong></span> <span class='ocrx_word' id='word_1_299' title='bbox 1653 2502 1745 2571; x_wconf 91' lang='lat' dir='ltr'><strong>qui</strong></span> 
     </span>
    </p>
   </div>
   <div class='ocr_carea' id='block_1_41' title="bbox 188 2581 1747 2660">
    <p class='ocr_par' dir='ltr' id='par_1_41' title="bbox 188 2581 1747 2660">
     <span class='ocr_line' id='line_1_41' title="bbox 188 2581 1747 2660; baseline 0.009 -26"><span class='ocrx_word' id='word_1_300' title='bbox 188 2581 317 2639; x_wconf 86' lang='lat' dir='ltr'><strong>locus</strong></span> <span class='ocrx_word' id='word_1_301' title='bbox 340 2594 480 2640; x_wconf 88' lang='lat' dir='ltr'><strong>trans</strong></span> <span class='ocrx_word' id='word_1_302' title='bbox 502 2586 796 2643; x_wconf 86' lang='lat' dir='ltr'><strong>Jordanem</strong></span> <span class='ocrx_word' id='word_1_303' title='bbox 817 2597 921 2654; x_wconf 91' lang='lat' dir='ltr'><strong>est,</strong></span> <span class='ocrx_word' id='word_1_304' title='bbox 946 2599 1001 2643; x_wconf 91' lang='lat' dir='ltr'><strong>et</strong></span> <span class='ocrx_word' id='word_1_305' title='bbox 1026 2590 1205 2645; x_wconf 91' lang='lat' dir='ltr'><strong>multis</strong></span> <span class='ocrx_word' id='word_1_306' title='bbox 1232 2606 1485 2660; x_wconf 86' lang='lat' dir='ltr'><strong>passuum</strong></span> <span class='ocrx_word' id='word_1_307' title='bbox 1511 2592 1747 2648; x_wconf 84' lang='lat' dir='ltr'><strong>millibus</strong></span> 
     </span>
    </p>
   </div>
   <div class='ocr_carea' id='block_1_42' title="bbox 187 2670 1748 2751">
    <p class='ocr_par' dir='ltr' id='par_1_42' title="bbox 187 2670 1748 2751">
     <span class='ocr_line' id='line_1_42' title="bbox 187 2670 1748 2751; baseline 0.008 -27"><span class='ocrx_word' id='word_1_308' title='bbox 187 2670 329 2728; x_wconf 82' lang='lat' dir='ltr'><strong>distat</strong></span> <span class='ocrx_word' id='word_1_309' title='bbox 360 2675 424 2728; x_wconf 91' lang='lat' dir='ltr'><strong>ab</strong></span> <span class='ocrx_word' id='word_1_310' title='bbox 448 2676 731 2744; x_wconf 84' lang='lat' dir='ltr'><strong>Abramio,</strong></span> <span class='ocrx_word' id='word_1_311' title='bbox 763 2678 816 2732; x_wconf 91' lang='lat' dir='ltr'><strong>id</strong></span> <span class='ocrx_word' id='word_1_312' title='bbox 839 2689 923 2733; x_wconf 90' lang='lat' dir='ltr'><strong>est</strong></span> <span class='ocrx_word' id='word_1_313' title='bbox 948 2694 977 2732; x_wconf 88' lang='lat' dir='ltr'><strong>a</strong></span> <span class='ocrx_word' id='word_1_314' title='bbox 1004 2679 1119 2735; x_wconf 90' lang='lat' dir='ltr'><strong>loco</strong></span> <span class='ocrx_word' id='word_1_315' title='bbox 1148 2682 1236 2736; x_wconf 92' lang='lat' dir='ltr'><strong>ubi</strong></span> <span class='ocrx_word' id='word_1_316' title='bbox 1265 2682 1540 2737; x_wconf 84' lang='lat' dir='ltr'><strong>Abraham</strong></span> <span class='ocrx_word' id='word_1_317' title='bbox 1568 2683 1748 2751; x_wconf 88' lang='lat' dir='ltr'><strong>sepul-</strong></span> 
     </span>
    </p>
   </div>
   <div class='ocr_carea' id='block_1_43' title="bbox 187 2768 1741 2849">
    <p class='ocr_par' dir='ltr' id='par_1_43' title="bbox 187 2768 1741 2849">
     <span class='ocr_line' id='line_1_43' title="bbox 187 2768 1741 2849; baseline 0.008 -33"><span class='ocrx_word' id='word_1_318' title='bbox 187 2769 259 2817; x_wconf 89' lang='lat' dir='ltr'><strong>tus</strong></span> <span class='ocrx_word' id='word_1_319' title='bbox 282 2776 390 2820; x_wconf 87' lang='lat' dir='ltr'><strong>est.</strong></span> <span class='ocrx_word' id='word_1_320' title='bbox 430 2768 571 2838; x_wconf 81' lang='lat' dir='ltr'><strong>Ergo</strong></span> <span class='ocrx_word' id='word_1_321' title='bbox 612 2771 984 2839; x_wconf 63' lang='lat' dir='ltr'><strong>praetergressi</strong></span> <span class='ocrx_word' id='word_1_322' title='bbox 1017 2782 1141 2827; x_wconf 91' lang='lat' dir='ltr'><strong>sunt</strong></span> <span class='ocrx_word' id='word_1_323' title='bbox 1180 2773 1353 2829; x_wconf 92' lang='lat' dir='ltr'><strong>locum</strong></span> <span class='ocrx_word' id='word_1_324' title='bbox 1392 2774 1479 2828; x_wconf 88' lang='lat' dir='ltr'><strong>ubi</strong></span> <span class='ocrx_word' id='word_1_325' title='bbox 1529 2775 1741 2849; x_wconf 87' lang='lat' dir='ltr'><strong>sepeliri</strong></span> 
     </span>
    </p>
   </div>
   <div class='ocr_carea' id='block_1_44' title="bbox 187 2853 1744 2930">
    <p class='ocr_par' dir='ltr' id='par_1_44' title="bbox 187 2853 1744 2930">
     <span class='ocr_line' id='line_1_44' title="bbox 187 2853 1744 2930; baseline 0.01 -23"><span class='ocrx_word' id='word_1_326' title='bbox 187 2853 389 2910; x_wconf 85' lang='lat' dir='ltr'><strong>debebat</strong></span> <span class='ocrx_word' id='word_1_327' title='bbox 410 2858 602 2925; x_wconf 83' lang='lat' dir='ltr'><strong>Jacob,</strong></span> <span class='ocrx_word' id='word_1_328' title='bbox 641 2871 695 2915; x_wconf 91' lang='lat' dir='ltr'><strong>et</strong></span> <span class='ocrx_word' id='word_1_329' title='bbox 722 2872 907 2930; x_wconf 90' lang='lat' dir='ltr'><strong>postea</strong></span> <span class='ocrx_word' id='word_1_330' title='bbox 940 2880 1183 2920; x_wconf 90' lang='lat' dir='ltr'><strong>remenso</strong></span> <span class='ocrx_word' id='word_1_331' title='bbox 1207 2865 1443 2922; x_wconf 84' lang='lat' dir='ltr'><strong>Jordane</strong></span> <span class='ocrx_word' id='word_1_332' title='bbox 1472 2866 1744 2922; x_wconf 89' lang='lat' dir='ltr'><strong>redierunt</strong></span> 
     </span>
    </p>
   </div>
   <div class='ocr_carea' id='block_1_45' title="bbox 185 2945 1743 3027">
    <p class='ocr_par' dir='ltr' id='par_1_45' title="bbox 185 2945 1743 3027">
     <span class='ocr_line' id='line_1_45' title="bbox 185 2945 1743 3027; baseline 0.01 -30"><span class='ocrx_word' id='word_1_333' title='bbox 185 2945 243 2998; x_wconf 87' lang='lat' dir='ltr'><strong>ad</strong></span> <span class='ocrx_word' id='word_1_334' title='bbox 263 2945 424 3002; x_wconf 88' lang='lat' dir='ltr'><strong>locum</strong></span> <span class='ocrx_word' id='word_1_335' title='bbox 449 2951 682 3021; x_wconf 88' lang='lat' dir='ltr'><strong>duplicis</strong></span> <span class='ocrx_word' id='word_1_336' title='bbox 704 2954 989 3022; x_wconf 70' lang='lat' dir='ltr'><strong>speluncae.</strong></span> <span class='ocrx_word' id='word_1_337' title='bbox 1017 2956 1167 3013; x_wconf 91' lang='lat' dir='ltr'><strong>Unde</strong></span> <span class='ocrx_word' id='word_1_338' title='bbox 1186 2958 1351 3027; x_wconf 68' lang='lat' dir='ltr'><strong>quaeri</strong></span> <span class='ocrx_word' id='word_1_339' title='bbox 1374 2967 1550 3026; x_wconf 90' lang='lat' dir='ltr'><strong>potest</strong></span> <span class='ocrx_word' id='word_1_340' title='bbox 1574 2974 1743 3027; x_wconf 89' lang='lat' dir='ltr'><strong>quare</strong></span> 
     </span>
    </p>
   </div>
   <div class='ocr_carea' id='block_1_46' title="bbox 185 3034 1744 3119">
    <p class='ocr_par' dir='ltr' id='par_1_46' title="bbox 185 3034 1744 3119">
     <span class='ocr_line' id='line_1_46' title="bbox 185 3034 1744 3119; baseline 0.011 -32"><span class='ocrx_word' id='word_1_341' title='bbox 185 3034 273 3090; x_wconf 89' lang='lat' dir='ltr'><strong>hoc</strong></span> <span class='ocrx_word' id='word_1_342' title='bbox 305 3037 542 3097; x_wconf 79' lang='lat' dir='ltr'><strong>fecerint.</strong></span> <span class='ocrx_word' id='word_1_343' title='bbox 590 3043 696 3098; x_wconf 89' lang='lat' dir='ltr'><strong>Sed</strong></span> <span class='ocrx_word' id='word_1_344' title='bbox 723 3044 863 3101; x_wconf 83' lang='lat' dir='ltr'><strong>forte</strong></span> <span class='ocrx_word' id='word_1_345' title='bbox 898 3048 1041 3102; x_wconf 90' lang='lat' dir='ltr'><strong>dicet</strong></span> <span class='ocrx_word' id='word_1_346' title='bbox 1080 3048 1273 3119; x_wconf 88' lang='lat' dir='ltr'><strong>aliquis</strong></span> <span class='ocrx_word' id='word_1_347' title='bbox 1306 3050 1447 3118; x_wconf 89' lang='lat' dir='ltr'><strong>quod</strong></span> <span class='ocrx_word' id='word_1_348' title='bbox 1495 3050 1744 3105; x_wconf 89' lang='lat' dir='ltr'><strong>timerent</strong></span> 
     </span>
    </p>
   </div>
   <div class='ocr_carea' id='block_1_47' title="bbox 1852 1958 3427 2034">
    <p class='ocr_par' dir='ltr' id='par_1_47' title="bbox 1852 1958 3427 2034">
     <span class='ocr_line' id='line_1_47' title="bbox 1852 1958 3427 2034; baseline 0.005 -21"><span class='ocrx_word' id='word_1_349' title='bbox 1852 1958 2066 2027; x_wconf 69' lang='lat' dir='ltr'><strong>expletis</strong></span> <span class='ocrx_word' id='word_1_350' title='bbox 2108 1969 2344 2019; x_wconf 86' lang='lat' dir='ltr'><strong>mortuus</strong></span> <span class='ocrx_word' id='word_1_351' title='bbox 2387 1969 2483 2014; x_wconf 89' lang='lat' dir='ltr'><strong>est.</strong></span> <span class='ocrx_word' id='word_1_352' title='bbox 2527 1960 2596 2015; x_wconf 88' lang='lat' dir='ltr'><strong>Et</strong></span> <span class='ocrx_word' id='word_1_353' title='bbox 2639 1978 2736 2017; x_wconf 92' lang='lat' dir='ltr'><strong>nos</strong></span> <span class='ocrx_word' id='word_1_354' title='bbox 2782 1961 3109 2029; x_wconf 80' lang='lat' dir='ltr'><strong>Studeamus,</strong></span> <span class='ocrx_word' id='word_1_355' title='bbox 3151 1967 3290 2033; x_wconf 89' lang='lat' dir='ltr'><strong>quod</strong></span> <span class='ocrx_word' id='word_1_356' title='bbox 3331 1981 3427 2034; x_wconf 90' lang='lat' dir='ltr'><strong>per</strong></span> 
     </span>
    </p>
   </div>
   <div class='ocr_carea' id='block_1_48' title="bbox 1852 2048 3420 2121">
    <p class='ocr_par' dir='ltr' id='par_1_48' title="bbox 1852 2048 3420 2121">
     <span class='ocr_line' id='line_1_48' title="bbox 1852 2048 3420 2121; baseline 0.004 -18"><span class='ocrx_word' id='word_1_357' title='bbox 1852 2048 2099 2121; x_wconf 88' lang='lat' dir='ltr'><strong>Decalogi</strong></span> <span class='ocrx_word' id='word_1_358' title='bbox 2147 2066 2429 2107; x_wconf 86' lang='lat' dir='ltr'><strong>numerum</strong></span> <span class='ocrx_word' id='word_1_359' title='bbox 2475 2051 2559 2108; x_wconf 93' lang='lat' dir='ltr'><strong>vel</strong></span> <span class='ocrx_word' id='word_1_360' title='bbox 2601 2053 2997 2108; x_wconf 86' lang='lat' dir='ltr'><strong>observantiam</strong></span> <span class='ocrx_word' id='word_1_361' title='bbox 3046 2055 3112 2108; x_wconf 88' lang='lat' dir='ltr'><strong>ad</strong></span> <span class='ocrx_word' id='word_1_362' title='bbox 3165 2064 3420 2111; x_wconf 81' lang='lat' dir='ltr'><strong>aeternam</strong></span> 
     </span>
    </p>
   </div>
   <div class='ocr_carea' id='block_1_49' title="bbox 1849 2139 3421 2213">
    <p class='ocr_par' dir='ltr' id='par_1_49' title="bbox 1849 2139 3421 2213">
     <span class='ocr_line' id='line_1_49' title="bbox 1849 2139 3421 2213; baseline 0.001 -18"><span class='ocrx_word' id='word_1_363' title='bbox 1849 2139 2257 2206; x_wconf 84' lang='lat' dir='ltr'><strong>beatitudinem,</strong></span> <span class='ocrx_word' id='word_1_364' title='bbox 2299 2156 2461 2210; x_wconf 87' lang='lat' dir='ltr'><strong>quam</strong></span> <span class='ocrx_word' id='word_1_365' title='bbox 2497 2144 2837 2198; x_wconf 81' lang='lat' dir='ltr'><strong>centonarius</strong></span> <span class='ocrx_word' id='word_1_366' title='bbox 2873 2158 3128 2197; x_wconf 88' lang='lat' dir='ltr'><strong>numerus</strong></span> <span class='ocrx_word' id='word_1_367' title='bbox 3160 2143 3421 2213; x_wconf 82' lang='lat' dir='ltr'><strong>designat,</strong></span> 
     </span>
    </p>
   </div>
   <div class='ocr_carea' id='block_1_50' title="bbox 1848 2230 3423 2302">
    <p class='ocr_par' dir='ltr' id='par_1_50' title="bbox 1848 2230 3423 2302">
     <span class='ocr_line' id='line_1_50' title="bbox 1848 2230 3423 2302; baseline 0.003 -18"><span class='ocrx_word' id='word_1_368' title='bbox 1848 2230 2242 2299; x_wconf 86' lang='lat' dir='ltr'><strong>perveniamus.</strong></span> <span class='ocrx_word' id='word_1_369' title='bbox 2295 2231 2661 2297; x_wconf 27' lang='lat' dir='ltr'><strong>Conditus‘est</strong></span> <span class='ocrx_word' id='word_1_370' title='bbox 2699 2249 2900 2302; x_wconf 88' lang='lat' dir='ltr'><strong>quoque</strong></span> <span class='ocrx_word' id='word_1_371' title='bbox 2947 2231 3267 2286; x_wconf 61' lang='lat' dir='ltr'><strong>aromatibus</strong></span> <span class='ocrx_word' id='word_1_372' title='bbox 3316 2235 3423 2302; x_wconf 81' lang='lat' dir='ltr'><strong>ipse</strong></span> 
     </span>
    </p>
   </div>
   <div class='ocr_carea' id='block_1_51' title="bbox 1847 2317 3423 2391">
    <p class='ocr_par' dir='ltr' id='par_1_51' title="bbox 1847 2317 3423 2391">
     <span class='ocr_line' id='line_1_51' title="bbox 1847 2317 3423 2391; baseline 0.004 -19"><span class='ocrx_word' id='word_1_373' title='bbox 1847 2317 2063 2389; x_wconf 73' lang='lat' dir='ltr'><strong>Ioseph,</strong></span> <span class='ocrx_word' id='word_1_374' title='bbox 2091 2328 2138 2375; x_wconf 85' lang='lat' dir='ltr'><strong>et</strong></span> <span class='ocrx_word' id='word_1_375' title='bbox 2167 2320 2417 2390; x_wconf 84' lang='lat' dir='ltr'><strong>repositus</strong></span> <span class='ocrx_word' id='word_1_376' title='bbox 2438 2329 2513 2374; x_wconf 88' lang='lat' dir='ltr'><strong>est</strong></span> <span class='ocrx_word' id='word_1_377' title='bbox 2542 2321 2594 2374; x_wconf 89' lang='lat' dir='ltr'><strong>in</strong></span> <span class='ocrx_word' id='word_1_378' title='bbox 2623 2319 2790 2374; x_wconf 85' lang='lat' dir='ltr'><strong>loculo</strong></span> <span class='ocrx_word' id='word_1_379' title='bbox 2824 2323 2879 2375; x_wconf 88' lang='lat' dir='ltr'><strong>in</strong></span> <span class='ocrx_word' id='word_1_380' title='bbox 2908 2320 3155 2391; x_wconf 65' lang='lat' dir='ltr'><strong>Aigypto&#39;.</strong></span> <span class='ocrx_word' id='word_1_381' title='bbox 3190 2320 3423 2378; x_wconf 84' lang='lat' dir='ltr'><strong>Locnlns</strong></span> 
     </span>
    </p>
   </div>
   <div class='ocr_carea' id='block_1_52' title="bbox 1847 2409 3420 2479">
    <p class='ocr_par' dir='ltr' id='par_1_52' title="bbox 1847 2409 3420 2479">
     <span class='ocr_line' id='line_1_52' title="bbox 1847 2409 3420 2479; baseline -0.001 -14"><span class='ocrx_word' id='word_1_382' title='bbox 1847 2417 1929 2465; x_wconf 89' lang='lat' dir='ltr'><strong>est</strong></span> <span class='ocrx_word' id='word_1_383' title='bbox 1950 2425 2045 2465; x_wconf 88' lang='lat' dir='ltr'><strong>vas</strong></span> <span class='ocrx_word' id='word_1_384' title='bbox 2071 2410 2464 2479; x_wconf 89' lang='lat' dir='ltr'><strong>repositorium,</strong></span> <span class='ocrx_word' id='word_1_385' title='bbox 2490 2409 2579 2464; x_wconf 93' lang='lat' dir='ltr'><strong>ubi</strong></span> <span class='ocrx_word' id='word_1_386' title='bbox 2615 2409 2826 2478; x_wconf 76' lang='lat' dir='ltr'><strong>aliquod</strong></span> <span class='ocrx_word' id='word_1_387' title='bbox 2856 2411 3237 2464; x_wconf 85' lang='lat' dir='ltr'><strong>asservandum</strong></span> <span class='ocrx_word' id='word_1_388' title='bbox 3267 2426 3420 2465; x_wconf 83' lang='lat' dir='ltr'><strong>com-</strong></span> 
     </span>
    </p>
   </div>
   <div class='ocr_carea' id='block_1_53' title="bbox 1847 2498 3423 2570">
    <p class='ocr_par' dir='ltr' id='par_1_53' title="bbox 1847 2498 3423 2570">
     <span class='ocr_line' id='line_1_53' title="bbox 1847 2498 3423 2570; baseline 0.003 -16"><span class='ocrx_word' id='word_1_389' title='bbox 1847 2500 2146 2565; x_wconf 84' lang='lat' dir='ltr'><strong>mendatur.</strong></span> <span class='ocrx_word' id='word_1_390' title='bbox 2174 2498 2218 2555; x_wconf 91' lang='grc' dir='ltr'><strong>Ο</strong></span> <span class='ocrx_word' id='word_1_391' title='bbox 2246 2498 2373 2555; x_wconf 80' lang='lat' dir='ltr'><strong>felix</strong></span> <span class='ocrx_word' id='word_1_392' title='bbox 2398 2500 2596 2566; x_wconf 90' lang='lat' dir='ltr'><strong>anima,</strong></span> <span class='ocrx_word' id='word_1_393' title='bbox 2632 2515 2771 2570; x_wconf 74' lang='lat' dir='ltr'><strong>quae,</strong></span> <span class='ocrx_word' id='word_1_394' title='bbox 2806 2500 3135 2555; x_wconf 88' lang='lat' dir='ltr'><strong>aromatibus</strong></span> <span class='ocrx_word' id='word_1_395' title='bbox 3165 2502 3423 2559; x_wconf 78' lang='lat' dir='ltr'><strong>virtutum</strong></span> 
     </span>
    </p>
   </div>
   <div class='ocr_carea' id='block_1_54' title="bbox 1846 2589 3421 2661">
    <p class='ocr_par' dir='ltr' id='par_1_54' title="bbox 1846 2589 3421 2661">
     <span class='ocr_line' id='line_1_54' title="bbox 1846 2589 3421 2661; baseline -0.001 -17"><span class='ocrx_word' id='word_1_396' title='bbox 1846 2589 2081 2653; x_wconf 81' lang='lat' dir='ltr'><strong>condita,</strong></span> <span class='ocrx_word' id='word_1_397' title='bbox 2106 2589 2157 2643; x_wconf 92' lang='lat' dir='ltr'><strong>in</strong></span> <span class='ocrx_word' id='word_1_398' title='bbox 2180 2589 2283 2643; x_wconf 91' lang='lat' dir='ltr'><strong>hoc</strong></span> <span class='ocrx_word' id='word_1_399' title='bbox 2296 2589 2610 2658; x_wconf 87' lang='lat' dir='ltr'><strong>corpusculo</strong></span> <span class='ocrx_word' id='word_1_400' title='bbox 2633 2590 2830 2661; x_wconf 79' lang='lat' dir='ltr'><strong>degens</strong></span> <span class='ocrx_word' id='word_1_401' title='bbox 2845 2589 3079 2659; x_wconf 88' lang='lat' dir='ltr'><strong>quotidie</strong></span> <span class='ocrx_word' id='word_1_402' title='bbox 3095 2590 3421 2658; x_wconf 83' lang='lat' dir='ltr'><strong>proliciendo</strong></span> 
     </span>
    </p>
   </div>
   <div class='ocr_carea' id='block_1_55' title="bbox 1842 2677 3418 2747">
    <p class='ocr_par' dir='ltr' id='par_1_55' title="bbox 1842 2677 3418 2747">
     <span class='ocr_line' id='line_1_55' title="bbox 1842 2677 3418 2747; baseline 0.001 -17"><span class='ocrx_word' id='word_1_403' title='bbox 1842 2677 2064 2747; x_wconf 89' lang='lat' dir='ltr'><strong>perenni</strong></span> <span class='ocrx_word' id='word_1_404' title='bbox 2103 2678 2223 2732; x_wconf 71' lang='lat' dir='ltr'><strong>vita:</strong></span> <span class='ocrx_word' id='word_1_405' title='bbox 2278 2678 2609 2733; x_wconf 83' lang='lat' dir='ltr'><strong>reservatur!</strong></span> <span class='ocrx_word' id='word_1_406' title='bbox 2661 2678 2788 2733; x_wconf 90' lang='lat' dir='ltr'><strong>Sine</strong></span> <span class='ocrx_word' id='word_1_407' title='bbox 2834 2678 2994 2733; x_wconf 91' lang='lat' dir='ltr'><strong>dubio</strong></span> <span class='ocrx_word' id='word_1_408' title='bbox 3044 2679 3088 2733; x_wconf 92' lang='lat' dir='ltr'><strong>si</strong></span> <span class='ocrx_word' id='word_1_409' title='bbox 3142 2678 3230 2732; x_wconf 88' lang='lat' dir='ltr'><strong>tali</strong></span> <span class='ocrx_word' id='word_1_410' title='bbox 3287 2694 3418 2733; x_wconf 88' lang='lat' dir='ltr'><strong>eon-</strong></span> 
     </span>
    </p>
   </div>
   <div class='ocr_carea' id='block_1_56' title="bbox 1847 2768 3420 2839">
    <p class='ocr_par' dir='ltr' id='par_1_56' title="bbox 1847 2768 3420 2839">
     <span class='ocr_line' id='line_1_56' title="bbox 1847 2768 3420 2839; baseline 0 -16"><span class='ocrx_word' id='word_1_411' title='bbox 1847 2768 2087 2824; x_wconf 89' lang='lat' dir='ltr'><strong>dimento</strong></span> <span class='ocrx_word' id='word_1_412' title='bbox 2114 2769 2327 2825; x_wconf 89' lang='lat' dir='ltr'><strong>condita</strong></span> <span class='ocrx_word' id='word_1_413' title='bbox 2367 2769 2419 2823; x_wconf 93' lang='lat' dir='ltr'><strong>in</strong></span> <span class='ocrx_word' id='word_1_414' title='bbox 2460 2769 2587 2834; x_wconf 81' lang='lat' dir='ltr'><strong>ﬁde,</strong></span> <span class='ocrx_word' id='word_1_415' title='bbox 2632 2784 2726 2839; x_wconf 91' lang='lat' dir='ltr'><strong>spe</strong></span> <span class='ocrx_word' id='word_1_416' title='bbox 2767 2778 2822 2825; x_wconf 89' lang='lat' dir='ltr'><strong>et</strong></span> <span class='ocrx_word' id='word_1_417' title='bbox 2860 2770 3124 2825; x_wconf 88' lang='lat' dir='ltr'><strong>eharitatc</strong></span> <span class='ocrx_word' id='word_1_418' title='bbox 3150 2770 3420 2833; x_wconf 84' lang='lat' dir='ltr'><strong>custodita</strong></span> 
     </span>
    </p>
   </div>
   <div class='ocr_carea' id='block_1_57' title="bbox 1844 2859 3419 2933">
    <p class='ocr_par' dir='ltr' id='par_1_57' title="bbox 1844 2859 3419 2933">
     <span class='ocr_line' id='line_1_57' title="bbox 1844 2859 3419 2933; baseline 0.001 -17"><span class='ocrx_word' id='word_1_419' title='bbox 1844 2859 2028 2927; x_wconf 80' lang='lat' dir='ltr'><strong>fuerit,</strong></span> <span class='ocrx_word' id='word_1_420' title='bbox 2050 2876 2148 2931; x_wconf 89' lang='lat' dir='ltr'><strong>per</strong></span> <span class='ocrx_word' id='word_1_421' title='bbox 2174 2862 2400 2933; x_wconf 81' lang='lat' dir='ltr'><strong>gratiam</strong></span> <span class='ocrx_word' id='word_1_422' title='bbox 2423 2860 2624 2916; x_wconf 88' lang='lat' dir='ltr'><strong>Christi</strong></span> <span class='ocrx_word' id='word_1_423' title='bbox 2651 2862 2717 2915; x_wconf 91' lang='lat' dir='ltr'><strong>ad</strong></span> <span class='ocrx_word' id='word_1_424' title='bbox 2741 2862 2933 2917; x_wconf 71' lang='lat' dir='ltr'><strong>divinae</strong></span> <span class='ocrx_word' id='word_1_425' title='bbox 2956 2861 3419 2932; x_wconf 85' lang='lat' dir='ltr'><strong>contemplationis</strong></span> 
     </span>
    </p>
   </div>
   <div class='ocr_carea' id='block_1_58' title="bbox 1842 2952 3417 3025">
    <p class='ocr_par' dir='ltr' id='par_1_58' title="bbox 1842 2952 3417 3025">
     <span class='ocr_line' id='line_1_58' title="bbox 1842 2952 3417 3025; baseline 0 -16"><span class='ocrx_word' id='word_1_426' title='bbox 1842 2956 2073 3024; x_wconf 90' lang='lat' dir='ltr'><strong>speciem</strong></span> <span class='ocrx_word' id='word_1_427' title='bbox 2100 2954 2382 3025; x_wconf 84' lang='lat' dir='ltr'><strong>pervenire</strong></span> <span class='ocrx_word' id='word_1_428' title='bbox 2413 2952 2722 3019; x_wconf 89' lang='lat' dir='ltr'><strong>merebitur,</strong></span> <span class='ocrx_word' id='word_1_429' title='bbox 2761 2953 2912 3022; x_wconf 75' lang='lat' dir='ltr'><strong>cuius</strong></span> <span class='ocrx_word' id='word_1_430' title='bbox 2940 2954 3152 3023; x_wconf 88' lang='lat' dir='ltr'><strong>adeptio</strong></span> <span class='ocrx_word' id='word_1_431' title='bbox 3181 2953 3417 3023; x_wconf 77' lang='lat' dir='ltr'><strong>perfecta</strong></span> 
     </span>
    </p>
   </div>
   <div class='ocr_carea' id='block_1_59' title="bbox 1843 3044 3414 3115">
    <p class='ocr_par' dir='ltr' id='par_1_59' title="bbox 1843 3044 3414 3115">
     <span class='ocr_line' id='line_1_59' title="bbox 1843 3044 3414 3115; baseline -0.003 -13"><span class='ocrx_word' id='word_1_432' title='bbox 1843 3056 1926 3102; x_wconf 88' lang='lat' dir='ltr'><strong>est</strong></span> <span class='ocrx_word' id='word_1_433' title='bbox 1970 3047 2186 3113; x_wconf 65' lang='lat' dir='ltr'><strong>laetitia;</strong></span> <span class='ocrx_word' id='word_1_434' title='bbox 2236 3061 2396 3115; x_wconf 89' lang='lat' dir='ltr'><strong>quam</strong></span> <span class='ocrx_word' id='word_1_435' title='bbox 2441 3044 2728 3101; x_wconf 87' lang='lat' dir='ltr'><strong>Psalmista</strong></span> <span class='ocrx_word' id='word_1_436' title='bbox 2773 3045 2943 3101; x_wconf 86' lang='lat' dir='ltr'><strong>oculis</strong></span> <span class='ocrx_word' id='word_1_437' title='bbox 2986 3045 3251 3115; x_wconf 87' lang='lat' dir='ltr'><strong>aspiciens</strong></span> <span class='ocrx_word' id='word_1_438' title='bbox 3296 3045 3414 3098; x_wconf 87' lang='lat' dir='ltr'><strong>ait:</strong></span> 
     </span>
    </p>
   </div>
   <div class='ocr_carea' id='block_1_60' title="bbox 183 3128 3421 3206">
    <p class='ocr_par' dir='ltr' id='par_1_60' title="bbox 183 3128 3421 3206">
     <span class='ocr_line' id='line_1_60' title="bbox 183 3128 3421 3206; baseline 0.002 -27"><span class='ocrx_word' id='word_1_439' title='bbox 183 3140 241 3180; x_wconf 87' lang='lat' dir='ltr'><strong>ne</strong></span> <span class='ocrx_word' id='word_1_440' title='bbox 279 3128 407 3185; x_wconf 87' lang='lat' dir='ltr'><strong>bella</strong></span> <span class='ocrx_word' id='word_1_441' title='bbox 451 3143 643 3187; x_wconf 75' lang='lat' dir='ltr'><strong>contra</strong></span> <span class='ocrx_word' id='word_1_442' title='bbox 686 3150 747 3189; x_wconf 86' lang='lat' dir='ltr'><strong>se</strong></span> <span class='ocrx_word' id='word_1_443' title='bbox 788 3147 1109 3206; x_wconf 84' lang='lat' dir='ltr'><strong>surgerent,</strong></span> <span class='ocrx_word' id='word_1_444' title='bbox 1151 3140 1289 3195; x_wconf 86' lang='lat' dir='ltr'><strong>sicut</strong></span> <span class='ocrx_word' id='word_1_445' title='bbox 1334 3150 1389 3194; x_wconf 87' lang='lat' dir='ltr'><strong>et</strong></span> <span class='ocrx_word' id='word_1_446' title='bbox 1438 3142 1528 3195; x_wconf 86' lang='lat' dir='ltr'><strong>lilii</strong></span> <span class='ocrx_word' id='word_1_447' title='bbox 1580 3141 1739 3196; x_wconf 80' lang='lat' dir='ltr'><strong>Israel</strong></span> <span class='ocrx_word' id='word_1_448' title='bbox 1781 3199 1814 3206; x_wconf 81' lang='lat'><strong>_</strong></span> <span class='ocrx_word' id='word_1_449' title='bbox 1846 3135 2161 3205; x_wconf 79' lang='lat' dir='ltr'><strong>Adimplebis</strong></span> <span class='ocrx_word' id='word_1_450' title='bbox 2184 3152 2262 3189; x_wconf 89' lang='lat' dir='ltr'><strong>me</strong></span> <span class='ocrx_word' id='word_1_451' title='bbox 2288 3134 2470 3189; x_wconf 71' lang='lat' dir='ltr'><strong>(milia</strong></span> <span class='ocrx_word' id='word_1_452' title='bbox 2493 3152 2609 3188; x_wconf 88' lang='lat' dir='ltr'><strong>cum</strong></span> <span class='ocrx_word' id='word_1_453' title='bbox 2632 3134 2774 3188; x_wconf 87' lang='lat' dir='ltr'><strong>vultu</strong></span> <span class='ocrx_word' id='word_1_454' title='bbox 2796 3144 2902 3196; x_wconf 88' lang='lat' dir='ltr'><strong>tuo,</strong></span> <span class='ocrx_word' id='word_1_455' title='bbox 2930 3133 3421 3187; x_wconf 84' lang='lat' dir='ltr'><strong>Domine:delectu-</strong></span> 
     </span>
    </p>
   </div>
   <div class='ocr_carea' id='block_1_61' title="bbox 181 3199 1749 3306">
    <p class='ocr_par' dir='ltr' id='par_1_61' title="bbox 181 3216 1741 3306">
     <span class='ocr_line' id='line_1_61' title="bbox 181 3216 1741 3306; baseline 0.012 -36"><span class='ocrx_word' id='word_1_456' title='bbox 181 3216 505 3277; x_wconf 82' lang='lat' dir='ltr'><strong>circumducti</strong></span> <span class='ocrx_word' id='word_1_457' title='bbox 556 3234 686 3279; x_wconf 93' lang='lat' dir='ltr'><strong>sunt</strong></span> <span class='ocrx_word' id='word_1_458' title='bbox 721 3228 1073 3297; x_wconf 78' lang='lat' dir='ltr'><strong>quadraginta</strong></span> <span class='ocrx_word' id='word_1_459' title='bbox 1111 3232 1266 3286; x_wconf 89' lang='lat' dir='ltr'><strong>annis</strong></span> <span class='ocrx_word' id='word_1_460' title='bbox 1301 3248 1397 3301; x_wconf 86' lang='lat' dir='ltr'><strong>per</strong></span> <span class='ocrx_word' id='word_1_461' title='bbox 1435 3233 1704 3287; x_wconf 89' lang='lat' dir='ltr'><strong>desertum</strong></span> <span class='ocrx_word' id='word_1_462' title='bbox 1726 3280 1741 3306; x_wconf 86' lang='lat'><strong>,</strong></span> 
     </span>
    </p>
   </div>
   <div class='ocr_carea' id='block_1_62' title="bbox 1854 3199 3415 3306">
    <p class='ocr_par' dir='ltr' id='par_1_62' title="bbox 1854 3199 3415 3293">
     <span class='ocr_line' id='line_1_62' title="bbox 1854 3199 3415 3293; baseline -0.002 -16"><span class='ocrx_word' id='word_1_463' title='bbox 1854 3199 2011 3277; x_wconf 77' lang='lat' dir='ltr'><strong>tiones</strong></span> <span class='ocrx_word' id='word_1_464' title='bbox 2046 3224 2100 3278; x_wconf 86' lang='lat' dir='ltr'><strong>in</strong></span> <span class='ocrx_word' id='word_1_465' title='bbox 2130 3225 2341 3278; x_wconf 72' lang='lat' dir='ltr'><strong>dextera</strong></span> <span class='ocrx_word' id='word_1_466' title='bbox 2381 3232 2473 3277; x_wconf 87' lang='lat' dir='ltr'><strong>tua</strong></span> <span class='ocrx_word' id='word_1_467' title='bbox 2502 3239 2664 3293; x_wconf 85' lang='lat' dir='ltr'><strong>usque</strong></span> <span class='ocrx_word' id='word_1_468' title='bbox 2700 3224 2753 3277; x_wconf 83' lang='lat' dir='ltr'><strong>in</strong></span> <span class='ocrx_word' id='word_1_469' title='bbox 2781 3222 2935 3291; x_wconf 86' lang='lat' dir='ltr'><strong>ﬁnem</strong></span> <span class='ocrx_word' id='word_1_470' title='bbox 2972 3220 3142 3290; x_wconf 82' lang='lat' dir='ltr'><strong>(Psal.</strong></span> <span class='ocrx_word' id='word_1_471' title='bbox 3182 3236 3274 3287; x_wconf 80' lang='lat' dir='ltr'><strong>xv,</strong></span> <span class='ocrx_word' id='word_1_472' title='bbox 3305 3221 3415 3291; x_wconf 82' lang='lat' dir='ltr'><strong>ll).</strong></span> 
     </span>
    </p>
   </div>
   <div class='ocr_carea' id='block_1_63' title="bbox 183 3306 1745 3384">
    <p class='ocr_par' dir='ltr' id='par_1_63' title="bbox 183 3306 1745 3384">
     <span class='ocr_line' id='line_1_63' title="bbox 183 3306 1745 3384; baseline 0.012 -25"><span class='ocrx_word' id='word_1_473' title='bbox 183 3306 333 3364; x_wconf 88' lang='lat' dir='ltr'><strong>donec</strong></span> <span class='ocrx_word' id='word_1_474' title='bbox 365 3314 781 3384; x_wconf 85' lang='lat' dir='ltr'><strong>quadragesimo</strong></span> <span class='ocrx_word' id='word_1_475' title='bbox 807 3333 949 3371; x_wconf 89' lang='lat' dir='ltr'><strong>anno</strong></span> <span class='ocrx_word' id='word_1_476' title='bbox 992 3321 1305 3375; x_wconf 88' lang='lat' dir='ltr'><strong>transmisso</strong></span> <span class='ocrx_word' id='word_1_477' title='bbox 1339 3321 1573 3377; x_wconf 85' lang='lat' dir='ltr'><strong>Jordane</strong></span> <span class='ocrx_word' id='word_1_478' title='bbox 1593 3322 1745 3377; x_wconf 81' lang='lat' dir='ltr'><strong>veni-</strong></span> 
     </span>
    </p>
   </div>
   <div class='ocr_carea' id='block_1_64' title="bbox 181 3398 1745 3482">
    <p class='ocr_par' dir='ltr' id='par_1_64' title="bbox 181 3398 1745 3482">
     <span class='ocr_line' id='line_1_64' title="bbox 181 3398 1745 3482; baseline 0.012 -35"><span class='ocrx_word' id='word_1_479' title='bbox 181 3405 286 3450; x_wconf 89' lang='lat' dir='ltr'><strong>rcnt</strong></span> <span class='ocrx_word' id='word_1_480' title='bbox 330 3398 383 3453; x_wconf 90' lang='lat' dir='ltr'><strong>in</strong></span> <span class='ocrx_word' id='word_1_481' title='bbox 438 3410 641 3457; x_wconf 88' lang='lat' dir='ltr'><strong>terram</strong></span> <span class='ocrx_word' id='word_1_482' title='bbox 697 3406 1089 3473; x_wconf 88' lang='lat' dir='ltr'><strong>promissionis.</strong></span> <span class='ocrx_word' id='word_1_483' title='bbox 1147 3408 1255 3464; x_wconf 84' lang='lat' dir='ltr'><strong>Sed</strong></span> <span class='ocrx_word' id='word_1_484' title='bbox 1310 3425 1472 3465; x_wconf 82' lang='lat' dir='ltr'><strong>causa</strong></span> <span class='ocrx_word' id='word_1_485' title='bbox 1528 3413 1745 3482; x_wconf 79' lang='lat' dir='ltr'><strong>majoris</strong></span> 
     </span>
    </p>
   </div>
   <div class='ocr_carea' id='block_1_65' title="bbox 237 3548 858 3645">
    <p class='ocr_par' dir='ltr' id='par_1_65' title="bbox 237 3548 858 3645">
     <span class='ocr_line' id='line_1_65' title="bbox 237 3548 858 3645; baseline 0.008 -20"><span class='ocrx_word' id='word_1_486' title='bbox 237 3548 263 3611; x_wconf 57' lang='grc' dir='ltr'>ὲ</span> <span class='ocrx_word' id='word_1_487' title='bbox 298 3571 366 3625; x_wconf 89' lang='lat' dir='ltr'><strong>lta</strong></span> <span class='ocrx_word' id='word_1_488' title='bbox 394 3575 564 3629; x_wconf 82' lang='lat' dir='ltr'><strong>codex</strong></span> <span class='ocrx_word' id='word_1_489' title='bbox 598 3574 858 3645; x_wconf 88' lang='lat' dir='ltr'><strong>Tegerns.</strong></span> 
     </span>
    </p>
   </div>
   <div class='ocr_carea' id='block_1_66' title="bbox 185 3747 2143 3785">
    <p class='ocr_par' dir='ltr' id='par_1_66' title="bbox 185 3747 2143 3785">
     <span class='ocr_line' id='line_1_66' title="bbox 185 3747 2143 3785; baseline 0.001 -4"><span class='ocrx_word' id='word_1_490' title='bbox 185 3747 2143 3785; x_wconf 70' lang='lat'><strong>======__________—————-—-——-————————_______—</strong></span> 
     </span>
    </p>
   </div>
   <div class='ocr_carea' id='block_1_67' title="bbox 1848 3315 2037 3371">
    <p class='ocr_par' dir='ltr' id='par_1_67' title="bbox 1848 3315 2037 3371">
     <span class='ocr_line' id='line_1_67' title="bbox 1848 3315 2037 3371; baseline 0.016 -3"><span class='ocrx_word' id='word_1_491' title='bbox 1848 3315 2037 3371; x_wconf 87' lang='lat' dir='ltr'><strong>Amen.</strong></span> 
     </span>
    </p>
   </div>
   <div class='ocr_carea' id='block_1_68' title="bbox 2136 3402 3062 3477">
    <p class='ocr_par' dir='ltr' id='par_1_68' title="bbox 2136 3402 3062 3477">
     <span class='ocr_line' id='line_1_68' title="bbox 2136 3402 3062 3477; baseline -0.005 -16"><span class='ocrx_word' id='word_1_492' title='bbox 2136 3407 2361 3477; x_wconf 74' lang='lat' dir='ltr'><strong>Explicit</strong></span> <span class='ocrx_word' id='word_1_493' title='bbox 2401 3405 2757 3461; x_wconf 86' lang='lat' dir='ltr'><strong>Commentum</strong></span> <span class='ocrx_word' id='word_1_494' title='bbox 2787 3402 2992 3457; x_wconf 73' lang='lat' dir='ltr'><strong>Bresitlt</strong></span> <span class='ocrx_word' id='word_1_495' title='bbox 3015 3415 3062 3456; x_wconf 80' lang='grc' dir='ltr'>ιι.</span> 
     </span>
    </p>
   </div>
   <div class='ocr_carea' id='block_1_69' title="bbox 2146 3752 3407 3789">
    <p class='ocr_par' dir='ltr' id='par_1_69' title="bbox 2146 3752 3407 3789">
     <span class='ocr_line' id='line_1_69' title="bbox 2146 3752 3407 3789; baseline 0 -6"><span class='ocrx_word' id='word_1_496' title='bbox 2146 3752 3407 3789; x_wconf 51' lang='lat' dir='ltr'><strong>m</strong></span> 
     </span>
    </p>
   </div>
   <div class='ocr_carea' id='block_1_70' title="bbox 1418 3934 2157 4048">
    <p class='ocr_par' dir='ltr' id='par_1_70' title="bbox 1418 3934 2157 4048">
     <span class='ocr_line' id='line_1_70' title="bbox 1418 3934 2157 4048; baseline -0.003 -2"><span class='ocrx_word' id='word_1_497' title='bbox 1418 3934 2157 4048; x_wconf 75' lang='lat' dir='ltr'><strong>BEMIGII</strong></span> 
     </span>
    </p>
   </div>
   <div class='ocr_carea' id='block_1_71' title="bbox 645 4119 2930 4215">
    <p class='ocr_par' dir='ltr' id='par_1_71' title="bbox 645 4119 2930 4215">
     <span class='ocr_line' id='line_1_71' title="bbox 645 4119 2930 4215; baseline -0.002 -30"><span class='ocrx_word' id='word_1_498' title='bbox 645 4122 1008 4185; x_wconf 69' lang='lat' dir='ltr'><strong>«‘IONACHI</strong></span> <span class='ocrx_word' id='word_1_499' title='bbox 1042 4119 1797 4199; x_wconf 79' lang='lat' dir='ltr'><strong>ANTISSIODORENSIS</strong></span> <span class='ocrx_word' id='word_1_500' title='bbox 1834 4119 2159 4215; x_wconf 73' lang='lat' dir='ltr'><strong>QllDlNlS</strong></span> <span class='ocrx_word' id='word_1_501' title='bbox 2189 4120 2473 4180; x_wconf 81' lang='lat' dir='ltr'><strong>SANCTI</strong></span> <span class='ocrx_word' id='word_1_502' title='bbox 2506 4120 2930 4181; x_wconf 79' lang='lat' dir='ltr'><strong>BENEDICTI</strong></span> 
     </span>
    </p>
   </div>
   <div class='ocr_carea' id='block_1_72' title="bbox 939 4292 2625 4483">
    <p class='ocr_par' dir='ltr' id='par_1_72' title="bbox 939 4292 2625 4483">
     <span class='ocr_line' id='line_1_72' title="bbox 939 4292 2625 4483; baseline -0.001 -21"><span class='ocrx_word' id='word_1_503' title='bbox 939 4305 1842 4463; x_wconf 73' lang='lat' dir='ltr'><strong>ENARRATIONUM</strong></span> <span class='ocrx_word' id='word_1_504' title='bbox 1924 4307 2057 4459; x_wconf 87' lang='lat' dir='ltr'><strong>IN</strong></span> <span class='ocrx_word' id='word_1_505' title='bbox 2121 4305 2625 4483; x_wconf 73' lang='lat' dir='ltr'><strong>PSALMOS</strong></span> 
     </span>
    </p>
   </div>
   <div class='ocr_carea' id='block_1_73' title="bbox 1348 4588 2225 4711">
    <p class='ocr_par' dir='ltr' id='par_1_73' title="bbox 1348 4588 2225 4711">
     <span class='ocr_line' id='line_1_73' title="bbox 1348 4588 2225 4711; baseline 0.007 -6"><span class='ocrx_word' id='word_1_506' title='bbox 1348 4592 1757 4705; x_wconf 79' lang='lat' dir='ltr'><strong>LIBER</strong></span> <span class='ocrx_word' id='word_1_507' title='bbox 1812 4588 2225 4711; x_wconf 73' lang='lat' dir='ltr'><strong>UNUS.</strong></span> 
     </span>
    </p>
   </div>
   <div class='ocr_carea' id='block_1_74' title="bbox 1584 4793 1959 4815">
    <p class='ocr_par' dir='ltr' id='par_1_74' title="bbox 1584 4793 1959 4815">
     <span class='ocr_line' id='line_1_74' title="bbox 1584 4793 1959 4815; baseline 0 -4"><span class='ocrx_word' id='word_1_508' title='bbox 1584 4793 1959 4815; x_wconf 55' lang='grc' dir='ltr'><strong>*ι-</strong></span> 
     </span>
    </p>
   </div>
   <div class='ocr_carea' id='block_1_75' title="bbox 492 4913 3075 5003">
    <p class='ocr_par' dir='ltr' id='par_1_75' title="bbox 492 4913 3075 5003">
     <span class='ocr_line' id='line_1_75' title="bbox 492 4913 3075 5003; baseline -0.003 -2"><span class='ocrx_word' id='word_1_509' title='bbox 492 4918 933 5003; x_wconf 81' lang='lat' dir='ltr'><strong>DIVEBSA</strong></span> <span class='ocrx_word' id='word_1_510' title='bbox 999 4914 1661 4998; x_wconf 77' lang='lat' dir='ltr'><strong>DIVEBSOBUM</strong></span> <span class='ocrx_word' id='word_1_511' title='bbox 1721 4915 1829 4993; x_wconf 88' lang='lat' dir='ltr'><strong>IN</strong></span> <span class='ocrx_word' id='word_1_512' title='bbox 1892 4913 2351 4992; x_wconf 83' lang='lat' dir='ltr'><strong>PSALMOS</strong></span> <span class='ocrx_word' id='word_1_513' title='bbox 2411 4915 3075 4996; x_wconf 71' lang='lat' dir='ltr'><strong>PRIEAMBULA.</strong></span> 
     </span>
    </p>
   </div>
   <div class='ocr_carea' id='block_1_76' title="bbox 1194 5060 2368 5128">
    <p class='ocr_par' dir='ltr' id='par_1_76' title="bbox 1194 5060 2368 5128">
     <span class='ocr_line' id='line_1_76' title="bbox 1194 5060 2368 5128; baseline -0.003 -11"><span class='ocrx_word' id='word_1_514' title='bbox 1194 5064 1290 5128; x_wconf 79' lang='lat' dir='ltr'><strong>(Ex</strong></span> <span class='ocrx_word' id='word_1_515' title='bbox 1313 5063 1616 5116; x_wconf 83' lang='lat' dir='ltr'><strong>Bibliotheca</strong></span> <span class='ocrx_word' id='word_1_516' title='bbox 1636 5061 1841 5113; x_wconf 76' lang='lat' dir='ltr'><strong>Maxima</strong></span> <span class='ocrx_word' id='word_1_517' title='bbox 1869 5060 2107 5113; x_wconf 82' lang='lat' dir='ltr'><strong>Veterum</strong></span> <span class='ocrx_word' id='word_1_518' title='bbox 2130 5062 2368 5127; x_wconf 87' lang='lat' dir='ltr'><strong>Patrum.)</strong></span> 
     </span>
    </p>
   </div>
   <div class='ocr_carea' id='block_1_77' title="bbox 173 5266 1749 5340">
    <p class='ocr_par' dir='ltr' id='par_1_77' title="bbox 173 5275 1731 5340">
     <span class='ocr_line' id='line_1_77' title="bbox 173 5275 1731 5340; baseline 0.003 -17"><span class='ocrx_word' id='word_1_519' title='bbox 173 5284 297 5340; x_wconf 62' lang='lat' dir='ltr'><strong>Quid</strong></span> <span class='ocrx_word' id='word_1_520' title='bbox 323 5283 578 5330; x_wconf 62' lang='grc' dir='ltr'><strong>,ἕης-,ἧμας</strong></span> <span class='ocrx_word' id='word_1_521' title='bbox 612 5297 668 5326; x_wconf 69' lang='grc' dir='ltr'>ιη</span> <span class='ocrx_word' id='word_1_522' title='bbox 700 5292 861 5320; x_wconf 64' lang='grc' dir='ltr'>τινι-ἰ</span> <span class='ocrx_word' id='word_1_523' title='bbox 916 5279 1048 5327; x_wconf 63' lang='grc' dir='ltr'><strong>’τοιηά</strong></span> <span class='ocrx_word' id='word_1_524' title='bbox 1082 5279 1371 5328; x_wconf 54' lang='lat' dir='ltr'><strong>frenato!!!”</strong></span> <span class='ocrx_word' id='word_1_525' title='bbox 1398 5277 1654 5331; x_wconf 79' lang='lat' dir='ltr'><strong>invenitur</strong></span> <span class='ocrx_word' id='word_1_526' title='bbox 1677 5275 1731 5327; x_wconf 86' lang='lat' dir='ltr'><strong>in</strong></span> 
     </span>
    </p>
   </div>
   <div class='ocr_carea' id='block_1_78' title="bbox 1854 5266 3413 5340">
    <p class='ocr_par' dir='ltr' id='par_1_78' title="bbox 1908 5266 3413 5322">
     <span class='ocr_line' id='line_1_78' title="bbox 1908 5266 3413 5322; baseline -0.013 -1"><span class='ocrx_word' id='word_1_527' title='bbox 1908 5281 1998 5322; x_wconf 65' lang='grc' dir='ltr'><strong>ςῖρ</strong></span> <span class='ocrx_word' id='word_1_528' title='bbox 2035 5278 2176 5318; x_wconf 82' lang='lat' dir='ltr'><strong>onim</strong></span> <span class='ocrx_word' id='word_1_529' title='bbox 2206 5275 2430 5316; x_wconf 71' lang='grc' dir='ltr'>ιιῖηἷηιιιι·</span> <span class='ocrx_word' id='word_1_530' title='bbox 2487 5274 2684 5316; x_wconf 63' lang='lat' dir='ltr'><strong>ﬁnitum</strong></span> <span class='ocrx_word' id='word_1_531' title='bbox 2718 5271 2885 5308; x_wconf 62' lang='lat' dir='ltr'><strong>mnium</strong></span> <span class='ocrx_word' id='word_1_532' title='bbox 2970 5272 3057 5314; x_wconf 69' lang='lat' dir='ltr'><strong>lini</strong></span> <span class='ocrx_word' id='word_1_533' title='bbox 3104 5266 3286 5310; x_wconf 67' lang='lat' dir='ltr'><strong>cminln</strong></span> <span class='ocrx_word' id='word_1_534' title='bbox 3322 5283 3413 5302; x_wconf 44' lang='lat' dir='ltr'><strong>an;</strong></span> 
     </span>
    </p>
   </div>
  </div>
