3986 5350
544 379 652 442 Ιπ

1415 368 1948 430 ENARRATIONES
1986 368 2052 423 IN
2093 364 2426 423 rsamtos.
2453 400 2517 410 -
2540 345 2978 426 ΡΒᾸΞᾸΜΒΙ]Ι..Α

3714 367 3817 430 138

539 495 714 568 gisac
745 491 958 548 dilatari
991 491 1214 562 incipit,
1249 492 1464 562 quando
1489 490 1556 545 ad
1584 504 1708 544 eum
1753 502 1906 542 mens
1933 487 2124 539 devote
2152 485 2202 543 Α
2229 480 2454 537 llebmo
2486 484 2682 539 habeat
2723 488 2825 555 dia,
2849 487 3042 552 saluta,
3073 486 3402 558 superﬂuum
3439 491 3816 546 esteessatio-

540 583 864 655 pervenerit.
911 581 1067 636 Finis
1117 598 1238 653 ergo
1286 582 1412 653 legis
1450 598 1512 635 ac
1556 579 1845 651 plenitudo,
1887 575 2124 631 Christus

538 685 636 739 est,
674 675 812 729 sicut
840 674 1130 742 Apostolus
1151 673 1281 728 uicit
1310 671 1482 742 (llam.
1514 670 1569 741 χ)
1598 688 1610 724 :
1647 667 1800 722 Finis
1834 667 1972 722 enim
2000 665 2126 736 legis

540 766 781 822 Christus
821 765 889 818 ad
929 765 1193 834 justitiam
1223 763 1367 819 omni
1397 763 1658 827 credenti;
1702 761 1769 816 ad
1809 775 1968 830 quem
2001 759 2128 813 dunt

537 857 978 928 pervenerimus.
1032 856 1164 910 nihil
1212 856 1352 910 ultra
1401 855 1820 926 perquiremus:
1873 851 1966 907 sed
2011 852 2129 920 ipso

539 948 888 1005 beatitudinis
932 947 1041 1002 line
1081 945 1386 1011 contracti,
1431 945 1740 1016 plenissima
1791 942 2130 1011 jucunditate

537 1043 890 1116 perfruimur,
943 1041 1094 1107 cujus
1143 1057 1298 1096 amor
1340 1049 1546 1096 tantum
1586 1037 1836 1108 prolicit,
1869 1045 2128 1106 quantum

538 1136 845 1191 intellectus
885 1122 1068 1188 noster
1114 1135 1340 1188 Domino
1389 1141 1680 1202 praestante
1735 1129 2023 1193 clarescit,
2072 1135 2128 1181 et

537 1229 661 1283 ideo
688 1227 900 1296 quoties
928 1227 980 1279 in
1015 1226 1183 1280 titulis
1211 1225 1540 1295 psalmorum
1583 1223 1741 1290 ﬁnem
1774 1221 2028 1290 reperies,
2059 1219 2128 1274 ad

538 1317 822 1372 Dominum
858 1316 1191 1370 Salvatorem
1239 1326 1480 1368 nostrum
1510 1314 1680 1367 aciem
1727 1311 1923 1366 mentis
1956 1309 2131 1364 inten-

535 1406 623 1469 de,
661 1405 750 1474 qui
779 1414 860 1460 est
892 1407 1014 1460 linis
1052 1407 1169 1460 sine
1210 1405 1316 1459 line
1354 1413 1410 1458 et
1433 1403 1698 1458 bonorum
1725 1401 1966 1456 omnium
1999 1415 2128 1458 con-

536 1496 852 1567 templativa
887 1495 1166 1565 perfectio.

968 1586 1144 1652 Quare
1189 1600 1375 1640 psautt
1418 1585 1688 1638 dicuntur.

603 1677 786 1734 Genus
834 1689 920 1733 est
964 1678 1332 1742 musicorum,
1389 1677 1493 1732 hoc
1536 1686 1618 1732 est
1646 1676 1888 1741 cithara,
1937 1675 2124 1730 decem

535 1769 769 1823 chordas
804 1767 1026 1831 habens,
1066 1769 1148 1823 cui
1181 1777 1404 1839 propter
1433 1768 1536 1822 hoc
1566 1767 1880 1838 psalterium
1925 1781 2118 1820 nomen

2231 588 2354 627 neut
2383 573 2619 644 Spiritus
2663 578 2832 632 sancti
2872 581 3179 644 nominare,
3208 595 3333 635 cum
3373 581 3536 636 etiam
3571 622 3587 646 ,
3616 582 3668 636 si
3714 581 3817 638 hoc

2230 679 2426 720 nomen
2464 676 2793 735 poneretur,
2851 684 3010 724 nemo
3060 670 3331 725 dubitaret
3375 669 3430 725 in
3477 669 3646 724 linem
3699 684 3818 725 esse

2229 769 2520 823 cessatum,
2566 760 2660 814 sed
2692 760 2746 813 in
2782 775 2924 815 nono
2948 759 3154 830 psalmo
3183 761 3455 816 canticum
3500 762 3818 831 diapsaluns

2230 846 2447 914 dicitur,
2471 849 2614 918 quod
2653 851 2836 920 utique
2867 852 3195 921 impossibile
3242 861 3357 918 est;
3381 863 3447 926 et
3473 853 3596 922 quis
3635 862 3818 923 posset

2230 940 2497 995 cantando
2525 956 2760 1009 cessare,
2790 952 2882 997 aut
2910 943 3171 999 cessando
3198 945 3455 1000 cantare?

2303 1033 2376 1089 De
2417 1033 2500 1089 his
2529 1045 2705 1090 autem
2741 1035 2834 1106 qui
2874 1036 2991 1091 siue
3031 1036 3198 1092 titulis
3233 1046 3358 1092 sunt
3398 1037 3620 1092 traditio
3653 1037 3818 1092 etiam

2231 1123 2352 1178 talis
2378 1133 2493 1187 est,
2537 1133 2590 1179 nt
2624 1124 2776 1192 cujus
2798 1126 3036 1181 auctoris
3067 1128 3403 1196 pra-scriptio
3429 1129 3814 1198 prmcesserit,

2228 1216 2409 1270 caeteri
2432 1215 2520 1285 qui
2547 1215 2665 1271 sine
2685 1215 2836 1270 titulo
2857 1226 3155 1285 sequuntur
3173 1217 3340 1282 ipsius
3355 1232 3474 1272 esse
3494 1219 3817 1273 credantur.

2301 1304 2589 1360 Sciendum
2640 1315 2818 1362 tamen
2861 1315 2945 1363 est
2986 1307 3130 1377 quod
3160 1307 3300 1378 apud
3333 1306 3593 1363 Hebraeos
3625 1323 3817 1363 omnes

2227 1397 2416 1466 psalmi
2446 1399 2688 1467 permisti
2719 1398 2935 1454 fuerunt
2970 1407 3026 1461 et
3060 1399 3382 1455 inordinati:
3425 1415 3564 1470 quos
3592 1401 3817 1470 quidem

2227 1489 2435 1559 primus
2465 1489 2664 1545 Esdras
2693 1491 2746 1545 in
2774 1506 2937 1545 unum
2974 1490 3225 1546 volumen
3275 1491 3481 1558 coegit,
3525 1500 3583 1544 et
3632 1492 3691 1545 in
3727 1505 3816 1545 or-

2226 1577 2406 1633 dinem
2451 1593 2844 1651 numerumque
2870 1581 3168 1650 disposuit,
3217 1595 3280 1636 ac
3312 1579 3492 1636 titulos
3530 1580 3815 1650 apposuit:

2229 1683 2291 1723 ac
2316 1684 2411 1738 per
2429 1668 2532 1724 hoc
2549 1671 2817 1725 occultum
2842 1675 3168 1726 sacramenti
3195 1672 3508 1742 mysterium
3535 1672 3673 1726 alios
3700 1671 3818 1725 aliis

2227 1758 2523 1826 prtctnlerit
2545 1759 2755 1816 ordine.
2783 1762 3020 1830 Decorus
3039 1770 3095 1816 et
3115 1761 3376 1817 mirabilis
3403 1761 3561 1828 ordo,
3589 1776 3817 1816 nurnero

534 1868 619 1915 est
644 1860 885 1915 additum
907 1899 924 1925 ,
950 1829 1076 1929 quia
1108 1829 1224 1930 ejus
1254 1829 1457 1928 plectro
1487 1829 1717 1929 desuper
1747 1857 1963 1912 chordae
2003 1856 2118 1926 pul-
2155 1829 2201 1889 Β
2231 1849 2448 1918 quidem
2497 1851 2725 1922 mystico
2769 1829 3124 1916 terminatus,
3169 1853 3264 1908 sed
3302 1851 3474 1907 sacris
3522 1852 3818 1908 virtutibus

535 1961 744 2008 santur.
803 1952 1037 2019 Quando
1084 1961 1265 2006 autem
1314 1950 1540 2005 inferius
1587 1949 1864 2019 tangitur,
1917 1948 2125 2002 cithara

533 2051 894 2111 nuncupatur.
945 2041 1023 2094 Ex
1065 2055 1173 2110 quo
1225 2039 1523 2110 intelligere
1574 2039 1763 2104 debes,
1812 2036 2124 2108 psalterium

533 2132 767 2200 desuper
794 2147 1018 2197 canens,
1051 2147 1155 2186 non
1188 2131 1425 2186 carnalia
1453 2137 1545 2185 aut
1573 2139 1805 2195 terrena,
1839 2130 1934 2185 sed
1963 2129 2124 2198 spiri-

535 2223 698 2277 tualia
731 2233 784 2277 et
813 2208 1050 2277 caelestia
1084 2238 1394 2293 personare.

605 2313 784 2378 Quare
817 2312 1008 2381 psalmi
1059 2323 1187 2368 tunc
1233 2328 1330 2382 per
1369 2313 1471 2368 ista
1513 2328 1713 2383 organa
1753 2312 2127 2367 canebantur?

536 2400 673 2467 Quia
723 2400 948 2470 populus
990 2402 1230 2455 carnalis
1259 2410 1398 2467 erat,
1437 2401 1527 2471 qui
1561 2417 1656 2472 per
1687 2402 1992 2469 ltujusmodi
2027 2403 2124 2457 de-

534 2491 853 2546 lectationes
890 2493 1065 2545 fuerat
1121 2493 1188 2545 ad
1240 2492 1596 2547 idololatriam
1651 2491 2022 2563 depravatus,
2073 2500 2128 2546 et

533 2595 755 2634 necesse
783 2577 883 2632 fuit
912 2595 1036 2634 cuin
1064 2581 1227 2636 simili
1259 2581 1540 2636 dulcedine
1566 2581 1634 2635 ad
1662 2582 1829 2636 Deum
1857 2581 2122 2637 revocari.

533 2672 939 2729 Austerioribus
995 2691 1119 2730 eum
1172 2675 1391 2730 monitis
1438 2675 1618 2730 curari
1664 2675 1936 2731 nolebant.
1987 2676 2123 2731 Dum

531 2764 676 2817 enim
711 2774 1058 2831 concurrunt,
1090 2766 1245 2834 quasi
1287 2766 1498 2820 cantica
1529 2774 1583 2822 et
1614 2765 2122 2833 melodias'audire,

532 2856 693 2910 verba
722 2856 812 2910 Dei
841 2856 894 2910 in
925 2872 1114 2911 eorum
1165 2869 1375 2912 mentes
1411 2858 1612 2914 salubri
1638 2868 1692 2914 et
1721 2867 1976 2916 consueta
2009 2860 2122 2914 dul-

531 2947 722 3002 cedine
774 2948 1114 3002 serebantur.
1166 2947 1334 3020 Magis
1388 2950 1536 3004 enim
1581 2957 1813 3014 tenetur,
1865 2950 2122 3020 quidquid

531 3038 762 3093 libenter
804 3039 1040 3092 auditur.
1086 3039 1254 3094 Simul
1289 3040 1453 3094 etiam
1483 3048 1542 3094 ut
1584 3039 1702 3096 haec
1748 3042 1921 3114 magis
1951 3057 2116 3113 quam

533 3125 710 3194 turpia
746 3126 1011 3180 discerent
1038 3127 1348 3182 decantare.
1577 3144 1579 3146 ·

609 3216 721 3271 Hac
747 3232 875 3284 ergo
903 3233 1062 3272 causa
1089 3219 1257 3272 David
1287 3219 1484 3275 choros
1509 3228 1790 3276 cantorum
1822 3238 1945 3279 cum
1972 3223 2120 3295 prin-
2151 3215 2194 3234 "

533 3309 742 3378 cipibus
772 3309 884 3363 suis
910 3310 1183 3380 octoginta
1207 3319 1261 3364 et
1285 3319 1411 3365 octo
1434 3311 1486 3366 in
1507 3310 1956 3383 Paralipomenon
1987 3315 2122 3386 legi-

535 3412 624 3456 tur
644 3400 959 3466 ordinasse,
988 3410 1048 3456 ut
1086 3402 1405 3473 magnitudo
1451 3403 1659 3459 sonitus
1699 3419 2026 3475 organorum
2069 3416 2124 3462 et

532 3507 723 3547 vocum
754 3492 934 3562 populi
981 3508 1076 3548 cor
1115 3502 1168 3549 et
1209 3493 1494 3550 delectatio
1541 3495 1733 3550 terrori
1781 3496 1940 3552 mista
1968 3511 2116 3552 COlll-

533 3593 816 3654 pungeret.

607 3671 888 3739 Quomodo
917 3671 1143 3728 solvitur
1173 3675 1315 3743 quod
1355 3675 1574 3742 dicitttr,
1606 3676 1903 3747 defecerunt
1936 3679 2120 3734 laudes

536 3761 708 3817 David
737 3803 752 3828 ,
794 3773 849 3818 et
879 3774 1066 3834 postea
1117 3766 1464 3821 inveniuntur
1509 3769 1700 3838 psalmi
1741 3771 1942 3826 David?
1985 3773 2116 3828 Sic:

531 3855 769 3911 sciamus
813 3855 1003 3926 inquo
1040 3857 1254 3928 psalmo
1296 3859 1558 3914 liniuntur
1585 3878 1598 3914 :
1627 3861 1681 3915 in
1726 3865 2120 3934 septuagesimo

531 3946 743 4030 scilicet
771 3947 967 4018 primo,
997 3950 1089 4018 qui
1131 3948 1439 4007 Salomonis
1475 3953 1734 4019 titulatur,
1765 3963 1821 4010 et
1857 3956 1926 4011 ad
1969 3957 2122 4012 Salo-

535 4053 752 4093 nionem
800 4039 1023 4094 onmiuo
1075 4057 1181 4097 non
1229 4042 1501 4112 pertinet,
1553 4033 1654 4098 sed
1703 4045 1768 4099 ad
1817 4044 2116 4102 Christum.

536 4128 728 4184 Merito
750 4145 880 4201 ergo
901 4130 1086 4188 laudes
1109 4133 1275 4188 David
1297 4133 1351 4188 in
1380 4132 1536 4189 laude
1560 4133 1757 4190 Christi
1784 4136 1946 4192 liniue
1969 4146 2116 4204 sunt,

531 4219 658 4290 quia
688 4220 772 4275 lex
799 4229 854 4276 et
881 4222 1154 4292 propheta:
1187 4239 1356 4294 usque
1393 4224 1459 4278 ad
1493 4223 1755 4280 Joannem
1787 4227 2117 4296 prazdicave-

530 4323 655 4369 runt
680 4313 894 4386 (Matth.
921 4316 1017 4385 xl).
1044 4316 1100 4370 ln
1123 4315 1410 4373 Salomone
1435 4319 1552 4389 (sic)
1577 4334 1790 4390 quoque
1817 4322 2118 4377 intitulatur

533 4419 694 4469 unus,
734 4402 918 4459 Oratio
960 4404 1132 4477 Moysi
1157 4407 1378 4461 hominis
1405 4408 1518 4474 Dei,
1552 4409 1605 4465 id
1631 4421 1714 4465 est
1737 4423 1785 4477 ει,
1835 4413 1949 4468 sive
1987 4415 2116 4470 duo-

2231 1943 2490 2000 inllnitus.
2530 1945 2630 1999 Hie
2662 1955 2840 2000 autem
2876 1955 3019 2000 totus
3050 1946 3184 2001 ordo
3226 1945 3591 2016 psalmorum,
3643 1963 3816 2017 quan-

2230 2042 2343 2089 tum
2379 2035 2673 2090 humanum
2703 2037 2976 2105 ingenium
3011 2038 3336 2110 investigare
3371 2037 3677 2109 prtevaluit,
3718 2039 3818 2094 du-

2228 2123 2350 2194 plici
2383 2127 2639 2209 misterio
2669 2127 2913 2183 noscitur
2950 2142 3073 2182 esse
3101 2127 3381 2183 decursus.

2299 2215 2578 2284 Primutn,
2620 2217 2762 2273 sicut
2807 2219 3128 2274 auctoritate
3171 2219 3392 2274 l’atrum
3435 2221 3645 2277 dictum
3693 2231 3813 2288 est,

2230 2308 2361 2365 Novi
2380 2320 2434 2368 et
2456 2310 2664 2368 Veteris
2695 2312 3028 2367 Testamenti
3051 2323 3390 2369 sacramenta
3414 2315 3813 2385 complectitur.

2229 2401 2448 2472 Septem
2494 2403 2691 2473 quippe
2742 2404 2972 2460 decades
3010 2404 3319 2458 releruntur
3364 2405 3430 2459 ad
3475 2403 3813 2472 Sabbatum,

2225 2495 2369 2564 quod
2395 2497 2462 2549 ad
2490 2494 2718 2564 primam
2745 2494 2888 2549 illam
2911 2494 3145 2565 pertinet
3173 2495 3291 2550 sine
3315 2495 3477 2550 dubio
3508 2497 3811 2552 culturam:

2225 2593 2350 2639 octo
2392 2598 2521 2638 vero
2571 2584 2802 2640 decades
2837 2599 2957 2654 qua:
2999 2591 3301 2654 sequuntur
3347 2595 3534 2640 nostro
3587 2585 3810 2656 tempori

2226 2673 2575 2744 deputantur,
2596 2676 2696 2746 {qui
2743 2676 3194 2731 resurrectionem
3230 2676 3445 2731 Domini
3491 2677 3579 2732 die
3620 2687 3808 2732 octava

2225 2764 2312 2834 pia
2344 2764 2628 2820 devotione
2669 2780 3014 2820 veneramur.
3046 2764 3318 2829 Secundo,
3341 2766 3466 2836 quia
3497 2767 3642 2822 sicut
3660 2768 3811 2838 quiu-

2223 2855 2480 2925 quaginta
2517 2854 2706 2910 diebus
2734 2855 3061 2925 superducto
3109 2854 3310 2910 diluvio
3338 2855 3660 2910 criminibus
3702 2856 3811 2910 suis

2227 2952 2368 2998 terra
2405 2945 2572 3000 diluta
2609 2953 2724 3009 est,
2757 2945 2838 3000 sic
2881 2943 3210 3015 psalmorum
3249 2943 3544 3014 spiritualis
3585 2945 3808 3016 abyssus

2223 3032 2464 3103 peccatis
2495 3033 2771 3102 inquinata
2799 3033 2964 3088 corda
2996 3031 3302 3087 mortalium
3331 3047 3502 3102 usque
3532 3033 3602 3086 ad
3621 3033 3806 3104 judicii

2227 3132 2436 3191 tempus
2463 3130 2720 3193 perpetua
2763 3121 3114 3177 inundatione
3153 3122 3422 3192 puriticat.

2299 3215 2496 3270 l'sahni
2547 3229 2734 3270 omnes
2781 3216 2874 3285 qui
2928 3215 3298 3270 inscribuntur
3343 3217 3444 3287 ipsi
3489 3215 3697 3282 David,
3743 3217 3807 3272 ad

2225 3305 2427 3363 Christi
2459 3309 2732 3378 pertinent
2772 3316 3171 3362 sacramentum
3195 3349 3210 3372 ,
3256 3309 3381 3378 quia
3424 3309 3594 3365 David
3634 3310 3806 3365 dictus

2226 3409 2308 3456 est
2345 3399 2605 3453 Chnstus.
2646 3399 2888 3466 Denique
2917 3397 3110 3467 psalmi
3140 3398 3230 3468 qui
3267 3399 3446 3470 fugam
3472 3401 3808 3470 passionem-

2223 3505 2327 3560 que
2379 3490 2540 3545 David
2573 3489 2861 3559 explicant,
2891 3489 3181 3544 ostendunt
3234 3488 3414 3560 fugam
3469 3493 3804 3560 passionem-

2224 3598 2328 3652 quc
2354 3581 2708 3636 Dominicatn.
2747 3581 2825 3635 llii
2870 3590 3050 3635 autem
3080 3581 3170 3650 qui
3217 3582 3270 3634 in
3303 3581 3462 3650 linem
3505 3583 3804 3638 inscribun-

2225 3685 2312 3729 tur
2349 3675 2730 3744 perfectionem
2787 3677 3050 3730 bonorum
3095 3690 3320 3745 operum
3371 3675 3641 3744 produnt,
3683 3676 3802 3745 quia

2225 3767 2312 3820 hic
2354 3766 2476 3820 linis
2507 3767 2790 3821 dissimilis
2817 3775 2901 3821 est
2927 3766 3048 3821 aliis
3079 3767 3292 3830 finibus,
3329 3783 3452 3821 cum
3485 3768 3572 3822 ille
3616 3769 3806 3823 habes:

2223 3860 2312 3916 hic
2342 3859 2762 3930 repletnentum:
2807 3857 2964 3914 Finis
2991 3861 3129 3914 enim
3156 3860 3285 3931 legis
3301 3859 3542 3916 Christus
3575 3859 3803 3931 adjustio

2221 3951 2349 4004 tiam
2381 3951 2522 4004 omni
2549 3949 2777 4004 credenti
2814 3948 2995 4021 (Rom.
3029 3949 3141 4021 l0).

2293 4037 2404 4095 Pro
2448 4039 2830 4108 torcularibus,
2859 4055 2960 4110 pro
3001 4049 3327 4095 aeternorum
3375 4054 3663 4095 munerum
3692 4037 3800 4094 fru-

2219 4131 2396 4187 ctibus
2430 4130 2662 4201 hymnus
2689 4139 2788 4187 est.

2289 4223 2395 4278 Pro
2416 4223 2499 4279 bis
2514 4225 2604 4294 qui
2627 4224 3020 4280 haereditabunt
3040 4223 3446 4280 retributionem
3471 4234 3797 4289 sanctorum,

2217 4313 2332 4369 sive
2369 4312 2639 4379 Ecclesia,
2676 4329 2796 4384 qua:
2839 4323 2924 4371 est
2949 4329 3143 4384 corpus
3181 4313 3419 4381 Christi,
3467 4324 3523 4370 et
3581 4316 3800 4371 haeredi-

2221 4413 2383 4458 tatem
2430 4405 2606 4476 capiet
2637 4406 2787 4473 regni
2817 4406 3099 4461 caelorum.

531 4493 728 4557 decim,
766 4491 920 4560 juxta
953 4492 1229 4560 Hebraeos,
1253 4497 1341 4565 qui
1370 4497 1522 4551 aiunt
1551 4511 1836 4568 sequentes
1876 4502 2112 4573 psahnos
2142 4529 2192 4591 Β
2267 4493 2374 4550 Pro
2389 4508 2588 4552 octava.
2613 4496 2838 4564 Quidam
2861 4497 3003 4552 hunc
3016 4513 3297 4552 numerum
3319 4497 3625 4570 Evangeliis
3640 4498 3798 4568 depu-

533 4598 703 4652 usque
721 4583 786 4636 ad
810 4586 1214 4655 nonagesimum
1243 4603 1441 4641 nonum
1469 4589 1678 4644 titulum
1705 4606 1810 4646 non
1832 4593 2111 4660 habentes,

532 4673 864 4742 octogesimo
907 4682 1098 4728 octavo
1144 4689 1265 4732 esse
1293 4677 1636 4748 jungendos,
1690 4683 1832 4738 sicut
1878 4684 1933 4739 in
1977 4685 2115 4743 libro

530 4766 941 4836 prophetarum,
967 4783 1195 4837 quorum
1228 4779 1466 4841 tempora
1496 4790 1600 4830 non
1628 4786 1900 4833 notantur.

605 4857 743 4923 Quid
813 4866 897 4913 est
969 4859 1308 4930 diapsalrnu?
1379 4862 1694 4938 Ubicunque
1763 4870 2113 4942 Septuaginta

533 4948 827 5017 diapsalma
887 4955 1235 5019 posuerunt,
1301 4953 1354 5008 in
1430 4956 1654 5014 llebrwo
1713 4978 1816 5015 non
1885 4963 2113 5017 habetur

533 5039 848 5108 diapsalma,
905 5041 1000 5095 sed
1047 5052 1176 5096 seu
1200 5083 1216 5109 ,
1275 5045 1376 5100 hoc
1417 5058 1501 5103 est
1539 5067 1738 5117 semper
1761 5065 1780 5103 :
1817 5053 2108 5124 diapsahua

532 5128 923 5198 interpretatur
947 5133 1291 5198 percantatio.
1323 5135 1498 5206 Ipsum
1529 5151 1704 5194 autem
1738 5144 1959 5197 verbum
2003 5145 2111 5199 sela

532 5219 636 5289 ipsi
688 5219 1040 5290 Septuaginta
1099 5223 1156 5276 in
1204 5223 1394 5291 ﬁnem,
1455 5236 1580 5283 sunt
1629 5221 1997 5300 interpretati.
2059 5236 2110 5286 iu

2219 4590 2588 4658 tant,eoquod
2601 4589 3011 4645 continenturin
3031 4591 3113 4646 his
3137 4591 3514 4652 beatitudines,
3542 4609 3642 4662 per
3670 4607 3797 4664 quas

2218 4683 2430 4736 venitur
2457 4684 2510 4737 in
2544 4699 2765 4754 regnum
2789 4683 2912 4750 Dei;
2957 4685 3070 4739 sive
3095 4685 3238 4738 illius
3263 4701 3403 4740 arcae
3431 4693 3557 4739 octo
3584 4686 3792 4740 animm.

2289 4773 2356 4827 In
2376 4774 2704 4829 dedicatione
2731 4775 2812 4830 vel
2845 4776 3290 4830 consummatione
3318 4776 3643 4832 tabernaculi
3673 4791 3792 4846 per-

2217 4865 2380 4920 fectio
2413 4865 2664 4920 Ecclesia:
2693 4865 3030 4936 intelligitur.

2292 4955 2399 5010 Pro
2430 4957 2509 5010 his
2547 4959 2636 5027 qui
2683 4961 3161 5012 commntubuntur.
3211 4958 3318 5013 Pro
3362 4957 3542 5028 populi
3589 4956 3790 5013 Judaici

2218 5064 2280 5104 ac
2307 5049 2640 5120 gentilitatis,
2667 5051 2752 5106 vel
2793 5050 3087 5123 Syuagogae
3126 5059 3182 5104 et
3219 5051 3474 5105 Ecclesia:
3500 5062 3793 5104 commuta-

2217 5142 2381 5206 tione,
2415 5143 2675 5212 providet.

2296 5233 2398 5282 Pm
2438 5237 2671 5288 occultis.
2715 5237 2790 5283 De
2827 5236 3055 5291 adventu
3089 5235 3180 5288 lilii
3210 5235 3303 5288 Dei
3342 5235 3676 5300 pronuntiat,
3703 5250 3790 5304 qu.
