3986 5528
147 475 248 530 137

973 461 1501 522 ENARRATIONES
1544 458 1609 514 IN
1648 456 1982 516 PSALMOS.
2022 488 2092 500 -
2128 456 2592 514 PREAMIJULA.

3303 459 3405 518 l53

148 596 254 646 tur,
297 599 364 640 eo
412 583 553 656 quod
595 597 713 656 ipsa
756 597 855 640 nos
895 578 1274 650 Redemptoris
1324 573 1727 631 resurrectione
1753 581 1798 633 Α
1900 569 2016 626 Non
2055 571 2198 626 enim
2248 571 2545 642 supradicti
2595 570 2695 625 viri
2747 572 2814 626 ad
2860 570 3092 642 psalmos
3131 572 3410 631 faciendos

149 679 357 733 satiare
385 678 718 748 pronuntiat.

220 767 474 823 Psalmus
503 769 556 822 iu
579 766 930 832 Salomoaem,
956 765 1010 822 id
1035 772 1116 822 est
1141 760 1419 828 paciﬁcum
1435 796 1450 824 ,
1479 756 1622 826 quod
1646 763 1730 811 est

148 859 202 915 in
229 858 450 915 Christo
469 900 484 923 ,
525 872 617 928 qui
653 866 738 914 est
763 872 866 928 pax
893 863 1090 912 nostra.
1527 879 1530 882 -

218 949 287 1004 In
323 950 649 1020 confessione
693 964 824 1005 vero
852 949 1008 1005 docet
1053 953 1115 1002 ut
1134 944 1337 1018 iugiter
1369 943 1532 999 homo
1558 939 1730 998 Deum

144 1049 202 1097 et
231 1055 368 1095 voce
411 1038 648 1095 fateatur
682 1050 737 1095 et
763 1040 945 1096 corde.

219 1131 298 1185 Illi
324 1145 455 1186 sane
483 1131 574 1202 qui
595 1145 683 1186 res
706 1141 884 1201 gestas
911 1128 1206 1184 secundum
1227 1125 1461 1181 litteram
1486 1129 1727 1187 narrant,

145 1223 408 1278 verticem
425 1221 683 1292 spiritalis
702 1220 1066 1290 intelligentia:
1089 1225 1488 1289 cognoscuntur
1509 1214 1729 1267 habere.

213 1311 468 1367 Psalmus
497 1311 725 1366 ﬁliorum
753 1311 890 1366 Core
919 1325 1015 1380 per
1049 1310 1356 1380 passionem
1402 1304 1604 1374 Christi
1643 1316 1728 1357 re-

145 1403 469 1457 dimendum
499 1402 753 1473 populum
788 1401 1184 1473 praeﬁguravit:
1219 1400 1344 1470 quia
1377 1397 1517 1452 Core
1565 1397 1732 1452 inter-

140 1501 394 1563 pretatur
456 1493 721 1548 calvitium
752 1534 767 1560 ,
820 1494 947 1564 quia
1010 1491 1268 1548 Dominus
1323 1499 1508 1545 noster
1572 1487 1731 1544 lesus

136 1585 397 1642 Christus
424 1587 478 1642 in
507 1587 625 1644 loco
655 1587 916 1642 Calvariae
947 1585 1239 1642 cruciﬁxus
1265 1593 1367 1640 est.

217 1677 334 1734 Pro
353 1680 521 1734 verbis
541 1679 704 1736 Chusi
724 1679 822 1750 ﬁlii
847 1681 1061 1736 Jemiai.
1086 1679 1197 1734 Hoc
1228 1687 1340 1743 est,
1364 1676 1506 1747 quod
1527 1675 1694 1732 Chusi
1713 1714 1730 1741 ,

137 1769 338 1827 relicto
367 1770 567 1836 David,
619 1771 685 1825 ad
726 1769 976 1825 Absalom
1005 1769 1249 1835 transit,
1279 1767 1371 1837 qui
1415 1773 1534 1821 erat
1563 1763 1733 1821 hostis

135 1862 318 1932 patris
362 1862 486 1928 sui,
517 1861 659 1917 sicut
681 1859 849 1915 Judas
881 1859 1106 1915 Christi.

1833 659 1988 716 electi
2020 671 2178 726 sunt,
2206 663 2300 716 sed
2325 677 2420 717 eos
2449 670 2804 732 congregatos
2851 672 3056 717 tantum
3088 663 3311 734 legimus
3339 667 3409 721 ad

1833 747 2163 815 canendum;
2189 749 2633 823 psalmograplios
2653 759 2832 806 autem
2857 749 3022 806 fuisse
3047 752 3269 809 historia
3293 754 3409 808 nul-

1832 836 1884 892 la
1904 846 2133 894 testatur
2157 859 2170 894 :
2196 849 2744 911 etprinsumptuosum
2769 851 2852 897 est
2872 843 3074 907 dicere,
3091 845 3232 915 quod
3265 846 3408 900 nulla

1831 931 2352 1000 possit-auctoritate
2382 934 2615 1003 probari.
2657 933 2900 990 Psalmos
2925 945 3105 990 autem
3136 941 3203 990 ad
3236 939 3409 994 solum

1830 1023 2146 1093 pmphetam
2171 1025 2336 1080 David
2357 1027 2624 1096 pertinere
2656 1031 2818 1084 certis
2843 1029 3147 1086 declaratur
3175 1032 3408 1088 indiciis.

1902 1113 2143 1186 Denique
2165 1116 2217 1170 in
2245 1116 2565 1189 Apocalypsi
2591 1119 2779 1176 volens
2809 1121 2949 1176 istud
2987 1137 3122 1191 opus
3151 1124 3408 1194 intelligi,

1832 1205 1999 1262 solius
2031 1207 2198 1262 David
2243 1210 2517 1275 meminit,
2547 1197 2926 1267 dicensz'um
2968 1214 3091 1268 dicit
3119 1225 3331 1269 sanctus
3361 1227 3412 1270 et

1832 1315 2012 1365 uerus,
2041 1301 2131 1370 qui
2157 1301 2308 1354 habet
2343 1301 2541 1356 clauem
2579 1304 2748 1358 David
2768 1345 2782 1369 ,
2820 1307 2909 1375 qui
2937 1307 3142 1376 aperit,
3180 1319 3225 1359 et
3261 1324 3409 1361 neuio

1833 1391 2064 1457 claudit;
2086 1392 2303 1459 claudit,
2333 1405 2381 1448 et
2409 1412 2556 1450 nemo
2572 1397 2736 1465 aperit
2755 1397 3060 1469 (Apoc.m).
3092 1397 3148 1452 In
3171 1399 3413 1469 Evange-

1833 1481 1906 1537 lio
1916 1498 2129 1554 quoque
2145 1487 2428 1542 l’harisaeis
2447 1489 2705 1544 Dominus
2717 1490 2874 1546 dicit:
2895 1491 3165 1558 Quomodo
3178 1508 3299 1562 ergo
3313 1494 3417 1546 Da-

1834 1575 1917 1628 uid
1944 1576 1999 1629 iu
2027 1576 2214 1645 spiritu
2238 1587 2382 1631 vocat
2407 1595 2524 1632 eum
2548 1579 2831 1636 Dominum
2849 1622 2865 1648 ,
2887 1585 3098 1638 dicens:
3128 1584 3272 1639 Discit
3300 1585 3407 1639 Do-

1833 1667 2006 1720 minus
2025 1665 2249 1720 Domino
2265 1685 2377 1724 meo
2395 1685 2412 1723 :
2432 1668 2564 1725 Sede
2579 1688 2612 1725 a
2627 1672 2824 1728 dextris
2838 1676 2964 1728 meis
2979 1676 3005 1729 ?
3023 1675 3234 1746 (Matth.
3255 1678 3416 1747 χχιι.)

1835 1756 1989 1814 Unde
2036 1759 2297 1827 probatur
2341 1761 2620 1818 universos
2667 1763 2902 1834 psalmos
2957 1782 3060 1821 non
3121 1768 3412 1823 multorum

1842 1848 2109 1914 existere,
2153 1849 2245 1904 sed
2289 1859 2497 1906 tantum
2545 1852 2712 1924 ipsius
2738 1870 2896 1924 quem
2936 1873 2967 1910 a
3016 1855 3244 1912 Domino
3291 1874 3418 1914 con-

211 1953 273 2006 lu
303 1923 676 2022 assumptione
728 1951 1012 2006 matutina.
1044 1950 1181 2018 Quia
1234 1949 1498 2005 Dominus
1546 1962 1735 2004 resur-
1763 1923 1815 1986 Β
1842 1948 1949 1994 Stal
1979 1955 2100 1995 esse
2130 1941 2485 1997 nominatum.
2515 1943 2656 2000 Usus
2695 1961 2906 2016 quoque
2928 1949 3207 2004 catholica:
3234 1951 3419 2008 Eccle-

134 2058 278 2112 gens
305 2057 466 2097 mane
513 2041 870 2113 assumpserit
898 2039 1298 2112 captivitatem,
1345 2038 1606 2094 reducens
1647 2053 1736 2094 se-

135 2147 268 2186 cum
302 2147 371 2186 ex
400 2129 612 2188 inferis.

211 2222 274 2276 In
306 2223 488 2293 prima
513 2221 762 2278 Sabbati.
788 2220 846 2276 In
872 2220 990 2290 ipsa
1015 2219 1436 2276 resurrectione.

214 2315 543 2388 Priusquam
572 2313 834 2370 liuiretur.
860 2313 1163 2386 Antequam
1197 2311 1600 2369 resurrectione
1623 2310 1738 2368 cla-

136 2407 297 2462 riﬁca
308 2417 480 2460 retur.

210 2498 272 2552 In
292 2497 734 2554 remuneratione
757 2496 1094 2562 delictorum,
1112 2496 1296 2567 utique
1325 2510 1568 2552 suorum.
1597 2494 1742 2552 Can-

139 2592 311 2646 ticum
349 2591 615 2660 graduum
650 2589 928 2646 ccelestem
954 2591 1204 2660 designat
1232 2603 1538 2644 ascensum.
1671 2663 1680 2672 _

210 2681 470 2737 Psalmus
498 2694 629 2752 ergo
656 2680 744 2735 ille
769 2681 862 2752 qui
901 2681 955 2735 in
1001 2681 1176 2736 medio
1220 2681 1562 2736 canticorum
1605 2694 1732 2751 gra-

136 2775 310 2829 duum
336 2781 456 2836 est,
488 2781 744 2843 tauquam
778 2772 942 2826 turris
967 2771 1335 2842 pulcherrima
1371 2773 1610 2841 ponitur.

206 2867 322 2921 Sed
353 2881 456 2921 nec
484 2866 601 2920 sine
639 2865 895 2937 mysterio
931 2865 1167 2921 arbitror
1193 2880 1344 2929 esse,
1372 2863 1516 2936 quod
1558 2862 1647 2919 hic
1677 2862 1742 2918 li-

132 2960 237 3013 her
279 2959 334 3012 in
369 2958 543 3012 tribus
572 2957 1049 3028 quinquagenariis
1078 2965 1293 3012 constat
1319 2957 1574 3027 scriptus.

206 3050 432 3104 Primus
481 3049 624 3104 enim
669 3047 1039 3102 remissionem
1093 3056 1440 3116 peccatorum
1491 3055 1733 3118 praestat.

137 3137 434 3192 Secundus
485 3137 553 3192 ad
597 3153 750 3208 spem
799 3137 988 3192 invitat
1022 3138 1169 3209 regni
1217 3137 1470 3193 caelestis.
1521 3137 1737 3195 Tertius

137 3246 242 3284 nos
276 3231 345 3283 ad
378 3244 604 3299 regnum
631 3237 846 3283 aeternae
881 3227 1229 3282 beatitudinis
1275 3229 1458 3282 mittit.

1841 2032 1968 2095 site,
1997 2031 2230 2102 Spiritus
2259 2036 2429 2090 sancti
2463 2035 2814 2104 inspiratione
2835 2078 2850 2104 ,
2881 2041 3205 2111 generaliter
3233 2052 3286 2098 et
3319 2048 3418 2098 im-

1841 2124 2116 2181 nlobiliter
2139 2136 2284 2183 tenet
2313 2128 2690 2200 utquicunque
2703 2147 2890 2186 eorum
2911 2136 3212 2191 cantandus
3234 2136 3418 2202 fuerit,

1841 2217 1931 2286 qui
1967 2233 2033 2274 ex
2057 2219 2360 2277 diversione
2386 2231 2736 2293 pramotatur,
2763 2224 2932 2281 lector
2960 2227 3102 2283 aliud
3130 2230 3422 2300 praedicare

1844 2321 1952 2361 non
1992 2308 2220 2374 audeat,
2267 2310 2372 2365 nisi
2426 2309 2674 2367 Psalmus
2722 2313 2924 2380 David;
2969 2318 3111 2386 quod
3151 2317 3197 2373 si
3239 2326 3422 2374 essent

1843 2399 2046 2468 proprii
2079 2408 2172 2454 aut
2201 2400 2443 2468 lditbun,
2473 2411 2567 2457 aut
2595 2403 2830 2460 ﬁliorum
2859 2405 3028 2474 Core,
3072 2416 3165 2462 aut
3204 2408 3420 2480 Asaph,

1845 2496 1939 2542 aut
1985 2488 2185 2560 Moysi,
2235 2506 2421 2548 eorum
2469 2495 2684 2550 nomina
2733 2496 2919 2568 utique
2961 2498 3420 2572 praedicerentur:

1843 2581 1985 2644 sicut
2014 2582 2142 2637 etin
2174 2582 2478 2655 Evangeliis
2505 2588 2718 2656 quando
2747 2597 2840 2643 aut
2882 2588 3085 2657 Marci,
3113 2601 3207 2645 aut
3229 2591 3423 2658 Lucae,

1845 2680 1942 2726 aut
1976 2669 2212 2727 Mattluei
2237 2713 2252 2739 ,
2285 2683 2378 2728 aut
2411 2673 2634 2732 Joannis
2663 2678 2924 2735 vocabulo
2965 2685 3422 2752 pronuntiantur;

1845 2763 1990 2832 quod
2026 2765 2189 2819 etiam
2224 2775 2440 2822 secutus
2470 2767 2634 2824 Pater
2660 2771 2996 2843 Augustinus
3016 2814 3032 2839 ,
3063 2786 3422 2847 congruenter

1844 2867 2029 2909 omnes
2058 2854 2291 2924 psalmos
2320 2857 2451 2912 dicit
2478 2873 2599 2914 esse
2638 2860 2943 2920 Davidicos.

1915 2943 2235 3000 Psalterium
2259 2956 2434 3013 est,ut
2454 2947 2717 3008 Jeremias
2739 2953 2836 3019 ait,
2856 2955 2907 3009 in
2930 2957 3146 3012 modum
3171 2968 3207 3014 Δ
3229 2958 3422 3016 litterae

1844 3035 2059 3092 formati
2082 3038 2205 3110 ligni
2237 3054 2433 3096 sonora
2459 3046 2798 3112 concavitas,
2838 3047 3057 3104 obesum
3090 3059 3329 3107 ventrem
3369 3053 3424 3106 in

1845 3127 2213 3195 superioribus
2259 3129 2504 3197 habens,
2538 3133 2626 3188 tibi
2667 3135 2993 3192 chordarum
3043 3136 3132 3192 ﬁla
3180 3140 3421 3208 religata,

1844 3217 2255 3289 disciplinaliter
2268 3220 2473 3290 plectro
2493 3238 2765 3294 percussa,
2790 3227 3160 3283 suavissimam
3174 3229 3424 3286 dicuntur

213 3321 542 3391 Diapsalmie
569 3333 730 3384 vero,
773 3334 893 3389 qua:
918 3334 1120 3388 semper
1155 3319 1598 3394 interpretantur,
1630 3321 1727 3375 do-
1759 3312 1807 3376 C
1841 3310 2066 3365 reddere
2093 3311 2440 3366 cantilenam.
2485 3312 2620 3368 lluic
2649 3316 2871 3370 citharae
2898 3318 3094 3386 positio
3131 3335 3251 3377 esse
3282 3323 3425 3376 vide-

134 3421 268 3466 cent
301 3421 365 3464 ut
396 3411 591 3466 anima:
639 3422 849 3479 semper
883 3409 936 3463 in
963 3409 1048 3464 his
1085 3417 1403 3465 exerceatur
1449 3410 1621 3464 ﬁdelis
1652 3409 1735 3464 iii-

136 3504 338 3558 lentio.

147 3619 150 3622 ί
209 3594 272 3648 In
295 3592 477 3664 primo
505 3591 644 3647 libro
659 3592 1101 3663 Paralipomenon
1131 3591 1328 3664 legitur
1349 3591 1401 3662 (Ι
1425 3591 1553 3646 Par.
1577 3592 1732 3664 xxv),

132 3704 268 3742 cum
295 3685 470 3741 David
494 3687 755 3756 propheta
777 3687 967 3742 devota
995 3686 1220 3742 Domino
1245 3696 1404 3742 :etate
1433 3687 1733 3754 senuisset,

129 3788 384 3851 quatuor
426 3777 656 3847 juvenes
693 3791 759 3831 ex
790 3777 1084 3833 lsraelitico
1112 3777 1308 3848 populo
1336 3779 1594 3850 elegisse,
1642 3781 1732 3850 qui

129 3871 388 3941 psalmos
435 3885 571 3939 quos
609 3869 728 3939 ipse
776 3869 987 3924 Domini
1037 3869 1367 3940 aspiratione
1403 3870 1732 3940 protulerat,

128 3961 393 4032 organis,
425 3960 671 4026 citharis,
696 3960 888 4026 nablis,
920 3961 1214 4032 tympanis,
1247 3963 1526 4032 cymbalis,
1569 3964 1734 4029 tubis,

127 4052 480 4122 prepriaque
538 4065 670 4105 voce
731 4050 786 4106 in
850 4067 1043 4122 magna
1094 4051 1433 4122 jucunditate
1491 4069 1734 4124 superna:

128 4144 337 4215 gratia:
372 4149 747 4212 personarent.
985 4213 988 4216 Α

207 4235 353 4302 Quae
381 4233 566 4288 suavis
593 4233 868 4305 adunatio,
901 4235 1074 4291 tribus
1111 4237 1356 4306 partibus
1394 4238 1564 4294 divisa
1602 4253 1732 4294 con-

127 4327 348 4383 stabat.
375 4325 680 4380 Rationalis
726 4327 1029 4397 pertinebat
1071 4330 1137 4383 ad
1179 4329 1467 4384 humanam
1514 4344 1703 4386 vocem
1719 4371 1742 4397 ,μ

127 4418 490 4473 irrationalis
517 4419 584 4473 ad
631 4418 991 4474 instrumenta
1030 4422 1254 4476 musica.
1295 4421 1610 4496 Communis
1640 4439 1738 4480 au-

125 4521 250 4569 tem
304 4513 372 4566 de
409 4512 656 4580 utrisque
701 4511 947 4580 partibus
989 4514 1294 4583 aptabatur,
1334 4523 1394 4567 ut
1427 4524 1481 4569 et
1507 4530 1612 4571 vox
1641 4516 1736 4571 lio-

124 4602 314 4658 minis
339 4602 506 4658 certis
541 4600 997 4677 modulationibus
1026 4603 1298 4668 ederetur,
1324 4612 1379 4657 et
1405 4604 1737 4659 instrumen-

124 4707 330 4752 torum
360 4693 530 4748 nielos
570 4708 810 4750 consona
833 4693 1170 4763 iucunditate
1202 4693 1641 4764 conjungeretur.

204 4786 317 4841 Sic
343 4786 526 4841 suavis
553 4785 643 4840 illa
685 4793 740 4840 et
769 4786 1006 4856 jucunda
1039 4787 1242 4841 musica
1264 4827 1278 4852 ,
1312 4785 1608 4841 Ecclesiam
1642 4800 1732 4842 ca.-

125 4877 413 4932 tliolicam
457 4875 546 4930 tali
590 4887 715 4930 actu
748 4862 1076 4946 praedicabat
1115 4891 1236 4946 quae
1277 4890 1345 4929 ex
1375 4874 1606 4930 diversis
1633 4872 1734 4930 lin-

119 4972 261 5045 guis
306 4967 573 5037 varioque
611 4974 879 5022 concentu
915 4965 968 5018 in
1017 4981 1190 5038 unam.
1218 4960 1732 5023 ﬁdei'concordiam

120 5073 257 5118 erat
308 5059 541 5114 Domino
585 5066 879 5131 praestante
917 5057 1207 5112 creditura.
1251 5059 1329 5114 Ex
1357 5074 1464 5130 quo
1506 5075 1731 5117 numero

123 5155 319 5211 indita
357 5151 575 5205 nomina
601 5149 917 5220 frequenter
938 5148 992 5202 in
1019 5149 1185 5205 titulis
1210 5151 1532 5212 invenimus,
1553 5162 1610 5208 ut
1633 5151 1738 5208 ldi-

124 5249 304 5309 thun,
357 5244 571 5315 Asaph,
602 5245 695 5299 lilii
721 5242 864 5300 Core
891 5251 946 5297 et
973 5243 1058 5298 his
1079 5245 1305 5302 similia:
1342 5264 1446 5302 non
1476 5247 1602 5317 quia
1636 5249 1736 5320 ipsi

122 5347 217 5412 (υι
259 5337 494 5409 quidam
540 5336 747 5410 volunt)
797 5341 1052 5390 auctores
1095 5334 1322 5394 fuissent
1363 5339 1732 5408 psalmorum,

117 5436 230 5486 δρᾶ
300 5430 559 5484 auoniam
607 5427 848 5502 impositi
901 5425 1229 5497 artiﬁcibus,
1271 5432 1736 5488 administratores

1840 3411 1926 3456 tur
1967 3405 2257 3468 contraria,
2291 3405 2416 3458 dum
2445 3407 2586 3475 quod
2616 3407 2719 3461 ista
2745 3407 2800 3462 in
2845 3409 2954 3464 imo
2987 3411 3261 3478 continet,
3287 3428 3423 3469 cou-

1839 3508 1994 3548 versa
2025 3494 2138 3548 vice
2168 3503 2344 3566 gestat
2365 3495 2417 3549 in
2440 3496 2635 3566 capite.

1910 3586 2021 3639 lloc
2051 3594 2229 3639 autem
2267 3602 2435 3657 genus
2465 3589 2650 3660 organi
2684 3604 2940 3645 canorum
2965 3601 3127 3663 atque
3154 3593 3424 3665 singulare

1840 3687 2057 3748 aptatur
2087 3681 2295 3748 corpori
2334 3679 2543 3734 Domini
2600 3678 2894 3736 Salvatoris
2921 3722 2936 3748 ,
2984 3683 3236 3754 quoniam
3286 3685 3426 3740 sicut

1841 3767 1984 3822 istud
2014 3770 2078 3822 de
2111 3768 2391 3822 altioribus
2423 3777 2599 3833 sonat,
2627 3770 2708 3823 sic
2743 3780 2798 3824 et
2824 3770 2949 3825 illud
2988 3771 3238 3842 gloriosae
3267 3775 3424 3829 insti-

1842 3858 2062 3911 tutionis
2100 3872 2332 3926 superna
2381 3857 2656 3924 celebrat,
2697 3859 2836 3915 sicut
2878 3861 2993 3930 ipse
3034 3861 3087 3916 in
3135 3861 3425 3934 Evangelio

1839 3947 1950 4000 ait;
1984 3945 2087 4012 Qui
2122 3947 2188 4000 de
2226 3958 2364 4001 terra
2401 3957 2494 4012 est,
2537 3949 2600 4002 de
2644 3959 2783 4003 terra
2814 3949 3087 4022 loquitur;
3125 3955 3213 4023 qui
3249 3967 3424 4009 autem

1842 4038 1908 4092 de
1938 4041 2062 4092 cwlu
2105 4040 2260 4105 reuil,
2291 4056 2447 4110 super
2472 4057 2646 4095 omnes
2683 4052 2794 4108 est;
2824 4053 2874 4096 et
2915 4045 3053 4115 quod
3080 4046 3204 4098 vidit
3244 4058 3290 4100 et
3327 4065 3426 4099 au-

1743 4197 1745 4201 ι
1839 4133 1986 4196 divit,
2020 4133 2116 4186 hoc
2150 4145 2368 4186 testatur
2405 4133 2587 4205 (Joau.
2630 4137 2736 4207 ιιι).
2786 4137 2938 4193 Unde
2978 4139 3195 4210 quidam
3236 4153 3289 4196 et
3324 4144 3425 4200 hoc

1839 4240 1975 4296 opus
2024 4225 2332 4280 Davidicum
2358 4267 2371 4291 ,
2414 4226 2532 4281 ideo
2573 4228 2808 4297 psalmos
2855 4229 3026 4285 dictos
3070 4246 3190 4286 esse
3242 4234 3423 4301 praeﬁ-

1841 4320 2014 4382 uiunt,
2045 4319 2170 4389 quia
2203 4319 2269 4373 de
2297 4333 2528 4389 superno
2556 4320 2788 4374 culmine
2818 4337 3072 4376 resonare
3104 4334 3420 4381 noscuntur.

1839 4409 2112 4481 Cognosce
2157 4426 2284 4481 ergo
2310 4413 2450 4482 quod
2492 4411 2580 4466 isti
2610 4421 2815 4466 tantum
2849 4429 2946 4484 pro
2976 4414 3293 4468 excellentia
3338 4416 3421 4471 sui

1841 4505 2088 4560 dicantur
2118 4506 2332 4575 psalmi,
2355 4505 2444 4575 qui
2470 4506 2571 4561 hoc
2600 4507 2868 4562 volumine
2890 4511 3253 4563 continentur.

1911 4599 2230 4653 Psalterium
2256 4598 2502 4655 Gra:cum
2527 4613 2720 4654 nomen
2749 4609 2850 4667 est,
2875 4609 2930 4655 et
2951 4599 3142 4658 Latine
3168 4619 3423 4674 organum

1758 4675 1814 4736 Ῑ)
1843 4689 1922 4744 vel
1952 4689 2306 4744 laudatorium
2330 4691 2547 4753 dicitur,
2573 4690 2697 4759 quia
2725 4689 2934 4746 Hebraei
2964 4708 3175 4747 NABLUI
3205 4701 3419 4746 vocant.

1839 4780 2083 4836 Psalmus
2123 4796 2153 4833 a
2180 4779 2449 4849 psalleudo
2479 4796 2674 4836 nomen
2719 4783 2945 4851 accepit,
2974 4782 3059 4837 vel
3088 4798 3117 4837 a
3148 4782 3422 4854 psallerio,

1837 4871 1923 4927 vel
1950 4872 2052 4928 ἀπὸ
2076 4877 2168 4928 τοῦ
2199 4870 2420 4944 ψάλλειν,
2457 4871 2559 4926 hoc
2594 4878 2700 4939 est,
2731 4887 2760 4926 a
2787 4875 3066 4944 tangendo.

1907 4964 2154 5019 Psalmus
2184 4973 2266 5020 est
2290 4980 2411 5020 cum
2440 4981 2506 5019 ex
2539 4964 2653 5035 ipso
2674 4965 2787 5022 solo
2817 4966 3173 5026 instrumento
3195 4970 3423 5036 musico,

1837 5059 1890 5116 id
1918 5070 2001 5116 est
2029 5058 2307 5131 psalterio,
2344 5058 2637 5115 modulatio
2660 5061 2904 5130 quaedam
2946 5062 3121 5122 dulcis
3152 5073 3204 5120 et
3228 5080 3426 5120 canora

1840 5154 2199 5223 profunditur.
2234 5151 2505 5207 Canticum
2527 5160 2610 5206 est
2635 5155 2778 5222 quod
2802 5154 2870 5209 ad
2892 5155 3152 5214 honorem
3181 5158 3272 5212 Dei
3295 5172 3425 5211 can-

1841 5253 2006 5312 tatur,
2052 5245 2265 5315 quando
2309 5245 2431 5314 quis
2468 5243 2715 5298 libertate
2763 5247 2992 5316 propriae
3041 5250 3188 5307 vocis
3235 5248 3426 5311 utitur,

1840 5351 1941 5391 nec
1989 5336 2198 5406 loquaci
2233 5337 2592 5391 instrumento
2636 5337 2888 5409 cuiquam
2934 5344 3146 5398 musico
3193 5355 3428 5397 consona

1841 5427 2206 5482 modulatione
2254 5429 2528 5493 sociatur;
2572 5427 2673 5483 hoc
2721 5440 2776 5484 et
2815 5429 2953 5499 quod
2981 5434 3150 5489 etiam
3198 5447 3340 5486 nunc
3373 5431 3428 5486 in
