4026 6434
249 342 354 400 Ml

1095 341 1629 398 ENARBATIONES
1670 341 1734 397 IN
1782 340 2119 398 PSALMOS.
2146 373 2213 384 —
2251 344 2674 404 PRIEMBULA.

3433 357 3533 414 142

247 434 530 491 voluntate
559 434 920 491 confundere?
948 433 1111 490 Multa
1161 453 1373 507 quoque
1410 437 1703 491 secundum
1752 435 1841 487 lit-
1869 439 1918 495 Α
1947 434 2107 489 verba
2150 432 2489 511 paenitentis;
2533 440 2817 511 septimum
2838 484 2852 509 ,
2881 440 3081 501 Christi
3123 457 3183 503 ut
3216 450 3295 507 eis
3340 451 3537 507 subve-

252 538 427 586 teram
454 526 781 595 commonet,
813 530 975 583 multa
1022 530 1336 601 spiritaliter
1356 530 1531 599 jubet,
1584 541 1841 598 personas

252 622 512 677 decenter
535 620 713 675 subito
740 620 1005 684 immutat,
1039 632 1095 676 ut
1125 637 1266 677 nunc
1289 620 1535 677 Christus
1576 620 1668 675 Dei
1711 620 1847 675 Ver-

251 712 402 777 bum,
446 713 758 767 incarnatus
794 721 849 767 et
891 714 1051 768 homo
1098 714 1294 775 factus,
1343 722 1506 784 caput
1547 711 1839 778 Ecclesiae;

250 821 399 861 nunc
430 806 543 875 ipsa
592 805 851 871 Ecclesia,
884 822 1026 860 nunc
1056 806 1218 861 homo
1255 805 1450 875 justus,
1484 821 1625 860 nunc
1671 804 1843 875 pecni-

254 905 379 951 tens
412 897 555 965 loqui
584 898 849 963 videatur,
894 908 952 952 ut
989 899 1167 953 omnia
1202 898 1505 954 necessaria
1548 905 1732 968 tangat
1759 904 1839 950 at-t

251 998 361 1059 aue
384 991 693 1044 concludat.
723 989 933 1061 Ubique
968 992 1337 1061 plenissimum
1378 992 1679 1046 ctelestium
1721 1005 1844 1044 san-

251 1094 401 1138 ctum
433 1086 608 1138 vibrat
650 1086 941 1156 eloquium,
973 1094 1027 1140 et
1063 1086 1339 1156 multiplici
1376 1087 1685 1142 diversitate
1728 1085 1843 1138 vir-

254 1186 429 1231 tutum
452 1188 671 1248 propter
690 1179 906 1232 humani
922 1179 1133 1248 generis
1151 1179 1475 1249 largiendam
1492 1178 1741 1241 salutem,
1760 1190 1843 1231 re-

249 1271 442 1340 guisui
472 1264 781 1324 adornanda
803 1262 1054 1343 mysteria
1084 1272 1204 1343 pius
1233 1273 1558 1342 Redemptor
1584 1273 1841 1327 insinuat.

325 1363 455 1418 Hmc
479 1364 601 1419 ideo
622 1365 828 1433 prrefat'i
860 1380 1065 1428 sumus,
1097 1374 1154 1419 ut
1181 1381 1302 1419 cum
1334 1374 1550 1419 ventum
1595 1365 1752 1419 fuerit
1778 1365 1842 1419 ad

247 1455 369 1509 loca
405 1455 553 1520 talia,
576 1457 1080 1525 'intrepidns‘lector
1115 1458 1301 1510 audire
1331 1457 1499 1526 possit
1528 1457 1668 1525 quod
1698 1457 1763 1511 de
1787 1472 1845 1513 se

243 1546 545 1600 salubriter
569 1547 819 1601 didicisse
847 1542 1205 1617 cognoscitur.
1824 1548 1829 1551 ’

320 1638 468 1694 Ordo
486 1646 666 1695 autem
699 1641 1025 1711 ps:ilmorum
1056 1658 1159 1695 non
1185 1643 1477 1697 secundum
1502 1644 1841 1698 existentiam

244 1741 558 1802 temporum
580 1774 592 1796 ,
620 1733 711 1786 sed
742 1748 840 1802 pro
881 1730 1140 1803 qualitate
1182 1735 1397 1803 ponitur
1423 1735 1707 1789 dictorum.
1735 1733 1841 1788 Te-

1946 526 2125 580 niatur
2148 541 2179 579 a
2213 525 2404 594 Patre;
2436 538 2709 593 octavum,
2734 534 2916 589 omnia
2948 535 3259 595 referuntur
3281 541 3348 595 ad
3371 538 3533 597 Chri-

1947 626 2087 671 stum
2114 616 2400 686 allegorica
2428 620 2809 688 similitudine;
2842 638 3042 679 nonum
3060 667 3079 691 ,
3104 626 3288 686 laudes
3306 630 3531 687 =Domini

1938 722 2043 781 per
2062 709 2415 767 alleluiaticos
2446 713 2628 771 titulos
2671 716 2760 785 qui
2798 716 3130 789 signiﬁcant,
3154 720 3390 781 Laudato
3419 723 3534 783 Do-

1940 804 2179 870 minum;
2206 805 2494 871 decimum,
2526 810 2842 879 graduales,
2886 822 2944 869 ut
2986 829 3086 872 nos
3129 817 3427 887 perducant
3471 820 3540 876 ad

1946 892 2320 963 Salvatorem;
2352 899 2754 967 undecimum,
2812 904 3121 976 hymnidica
3177 910 3539 967 exsultatione

1946 991 2229 1049 laudamus
2254 1002 2495 1050 sanctam
2528 996 2881 1067 Trinitatem;
2902 992 3301 1069 duodecimum.
3334 1012 3540 1079 septem

1947 1084 2139 1154 psalmi
2166 1086 2561 1157 relinquuntur,
2588 1089 2649 1144 in
2692 1090 2820 1159 ﬁne,
2847 1094 2937 1164 qui
2969 1103 3134 1151 totam
3166 1096 3389 1169 gloriam
3420 1099 3542 1155 'lri-

1944 1176 2135 1231 nitatis
2162 1178 2558 1234 concelebrant.

2128 1268 2365 1339 Epistula
2396 1272 2706 1344 Hieronymi
2736 1277 2804 1329 ad
2827 1276 3118 1334 Damasum
3146 1298 3359 1351 papam.

2020 1363 2338 1419 Beatissimo
2388 1378 2537 1437 papm
2582 1367 2814 1425 Damaso
2856 1371 3002 1426 sedis
3040 1374 3349 1442 apostolicae
3390 1377 3540 1434 urbis

1946 1453 2134 1509 Romae
2164 1450 2542 1528 Hieronymus.
2572 1459 2803 1530 Supplex
2833 1475 3022 1531 precor
3045 1478 3147 1531 ego
3189 1465 3357 1521 cliens
3388 1477 3533 1534 tuus,
3588 1492 3593 1497 ·

1946 1555 2005 1600 ut
2035 1562 2134 1601 vox
2166 1550 2266 1603 ista
2296 1566 2323 1603 a
2360 1550 2711 1620 psallentihus
2730 1552 2786 1606 in
2813 1553 2940 1609 sede
2966 1554 3207 1610 Romana
3235 1557 3322 1614 die
3351 1570 3543 1615 noctu-

1945 1655 2051 1709 que
2077 1649 2303 1694 canatur
2329 1642 2380 1694 in
2407 1641 2511 1696 fine
2533 1642 2725 1711 psalmi
2763 1638 3046 1711 cujuslibet
3065 1686 3080 1709 ,
3107 1646 3221 1701 sive
3254 1650 3535 1715 matutini.

1948 1735 2063 1789 sive
2088 1734 2404 1803 vespertini,
2438 1736 2540 1789 hoc
2574 1745 2689 1799 est,
2719 1737 2948 1807 praecipe
2979 1747 3037 1790 ut
3067 1755 3279 1810 semper
3308 1742 3489 1797 dieant
3522 1761 3537 1797 :

241 1830 434 1876 stante
457 1823 598 1876 enim
636 1821 839 1892 Regum
878 1822 1135 1887 historia,
1177 1825 1366 1878 tertius
1407 1826 1646 1895 psalmus
1676 1824 1841 1879 David
1871 1809 1920 1870 Β
1948 1824 2129 1878 Gloria
2157 1823 2325 1887 Patri,
2359 1834 2405 1878 et
2453 1825 2614 1891 Filio,
2661 1836 2709 1879 et
2754 1826 2978 1897 Spiritui
3002 1809 3202 1885 sancto.
3250 1831 3396 1887 Sicut
3426 1846 3540 1889 erat

241 1916 371 1971 cum
396 1916 596 1987 [ngeret
627 1934 658 1969 a
690 1917 823 1985 facie
852 1918 1097 1971 Abantem
1125 1918 1223 1986 lilii
1258 1919 1371 1982 sui,
1398 1920 1841 1990 quinquagesimo

240 2011 463 2080 psalmo
512 2018 631 2063 actu
679 2010 943 2079 posterior
986 2022 1087 2075 ρει,
1146 2012 1399 2081 quoniam
1456 2022 1574 2083 post
1628 2014 1840 2083 culpant

240 2100 502 2155 adulterii
534 2110 588 2155 et
618 2102 911 2165 homicidii,
938 2102 1185 2157 Absalom
1232 2104 1320 2157 ﬁlii
1371 2105 1487 2175 ejus
1539 2107 1843 2174 persecutio

242 2192 497 2246 noscitur
525 2194 847 2268 contigisse;
878 2195 969 2247 sed
1000 2211 1097 2264 pro
1140 2196 1338 2249 virtute
1380 2212 1475 2250 sua
1515 2200 1841 2268 competenti

243 2302 480 2340 numero
507 2266 765 2356 probatur
792 2296 1025 2356 aptatus.
1073 2286 1279 2344 Tenere
1308 2292 1450 2344 enim
1484 2292 1631 2344 illum
1666 2293 1840 2347 locum

244 2379 471 2431 tertimu
502 2388 830 2447 oportuerat,
882 2384 971 2449 qui
1014 2390 1067 2435 et
1097 2393 1297 2436 sancta:
1324 2383 1607 2437 Trinitatis
1652 2397 1843 2452 poten-

246 2468 403 2534 tiam,
433 2479 487 2523 et
521 2470 779 2525 triduana:
812 2474 1223 2527 resurrectioais
1256 2474 1305 2527 in
1345 2491 1401 2527 se
1435 2476 1689 2546 mysteria
1716 2494 1844 2530 con-

247 2557 480 2613 tinebat.
512 2558 641 2615 Nam
672 2578 765 2631 per
792 2562 1163 2618 liberationem
1192 2564 1357 2618 David
1391 2569 1712 2621 resurrectio
1741 2568 1844 2623 Do—

243 2650 383 2704 mini
430 2652 664 2721 congrue
712 2644 1063 2725 significatur.
1112 2656 1292 2711 Talem
1334 2672 1512 2713 autem
1548 2663 1610 2713 de
1658 2664 1843 2717 ordine

244 2742 520 2796 rationem
565 2745 803 2798 oumium
854 2747 1182 2816 psalmorum
1238 2750 1479 2806 invenire
1527 2752 1679 2807 nobis
1724 2771 1844 2809 esse

244 2832 465 2887 ditlicile
486 2834 817 2903 profitemur,
841 2838 985 2906 quod
1013 2836 1135 2892 imle
1154 2841 1508 2895 terminatum
1535 2855 1696 2913 atque
1720 2860 1842 2899 sns-

243 2940 477 2995 pcusum
505 2924 726 2980 Patrum
756 2930 915 2982 etiam
943 2932 1236 2986 auctoritas
1269 2932 1504 3005 reliquit.
1830 2922 1831 2927 η

320 3016 427 3071 Per
457 3018 627 3072 totum
656 3017 976 3075 Psalterium
1010 3032 1240 3092 quatuor
1267 3025 1454 3095 psalmi
1485 3035 1608 3082 sunt
1635 3030 1725 3100 qui
1758 3031 1841 3085 in-

245 3120 461 3181 tegrum
496 3111 835 3183 alphabetum
867 3117 1004 3185 apud
1039 3114 1289 3173 Hebrrcos
1313 3120 1511 3175 habere
1540 3116 1843 3179 tuenstran4

248 3194 446 3265 tur,iil
475 3213 590 3257 est:
623 3206 948 3261 centesimus
981 3209 1240 3275 decimus,
1272 3212 1600 3269 centesimus
1627 3200 1843 3271 undecié

246 3309 371 3347 mus
392 3336 405 3357 ,
440 3284 765 3352 centesimus
795 3298 1035 3355 decimus
1064 3312 1306 3369 octavus,
1353 3306 1681 3361 centesimus
1718 3325 1845 3378 qua-

244 3388 595 3459 dragesimus
613 3384 855 3467 quartus,
883 3395 1005 3463 quia
1027 3395 1111 3449 isti
1140 3396 1379 3451 indicant
1400 3398 1582 3454 laudes
1606 3400 1841 3469 Domini,

245 3470 363 3553 ipsa
400 3481 662 3562 largiente
682 3472 1000 3540 meritorum
1030 3489 1331 3556 devotione,
1364 3493 1679 3547 cantandas.
1711 3492 1845 3552 Tres

244 3584 430 3628 autem
462 3568 653 3645 psalmi
682 3590 802 3629 sunt
829 3576 941 3647 qui,
966 3579 1256 3635 subtractis
1276 3581 1594 3651 quibusdam
1629 3582 1840 3650 litteris,

246 3666 524 3736 integrum
556 3665 897 3736 alphabetum
931 3687 1033 3724 non
1075 3672 1372 3739 continent,
1403 3672 1454 3727 id
1483 3683 1566 3728 est
1596 3692 1607 3728 :
1654 3675 1845 3729 vicesi-

245 3775 373 3814 mus
404 3768 653 3831 quartus,
682 3762 769 3833 qui
795 3773 1003 3818 sextam
1028 3772 1078 3819 et
1101 3780 1295 3819 nonam
1319 3766 1581 3822 decimam
1605 3766 1842 3822 litteram

248 3862 356 3905 non
396 3852 594 3919 habet;
630 3853 934 3911 tricesimus
982 3858 1190 3923 tertius,
1222 3859 1314 3929 qui
1358 3869 1564 3915 sextam
1609 3858 1842 3917 litteram

248 3960 356 3998 non
389 3944 588 4010 habet;
624 3946 925 4003 tricesimus
953 3951 1195 4019 quintus,
1225 3952 1313 4023 qui
1342 3964 1550 4009 sextam
1578 3954 1842 4010 decimam

248 4034 491 4090 litteram
520 4038 697 4092 minus
721 4039 909 4107 habet;
935 4041 1023 4111 qui
1054 4036 1343 4099 ostendant
1367 4045 1499 4102 tales
1526 4047 1577 4101 in
1605 4047 1843 4104 Ecclesia

248 4128 507 4197 psallere,
540 4130 864 4201 quibus_nou
895 4135 1030 4190 adeo
1058 4138 1297 4191 omnium
1321 4137 1586 4211 bonorum
1619 4156 1842 4212 cperam

253 4225 457 4278 arridet
507 4225 805 4302 integritas.
837 4227 991 4295 Sicut
1028 4229 1170 4284 enim
1218 4229 1288 4284 illi
1332 4230 1612 4302 completis
1650 4231 1846 4289 litteris

252 4315 507 4369 ontnibus
531 4300 908 4371 excellentium
934 4306 1123 4373 merita
1148 4320 1395 4383 videntur
1420 4322 1658 4376 indicare
1679 4324 1846 4393 justo-

254 4422 397 4469 rum,
434 4406 513 4459 sic
542 4407 625 4460 isti
657 4411 916 4489 quasdam
942 4406 1152 4465 litteras
1181 4411 1359 4467 minus
1402 4412 1685 4479 habentes,
1728 4415 1845 4485 illos

1948 1918 2002 1971 in
2032 1917 2307 1986 principio,
2342 1925 2391 1970 et
2430 1930 2583 1979 nunc,
2611 1927 2659 1971 et
2685 1934 2905 1987 semper,
2938 1930 2985 1973 et
3009 1922 3062 1975 in
3092 1922 3286 1977 swcula
3316 1925 3540 1979 stimulo-

1949 2025 2086 2061 rum.
2134 2008 2315 2062 Amen.
2362 2008 2509 2063 Istud
2553 2024 2771 2065 carmen
2804 2011 2976 2067 laudis
3020 2016 3271 2070 otnnilms
3318 2017 3540 2087 psalmis

1949 2100 2195 2170 conjungi
2227 2101 2535 2171 pnecipias,
2568 2110 2625 2154 ut
2667 2101 2798 2156 lides
2831 2112 3193 2159 trecentorum
3237 2115 3292 2161 et
3316 2110 3542 2163 octode-

1949 2191 2052 2244 cim
2085 2190 2285 2245 Nicmui
2312 2192 2548 2255 concilii,
2581 2201 2635 2247 et
2663 2202 2848 2248 nostro
2871 2210 2967 2249 ore
2995 2197 3109 2265 pari
3142 2196 3417 2252 consortio
3443 2200 3536 2254 de.-

1948 2284 2203 2337 claretur.
2239 2283 2463 2337 Alleluia
2498 2298 2711 2353 seraper
2740 2298 2861 2339 cum
2891 2286 3142 2342 omnibus
3180 2288 3400 2356 psalmis
3424 2288 3538 2345 alli-

1948 2386 2126 2446 gatur,
2158 2378 2209 2430 in
2255 2378 2400 2431 omni
2446 2378 2565 2432 loco
2610 2380 2976 2433 communiter
3005 2384 3395 2452 respondeatur
3439 2400 3541 2439 no-

1950 2476 2145 2521 cturno
2187 2477 2442 2538 tempore.
2476 2470 2530 2523 ln
2573 2469 2808 2525 Ecclesia
2848 2482 3029 2528 autem
3078 2490 3106 2527 a
3146 2477 3543 2534 resurrectione

1946 2556 2167 2611 Pascha:
2212 2573 2379 2627 usque
2411 2562 2476 2614 ad
2524 2560 2875 2617 Pentecosten
2922 2562 3246 2619 Psalterium
3295 2565 3540 2622 finiatur.

1947 2646 2093 2701 Inter
2113 2650 2318 2702 dierum
2344 2652 2734 2723 quinquaginta
2757 2654 2949 2723 spatia,
2981 2670 3076 2723 pro
3104 2657 3340 2711 novitate
3366 2659 3539 2716 sancti

1947 2737 2189 2803 Pascbm,
2223 2756 2323 2794 vox
2356 2744 2455 2797 ista
2488 2744 2660 2799 laudis
2698 2754 2952 2800 cantetur
2987 2747 3040 2801 in
3075 2748 3259 2818 Aleph,
3288 2752 3541 2821 quodest

1947 2831 2192 2887 Alleluia.

1946 2923 2101 2978 Dicta
2127 2927 2296 2980 sancti
2330 2927 2633 2997 Augustini,
2657 2938 2781 2999 quot
2805 2930 2906 2983 sint
2941 2930 3155 2985 virtutes
3192 2933 3545 3001 psalmorum.

2028 3038 2048 3070 ς
2068 3019 2351 3073 Canticum
2377 3021 2704 3090 psalmorum
2736 3023 2947 3078 animas
2971 3014 3210 3089 deCorat,
3231 3026 3423 3083 invitat
3449 3045 3544 3085 an-

1948 3110 2096 3179 gelos
2128 3111 2178 3163 in
2204 3111 2553 3179 adjutorium,
2581 3113 2781 3183 efl‘ugat
2806 3113 3101 3182 dremoues,
3138 3119 3542 3188 expellit‘tene-

1949 3204 2098 3265 bras,
2130 3201 2290 3258 ellieit
2331 3205 2698 3258 sanctitatem.
2742 3204 2955 3261 Homini
3002 3211 3272 3277 peccaturi
3318 3212 3541 3268 refectio

1949 3297 2147 3349 mentis
2190 3304 2302 3359 ‘est,
2352 3297 2495 3350 delet
2534 3308 2782 3365 peccata,
2834 3298 3011 3353 simile
3056 3310 3145 3354 est
3181 3303 3539 3375 eleemosynis

1948 3396 2277 3449 Sanctorum,
2304 3386 2449 3456 parit
2492 3387 2670 3451 fidem,
2721 3388 2861 3442 sicut
2910 3390 2989 3443 sol
3036 3391 3321 3457 illuminat,
3367 3396 3535 3450 Deum

1947 3479 2202 3541 ostendit,
2227 3478 2495 3532 diabolum
2519 3474 2761 3544 offendit,
2788 3480 3117 3536 voluntatem
3146 3482 3393 3537 «illicitam
3436 3492 3539 3541 ex-

1949 3568 2190 3639 stinguit.
2232 3568 2423 3622 Oleum
2466 3564 2850 3624 misericordiae
2878 3577 2979 3632 est,
3025 3586 3144 3626 sors
3173 3570 3386 3637 lzetitite,
3414 3582 3541 3645 pars

1949 3662 2261 3731 angelorum
2306 3662 2510 3727 electa;
2546 3662 2891 3732 asperitatem
2936 3662 3084 3726 lenit,
3130 3672 3345 3720 omnem
3390 3666 3537 3723 furo-

1950 3767 2062 3809 rem
2092 3753 2364 3825 deprimit,
2390 3750 2727 3810 iracundiam
2758 3752 2960 3826 frangit
2976 3767 3000 3808 ιε
3032 3753 3149 3811 laus
3174 3755 3271 3812 Dei
3292 3758 3537 3825 assidua,

1951 3844 2124 3901 simile
2168 3852 2254 3900 est
2294 3840 2782 3901 melli.'Canticum
2812 3843 3146 3915 psalmorum
3187 3854 3408 3904 carmen
3434 3848 3543 3905 ele-

1950 3950 2095 3996 ctum
2125 3948 2207 3995 est
2234 3939 2372 4011 apud
2394 3938 2597 3993 Deum.
2626 3937 2798 3995 Omne
2832 3946 3111 4009 peccatum
3154 3938 3392 4011 expellit,
3423 3941 3542 3997 vin-

1951 4030 2129 4087 culum
2160 4030 2443 4086 charitatis
2471 4029 2847 4085 commendat.
2874 4026 3065 4085 Omnia
3094 4039 3392 4101 perpetrat,
3422 4043 3539 4086 om-

1952 4125 2038 4180 nia
2067 4122 2275 4187 sull‘ert,
2309 4122 2490 4179 omnia
2518 4121 2722 4194 implet,
2749 4123 2931 4178 omnia
2954 4123 3131 4189 docet,
3160 4118 3540 4195 omnia‘signi-

1952 4215 2102 4280 ficat,
2130 4215 2360 4268 animam
2393 4213 2723 4284 magniﬁcat,
2753 4227 2814 4267 os
2841 4212 3121 4284 purificat,
3147 4227 3245 4269 cor
3278 4212 3535 4280 laetificat,

1954 4310 2144 4365 turrim
2168 4308 2438 4362 excelsam
2454 4304 2704 4370 mlificat,
2723 4304 2995 4360 hominem
3014 4304 3299 4370 clarificat,
3320 4318 3537 4363 sensum

1954 4402 2147 4473 aperit,
2176 4416 2335 4455 omne
2377 4399 2576 4454 malum
2615 4397 2835 4462 occidit,
2872 4397 3265 4467 perfectionem
3301 4399 3537 4464 instruit,

250 4498 541 4568 designant
563 4501 652 4569 qui
680 4517 784 4556 non
808 4505 941 4559 adeo
968 4506 1234 4561 universis
1256 4507 1464 4561 meritis
1491 4508 1675 4577 repleti
1698 4521 1843 4580 sunt,

1955 4496 2168 4551 excelsa
2195 4496 2554 4557 demonstrat,
2599 4489 2923 4545 desiderium
2958 4489 3117 4559 regni
3161 4489 3397 4546 cmlestis
3426 4492 3540 4558 dat,

2172 4590 2183 4602 .
2231 4596 2270 4604 ,Α
2343 4602 2384 4604 -,
2565 4593 2604 4604 _.
2916 4582 3040 4604 ρης.
3100 4583 3277 4604 ,μω
3326 4584 3507 4604 μω.-

248 4592 344 4644 sed
378 4600 564 4645 tamen
597 4594 648 4646 in
675 4594 910 4650 secundo
950 4598 1186 4651 concilio
1232 4598 1479 4653 habitare
1527 4606 1839 4656 noscuntur.
1876 4592 1891 4659 ξ

249 4681 389 4760 Nam
424 4700 549 4738 cum
576 4699 764 4741 omnes
792 4686 984 4744 littera:
1005 4690 1145 4758 apud
1177 4688 1429 4747 Hebraeos
1460 4692 1848 4761 significantias

250 4791 381 4831 suas
408 4778 634 4843 habent,
664 4782 885 4835 credere
914 4780 1145 4837 fortasse
1173 4784 1392 4853 dignum
1419 4793 1501 4837 est
1521 4826 1534 4848 ,
1571 4784 1656 4838 cui
1698 4785 1844 4840 deest

250 4868 472 4938 aliquod
492 4871 975 4938 elementum,eum
1000 4883 1213 4944 quoque
1235 4874 1655 4943 significationes
1681 4877 1847 4941 ipsius

250 4977 360 5017 non
393 4962 619 5016 habere.

323 5052 535 5108 Textus
576 5055 735 5108 totius
774 5054 1019 5114 Psalterii
1064 5059 1355 5113 secundum
1401 5074 1683 5114 numermn
1722 5075 1853 5131 apo-

250 5144 519 5199 stolorum
552 5145 604 5198 in
634 5147 913 5201 duodecim
958 5149 1200 5216 partibus
1236 5150 1592 5215 concluditur,
1624 5152 1850 5221 utquod

253 5238 487 5308 apostoli
518 5238 783 5305 fecerunt,
818 5241 905 5294 hic
940 5243 1202 5297 contineri
1232 5258 1538 5299 noscamus.

326 5332 383 5386 In
416 5331 683 5386 Psalterio
709 5349 939 5403 namque
974 5334 1209 5393 carnalis
1254 5336 1363 5391 vita
1407 5337 1615 5391 Domini
1650 5338 1852 5393 deseri-

255 5426 445 5482 bitur:
483 5428 749 5500 primum,
784 5438 973 5483 natura
999 5429 1242 5495 deitatis;
1286 5430 1613 5493 secundum,
1672 5431 1850 5486 multi-

260 5522 393 5577 tudo
448 5521 738 5575 nitentium
785 5521 1131 5593 exstinguere
1185 5522 1514 5585 Dominum;
1588 5522 1844 5587 tertium,

262 5618 538 5679 quartum,
584 5611 883 5668 admonitio
935 5611 1236 5682 Prophetze,
1286 5623 1343 5667 ut
1380 5612 1629 5667 desinant
1678 5610 1828 5667 Judaa

264 5702 403 5755 mala
438 5701 647 5767 facere;
680 5704 946 5773 quintum,
990 5705 1165 5761 oratio
1192 5704 1392 5762 Christi
1426 5706 1491 5759 ad
1520 5705 1768 5771 Patrem,
1792 5719 1825 5760 ιι

270 5795 319 5848 in
370 5796 769 5852 resurrectione
818 5796 934 5865 ejus
986 5799 1213 5855 nmndus
1272 5799 1547 5870 proficiat;
1603 5811 1849 5867 sextum,

1952 4605 2135 4661 pacem
2171 4590 2309 4643 inter
2332 4600 2530 4656 corpus
2556 4593 2610 4640 et
2639 4585 2874 4639 animam
2916 4582 3063 4639 facit.
3100 4583 3280 4655 Ignem
3324 4584 3541 4653 spirita-

1951 4681 2055 4737 lem
2087 4680 2140 4736 in
2166 4680 2329 4736 corde
2364 4676 2673 4741 succendit,
2703 4676 2945 4730 omnium
2986 4674 3240 4729 vitiorum
3287 4673 3534 4729 sollicittt~

1951 4773 2129 4825 dinem
2161 4769 2335 4825 tollit:
2363 4764 2636 4823 certamen
2668 4767 2932 4821 bonorum
2968 4773 3081 4829 est,
3110 4764 3351 4834 quotidie
3397 4763 3538 4817 radi-

1951 4881 2068 4921 cem
2106 4863 2345 4918 omnimn
2393 4861 2656 4915 malomm
2692 4858 2927 4930 expellit,
2964 4860 3107 4913 sicut
3133 4858 3297 4911 lorica
3350 4858 3535 4911 induta

1952 4966 2006 5011 et
2035 4959 2171 5011 sicut
2201 4957 2347 5023 galea
2374 4952 2628 5006 defendit.
2675 4950 2812 5021 Spes
2855 4949 3045 5004 salutis
3088 4957 3193 5015 est,
3241 4948 3538 5003 consolatio

1954 5048 2175 5115 doloris,
2207 5046 2469 5118 perfectio
2501 5045 2728 5107 laboris,
2761 5043 2951 5098 uetitia
2992 5042 3107 5098 reri
3136 5040 3385 5104 luminis,
3418 5041 3536 5094 fons

1951 5146 2276 5210 sanctitatis,
2306 5143 2577 5199 hominem
2605 5141 2859 5210 juvenem
2888 5139 3139 5209 castigat,
3178 5150 3402 5206 regnum
3440 5134 3532 5188 Dei

1953 5259 2115 5312 super
2143 5251 2342 5294 terram
2372 5239 2482 5302 dat,
2518 5236 2732 5291 taedium
2763 5234 2956 5288 animae
2985 5231 3247 5294 detrahit,
3277 5219 3399 5282 tuba
3429 5227 3534 5282 mi-

1954 5332 2137 5393 rabilis
2173 5342 2274 5388 cst.
2304 5331 2403 5399 Qui
2436 5330 2611 5402 diligit
2638 5326 2906 5383 canticum
2938 5324 3265 5396 psalmorum
3297 5318 3533 5384 assidue,

1953 5443 2057 5482 non
2108 5431 2285 5496 potest
2324 5436 2482 5493 agere
2510 5426 2814 5491 peccatum.
2845 5409 2947 5483 Qui
2988 5414 3151 5469 habet
3183 5412 3393 5466 laudem
3432 5409 3534 5465 Dei

1951 5518 2005 5571 iu
2035 5516 2195 5571 corde
2221 5529 2334 5573 suo,
2364 5520 2641 5582 postremo
2667 5507 2805 5577 apud
2836 5505 3001 5560 Deum
3027 5502 3303 5575 gaudebit,
3334 5508 3390 5555 et
3416 5500 3537 5554 ani.

1954 5626 2095 5665 mam
2142 5622 2295 5663 suam
2340 5605 2393 5659 in
2443 5603 2580 5659 cmlo
2631 5598 2956 5655 mirificabit.
3004 5594 3201 5650 Ps‘almi
3234 5602 3391 5649 orant
3436 5605 3536 5662 pro

1952 5703 2179 5769 futuris,
2210 5708 2428 5773 gemunt
2455 5699 2520 5754 de
2549 5694 2856 5768 praeteritis,
2886 5691 3222 5763 gratulantur
3248 5704 3348 5760 pro
3367 5687 3532 5742 bene-

1956 5800 2111 5863 ﬁciis,
2141 5804 2358 5869 sperant
2401 5796 2465 5850 de
2495 5788 2887 5854 misericordia,
2921 5787 3109 5842 timent
3136 5798 3232 5856 pro
3261 5780 3435 5850 culpa,
3465 5788 3531 5831 ex
