3986 5756
550 325 654 382 H5

1154 323 1405 384 REMIGll
1440 326 2087 384 AthSSlODORENSIS

2207 328 2270 383 Ῥ.
2315 330 2490 384 PARS
2531 330 2568 384 Ι.
2609 361 2677 370 -
2713 333 3112 389 ΕΧΕΟΕΤΙΟΑ.

3691 333 3792 388 Hi

549 446 758 518 lapideo
794 446 956 502 corde
999 444 1266 516 lacrymas
1309 444 1562 499 educunt.
1592 444 1912 515 Angelorum
1958 459 2110 512 opus,
2142 446 2190 504 Α
2218 460 2347 500 neos
2375 455 2430 499 et
2459 445 2668 502 futuros
2701 449 2767 501 ad
2812 449 2914 503 hoc
2954 449 3200 513 invitare,
3227 457 3285 503 ut
3313 447 3701 504 conformanda
3733 465 3797 504 se

548 538 667 594 laus
692 537 891 594 Christi
917 537 1157 609 perfecta
1179 547 1283 602 est,
1304 539 1668 608 pronuntiatio
1687 538 1948 592 adventus
1968 537 2121 591 Chri-

548 632 640 698 sti,
666 631 1079 700 incarnationis,
1117 631 1526 687 resurrectionis
1551 647 1724 701 spem,
1753 639 1807 685 et
1836 629 2121 700 supplicio-

546 739 668 780 rum
690 733 867 780 metus
890 725 1160 790 admonet,
1175 724 1356 796 gloriae
1376 724 1690 795 pollicitatio
1710 731 1812 786 est,
1836 721 2119 794 mysterio-

519 829 666 868 ‘rum
722 813 1009 879 revelatio,
1063 814 1250 868 tribuit
1304 813 1607 869 facundiam
1658 822 1713 867 et
1763 810 2116 876 felicitatem,

543 906 802 960 honorem
827 916 880 961 et
910 905 1158 978 gloriam,
1200 906 1495 960 doctrinam
1522 913 1577 959 et
1601 903 1948 958 intellectum.
1977 902 2116 957 Can-

545 996 710 1050 ticum
739 996 1062 1068 psalmorum
1090 996 1339 1051 omuibus
1377 994 1702 1066 diligendum
1720 1034 1736 1059 ,
1763 993 1888 1064 quia
1926 1005 2114 1046 omnes

544 1087 771 1144 virtutes
799 1087 1138 1158 multiplicat,
1165 1103 1353 1143 omnes
1395 1087 1740 1143 inveniuntur
1779 1085 1832 1140 in
1869 1084 2110 1156 psalmis.

543 1179 598 1231 Si
648 1181 727 1233 vis
772 1194 930 1248 agere
975 1178 1365 1234 confessionem
1411 1189 1466 1234 et
1516 1177 1920 1249 paenitentiam,
1953 1184 2111 1232 canta

541 1271 682 1323 duo:
715 1269 953 1333 Domine,
982 1285 1044 1324 ne
1078 1271 1132 1323 in
1163 1269 1340 1339 furore
1363 1278 1452 1322 tuo
1496 1283 1686 1338 arguas
1724 1283 1840 1333 me;
1878 1274 1934 1321 et
1970 1265 2109 1320 duo:

444 1369 455 1434 ς
535 1360 777 1424 Domine,
817 1359 1030 1414 exaudi.
1069 1357 1220 1413 Beati
1245 1373 1485 1428 quorum.
1518 1355 1764 1412 Miserere
1786 1355 1906 1418 mei,
1949 1354 2108 1408 Deus.

441 1437 448 1461 ⁷
510 1451 614 1506 .De
659 1449 953 1519 profundis.
1001 1449 1057 1504 Si
1099 1449 1180 1504 vis
1235 1463 1413 1513 orare,
1456 1447 1541 1504 dic
1573 1464 1587 1501 :
1619 1446 1700 1500 Ad
1737 1455 1825 1511 te,
1867 1443 2108 1510 Domine,

535 1541 697 1596 levavi
729 1541 959 1594 animam
982 1557 1166 1595 meam.
1186 1539 1253 1594 In
1273 1549 1344 1605 te,
1365 1539 1608 1605 Domine,
1627 1540 1846 1610 speravi.
1876 1536 2106 1602 Inclina,

535 1632 756 1686 Domine
782 1630 942 1697 Deus,
984 1631 1040 1685 in
1084 1631 1423 1701 adjutorium.
1474 1630 1632 1698 Deus,
1672 1631 1726 1685 in
1766 1630 1970 1684 nomine
1994 1640 2103 1683 tuo.

533 1724 676 1777 Deus
707 1723 1012 1777 misereatur
1055 1724 1237 1778 nostri.
1286 1723 1529 1787 Exaudi,
1577 1723 1814 1789 Domine,
1837 1724 2102 1794 justitiam

2221 537 2457 603 Christo,
2499 539 2552 592 in
2588 548 2845 607 quantum
2887 539 3126 594 membra
3156 548 3313 610 caput
3348 539 3550 595 imitari
3574 538 3795 607 valent,

2221 638 2386 685 totam
2415 631 2468 684 in
2493 645 2558 685 eo
2586 646 2733 700 spem
2759 641 2974 686 aeterna:
3008 631 3351 687 beatitudinis
3377 641 3600 702 ponant.

2286 719 2497 775 Primus
2527 721 2766 791 psalmus
2787 737 2892 777 non
2919 723 3078 777 habet
3102 722 3328 786 titulum,
3349 722 3473 793 quia
3500 723 3618 793 ipse
3637 725 3795 794 quasi

2219 811 2403 866 titulus
2441 812 2603 867 totius
2643 812 2762 867 libri
2793 821 2873 868 est
2891 853 2907 879 ,
2933 829 3094 884 agens
3120 815 3185 870 dc
3209 814 3300 870 illo
3327 815 3394 870 ad
3421 829 3583 885 quem
3625 818 3798 872 totius

2216 899 2336 956 libri
2362 901 2586 956 intentio
2615 901 2896 958 referenda
2924 917 3028 959 est.
3051 903 3213 958 Primi
3238 903 3429 973 psalmi
3456 905 3689 960 intentio
3709 916 3798 960 est

2213 993 2496 1049 ostendere
2530 991 2677 1048 illum
2709 1011 2804 1065 per
2829 1011 2989 1065 quem
3020 1011 3297 1066 resurgere
3320 995 3594 1052 valeamus
3620 1012 3650 1052 a
3684 999 3793 1052 mi-

2213 1083 2354 1138 seria
2385 1083 2438 1138 in
2464 1099 2624 1160 quam
2657 1085 2846 1154 dejecti
2871 1086 3088 1142 fuimus.

2284 1171 2340 1228 Si
2371 1183 2644 1244 qua-ratur
2673 1192 2838 1245 quare
2865 1178 2964 1233 ista
2992 1179 3271 1248 prophetia
3298 1179 3631 1250 frequentius
3665 1181 3793 1236 aliis

2213 1263 2469 1317 recitctur
2490 1263 2541 1318 in
2573 1264 2834 1332 Ecclesia,
2864 1270 3157 1337 respondeo
3181 1269 3304 1340 quia
3326 1279 3433 1324 tota
3454 1271 3792 1341 dispensatio

2212 1350 2301 1406 hic
2327 1353 2592 1422 copiosius
2640 1371 2801 1425 quam
2851 1356 2904 1411 in
2947 1357 3066 1412 aliis
3093 1358 3518 1427 demonstratur,
3565 1370 3622 1418 et
3659 1365 3790 1434 quia

2210 1443 2375 1497 verba
2421 1443 2706 1513 unicuique
2740 1445 2884 1513 justo
2914 1445 2996 1502 vel
3041 1447 3307 1518 peccatori
3351 1449 3424 1502 ita
3465 1451 3790 1520 amplificari

2209 1539 2466 1601 possunt,
2513 1543 2571 1586 ut
2608 1533 2693 1589 bis
2720 1537 2870 1604 quasi
2899 1537 3131 1606 propriis
3174 1537 3250 1592 uti
3292 1539 3497 1608 possit;
3551 1548 3607 1594 et
3659 1542 3788 1610 quia
3876 1601 3883 1607 _

2210 1621 2398 1692 majori
2437 1621 2626 1676 affectu
2670 1633 2724 1677 et
2765 1625 3174 1693 compunctione
3219 1626 3506 1681 humanam
3546 1638 3788 1684 mentem

2211 1722 2530 1778 commovet,
2554 1729 2716 1784 quam
2742 1714 2878 1779 alite,
2905 1715 2990 1770 hic
3011 1716 3250 1784 quaedam
3271 1716 3616 1772 ascribuntur
3635 1718 3789 1773 Chri-

532 1829 722 1868 meam.
765 1813 820 1868 Si
847 1814 928 1869 vis
956 1814 1122 1869 Deum
1152 1813 1390 1878 laudare,
1415 1815 1501 1870 die
1527 1814 1759 1884 psalmos
1795 1815 1885 1884 qui
1916 1815 2087 1868 intitu-

2207 1810 2292 1857 sto
2319 1803 2608 1859 secundum
2633 1803 3040 1871 humanitatem,
3064 1805 3306 1875 quaedam
3329 1810 3624 1861 secundum
3647 1809 3790 1862 divi-

529 1906 732 1970 !antur,
755 1904 1001 1970 Alleluia,
1028 1914 1083 1960 et
1109 1921 1336 1976 quorum
1374 1905 1582 1960 initium
1603 1915 1685 1960 est
1710 1923 1722 1959 :
1751 1904 2100 1975 Con/itemini,

508 1996 790 2063 Laudate,
818 1998 1062 2052 Benedic.
1094 1997 1152 2052 Si
1173 1999 1228 2052 in
1257 1997 1686 2053 tribulationibus
1723 1997 1991 2062 humanis,
2015 1995 2100 2052 vel

528 2087 896 2157 spiritualibus
922 2088 1149 2143 afﬂictus
1170 2087 1246 2142 sis
1274 2088 1676 2153 tentationibus,
1705 2097 1758 2142 et
1786 2088 1880 2142 tibi
1905 2088 2100 2142 videris

527 2177 711 2233 a.Deo
750 2178 1058 2244 derelictus,
1103 2187 1300 2234 canta:
1332 2178 1492 2244 Deus,
1537 2179 1675 2233 Deus
1704 2196 1865 2243 meus,
1909 2181 2100 2249 respice

526 2271 580 2322 in
613 2285 708 2324 me.
745 2269 973 2334 Exaudi,
1005 2271 1161 2337 Deus,
1193 2272 1479 2325 orationem
1499 2287 1668 2330 meam
1695 2286 1811 2324 cum
1833 2271 2094 2341 deprecor.

526 2359 740 2414 Salvum
792 2377 871 2414 me
915 2361 1020 2430 fac.
1075 2359 1380 2432 Usquequo,
1417 2360 1636 2414 Domine
1683 2359 1854 2424 Deus,
1883 2359 2098 2414 auribus

525 2454 736 2506 nostris.
763 2450 1006 2506 Miserere
1027 2453 1145 2517 mei,
1171 2450 1328 2506 Deus.
1356 2452 1592 2516 Exaudi,
1621 2451 1782 2516 Deus,
1812 2451 2099 2506 orationem

523 2553 571 2596 et
617 2561 678 2598 ne
714 2526 990 2613 despicias.
1034 2543 1102 2598 In
1149 2554 1220 2609 te,
1269 2543 1506 2608 Domine,
1554 2544 1774 2614 speravi.
1824 2541 1950 2597 l‘ost
1982 2542 2097 2597 hazc

503 2645 740 2707 accepta
764 2637 943 2707 quiete
968 2655 979 2690 :
1002 2636 1314 2692 Benedicam
1336 2637 1634 2692 Dominum.
1649 2636 1893 2701 Benedic,
1918 2637 2096 2690 anima

520 2745 656 2782 mea.
689 2729 744 2784 Si
779 2729 872 2784 tibi
904 2730 1178 2784 fastidiosa
1203 2730 1310 2783 vita
1341 2729 1431 2795 ﬁt,
1461 2738 1514 2785 et
1541 2745 1826 2800 supernam
1857 2728 1970 2798 jam
1997 2730 2092 2784 de-

519 2823 725 2877 sideras
747 2823 929 2878 videre
950 2823 1199 2893 patriam,
1227 2832 1414 2878 canta:
1436 2823 1904 2888 Quemadmodum.
1921 2821 2092 2889 Quam

517 2914 727 2968 dilecta.
768 2913 932 2980 Deus,
959 2914 1100 2969 Dens
1140 2932 1303 2980 meus,
1335 2916 1402 2969 ad
1443 2928 1490 2969 te
1515 2915 1580 2969 de
1607 2915 1721 2969 luce
1747 2915 1921 2986 vigilo.
1957 2915 2014 2970 Si
2043 2925 2094 2972 te

517 3006 600 3061 vis
621 3020 875 3062 exercere
899 3006 953 3060 in
977 3007 1173 3062 divinis
1201 3007 1444 3062 laudibus
1475 3018 1530 3062 et
1569 3009 1834 3063 mandatis
1860 3009 2094 3064 coelesti-

516 3096 638 3162 bus,
668 3107 828 3152 canta
873 3114 886 3151 :
925 3096 1075 3152 Beati
1115 3096 1458 3151 immaculati.
1506 3097 1569 3151 Et
1607 3097 1733 3152 licet
1778 3099 1844 3152 ad
1882 3097 2087 3154 obitum

515 3189 728 3253 mortis,
753 3187 912 3258 hujus
941 3188 1122 3260 hymni
1143 3187 1394 3244 virtutem
1421 3187 1792 3258 compleveris,
1816 3204 2087 3258 nunquam

512 3279 776 3350 perfecte,
817 3289 876 3334 ut
913 3288 1064 3350 puto,
1112 3279 1258 3334 illum
1308 3281 1603 3352 intelligere
1649 3282 1873 3352 poteris,
1903 3282 1955 3336 in
1982 3297 2087 3352 quo

508 3371 690 3428 nullus
718 3387 906 3428 versus
933 3381 1020 3428 est
1043 3373 1096 3428 in
1135 3388 1243 3444 quo
1279 3389 1383 3428 non
1425 3375 1495 3428 sit
1520 3374 1601 3428 vel
1629 3374 1713 3428 via
1744 3373 1976 3438 Domini,
2003 3374 2086 3429 vel

509 3461 596 3516 vel
644 3461 954 3516 mandatum
1005 3475 1099 3517 seu
1131 3473 1455 3533 praeceptum
1495 3463 1610 3530 Dei,
1640 3464 1725 3518 vel
1759 3463 1941 3528 verba,
1975 3463 2084 3530 lex,

508 3553 594 3606 vel
642 3552 1078 3622 justificatioues,
1130 3555 1215 3608 vel
1268 3570 1567 3618 sermones,
1630 3554 1714 3608 vel
1743 3553 1965 3623 judicia.
2028 3555 2082 3610 In

509 3644 659 3699 omni
708 3653 944 3714 tempore
986 3645 1101 3701 sive
1139 3646 1534 3715 prosperitatis,
1575 3645 1688 3700 sive
1719 3645 2080 3712 adversitatis,

508 3735 766 3806 hymnum
791 3736 955 3790 trium
984 3750 1272 3806 puerorum
1313 3746 1491 3790 canta.
1539 3735 1592 3790 lu
1624 3733 1883 3790 Psalterio
1929 3737 2079 3790 inve-

508 3826 730 3880 niuntur
755 3841 945 3880 omnes
971 3825 1135 3880 divini
1168 3825 1288 3880 libri
1316 3842 1382 3882 ex
1407 3835 1579 3896 parte.
1622 3846 1641 3878 ι

499 3967 502 3970 .
578 3920 869 3976 Sciendum
892 3929 975 3976 est
1002 3920 1144 3990 quod
1175 3920 1367 3990 psalmi
1391 3937 1494 3974 nou
1522 3919 1738 3975 fuerunt
1758 3930 1914 3976 antea
1943 3935 2078 3989 prae-

508 4012 706 4067 titulati
733 4022 792 4067 ut
815 4029 958 4068 nunc
979 4022 1119 4077 stmt,
1149 4013 1241 4068 sed
1271 4028 1301 4066 a
1327 4011 1672 4082 Septuaginta
1697 4013 2076 4082 interpretibus

505 4106 658 4175 prius
691 4105 985 4176 conjuncti,
1009 4113 1064 4160 et
1089 4105 1341 4176 deinceps
1367 4114 1488 4174 post
1518 4104 1888 4176 migrationem
1919 4105 2078 4161 Jeru-

505 4197 672 4251 salem
699 4197 767 4251 ab
798 4197 965 4252 Esdra
990 4197 1492 4268 propheta,Spiritn
1526 4208 1711 4254 sancto
1745 4200 2070 4270 inspirante,

494 4291 560 4352 in
593 4291 696 4344 isto
728 4290 916 4346 ordine
952 4305 1059 4358 quo
1088 4305 1229 4345 nunc
1270 4301 1416 4356 sunt,
1454 4290 1672 4345 fuerunt
1711 4293 1870 4360 positi
1910 4303 2071 4363 atque

490 4384 830 4453 prastitnlati.
874 4383 1019 4450 Quos
1059 4382 1409 4454 Septuaginta
1443 4385 1689 4454 quamvis
1717 4397 1935 4441 sanctus
1961 4388 2071 4443 Au-

503 4475 750 4545 gustinus
775 4473 1003 4528 afﬁrmet
1045 4473 1208 4529 fuisse
1252 4475 1488 4530 inclusos
1523 4475 1574 4528 in
1607 4476 1830 4546 singulis
1864 4478 2069 4534 cellulis

501 4567 715 4635 quando
742 4564 1077 4634 interpretati
1099 4574 1492 4631 sunt,,sanctus
1514 4575 1690 4621 tamen
1716 4567 2070 4640 Hieronymus

502 4660 604 4714 hoc
633 4659 851 4712 minimc
878 4657 1206 4723 concedens,
1234 4657 1346 4711 ait:
1377 4656 1432 4712 Si
1470 4657 1660 4714 inclusi
1686 4659 1929 4726 fuissent,
1962 4677 2069 4718 non

501 4750 822 4818 interpretes
846 4789 861 4813 ,
903 4749 996 4803 sed
1030 4747 1200 4819 magis
1236 4748 1510 4818 prophetae
1545 4749 1673 4805 dicti
1721 4752 1965 4808 fuissent.
2007 4755 2073 4808 Et

502 4843 603 4896 hoc
640 4842 910 4912 cognitum
949 4849 1034 4896 est
1069 4839 1211 4911 quod
1251 4841 1422 4896 coacti
1461 4842 1726 4910 fecerunt,
1763 4846 1947 4901 dicunt
1977 4865 2073 4902 au-

500 4940 698 4998 ctores,
724 4933 848 5002 quia
874 4932 988 5002 ipse
1016 4947 1110 4987 rex
1137 4932 1458 4988 Ptolomaeus
1485 4949 1648 4989 unum
1671 4935 1836 4990 Deum
1862 4936 2076 4992 colebat

500 5025 638 5079 sicut
681 5025 923 5090 Hebraei,
953 5033 1008 5078 et
1037 5024 1157 5079 ideo
1194 5039 1293 5094 pro
1317 5040 1500 5080 amore
1540 5025 1682 5082 illius
1726 5025 2069 5086 Hebraeorum

501 5116 809 5184 Seripttiras
835 5116 888 5170 in
919 5129 1072 5170 suum
1095 5114 1255 5182 jussit
1284 5116 1562 5172 transferri
1589 5118 1876 5188 eloquium.

489 5267 492 5272 _
572 5206 780 5261 Titulus
793 5215 878 5260 est
896 5206 1060 5261 clavis
1072 5209 1277 5277 gratiae.
1295 5207 1555 5279 Sicutper
1568 5210 1771 5267 clavem
1785 5210 1836 5265 in
1853 5213 2068 5268 donmm

503 5301 852 5372 ingredimur,
892 5302 963 5356 ita
998 5316 1095 5371 per
1123 5301 1330 5356 titulum
1357 5301 1620 5372 psalmum
1653 5305 2012 5376 intelligimus.

569 5393 798 5448 Intentio
825 5391 986 5462 hujus
1026 5393 1319 5464 prophetia:
1357 5403 1440 5450 est
1477 5395 1739 5450 consolari
1779 5412 1945 5467 genus
1969 5399 2070 5452 hu-

498 5496 739 5547 manum,
765 5483 907 5552 quod
937 5483 1096 5553 primi
1123 5485 1362 5553 parentis
1384 5485 1536 5554 culpa
1572 5487 1637 5542 de
1665 5487 1898 5542 maxima
1941 5489 2067 5542 bea-

520 5572 724 5626 itudine
752 5573 802 5627 in
828 5574 1086 5630 maximas
1108 5575 1353 5631 miserias
1373 5577 1636 5645 dejectum
1663 5588 1797 5641 erat,
1823 5592 1922 5632 nec
1943 5577 2064 5632 inde

495 5671 708 5736 poterat
742 5681 1020 5739 resurgere
1045 5669 1148 5723 nisi
1177 5669 1230 5722 in
1267 5668 1360 5723 Dei
1398 5669 1785 5724 misericordia.
1820 5669 1924 5725 Aut
1950 5671 2060 5724 ita:

2207 1894 2448 1960 nitatem,
2480 1895 2724 1966 quietiam
2767 1897 3059 1952 secundum
3103 1906 3406 1967 utrumque.
3447 1897 3512 1951 Et
3545 1897 3630 1951 illa
3659 1901 3787 1968 qui-

2204 1985 2324 2040 dem
2371 2001 2490 2054 qum
2535 1985 2827 2040 secundum
2867 1987 3251 2041 humanitatem
3285 1988 3532 2042 hmnante
3573 1999 3785 2044 natura:

2203 2076 2320 2146 ejus
2353 2077 2697 2142 conveniunt,
2740 2077 2860 2132 ideo
2888 2088 3259 2148 proponuntur
3288 2087 3344 2131 ut
3372 2078 3425 2132 in
3456 2079 3782 2148 quibusdam

2203 2181 2302 2222 nos
2348 2167 2746 2222 conformantes
2790 2167 2890 2222 sibi
2937 2168 2989 2222 in
3036 2183 3100 2223 eo
3134 2183 3446 2237 speremus;
3485 2185 3606 2239 quae
3652 2187 3782 2225 vero

2201 2257 2494 2312 secundum
2552 2257 2934 2313 sublimitatem
2989 2258 3282 2314 divinitatis
3337 2259 3419 2313 vel
3481 2263 3778 2316 secundum

2201 2361 2488 2420 utrumque
2535 2351 2583 2404 ci
2629 2359 2963 2422 competunt,
3012 2351 3078 2406 ad
3109 2353 3209 2407 hoc
3242 2351 3550 2408 referuntur
3589 2367 3648 2408 ut
3684 2370 3779 2422 per

2201 2440 2635 2496 conformitatem
2667 2441 2739 2496 illi
2770 2442 3015 2498 famulari
3047 2459 3150 2496 non
3178 2443 3516 2509 dubitemus,
3541 2445 3634 2514 qui
3662 2455 3782 2500 lan-

2203 2540 2287 2587 tus
2309 2541 2390 2599 est
2415 2542 2472 2587 ut
2499 2534 2653 2589 nobis
2679 2535 2969 2591 secundum
2993 2535 3181 2590 vitium
3203 2545 3446 2591 nostrum
3478 2536 3777 2593 retribuere

2199 2641 2306 2680 llOfl
2332 2635 2580 2696 nequeat.

2271 2715 2420 2770 Sicut
2461 2718 2513 2772 in
2557 2718 2839 2774 mundanis
2876 2719 3060 2786 libris,
3096 2721 3169 2775 ita
3198 2721 3329 2777 etin
3371 2720 3564 2776 divinis
3605 2724 3773 2792 qureri

2197 2817 2374 2878 p0test
2401 2807 2466 2863 ad
2496 2825 2656 2880 quam
2691 2820 2898 2881 partem
2938 2811 3287 2883 philosophia:
3333 2821 3557 2884 spectet.
3589 2812 3775 2868 Eccle-

2195 2901 2390 2956 siastes
2432 2902 2576 2956 enim
2621 2904 2787 2958 tendit
2823 2905 2887 2959 ad
2931 2905 3227 2976 physicam,
3261 2905 3314 2960 in
3364 2921 3469 2975 quo
3517 2907 3774 2976 quaeritur

2196 2991 2408 3046 initimn
2440 3003 2494 3047 et
2519 2993 2641 3048 linis
2665 2994 2899 3049 oumium
2917 3011 3094 3050 rerum
3110 3013 3229 3067 qua:
3252 2998 3306 3052 in
3323 2998 3521 3054 mundo
3548 3009 3695 3065 sunt,
3719 3011 3771 3055 et

2194 3083 2374 3138 omnia
2394 3086 2617 3140 vanitati
2650 3087 2925 3157 subjacere
2939 3088 3616 3145 ostenduntur.Proverbia
3643 3107 3770 3146 vero

2115 3169 2162 3232 C
2195 3179 2420 3232 tendunt
2441 3179 2508 3232 ad
2541 3178 2794 3233 ethicam.
2831 3178 3110 3234 Canticum
3131 3181 3461 3236 canticorum
3479 3182 3769 3254 ad‘theori-

2192 3283 2343 3332 cam,
2380 3269 2431 3323 id
2463 3277 2569 3332 est,
2593 3269 2660 3324 ad
2693 3269 3197 3339 contemplationem
3228 3271 3529 3324 divinarum
3565 3287 3766 3326 rerum.

2261 3359 2362 3416 Ubi
2392 3370 2569 3416 autem
2612 3361 2738 3431 quid
2780 3362 2957 3416 minus
3000 3363 3228 3416 habetur
3257 3361 3307 3415 in
3339 3360 3529 3416 Graeco
3566 3363 3634 3416 ab
3663 3360 3766 3415 lle-

2187 3451 2372 3508 braica
2396 3453 2646 3521 veritate,
2676 3452 2934 3524 Origenes
2964 3453 3028 3508 de
3060 3453 3412 3508 translatione
3441 3452 3763 3508 Theodotio-

2188 3547 2273 3600 nis
2300 3546 2388 3600 hic
2418 3546 2471 3599 in
2509 3547 2628 3601 loco
2671 3547 2872 3601 addidit
2915 3547 3146 3617 signum,
3176 3561 3378 3616 ponens
3406 3550 3709 3602 asteriscum
3735 3548 3764 3580 “

2187 3636 2240 3689 id
2271 3643 2356 3688 est
2386 3635 2613 3701 stellam,
2641 3652 2759 3707 qua:
2787 3638 2926 3706 quod
2968 3638 3116 3708 prius
3143 3639 3515 3692 absconditum
3543 3638 3763 3692 videba-

2185 3735 2273 3782 tur
2300 3726 2582 3782 illuminet.
2617 3728 2716 3783 Ubi
2750 3738 2928 3785 autem
2958 3730 3111 3800 quod,
3126 3729 3176 3784 in
3204 3728 3426 3786 Hebrato
3453 3747 3560 3786 non
3586 3731 3760 3800 est,‘ii1

2182 3816 2373 3874 Graeco
2401 3821 2689 3888 invenitur,
2725 3839 2788 3878 -ε-
2815 3823 3016 3889 obelon,
3048 3825 3098 3878 id
3127 3834 3210 3880 est
3226 3825 3487 3896 jacentem
3509 3826 3760 3896 virgulam

2183 3916 2494 3983 przeposuit,
2535 3930 2694 3984 quam
2729 3931 2827 3969 nos
2856 3915 3030 3971 Latini
3062 3931 3191 3971 veru
3234 3931 3518 3986 possumus
3549 3916 3757 3980 dicere,

2181 4021 2289 4074 quo
2323 4007 2476 4076 signo
2503 4006 2806 4061 ostenditur
2833 4007 3243 4064 confodiendum
3285 4009 3424 4078 quod
3454 4008 3508 4062 in
3539 4009 3759 4063 authen-

2181 4097 2304 4152 ticis
2343 4096 2496 4152 libris
2524 4113 2630 4152 non
2667 4105 2767 4152 est.

2271 4203 2284 4236 1
2527 4202 2560 4236 11
2765 4202 2814 4237 111
3029 4201 3094 4238 1111
3330 4199 3360 4238 ν
3619 4204 3664 4239 τι

2267 4262 2293 4298 a
2530 4251 2563 4298 b
2773 4263 2806 4312 ις
3042 4251 3074 4298 d
3333 4260 3365 4298 e
3615 4261 3662 4302 st

2266 4336 2296 4375 σε
2487 4323 2557 4375 -⁶
2776 4337 2800 4375 τ
3017 4315 3088 4375 1δῖ
3303 4335 3360 4375 ,ι
3638 4341 3656 4369 ς

2204 4373 2345 4436 alpha
2487 4372 2603 4438 beta
2696 4371 2886 4438 gamma
2999 4373 3129 4426 delta
3242 4382 3272 4422 e
3303 4371 3461 4422 breue
3525 4376 3754 4436 episimou

2229 4435 2322 4484 nua
2494 4435 2588 4496 dyo
2702 4435 2838 4486 'trla
2972 4441 3159 4487 tessera
3276 4443 3424 4497 peute
3563 4435 3687 4487 ’hex

2249 4522 2311 4558 νη
2491 4517 2584 4556 ’1111
2770 4525 2822 4558 IX
3050 4524 3082 4559 Χ
3313 4520 3378 4558 Χῖ
3596 4525 3695 4561 XXX

2268 4583 2296 4618 ι
2407 4567 2651 4630 elongum
2763 4571 2818 4622 th
3049 4571 3070 4622 l
3323 4571 3352 4618 Ι(
3636 4574 3651 4622 l

2265 4641 2288 4690 ζ
2521 4660 2544 4693 η
2781 4643 2803 4684 ο
3047 4659 3062 4685 ι
3330 4658 3352 4682 ιι
3627 4647 3652 4684 1

2225 4702 2332 4742 zeta
2497 4703 2576 4743 eta
2720 4695 2856 4746 theta
3007 4697 3104 4745 iota
3271 4706 3420 4756 cappa
3549 4695 3726 4745 lsmhda

2202 4755 2361 4804 hebdt
2485 4767 2596 4805 octo
2709 4769 2870 4807 ennea
2999 4759 3119 4806 deca
3288 4755 3404 4804 icoSi
3525 4757 3747 4808 triarouta

2252 4840 2314 4874 Xl-
2525 4842 2553 4874 1.
2750 4842 2808 4876 ιχ
3007 4842 3104 4877 ιιι
3273 4840 3402 4876 Lxxx
3615 4843 3671 4878 ια

2253 4900 2301 4936 m
2523 4902 2554 4938 u
2771 4903 2800 4938 χ
3048 4905 3078 4939 o
3326 4903 3355 4950 p
3609 4893 3658 4951 yl

2267 4975 2293 5010 μ
2527 4977 2546 5000 ν
2779 4960 2808 5016 εν
3004 4975 3062 5016 Δο
3323 4973 3354 5016 1
3621 4965 3654 5016 11

2241 5024 2324 5073 my
2507 5025 2568 5074 ny
2762 5015 2811 5061 xi
2940 5025 2971 5063 ο
3003 5012 3159 5062 breue
3306 5014 3351 5074 pi
3577 5012 3678 5065 cole

2171 5077 2382 5121 tessara-
2445 5083 2619 5135 pente-
2704 5074 2856 5124 hexe-
2959 5076 3134 5134 liepte-
3247 5077 3424 5134 ogdoao
3543 5089 3716 5126 ennea-

2213 5142 2341 5197 cots,
2447 5144 2605 5196 conta,
2709 5144 2868 5197 conta,
2967 5143 3123 5196 enata,
3249 5142 3414 5195 conta,
3533 5147 3686 5200 conta,

2253 5220 2284 5253 G
2789 5223 2843 5256 CG
3275 5223 3357 5256 CCC
3552 5225 3658 5258 σοις

2254 5277 2278 5312 ι·
2799 5281 2825 5317 s
3294 5276 3313 5318 t
3591 5285 3620 5332 y

2253 5351 2276 5388 ο
2806 5353 2834 5382 ο
3292 5355 3316 5381 s
3591 5355 3617 5383 ι

2220 5388 2308 5436 rho
2733 5390 2889 5456 sigma
2899 5454 2907 5456 Α
3254 5397 3335 5439 tau
3362 5454 3387 5456 ﬂ
3514 5394 3692 5456 ypsilon

2168 5448 2376 5500 hecatou
2734 5448 2910 5501 tiaras-ii
3201 5454 3390 5503 trscosii
3480 5448 3717 5504 tét'racosli

2253 5538 2283 5570 Β
2787 5538 2845 5571 DC
3265 5541 3350 5576 DCC
3545 5541 3655 5576 DCCC

2230 5583 2295 5644 ph
2778 5584 2836 5631 ch
3287 5587 3340 5648 pf
3559 5625 3566 5632 .
3586 5600 3617 5638 ο

2209 5669 2288 5756 ι)ῦὶ
2766 5671 2844 5753 clii
3271 5662 3341 5756 uti
3467 5722 3499 5756 ο
3517 5675 3702 5756 lenitum
