4026 6406
218 412 338 470 145

291 522 536 596 Epistula
562 523 630 580 Β.
673 523 982 596 Hieronymi
1010 525 1077 579 ad
1110 523 1334 580 Paulam
1372 525 1436 579 de
1458 523 1741 596 Alphabeto

842 597 1206 652 llebra'orum.

287 685 500 744 Nudius
548 689 742 745 tertius
782 705 904 744 cum
952 690 1307 746 centesimum
1363 699 1613 746 octavutn
1669 691 1814 747 deci-

213 793 368 832 mum
421 779 690 849 psalmum
744 781 836 836 tibi
883 780 1161 836 insinuare
1208 797 1454 844 conarer,
1483 791 1539 837 et
1577 781 1813 838 dicerem

209 883 438 926 omnem
489 872 746 928 moralem
797 872 971 928 locmn
1007 873 1058 927 in
1089 888 1154 927 eo
1181 888 1304 928 esse
1339 875 1809 944 con'tprehensum,

215 959 625 1020 studiosissime
675 964 988 1035 perquisisti
1011 965 1141 1035 quid
1194 964 1296 1020 sibi
1324 965 1491 1020 velint
1534 963 1814 1020 llebraicze

208 1053 412 1111 littera:
442 1073 562 1127 quze
591 1057 644 1111 in
687 1057 895 1127 psalmo
933 1074 1093 1128 quem
1136 1057 1445 1127 legebamus
1493 1058 1814 1114 videbantur

209 1147 462 1206 inserte.
482 1149 754 1221 Respondi
778 1151 1072 1206 secundum
1094 1151 1337 1206 ordinem
1363 1151 1666 1206 litterarum
1688 1168 1814 1206 eum

209 1256 338 1297 esse
377 1241 766 1312 compositmn,
811 1242 953 1312 quod
998 1241 1248 1297 videlicet
1281 1259 1348 1298 ex
1390 1243 1562 1312 prima
1609 1242 1809 1309 littera,

209 1349 336 1403 qua:
370 1334 514 1403 apud
547 1332 800 1388 Hebraeos
825 1332 988 1404 Aleph
1017 1342 1264 1397 vocatur,
1304 1343 1428 1388 octo
1455 1349 1645 1390 versus
1673 1334 1810 1389 inci-

211 1432 436 1494 pereat,
469 1424 522 1476 in
551 1423 727 1494 capite
762 1423 1092 1496 singulorum
1122 1441 1374 1482 versuum
1399 1427 1587 1481 eadem
1631 1427 1810 1482 littera

210 1512 446 1568 inserta.
503 1513 712 1570 Rursus
767 1530 833 1569 cx
879 1517 1128 1586 sequenti
1177 1517 1308 1572 Bella
1354 1518 1574 1573 totidem
1623 1535 1811 1576 versus

208 1608 501 1662 exordium
553 1619 869 1675 sumerent;
935 1627 1000 1666 ac
1066 1621 1252 1677 postea
1311 1628 1374 1668 ex
1444 1609 1612 1666 Gimel
1670 1615 1810 1670 idem

211 1716 481 1756 nmnerus
526 1703 919 1772 compleretur;
959 1715 1123 1775 atque
1163 1706 1236 1760 ita
1279 1721 1450 1775 usque
1511 1708 1576 1761 ad
1638 1706 1808 1774 Thau,

211 1808 334 1862 quae
363 1794 507 1863 apud
530 1810 625 1849 eos
649 1803 890 1849 extrema
917 1794 1092 1849 littera
1122 1805 1226 1860 est,
1254 1797 1514 1867 psalmum
1541 1813 1660 1852 esse
1689 1815 1812 1853 con-

1089 399 1622 466 exannx'nouss
1670 396 1736 462 1N
1779 396 2114 462 PSALMOS.
2155 432 2226 444 —
2261 382 2650 459 ramento.

3403 398 3510 458 M6

1841 524 1893 585 Α
1919 523 2022 577 alia
2051 530 2232 593 potest
2281 537 2401 578 esse
2435 523 2542 576 vita
2573 521 2691 576 sine
2726 519 2948 576 scientia
2981 519 3376 591 Scriptuarum,
3410 537 3509 594 per

1917 632 2055 690 quas
2079 617 2240 672 etiam
2263 616 2376 686 ipse
2394 615 2644 671 Christus
2671 613 3001 684 agnoscitur,
3031 613 3122 682 qui
3153 621 3235 667 cst
3260 612 3365 666 vita
3388 628 3508 667 cre-

1915 711 2154 767 dentium
2177 713 2200 764 ?

1921 863 1926 870 ,
1988 805 2170 860 Tertia
2192 804 2456 860 connexio
2479 813 2578 864 est,
2603 803 2792 858 bonum
2813 801 3146 872 principium,
3165 801 3290 870 quia
3315 814 3509 860 quam-

1911 896 1996 951 vis
2023 910 2166 951 nunc
2215 896 2450 951 sciamus
2477 895 2729 949 universa
2765 908 2884 963 qum
2914 893 3112 962 scripta
3145 901 3290 952 stmt,
3325 899 3505 946 tamen

1915 1001 1980 1042 ex
2007 994 2162 1056 parte
2191 986 2590 1056 cognoscimus,
2631 993 2686 1039 et
2713 998 2779 1039 ex
2823 992 2976 1052 parte
3001 982 3386 1052 prophetamus
3406 1021 3421 1044 ,
3451 989 3510 1036 et

1914 1091 2058 1131 nunc
2087 1091 2182 1144 per
2210 1075 2486 1145 speculum
2534 1074 2782 1129 videmus
2828 1073 2880 1126 in
2909 1072 3212 1140 :enigmate.
3244 1070 3378 1124 Cum
3410 1086 3509 1124 au-

1916 1176 2022 1222 tem
2056 1167 2411 1222 meruerimus
2437 1181 2556 1220 esse
2579 1180 2700 1220 cum
2729 1164 2966 1227 Christo,
2997 1172 3049 1217 et
3071 1162 3275 1217 similes
3300 1161 3508 1232 angelis

1917 1256 2196 1323 fuerimus,
2243 1266 2370 1312 tunc
2417 1256 2674 1311 librorum
2722 1253 2966 1309 doctrina
2997 1252 3249 1315 cessabit,
3297 1260 3352 1308 et
3381 1261 3510 1307 tunc

1912 1347 2216 1402 videbimus
2263 1345 2401 1401 facie
2433 1348 2499 1401 ad
2530 1344 2724 1401 faciem
2751 1345 2950 1400 bonum
2984 1343 3306 1415 principium
3344 1342 3507 1398 sicuti.

1911 1447 1996 1494 est
2029 1438 2078 1509 (ι
2112 1437 2235 1493 Cor.
2264 1441 2402 1509 xm).

1984 1530 2189 1597 Quarta
2215 1530 2477 1585 connexio
2499 1538 2604 1596 est,
2635 1545 2842 1590 manus,
2871 1528 3043 1583 cordis
3064 1528 3168 1582 sive
3192 1525 3505 1594 disciplina}.

1915 1623 2103 1679 Manus
2130 1624 2477 1695 intelligimus
2507 1624 2559 1678 in
2586 1639 2768 1692 opere,
2801 1638 2896 1678 cor
2943 1633 2998 1678 et
3030 1620 3314 1690 disciplina
3344 1617 3504 1674 intel-

1911 1714 2148 1784 liguntur
2188 1716 2239 1769 in
2285 1732 2466 1778 sensu,
2510 1715 2636 1784 quia
2668 1713 2800 1769 nihil
2841 1714 3020 1769 facere
3066 1727 3372 1783 possumus,
3400 1707 3507 1764 nisi

1914 1809 2064 1877 prius
2086 1824 2204 1878 qua:
2235 1807 2483 1863 facienda
2511 1817 2637 1862 sunt
2661 1807 2964 1861 scierimus.

212 1885 485 1953 SCI‘ipllllll
517 1899 531 1938 ε
563 1894 616 1938 ει
645 1901 706 1939 ex
733 1885 958 1953 singulis
979 1885 1281 1956 quibusque.
1315 1887 1598 1943 clementis
1623 1904 1814 1944 εεειιιιο
1842 1899 1889 1958 Β
1988 1898 2186 1966 Quium
2213 1902 2477 1954 connexio
2503 1908 2605 1962 est,
2624 1915 2688 1955 εχ
2708 1899 2854 1968 ipsis,
2885 1894 3506 1966 sempﬂermuu,adjulo-

211 1974 341 2028 dum
394 1975 898 2044 interpretationem
946 1993 1132 2032 eorum
1179 1979 1376 2034 debere
1423 1980 1646 2052 intelligi
1692 1997 1813 2054 qua:

213 2078 606 2138 sequerentur.
639 2069 751 2124 lloc
799 2070 927 2124 item
953 2069 1206 2142 ﬂagitasti
1235 2079 1292 2125 ut
1339 2073 1813 2144 interpretationes

210 2162 554 2234 singularum
579 2163 848 2218 edicerem
872 2163 1196 2219 litterarum.
1227 2164 1364 2228 Dixi,
1395 2163 1583 2220 lateor.
1611 2165 1809 2222 Verum

209 2257 334 2326 quia
392 2265 614 2326 prepter
671 2256 974 2312 barbariem
1032 2257 1226 2328 lingua.-
1289 2261 1552 2314 memoria
1615 2259 1812 2316 labitur

209 2363 379 2403 omne
405 2349 546 2418 quod
574 2349 830 2416 diximus,
872 2349 1148 2406 desideras
1189 2352 1637 2406 commentarium
1671 2353 1807 2418 lieri,

210 2450 268 2494 ut
303 2439 354 2493 si
405 2439 458 2492 in
505 2439 683 2509 aliquo
718 2439 857 2495 forte
901 2441 1238 2506 titubavcris,
1280 2441 1601 2497 oblivionem
1652 2443 1809 2500 lectio

211 2529 546 2586 consoletur.
579 2531 656 2585 Ac
688 2531 1000 2602 priusquam
1030 2533 1094 2587 de
1116 2533 1341 2605 singulis
1361 2529 1647 2599 disseram,
1669 2537 1810 2591 scire

213 2625 385 2681 debes
429 2635 663 2696 quatuor
691 2626 926 2696 psalmos
954 2628 1250 2682 secundum
1288 2629 1530 2682 ordinem
1559 2629 1810 2684 llelmeo-

210 2735 328 2774 l'tllll
380 2721 620 2790 incipere
668 2720 1057 2776 elementorum
1090 2723 1478 2777 :ceutesimum
1515 2722 1805 2788 decimmn,

208 2824 259 2870 et
299 2814 666 2869 centesimum
717 2814 1081 2881 undecimum,
1123 2824 1176 2868 et
1217 2815 1359 2869 hunc
1409 2815 1474 2869 de
1517 2831 1624 2885 quo
1666 2831 1809 2872 mmc

209 2908 528 2972 scribimus,
553 2915 608 2960 et
635 2907 990 2962 centesimum
1015 2909 1486 2979 quadragesimum
1518 2918 1802 2978 quartum;

209 3013 402 3052 verum
451 2998 505 3052 in
547 2997 818 3067 prioribus
861 2997 1088 3068 singulis
1120 2998 1316 3053 litteris
1363 2997 1603 3070 singulos
1631 2999 1806 3054 versi-

210 3091 383 3153 culos,
416 3091 512 3162 qui
538 3091 783 3145 trimetro
806 3091 1036 3146 iambico
1058 3101 1311 3146 constant
1346 3108 1466 3147 esse
1493 3095 1763 3148 subnexos
1787 3109 1801 3159 ;

211 3183 505 3237 inferiores
536 3197 666 3236 vero
711 3189 1026 3237 tetrametro
1078 3183 1310 3239 iambico
1348 3195 1620 3251 constare,
1649 3185 1804 3240 sicuti

1918 1992 2074 2045 rium.
2120 1990 2233 2046 lloc
2260 1992 2641 2061 explanatione
2681 2006 2788 2046 non
2823 1990 3041 2059 indiget,
3072 1989 3164 2043 sed
3194 1987 3342 2042 omni
3383 1987 3506 2044 luce

1915 2083 2256 2139 manifestius
2280 2094 2364 2140 est
2412 2099 2478 2138 ex
2510 2082 2805 2153 Scripturis
2843 2090 3046 2138 atterna
3072 2079 3310 2137 subsidia
3341 2077 3506 2134 mini-

1915 2176 2100 2228 strari.

1915 2333 1918 2337 ι
1987 2266 2152 2322 Sexta
2208 2267 2471 2322 connexio
2513 2274 2616 2331 est,
2669 2265 2788 2334 fons
2840 2265 2946 2318 sive
2999 2262 3202 2330 oculus,
3248 2263 3373 2326 oris,
3411 2261 3508 2332 ju-

1912 2360 2089 2424 stitiw,
2115 2361 2408 2416 secundum
2440 2359 2567 2414 illud
2605 2358 2830 2430 quodin
2857 2368 3054 2429 quarto
3085 2372 3310 2414 numero
3337 2371 3506 2427 expo-

1912 2452 2138 2507 suimus.

1984 2547 2223 2616 Septima
2251 2547 2517 2602 connexio
2541 2555 2644 2614 est,
2677 2563 2796 2618 quze
2825 2554 2879 2602 et
2903 2554 3171 2611 extrema,
3195 2544 3340 2616 quod
3361 2553 3417 2598 et
3449 2544 3506 2599 in

1910 2635 2026 2705 ipso
2054 2652 2268 2706 quoque
2297 2637 2603 2707 septenario
2655 2651 2888 2692 munero
2907 2637 2977 2692 sit
3005 2637 3266 2708 mysticus
3293 2635 3506 2690 intelle-

1910 2735 2048 2791 ctus,
2075 2728 2294 2791 vacatio,
2317 2728 2520 2796 capitis,
2537 2727 2791 2791 dentium,
2814 2728 2986 2796 signa.
3019 2725 3123 2781 Per
3153 2727 3340 2782 dentes
3366 2725 3503 2779 arti-

1909 2817 2087 2873 culata
2141 2835 2241 2873 vox
2283 2820 2632 2889 exprimitur;
2687 2829 2742 2874 et
2782 2820 2869 2874 bis
2905 2819 3075 2889 signis
3116 2819 3182 2872 ad
3205 2828 3366 2889 caput
3390 2833 3508 2874 om-

1909 2911 2079 2976 nium,
2113 2911 2203 2980 qui
2231 2920 2315 2966 est
2337 2911 2610 2974 Christus,
2632 2911 2964 2980 pervenitur.

1979 2999 2088 3057 Oro
2115 3010 2188 3065 te,
2215 3001 2343 3071 quid
2369 3001 2470 3056 hoc
2508 3001 2774 3056 sacratius
2800 3001 3177 3057 sacramento?
3223 2999 3361 3066 Quid
3399 2999 3504 3056 hac

1908 3093 2184 3164 voluptate
2223 3093 2550 3164 jucundius?
2592 3092 2694 3160 Qui
2741 3094 3011 3163 cibi,qua3
3038 3091 3199 3148 mella
3236 3091 3503 3158 dulciora,

1907 3204 2069 3258 quam
2114 3187 2208 3242 Dci
2248 3188 2389 3242 scire
2417 3187 2781 3258 prudentiam,
2829 3187 2882 3242 in
2934 3186 3073 3241 atria
3111 3184 3232 3256 ejus
3276 3185 3502 3249 intrare,

210 3287 261 3332 et
291 3275 700 3332 Deuteronomii
719 3277 989 3331 canticum
1021 3279 1281 3348 scriptum
1297 3290 1380 3334 est
1405 3279 1583 3350 (Deut.
1607 3280 1802 3350 xxxn).
1833 3279 1878 3341 C
1910 3296 2130 3337 sensum
2158 3280 2434 3335 Creatoris
2461 3279 2750 3350 inspicere,
2778 3288 2837 3334 et
2861 3293 3140 3334 sermones
3164 3277 3374 3332 Domini
3405 3275 3501 3332 Dei

210 3368 262 3424 In
286 3368 596 3424 centesimo
633 3369 843 3425 decimo
872 3379 1067 3427 octavo
1103 3371 1343 3443 singulas
1373 3373 1581 3428 litteras
1624 3373 1806 3429 octoni

214 3476 405 3515 versus
422 3471 747 3531 sequuntur.
769 3461 826 3517 In
851 3465 1149 3520 centesimo
1173 3465 1590 3536 quadragesimo
1613 3475 1807 3536 quarto

211 3551 446 3623 singulis
476 3550 675 3607 litteris
700 3553 895 3623 singuli
927 3570 1114 3609 versus
1160 3555 1506 3625 deputantur.
1552 3555 1691 3611 Sunt
1715 3557 1806 3626 qui

211 3652 264 3698 et
307 3643 451 3698 alios
501 3643 736 3714 psalmos
776 3653 966 3715 putant
1008 3645 1110 3700 hoc
1154 3646 1344 3702 ordine
1391 3646 1655 3718 incipere;
1712 3647 1808 3704 sed

213 3730 349 3788 falsa
383 3749 574 3788 eorum
605 3735 788 3804 opinio
829 3748 953 3791 est-1
982 3753 1086 3811 non
1115 3737 1258 3792 enim
1305 3739 1506 3794 habent
1538 3739 1807 3811 integrum

213 3824 587 3894 alphabetum.
619 3824 818 3882 Verum
865 3825 979 3895 jam
1017 3807 1397 3898 complendum
1424 3837 1507 3884 est
1537 3807 1679 3900 quod
1715 3846 1810 3901 pe-

214 3916 350 3982 tisti,
384 3925 445 3970 ut
467 3932 684 3972 sensum
716 3919 1139 3992 uniuscujusque
1155 3918 1410 3975 elementi
1437 3920 1809 3992 interpretatio

213 4021 428 4062 annexa
479 4008 763 4078 significet.
814 4010 1031 4077 Auzea,
1081 4010 1471 4081 interpretatur
1523 4012 1808 4079 doctrina;

213 4098 388 4166 Βετιι,
417 4099 637 4167 domus;
663 4101 859 4167 GlusL,
889 4103 1192 4173 plenitudo;
1212 4103 1453 4168 ΒΑιετιι,
1483 4103 1808 4169 tabularum;

213 4187 318 4254 lle,
353 4190 489 4256 ista;
519 4189 658 4257 Vw,
689 4203 771 4256 et;
796 4191 947 4256 ΖΜΝ,
977 4193 1120 4257 Iura;
1154 4192 1330 4258 Ηιετιι,
1359 4193 1498 4256 vita;
1523 4191 1694 4258 Τιιετ,
1721 4193 1811 4247 bo-

214 4299 375 4349 num;
402 4282 517 4350 loc,
547 4285 863 4355 principium
891 4303 908 4349 ;
933 4283 1104 4351 Cara,
1138 4303 1360 4352 manus;
1404 4285 1615 4353 Lauso,
1644 4287 1806 4341 disci-

213 4379 376 4445 plima
403 4377 518 4432 sive
543 4378 736 4443 cordis;
778 4377 924 4443 Mal,
955 4395 1020 4432 ex
1044 4378 1206 4447 ipsis;
1234 4378 1368 4442 Nux,
1401 4378 1806 4448 sempiternum;

218 4465 465 4533 sttscu,
493 4469 852 4539 adjutorium;
889 4469 1014 4535 Am,
1045 4470 1163 4540 fons
1195 4471 1307 4526 sive
1333 4470 1555 4536 oculus;
1588 4470 1720 4534 Pus,
1751 4487 1808 4526 os

215 4561 280 4615 ab
311 4577 424 4624 ore,
455 4575 560 4614 non
584 4561 651 4615 ab
690 4578 802 4616 osse
839 4562 1040 4616 dictum
1072 4560 1326 4633 intellige,
1375 4577 1443 4616 ne
1499 4561 1802 4616 litterarum

1909 3376 2008 3439 tui,
2034 3374 2125 3444 qui
2150 3373 2218 3428 ab
2248 3373 2407 3442 hujus
2433 3372 2617 3428 mundi
2659 3372 2996 3441 sapientibus
3041 3369 3350 3431 irridentur,
3391 3367 3507 3438 ple-

1909 3481 2006 3520 nos
2034 3465 2242 3520 discere
2282 3463 2548 3534 sapientia
2585 3463 2848 3534 spiritali?
2887 3461 3132 3517 Habeant
3162 3460 3263 3516 sibi
3295 3459 3501 3524 caeteri,

1909 3557 1953 3613 si
1983 3556 2165 3620 velint,
2200 3571 2327 3612 suas
2363 3569 2532 3626 opes:
2569 3569 2782 3626 gemma
2825 3553 3034 3618 bibant,
3068 3551 3244 3608 serico
3273 3550 3500 3614 niteant,

1907 3647 2097 3718 plausu
2136 3646 2316 3718 populi
2347 3645 2718 3700 delectentur:
2750 3651 2805 3700 et
2838 3658 2934 3714 per
2961 3642 3141 3696 varias
3179 3641 3503 3712 voluptates,

1908 3754 2038 3795 suas
2067 3738 2284 3793 divitias
2314 3738 2530 3792 vincere
2574 3744 2863 3806 nequeant.
2901 3733 3114 3790 Nostra:
3153 3733 3354 3788 divitia:
3396 3733 3508 3789 sint

1909 3830 1962 3886 in
1989 3830 2104 3902 lege
2131 3829 2341 3885 Domini
2368 3827 2616 3884 meditari
2644 3827 2730 3882 die
2752 3842 2817 3882 ac
2845 3835 3020 3892 nocte,
3045 3825 3258 3896 pulsare
3277 3823 3505 3894 januatl.

1911 3938 2016 3978 non
2048 3929 2345 3992 patentem,
2377 3933 2541 3990 panes
2582 3917 2866 3973 Trinitatis
2899 3917 3165 3986 accipere,
3215 3925 3270 3970 et
3317 3914 3504 3972 saeculi

1909 4012 2128 4078 ﬂuctus,
2157 4011 2383 4066 Domino
2412 4019 2710 4081 prteeunte,
2739 4008 2970 4064 calcare.
3005 4007 3192 4063 Saluta
3215 4007 3504 4063 Blaesillam

1908 4115 1956 4162 et
1985 4103 2338 4158 Eustochium
2360 4102 2660 4157 tirunculas
2685 4110 2919 4156 nostras.
2944 4099 3132 4154 Saluta
3153 4098 3504 4164 Felicianam,

1910 4209 2040 4250 vere
2065 4194 2244 4250 carnis
2271 4202 2325 4248 ct
2351 4193 2572 4264 spiritus
2597 4192 2906 4263 virginitate
2937 4191 3169 4246 felicem.
3201 4190 3385 4246 Saluta
3419 4204 3508 4245 re-

1911 4286 2115 4358 liquum
2148 4287 2416 4342 castitatis
2465 4281 2688 4341 chorum
2732 4295 2788 4340 et
2829 4280 3181 4340 domesticam
3227 4293 3371 4338 tuam
3417 4299 3508 4338 ec-

1911 4381 2152 4445 clesiam,
2181 4381 2266 4436 cui
2298 4381 2500 4444 omnia,
2546 4379 2708 4435 etiam
2750 4393 2870 4449 qua:
2911 4385 3024 4432 tuta
3067 4385 3193 4430 sunt
3221 4375 3409 4439 timeo,
3439 4387 3509 4430 ne

1911 4471 2212 4528 dormiente
2239 4469 2646 4540 patrefamilias,
2697 4467 2945 4522 inimicus
2995 4467 3158 4520 homo
3184 4464 3391 4518 zizania
3417 4480 3508 4519 su-

1914 4563 2245 4636 persemiuet
2302 4563 2520 4633 (Matt/4.
2567 4559 2710 4632 xm).
2766 4559 3022 4626 Quamvis
3043 4558 3185 4614 enim
3209 4556 3389 4612 dicere
3411 4571 3508 4609 an-

218 4651 576 4721 ambiguitate
621 4649 859 4718 fallaris;
892 4651 1056 4717 Zxos,
1090 4651 1342 4719 justiliw;
1370 4652 1539 4718 Corn,
1570 4653 1808 4717 vacatio;
1840 4649 1890 4710 D
1915 4657 2079 4712 deant
2108 4674 2120 4710 :
2149 4655 2262 4726 Ego
2291 4656 2473 4709 civitas
2503 4654 2676 4722 ﬁrma,
2703 4652 2884 4732 civitas
2911 4667 3027 4722 qua:
3049 4666 3152 4703 non
3177 4657 3509 4719 Oppugnntur

215 4741 350 4806 Res,
379 4743 600 4812 capitis;
627 4743 740 4807 δικ,
774 4743 1044 4807 dentium;
1082 4742 1250 4808 ΤιιΑυ,
1281 4741 1449 4813 signa.

287 4835 422 4888 Post
451 4834 952 4904 interpretationem
981 4836 1397 4902 elementorum,
1446 4835 1811 4907 intelligentiae

215 4926 366 4980 ordo.
383 4925 644 4983 dicendus
677 4936 777 4983 εει.

285 5016 474 5073 Prima
527 5021 790 5075 connexio
840 5028 944 5084 est,
1000 5020 1260 5086 doctrina,
1310 5018 1812 5089 domus,plenitudo

217 5109 555 5176 tabularum;
602 5112 726 5182 quia
777 5112 1029 5167 videlicet
1079 5112 1322 5167 doctrina
1371 5111 1645 5176 Ecclesiae,
1695 5125 1814 5181 qute

219 5202 412 5258 domus
434 5203 529 5258 Dei
555 5213 658 5273 est,
684 5204 736 5260 in
764 5204 1018 5260 librorum
1044 5206 1346 5276 reperiatur
1368 5203 1698 5276 plenitudine
1730 5201 1812 5257 dio

221 5309 414 5351 vmoru
422 5313 494 5351 ιιι.

288 5389 543 5448 Secunda
564 5391 827 5448 connexio
846 5400 951 5458 est,
976 5396 1076 5448 ista
1093 5409 1111 5458 ;
1131 5402 1203 5460 et,
1225 5391 1356 5460 lucc,
1372 5393 1496 5448 vita.
1521 5389 1651 5458 Qua:
1669 5388 1814 5445 enim

1916 4747 2053 4819 (lsa.
2108 4762 2276 4811 xxvu,
2323 4762 2425 4801 sec.
2471 4742 2666 4814 LXX),
2725 4742 2923 4807 nullus,
2974 4739 3155 4795 hostili
3227 4738 3508 4799 obsidente

1915 4839 2180 4904 exercitu,
2203 4853 2425 4894 securus
2452 4844 2555 4891 est.
2574 4833 2763 4899 Nemo,
2788 4844 2845 4888 ut
2871 4834 3061 4888 beatus
3083 4831 3382 4903 Cyprianus
3407 4830 3502 4895 ait,

1916 4933 2054 4988 satis
2079 4941 2246 4998 tutus,
2274 4929 2511 5001 periculo
2537 4929 2836 4999 proximus.
2867 4925 3155 4996 Exemplar
3175 4923 3436 4994 epistolae,
3457 4922 3506 4977 si

1917 5027 2161 5097 accipere
2202 5023 2433 5079 voluerit
2477 5023 2841 5098 φιλοπονοτάτη
2879 5028 3064 5076 nostra
3095 5018 3367 5082 Marcella,
3402 5015 3503 5069 tri-

1917 5119 2087 5185 buito,
2135 5127 2188 5174 et
2215 5125 2484 5173 memento
2526 5116 2654 5183 mei,
2682 5117 2977 5171 obsecrans
3023 5123 3082 5168 ut
3126 5113 3380 5168 Dominus
3409 5125 3507 5165 no-

1917 5209 2208 5267 sterJesus
2233 5209 2482 5265 Christus
2519 5217 2768 5264 conterat
2810 5209 3066 5262 Satanam
3117 5206 3216 5261 sub
3278 5200 3506 5274 pedibus

1917 5303 2120 5360 nostris
2141 5301 2400 5359 velociter
2430 5299 2604 5373 (Rom.
2635 5302 2768 5372 xvi).
2797 5299 2992 5356 Amen.

303 5540 3512 5574 ww

1348 5653 1759 5734 REMIGII
1820 5652 2376 5733 PRJEFATIO.

286 5871 586 5947 Prdphetia
628 5880 714 5932 est
748 5871 929 5933 divina
955 5870 1234 5948 inspiratio
1301 5869 1386 5933 vel
1436 5875 1671 5950 cognitio
1698 5892 1806 5951 my-

1916 5878 2203 5938 steriorum
2230 5874 2325 5938 Dei
2349 5917 2364 5944 ,
2399 5881 2455 5935 et
2476 5875 2535 5934 ﬁt
2553 5888 2652 5950 per
2675 5867 2944 5937 occultam
2971 5871 3382 5949 inspirationem
3419 5870 3506 5930 vel
