  <div class='ocr_page' id='page_1' title='image "/cluster/home/n/w/nwhite01/storage/ocr_20150623/131/hvd.32044015471725/079.png"; bbox 0 0 4026 6418; ppageno 0'>
   <div class='ocr_carea' id='block_1_1' title="bbox 519 506 614 561">
    <p class='ocr_par' dir='ltr' id='par_1_1' title="bbox 519 506 614 561">
     <span class='ocr_line' id='line_1_1' title="bbox 519 506 614 561; baseline -0.021 0"><span class='ocrx_word' id='word_1_1' title='bbox 519 506 614 561; x_wconf 73' lang='grc'><strong>147</strong></span> 
     </span>
    </p>
   </div>
   <div class='ocr_carea' id='block_1_2' title="bbox 1153 492 3130 579">
    <p class='ocr_par' dir='ltr' id='par_1_2' title="bbox 1153 492 3130 579">
     <span class='ocr_line' id='line_1_2' title="bbox 1153 492 3130 579; baseline 0 -30"><span class='ocrx_word' id='word_1_2' title='bbox 1153 496 1411 551; x_wconf 64' lang='lat' dir='ltr'><strong>Bisalthl</strong></span> <span class='ocrx_word' id='word_1_3' title='bbox 1459 492 2122 552; x_wconf 75' lang='lat' dir='ltr'><strong>ANTlSSIODORENSiS</strong></span> <span class='ocrx_word' id='word_1_4' title='bbox 2144 492 2310 579; x_wconf 64' lang='grc' dir='ltr'>εει).</span> <span class='ocrx_word' id='word_1_5' title='bbox 2344 493 2522 552; x_wconf 82' lang='lat' dir='ltr'><strong>PARS</strong></span> <span class='ocrx_word' id='word_1_6' title='bbox 2558 495 2579 551; x_wconf 89' lang='lat' dir='ltr'><strong>l</strong></span> <span class='ocrx_word' id='word_1_7' title='bbox 2613 524 2683 538; x_wconf 88' lang='lat'><strong>—-</strong></span> <span class='ocrx_word' id='word_1_8' title='bbox 2720 495 3130 554; x_wconf 69' lang='lat' dir='ltr'><strong>EXEGETICA.</strong></span> 
     </span>
    </p>
   </div>
   <div class='ocr_carea' id='block_1_3' title="bbox 3681 493 3789 549">
    <p class='ocr_par' dir='ltr' id='par_1_3' title="bbox 3681 493 3789 549">
     <span class='ocr_line' id='line_1_3' title="bbox 3681 493 3789 549; baseline -0.019 -1"><span class='ocrx_word' id='word_1_9' title='bbox 3681 493 3789 549; x_wconf 71' lang='lat' dir='ltr'><strong>HS</strong></span> 
     </span>
    </p>
   </div>
   <div class='ocr_carea' id='block_1_4' title="bbox 504 607 3788 684">
    <p class='ocr_par' dir='ltr' id='par_1_4' title="bbox 504 607 3788 684">
     <span class='ocr_line' id='line_1_4' title="bbox 504 607 3788 684; baseline -0 -19"><span class='ocrx_word' id='word_1_10' title='bbox 504 622 602 681; x_wconf 82' lang='lat' dir='ltr'><strong>per</strong></span> <span class='ocrx_word' id='word_1_11' title='bbox 632 607 928 681; x_wconf 78' lang='lat' dir='ltr'><strong>angelicam</strong></span> <span class='ocrx_word' id='word_1_12' title='bbox 960 608 1504 665; x_wconf 89' lang='lat' dir='ltr'><strong>administrationem.</strong></span> <span class='ocrx_word' id='word_1_13' title='bbox 1539 608 1641 664; x_wconf 86' lang='lat' dir='ltr'><strong>Per</strong></span> <span class='ocrx_word' id='word_1_14' title='bbox 1664 608 1964 680; x_wconf 76' lang='lat' dir='ltr'><strong>angelicam</strong></span> <span class='ocrx_word' id='word_1_15' title='bbox 1995 608 2091 666; x_wconf 60' lang='lat' dir='ltr'><strong>ada-</strong></span> <span class='ocrx_word' id='word_1_16' title='bbox 2116 610 2169 671; x_wconf 79' lang='grc' dir='ltr'>Α</span> <span class='ocrx_word' id='word_1_17' title='bbox 2198 612 2522 678; x_wconf 83' lang='lat' dir='ltr'><strong>severando,</strong></span> <span class='ocrx_word' id='word_1_18' title='bbox 2555 612 2855 683; x_wconf 87' lang='lat' dir='ltr'><strong>jucundum</strong></span> <span class='ocrx_word' id='word_1_19' title='bbox 2888 612 3130 684; x_wconf 89' lang='lat' dir='ltr'><strong>psalterii</strong></span> <span class='ocrx_word' id='word_1_20' title='bbox 3154 628 3417 684; x_wconf 77' lang='lat' dir='ltr'><strong>organum</strong></span> <span class='ocrx_word' id='word_1_21' title='bbox 3468 613 3696 682; x_wconf 78' lang='lat' dir='ltr'><strong>desuper</strong></span> <span class='ocrx_word' id='word_1_22' title='bbox 3731 611 3788 665; x_wconf 90' lang='lat' dir='ltr'><strong>in</strong></span> 
     </span>
    </p>
   </div>
   <div class='ocr_carea' id='block_1_5' title="bbox 506 699 2088 771">
    <p class='ocr_par' dir='ltr' id='par_1_5' title="bbox 506 699 2088 771">
     <span class='ocr_line' id='line_1_5' title="bbox 506 699 2088 771; baseline 0.002 -12"><span class='ocrx_word' id='word_1_23' title='bbox 506 704 983 771; x_wconf 88' lang='lat' dir='ltr'><strong>ministratiouem,</strong></span> <span class='ocrx_word' id='word_1_24' title='bbox 1021 703 1194 761; x_wconf 86' lang='lat' dir='ltr'><strong>tribus</strong></span> <span class='ocrx_word' id='word_1_25' title='bbox 1225 704 1437 760; x_wconf 88' lang='lat' dir='ltr'><strong>modis:</strong></span> <span class='ocrx_word' id='word_1_26' title='bbox 1472 704 1651 770; x_wconf 90' lang='lat' dir='ltr'><strong>dictis,</strong></span> <span class='ocrx_word' id='word_1_27' title='bbox 1678 704 1764 761; x_wconf 85' lang='lat' dir='ltr'><strong>vel</strong></span> <span class='ocrx_word' id='word_1_28' title='bbox 1791 699 1970 771; x_wconf 79' lang='lat' dir='ltr'><strong>factis,</strong></span> <span class='ocrx_word' id='word_1_29' title='bbox 2001 704 2088 762; x_wconf 85' lang='lat' dir='ltr'><strong>vel</strong></span> 
     </span>
    </p>
   </div>
   <div class='ocr_carea' id='block_1_6' title="bbox 496 786 2085 868">
    <p class='ocr_par' dir='ltr' id='par_1_6' title="bbox 496 786 2085 868">
     <span class='ocr_line' id='line_1_6' title="bbox 496 786 2085 868; baseline 0 -16"><span class='ocrx_word' id='word_1_30' title='bbox 496 795 729 852; x_wconf 82' lang='lat' dir='ltr'><strong>visione.</strong></span> <span class='ocrx_word' id='word_1_31' title='bbox 754 795 943 860; x_wconf 85' lang='lat' dir='ltr'><strong>Dictis,</strong></span> <span class='ocrx_word' id='word_1_32' title='bbox 964 803 1025 850; x_wconf 89' lang='lat' dir='ltr'><strong>ut</strong></span> <span class='ocrx_word' id='word_1_33' title='bbox 1051 813 1065 850; x_wconf 75' lang='grc' dir='ltr'><strong>ε</strong></span> <span class='ocrx_word' id='word_1_34' title='bbox 1095 788 1220 860; x_wconf 76' lang='lat' dir='ltr'><strong>Ave,</strong></span> <span class='ocrx_word' id='word_1_35' title='bbox 1245 786 1441 862; x_wconf 68' lang='lat' dir='ltr'><strong>Maria,</strong></span> <span class='ocrx_word' id='word_1_36' title='bbox 1464 790 1634 866; x_wconf 79' lang='lat' dir='ltr'><strong>gratia</strong></span> <span class='ocrx_word' id='word_1_37' title='bbox 1657 794 1812 865; x_wconf 78' lang='lat' dir='ltr'><strong>plena</strong></span> <span class='ocrx_word' id='word_1_38' title='bbox 1841 792 2085 868; x_wconf 58' lang='lat' dir='ltr'><strong>(Luat).</strong></span> 
     </span>
    </p>
   </div>
   <div class='ocr_carea' id='block_1_7' title="bbox 500 885 2090 952">
    <p class='ocr_par' dir='ltr' id='par_1_7' title="bbox 500 885 2090 952">
     <span class='ocr_line' id='line_1_7' title="bbox 500 885 2090 952; baseline 0.002 -10"><span class='ocrx_word' id='word_1_39' title='bbox 500 885 791 952; x_wconf 66' lang='lat' dir='ltr'><strong>Factis,ut</strong></span> <span class='ocrx_word' id='word_1_40' title='bbox 812 886 1053 943; x_wconf 86' lang='lat' dir='ltr'><strong>Gedeoni</strong></span> <span class='ocrx_word' id='word_1_41' title='bbox 1074 886 1338 943; x_wconf 75' lang='lat' dir='ltr'><strong>dubitanti</strong></span> <span class='ocrx_word' id='word_1_42' title='bbox 1367 887 1565 943; x_wconf 84' lang='lat' dir='ltr'><strong>ducere</strong></span> <span class='ocrx_word' id='word_1_43' title='bbox 1591 887 1728 944; x_wconf 77' lang='lat' dir='ltr'><strong>filios</strong></span> <span class='ocrx_word' id='word_1_44' title='bbox 1762 888 1926 946; x_wconf 80' lang='lat' dir='ltr'><strong>Israel</strong></span> <span class='ocrx_word' id='word_1_45' title='bbox 1958 894 2090 947; x_wconf 52' lang='lat' dir='ltr'><strong>con;</strong></span> 
     </span>
    </p>
   </div>
   <div class='ocr_carea' id='block_1_8' title="bbox 504 977 2085 1052">
    <p class='ocr_par' dir='ltr' id='par_1_8' title="bbox 504 977 2085 1052">
     <span class='ocr_line' id='line_1_8' title="bbox 504 977 2085 1052; baseline 0.004 -21"><span class='ocrx_word' id='word_1_46' title='bbox 504 985 593 1031; x_wconf 87' lang='lat' dir='ltr'><strong>tra</strong></span> <span class='ocrx_word' id='word_1_47' title='bbox 611 977 953 1044; x_wconf 80' lang='lat' dir='ltr'><strong>Madianitas,</strong></span> <span class='ocrx_word' id='word_1_48' title='bbox 968 988 1017 1034; x_wconf 89' lang='lat' dir='ltr'><strong>et</strong></span> <span class='ocrx_word' id='word_1_49' title='bbox 1036 979 1249 1050; x_wconf 84' lang='lat' dir='ltr'><strong>signum</strong></span> <span class='ocrx_word' id='word_1_50' title='bbox 1262 980 1545 1049; x_wconf 65' lang='lat' dir='ltr'><strong>quaerenti,</strong></span> <span class='ocrx_word' id='word_1_51' title='bbox 1562 979 1746 1035; x_wconf 90' lang='lat' dir='ltr'><strong>datum</strong></span> <span class='ocrx_word' id='word_1_52' title='bbox 1760 990 1841 1037; x_wconf 87' lang='lat' dir='ltr'><strong>est</strong></span> <span class='ocrx_word' id='word_1_53' title='bbox 1855 981 2085 1052; x_wconf 87' lang='lat' dir='ltr'><strong>signum,</strong></span> 
     </span>
    </p>
   </div>
   <div class='ocr_carea' id='block_1_9' title="bbox 500 1068 2081 1141">
    <p class='ocr_par' dir='ltr' id='par_1_9' title="bbox 500 1068 2081 1141">
     <span class='ocr_line' id='line_1_9' title="bbox 500 1068 2081 1141; baseline 0.005 -20"><span class='ocrx_word' id='word_1_54' title='bbox 500 1068 656 1137; x_wconf 75' lang='lat' dir='ltr'><strong>quod</strong></span> <span class='ocrx_word' id='word_1_55' title='bbox 681 1068 734 1123; x_wconf 87' lang='lat' dir='ltr'><strong>in</strong></span> <span class='ocrx_word' id='word_1_56' title='bbox 756 1068 925 1139; x_wconf 82' lang='lat' dir='ltr'><strong>priori</strong></span> <span class='ocrx_word' id='word_1_57' title='bbox 956 1077 1112 1125; x_wconf 91' lang='lat' dir='ltr'><strong>nocte</strong></span> <span class='ocrx_word' id='word_1_58' title='bbox 1160 1069 1351 1135; x_wconf 81' lang='lat' dir='ltr'><strong>vellus,</strong></span> <span class='ocrx_word' id='word_1_59' title='bbox 1383 1085 1546 1141; x_wconf 92' lang='lat' dir='ltr'><strong>super</strong></span> <span class='ocrx_word' id='word_1_60' title='bbox 1567 1080 2081 1139; x_wconf 73' lang='lat' dir='ltr'><strong>areamexteusum,‘</strong></span> 
     </span>
    </p>
   </div>
   <div class='ocr_carea' id='block_1_10' title="bbox 504 1159 2093 1232">
    <p class='ocr_par' dir='ltr' id='par_1_10' title="bbox 504 1159 2093 1232">
     <span class='ocr_line' id='line_1_10' title="bbox 504 1159 2093 1232; baseline 0.004 -18"><span class='ocrx_word' id='word_1_61' title='bbox 504 1159 782 1215; x_wconf 86' lang='lat' dir='ltr'><strong>madidum</strong></span> <span class='ocrx_word' id='word_1_62' title='bbox 811 1159 975 1216; x_wconf 83' lang='lat' dir='ltr'><strong>fuerit</strong></span> <span class='ocrx_word' id='word_1_63' title='bbox 1001 1170 1056 1215; x_wconf 88' lang='lat' dir='ltr'><strong>et</strong></span> <span class='ocrx_word' id='word_1_64' title='bbox 1081 1176 1206 1216; x_wconf 89' lang='lat' dir='ltr'><strong>area</strong></span> <span class='ocrx_word' id='word_1_65' title='bbox 1231 1161 1372 1216; x_wconf 90' lang='lat' dir='ltr'><strong>sicca</strong></span> <span class='ocrx_word' id='word_1_66' title='bbox 1396 1177 1419 1227; x_wconf 86' lang='lat'><strong>;</strong></span> <span class='ocrx_word' id='word_1_67' title='bbox 1441 1162 1493 1216; x_wconf 91' lang='lat' dir='ltr'><strong>in</strong></span> <span class='ocrx_word' id='word_1_68' title='bbox 1522 1163 1789 1232; x_wconf 84' lang='lat' dir='ltr'><strong>sequenti,</strong></span> <span class='ocrx_word' id='word_1_69' title='bbox 1821 1179 1948 1220; x_wconf 89' lang='lat' dir='ltr'><strong>area</strong></span> <span class='ocrx_word' id='word_1_70' title='bbox 1983 1162 2093 1220; x_wconf 79' lang='lat' dir='ltr'><strong>ma-</strong></span> 
     </span>
    </p>
   </div>
   <div class='ocr_carea' id='block_1_11' title="bbox 512 1251 2095 1325">
    <p class='ocr_par' dir='ltr' id='par_1_11' title="bbox 512 1251 2095 1325">
     <span class='ocr_line' id='line_1_11' title="bbox 512 1251 2095 1325; baseline 0.003 -19"><span class='ocrx_word' id='word_1_71' title='bbox 512 1251 641 1306; x_wconf 83' lang='lat' dir='ltr'><strong>dida</strong></span> <span class='ocrx_word' id='word_1_72' title='bbox 668 1259 722 1307; x_wconf 87' lang='lat' dir='ltr'><strong>et</strong></span> <span class='ocrx_word' id='word_1_73' title='bbox 748 1253 915 1308; x_wconf 81' lang='lat' dir='ltr'><strong>vellus</strong></span> <span class='ocrx_word' id='word_1_74' title='bbox 938 1254 1140 1309; x_wconf 89' lang='lat' dir='ltr'><strong>siccum</strong></span> <span class='ocrx_word' id='word_1_75' title='bbox 1170 1253 1322 1322; x_wconf 83' lang='lat' dir='ltr'><strong>(Jud.</strong></span> <span class='ocrx_word' id='word_1_76' title='bbox 1352 1254 1448 1324; x_wconf 73' lang='lat' dir='ltr'><strong>vr).</strong></span> <span class='ocrx_word' id='word_1_77' title='bbox 1504 1253 1688 1309; x_wconf 83' lang='lat' dir='ltr'><strong>Velius</strong></span> <span class='ocrx_word' id='word_1_78' title='bbox 1743 1255 1892 1325; x_wconf 89' lang='lat' dir='ltr'><strong>prius</strong></span> <span class='ocrx_word' id='word_1_79' title='bbox 1921 1256 2095 1311; x_wconf 87' lang='lat' dir='ltr'><strong>madi-</strong></span> 
     </span>
    </p>
   </div>
   <div class='ocr_carea' id='block_1_12' title="bbox 515 1344 2090 1417">
    <p class='ocr_par' dir='ltr' id='par_1_12' title="bbox 515 1344 2090 1417">
     <span class='ocr_line' id='line_1_12' title="bbox 515 1344 2090 1417; baseline 0.002 -18"><span class='ocrx_word' id='word_1_80' title='bbox 515 1345 645 1399; x_wconf 85' lang='lat' dir='ltr'><strong>dum</strong></span> <span class='ocrx_word' id='word_1_81' title='bbox 676 1344 1000 1417; x_wconf 79' lang='lat' dir='ltr'><strong>signiﬁcavit</strong></span> <span class='ocrx_word' id='word_1_82' title='bbox 1046 1344 1330 1400; x_wconf 77' lang='lat' dir='ltr'><strong>Iudaicum</strong></span> <span class='ocrx_word' id='word_1_83' title='bbox 1362 1344 1638 1415; x_wconf 85' lang='lat' dir='ltr'><strong>pepulum,</strong></span> <span class='ocrx_word' id='word_1_84' title='bbox 1667 1346 1816 1416; x_wconf 91' lang='lat' dir='ltr'><strong>prius</strong></span> <span class='ocrx_word' id='word_1_85' title='bbox 1847 1346 2090 1402; x_wconf 79' lang='lat' dir='ltr'><strong>doctrina</strong></span> 
     </span>
    </p>
   </div>
   <div class='ocr_carea' id='block_1_13' title="bbox 504 1436 2095 1508">
    <p class='ocr_par' dir='ltr' id='par_1_13' title="bbox 504 1436 2095 1508">
     <span class='ocr_line' id='line_1_13' title="bbox 504 1436 2095 1508; baseline 0.004 -20"><span class='ocrx_word' id='word_1_86' title='bbox 504 1436 655 1491; x_wconf 89' lang='lat' dir='ltr'><strong>verbi</strong></span> <span class='ocrx_word' id='word_1_87' title='bbox 688 1436 783 1492; x_wconf 88' lang='lat' dir='ltr'><strong>Dei</strong></span> <span class='ocrx_word' id='word_1_88' title='bbox 811 1437 1097 1507; x_wconf 78' lang='lat' dir='ltr'><strong>irriguum.</strong></span> <span class='ocrx_word' id='word_1_89' title='bbox 1127 1436 1268 1491; x_wconf 87' lang='lat' dir='ltr'><strong>Area</strong></span> <span class='ocrx_word' id='word_1_90' title='bbox 1296 1436 1462 1498; x_wconf 86' lang='lat' dir='ltr'><strong>sicca,</strong></span> <span class='ocrx_word' id='word_1_91' title='bbox 1493 1437 1770 1507; x_wconf 75' lang='lat' dir='ltr'><strong>gentilitas</strong></span> <span class='ocrx_word' id='word_1_92' title='bbox 1796 1449 1899 1502; x_wconf 88' lang='lat' dir='ltr'><strong>est,</strong></span> <span class='ocrx_word' id='word_1_93' title='bbox 1932 1450 2095 1508; x_wconf 85' lang='lat' dir='ltr'><strong>super</strong></span> 
     </span>
    </p>
   </div>
   <div class='ocr_carea' id='block_1_14' title="bbox 502 1526 2092 1598">
    <p class='ocr_par' dir='ltr' id='par_1_14' title="bbox 502 1526 2092 1598">
     <span class='ocr_line' id='line_1_14' title="bbox 502 1526 2092 1598; baseline 0.004 -19"><span class='ocrx_word' id='word_1_94' title='bbox 502 1541 671 1598; x_wconf 88' lang='lat' dir='ltr'><strong>quam</strong></span> <span class='ocrx_word' id='word_1_95' title='bbox 686 1526 946 1583; x_wconf 85' lang='lat' dir='ltr'><strong>Dominus</strong></span> <span class='ocrx_word' id='word_1_96' title='bbox 970 1528 1206 1583; x_wconf 87' lang='lat' dir='ltr'><strong>noudmn</strong></span> <span class='ocrx_word' id='word_1_97' title='bbox 1232 1526 1440 1598; x_wconf 81' lang='lat' dir='ltr'><strong>pluerat</strong></span> <span class='ocrx_word' id='word_1_98' title='bbox 1459 1529 1761 1583; x_wconf 81' lang='lat' dir='ltr'><strong>doctrinam</strong></span> <span class='ocrx_word' id='word_1_99' title='bbox 1790 1528 1933 1584; x_wconf 82' lang='lat' dir='ltr'><strong>ﬁdei.</strong></span> <span class='ocrx_word' id='word_1_100' title='bbox 1950 1529 2092 1586; x_wconf 85' lang='lat' dir='ltr'><strong>Area</strong></span> 
     </span>
    </p>
   </div>
   <div class='ocr_carea' id='block_1_15' title="bbox 502 1604 2090 1690">
    <p class='ocr_par' dir='ltr' id='par_1_15' title="bbox 502 1604 2090 1690">
     <span class='ocr_line' id='line_1_15' title="bbox 502 1604 2090 1690; baseline 0.002 -20"><span class='ocrx_word' id='word_1_101' title='bbox 502 1626 692 1686; x_wconf 87' lang='lat' dir='ltr'><strong>postea</strong></span> <span class='ocrx_word' id='word_1_102' title='bbox 723 1616 960 1682; x_wconf 83' lang='lat' dir='ltr'><strong>madida,</strong></span> <span class='ocrx_word' id='word_1_103' title='bbox 1010 1617 1161 1673; x_wconf 89' lang='lat' dir='ltr'><strong>sicco</strong></span> <span class='ocrx_word' id='word_1_104' title='bbox 1208 1617 1429 1679; x_wconf 86' lang='lat' dir='ltr'><strong>vellere,</strong></span> <span class='ocrx_word' id='word_1_105' title='bbox 1484 1618 1810 1690; x_wconf 84' lang='lat' dir='ltr'><strong>signiﬁcavit</strong></span> <span class='ocrx_word' id='word_1_106' title='bbox 1865 1604 2090 1673; x_wconf 82' lang='lat' dir='ltr'><strong>verbum</strong></span> 
     </span>
    </p>
   </div>
   <div class='ocr_carea' id='block_1_16' title="bbox 505 1709 2098 1784">
    <p class='ocr_par' dir='ltr' id='par_1_16' title="bbox 505 1709 2098 1784">
     <span class='ocr_line' id='line_1_16' title="bbox 505 1709 2098 1784; baseline -0.001 -18"><span class='ocrx_word' id='word_1_107' title='bbox 505 1710 601 1766; x_wconf 81' lang='lat' dir='ltr'><strong>Dei</strong></span> <span class='ocrx_word' id='word_1_108' title='bbox 640 1712 1147 1782; x_wconf 84' lang='lat' dir='ltr'><strong>transmigraturum</strong></span> <span class='ocrx_word' id='word_1_109' title='bbox 1181 1727 1209 1765; x_wconf 90' lang='lat' dir='ltr'><strong>a</strong></span> <span class='ocrx_word' id='word_1_110' title='bbox 1230 1709 1430 1766; x_wconf 64' lang='lat' dir='ltr'><strong>Judaeis</strong></span> <span class='ocrx_word' id='word_1_111' title='bbox 1484 1713 1549 1767; x_wconf 91' lang='lat' dir='ltr'><strong>ad</strong></span> <span class='ocrx_word' id='word_1_112' title='bbox 1580 1720 1801 1784; x_wconf 79' lang='lat' dir='ltr'><strong>gentes;</strong></span> <span class='ocrx_word' id='word_1_113' title='bbox 1858 1710 2001 1766; x_wconf 89' lang='lat' dir='ltr'><strong>unde</strong></span> <span class='ocrx_word' id='word_1_114' title='bbox 2033 1711 2098 1766; x_wconf 82' lang='lat' dir='ltr'><strong>il-</strong></span> 
     </span>
    </p>
   </div>
   <div class='ocr_carea' id='block_1_17' title="bbox 504 1804 2093 1877">
    <p class='ocr_par' dir='ltr' id='par_1_17' title="bbox 504 1804 2093 1877">
     <span class='ocr_line' id='line_1_17' title="bbox 504 1804 2093 1877; baseline 0 -18"><span class='ocrx_word' id='word_1_115' title='bbox 504 1806 594 1861; x_wconf 91' lang='lat' dir='ltr'><strong>lud</strong></span> <span class='ocrx_word' id='word_1_116' title='bbox 623 1822 637 1858; x_wconf 90' lang='lat'><strong>:</strong></span> <span class='ocrx_word' id='word_1_117' title='bbox 681 1806 835 1861; x_wconf 81' lang='lat' dir='ltr'><strong>Vobis</strong></span> <span class='ocrx_word' id='word_1_118' title='bbox 856 1807 1084 1876; x_wconf 75' lang='lat' dir='ltr'><strong>oportuit</strong></span> <span class='ocrx_word' id='word_1_119' title='bbox 1107 1808 1334 1875; x_wconf 83' lang='lat' dir='ltr'><strong>primum</strong></span> <span class='ocrx_word' id='word_1_120' title='bbox 1357 1804 1716 1877; x_wconf 76' lang='lat' dir='ltr'><strong>euangelizare</strong></span> <span class='ocrx_word' id='word_1_121' title='bbox 1737 1804 1947 1860; x_wconf 81' lang='lat' dir='ltr'><strong>verbum</strong></span> <span class='ocrx_word' id='word_1_122' title='bbox 1975 1804 2093 1870; x_wconf 88' lang='lat' dir='ltr'><strong>Dei,</strong></span> 
     </span>
    </p>
   </div>
   <div class='ocr_carea' id='block_1_18' title="bbox 504 1896 2095 1969">
    <p class='ocr_par' dir='ltr' id='par_1_18' title="bbox 504 1896 2095 1969">
     <span class='ocr_line' id='line_1_18' title="bbox 504 1896 2095 1969; baseline -0.001 -18"><span class='ocrx_word' id='word_1_123' title='bbox 504 1898 597 1952; x_wconf 71' lang='lat' dir='ltr'><strong>sed</strong></span> <span class='ocrx_word' id='word_1_124' title='bbox 632 1899 756 1969; x_wconf 84' lang='lat' dir='ltr'><strong>quia</strong></span> <span class='ocrx_word' id='word_1_125' title='bbox 793 1896 926 1951; x_wconf 83' lang='lat' dir='ltr'><strong>illud</strong></span> <span class='ocrx_word' id='word_1_126' title='bbox 980 1897 1247 1968; x_wconf 66' lang='lat' dir='ltr'><strong>repellizis,</strong></span> <span class='ocrx_word' id='word_1_127' title='bbox 1283 1914 1401 1952; x_wconf 83' lang='lat' dir='ltr'><strong>ecce</strong></span> <span class='ocrx_word' id='word_1_128' title='bbox 1438 1897 1786 1951; x_wconf 79' lang='lat' dir='ltr'><strong>convertimur</strong></span> <span class='ocrx_word' id='word_1_129' title='bbox 1805 1897 1875 1951; x_wconf 85' lang='lat' dir='ltr'><strong>ad</strong></span> <span class='ocrx_word' id='word_1_130' title='bbox 1923 1904 2095 1968; x_wconf 76' lang='lat' dir='ltr'><strong>gentes</strong></span> 
     </span>
    </p>
   </div>
   <div class='ocr_carea' id='block_1_19' title="bbox 2192 700 3795 773">
    <p class='ocr_par' dir='ltr' id='par_1_19' title="bbox 2192 700 3795 773">
     <span class='ocr_line' id='line_1_19' title="bbox 2192 700 3795 773; baseline -0.002 -14"><span class='ocrx_word' id='word_1_131' title='bbox 2192 700 2395 773; x_wconf 88' lang='lat' dir='ltr'><strong>Spiritu</strong></span> <span class='ocrx_word' id='word_1_132' title='bbox 2418 711 2603 758; x_wconf 89' lang='lat' dir='ltr'><strong>sancto</strong></span> <span class='ocrx_word' id='word_1_133' title='bbox 2634 718 2972 759; x_wconf 88' lang='lat' dir='ltr'><strong>resonamus.</strong></span> <span class='ocrx_word' id='word_1_134' title='bbox 3022 701 3335 763; x_wconf 85' lang='lat' dir='ltr'><strong>Iutitulatur</strong></span> <span class='ocrx_word' id='word_1_135' title='bbox 3362 712 3542 757; x_wconf 86' lang='lat' dir='ltr'><strong>autem</strong></span> <span class='ocrx_word' id='word_1_136' title='bbox 3577 702 3661 756; x_wconf 87' lang='lat' dir='ltr'><strong>his</strong></span> <span class='ocrx_word' id='word_1_137' title='bbox 3684 701 3795 755; x_wconf 82' lang='lat' dir='ltr'><strong>tri-</strong></span> 
     </span>
    </p>
   </div>
   <div class='ocr_carea' id='block_1_20' title="bbox 2189 791 3793 867">
    <p class='ocr_par' dir='ltr' id='par_1_20' title="bbox 2189 791 3793 867">
     <span class='ocr_line' id='line_1_20' title="bbox 2189 791 3793 867; baseline -0.005 -14"><span class='ocrx_word' id='word_1_138' title='bbox 2189 796 2290 853; x_wconf 85' lang='lat' dir='ltr'><strong>bus</strong></span> <span class='ocrx_word' id='word_1_139' title='bbox 2337 796 2547 854; x_wconf 86' lang='lat' dir='ltr'><strong>modis:</strong></span> <span class='ocrx_word' id='word_1_140' title='bbox 2578 793 2771 867; x_wconf 84' lang='lat' dir='ltr'><strong>Incipit</strong></span> <span class='ocrx_word' id='word_1_141' title='bbox 2815 794 2947 850; x_wconf 79' lang='lat' dir='ltr'><strong>liber</strong></span> <span class='ocrx_word' id='word_1_142' title='bbox 2996 791 3371 859; x_wconf 84' lang='lat' dir='ltr'><strong>Psalmorum;</strong></span> <span class='ocrx_word' id='word_1_143' title='bbox 3415 792 3541 849; x_wconf 81' lang='lat' dir='ltr'><strong>vel:</strong></span> <span class='ocrx_word' id='word_1_144' title='bbox 3586 792 3793 863; x_wconf 74' lang='lat' dir='ltr'><strong>Incipit</strong></span> 
     </span>
    </p>
   </div>
   <div class='ocr_carea' id='block_1_21' title="bbox 2189 874 3797 961">
    <p class='ocr_par' dir='ltr' id='par_1_21' title="bbox 2189 874 3797 961">
     <span class='ocr_line' id='line_1_21' title="bbox 2189 874 3797 961; baseline -0.004 -16"><span class='ocrx_word' id='word_1_145' title='bbox 2189 888 2319 946; x_wconf 80' lang='lat' dir='ltr'><strong>liber</strong></span> <span class='ocrx_word' id='word_1_146' title='bbox 2348 888 2712 961; x_wconf 84' lang='lat' dir='ltr'><strong>Hymuorum;</strong></span> <span class='ocrx_word' id='word_1_147' title='bbox 2773 887 2898 943; x_wconf 87' lang='lat' dir='ltr'><strong>vel:</strong></span> <span class='ocrx_word' id='word_1_148' title='bbox 2938 885 3129 956; x_wconf 80' lang='lat' dir='ltr'><strong>Incipit</strong></span> <span class='ocrx_word' id='word_1_149' title='bbox 3192 886 3322 941; x_wconf 84' lang='lat' dir='ltr'><strong>liber</strong></span> <span class='ocrx_word' id='word_1_150' title='bbox 3372 874 3797 957; x_wconf 71' lang='lat' dir='ltr'><strong>Soli/aquiorunt</strong></span> 
     </span>
    </p>
   </div>
   <div class='ocr_carea' id='block_1_22' title="bbox 2189 978 3794 1048">
    <p class='ocr_par' dir='ltr' id='par_1_22' title="bbox 2189 978 3794 1048">
     <span class='ocr_line' id='line_1_22' title="bbox 2189 978 3794 1048; baseline -0.003 -11"><span class='ocrx_word' id='word_1_151' title='bbox 2189 980 2308 1037; x_wconf 89' lang='lat' dir='ltr'><strong>Dei.</strong></span> <span class='ocrx_word' id='word_1_152' title='bbox 2358 981 2725 1045; x_wconf 82' lang='lat' dir='ltr'><strong>Psalmorum,</strong></span> <span class='ocrx_word' id='word_1_153' title='bbox 2784 979 2834 1034; x_wconf 89' lang='lat' dir='ltr'><strong>id</strong></span> <span class='ocrx_word' id='word_1_154' title='bbox 2888 989 2971 1034; x_wconf 89' lang='lat' dir='ltr'><strong>est</strong></span> <span class='ocrx_word' id='word_1_155' title='bbox 3019 978 3323 1034; x_wconf 87' lang='lat' dir='ltr'><strong>divinarum</strong></span> <span class='ocrx_word' id='word_1_156' title='bbox 3382 979 3794 1048; x_wconf 71' lang='lat' dir='ltr'><strong>operationnm.</strong></span> 
     </span>
    </p>
   </div>
   <div class='ocr_carea' id='block_1_23' title="bbox 2191 1062 3797 1145">
    <p class='ocr_par' dir='ltr' id='par_1_23' title="bbox 2191 1062 3797 1145">
     <span class='ocr_line' id='line_1_23' title="bbox 2191 1062 3797 1145; baseline -0.001 -17"><span class='ocrx_word' id='word_1_157' title='bbox 2191 1072 2548 1145; x_wconf 83' lang='lat' dir='ltr'><strong>Hymnorum,</strong></span> <span class='ocrx_word' id='word_1_158' title='bbox 2578 1074 2629 1130; x_wconf 87' lang='lat' dir='ltr'><strong>id</strong></span> <span class='ocrx_word' id='word_1_159' title='bbox 2652 1082 2734 1128; x_wconf 86' lang='lat' dir='ltr'><strong>est</strong></span> <span class='ocrx_word' id='word_1_160' title='bbox 2764 1072 2980 1128; x_wconf 87' lang='lat' dir='ltr'><strong>laudum</strong></span> <span class='ocrx_word' id='word_1_161' title='bbox 3011 1062 3123 1135; x_wconf 84' lang='lat' dir='ltr'><strong>Dei.</strong></span> <span class='ocrx_word' id='word_1_162' title='bbox 3145 1071 3387 1143; x_wconf 85' lang='lat' dir='ltr'><strong>Hymnus</strong></span> <span class='ocrx_word' id='word_1_163' title='bbox 3429 1080 3512 1127; x_wconf 88' lang='lat' dir='ltr'><strong>cst</strong></span> <span class='ocrx_word' id='word_1_164' title='bbox 3542 1069 3658 1126; x_wconf 89' lang='lat' dir='ltr'><strong>laus</strong></span> <span class='ocrx_word' id='word_1_165' title='bbox 3686 1062 3797 1126; x_wconf 81' lang='lat' dir='ltr'><strong>Dei</strong></span> 
     </span>
    </p>
   </div>
   <div class='ocr_carea' id='block_1_24' title="bbox 2193 1152 3303 1239">
    <p class='ocr_par' dir='ltr' id='par_1_24' title="bbox 2193 1152 3303 1239">
     <span class='ocr_line' id='line_1_24' title="bbox 2193 1152 3303 1239; baseline -0.002 -16"><span class='ocrx_word' id='word_1_166' title='bbox 2193 1152 2420 1223; x_wconf 87' lang='lat' dir='ltr'><strong>metrice</strong></span> <span class='ocrx_word' id='word_1_167' title='bbox 2456 1166 2780 1239; x_wconf 79' lang='lat' dir='ltr'><strong>composita.</strong></span> <span class='ocrx_word' id='word_1_168' title='bbox 2829 1165 2965 1221; x_wconf 85' lang='lat' dir='ltr'><strong>Hinc</strong></span> <span class='ocrx_word' id='word_1_169' title='bbox 3005 1165 3243 1221; x_wconf 80' lang='lat' dir='ltr'><strong>Arator:</strong></span> <span class='ocrx_word' id='word_1_170' title='bbox 3300 1226 3303 1231; x_wconf 26' lang='lat'><strong>,</strong></span> 
     </span>
    </p>
   </div>
   <div class='ocr_carea' id='block_1_25' title="bbox 2350 1311 3358 1376">
    <p class='ocr_par' dir='ltr' id='par_1_25' title="bbox 2350 1311 3358 1376">
     <span class='ocr_line' id='line_1_25' title="bbox 2350 1311 3358 1376; baseline -0.005 -11"><span class='ocrx_word' id='word_1_171' title='bbox 2350 1314 2645 1365; x_wconf 82' lang='lat' dir='ltr'><strong>Psalterium</strong></span> <span class='ocrx_word' id='word_1_172' title='bbox 2666 1312 2807 1376; x_wconf 80' lang='lat' dir='ltr'><strong>lyrici</strong></span> <span class='ocrx_word' id='word_1_173' title='bbox 2831 1323 3162 1374; x_wconf 82' lang='lat' dir='ltr'><strong>composuere</strong></span> <span class='ocrx_word' id='word_1_174' title='bbox 3184 1311 3358 1375; x_wconf 84' lang='lat' dir='ltr'><strong>pedes.</strong></span> 
     </span>
    </p>
   </div>
   <div class='ocr_carea' id='block_1_26' title="bbox 2196 1438 3801 1513">
    <p class='ocr_par' dir='ltr' id='par_1_26' title="bbox 2196 1438 3801 1513">
     <span class='ocr_line' id='line_1_26' title="bbox 2196 1438 3801 1513; baseline -0.002 -14"><span class='ocrx_word' id='word_1_175' title='bbox 2196 1441 2605 1513; x_wconf 86' lang='lat' dir='ltr'><strong>Soliloquiorum</strong></span> <span class='ocrx_word' id='word_1_176' title='bbox 2657 1439 2795 1494; x_wconf 80' lang='lat' dir='ltr'><strong>Dei:</strong></span> <span class='ocrx_word' id='word_1_177' title='bbox 2823 1441 2904 1495; x_wconf 92' lang='lat' dir='ltr'><strong>vel</strong></span> <span class='ocrx_word' id='word_1_178' title='bbox 2934 1440 3056 1511; x_wconf 86' lang='lat' dir='ltr'><strong>quia</strong></span> <span class='ocrx_word' id='word_1_179' title='bbox 3108 1439 3301 1494; x_wconf 88' lang='lat' dir='ltr'><strong>melius</strong></span> <span class='ocrx_word' id='word_1_180' title='bbox 3340 1454 3403 1494; x_wconf 90' lang='lat' dir='ltr'><strong>ac</strong></span> <span class='ocrx_word' id='word_1_181' title='bbox 3463 1438 3801 1495; x_wconf 77' lang='lat' dir='ltr'><strong>familiarius</strong></span> 
     </span>
    </p>
   </div>
   <div class='ocr_carea' id='block_1_27' title="bbox 2195 1532 3795 1606">
    <p class='ocr_par' dir='ltr' id='par_1_27' title="bbox 2195 1532 3795 1606">
     <span class='ocr_line' id='line_1_27' title="bbox 2195 1532 3795 1606; baseline -0.003 -15"><span class='ocrx_word' id='word_1_182' title='bbox 2195 1545 2251 1591; x_wconf 90' lang='grc' dir='ltr'><strong>ει</strong></span> <span class='ocrx_word' id='word_1_183' title='bbox 2273 1536 2483 1606; x_wconf 82' lang='lat' dir='ltr'><strong>dignius</strong></span> <span class='ocrx_word' id='word_1_184' title='bbox 2524 1534 2647 1589; x_wconf 89' lang='lat' dir='ltr'><strong>aliis</strong></span> <span class='ocrx_word' id='word_1_185' title='bbox 2682 1534 2963 1604; x_wconf 82' lang='lat' dir='ltr'><strong>prophetis</strong></span> <span class='ocrx_word' id='word_1_186' title='bbox 3006 1535 3091 1589; x_wconf 89' lang='lat' dir='ltr'><strong>hic</strong></span> <span class='ocrx_word' id='word_1_187' title='bbox 3122 1534 3188 1588; x_wconf 89' lang='lat' dir='ltr'><strong>de</strong></span> <span class='ocrx_word' id='word_1_188' title='bbox 3227 1532 3444 1587; x_wconf 86' lang='lat' dir='ltr'><strong>Christo</strong></span> <span class='ocrx_word' id='word_1_189' title='bbox 3492 1534 3795 1602; x_wconf 56' lang='lat' dir='ltr'><strong>propheta-</strong></span> 
     </span>
    </p>
   </div>
   <div class='ocr_carea' id='block_1_28' title="bbox 2198 1610 3796 1697">
    <p class='ocr_par' dir='ltr' id='par_1_28' title="bbox 2198 1610 3796 1697">
     <span class='ocr_line' id='line_1_28' title="bbox 2198 1610 3796 1697; baseline 0 -17"><span class='ocrx_word' id='word_1_190' title='bbox 2198 1626 2308 1692; x_wconf 88' lang='lat' dir='ltr'><strong>vit,</strong></span> <span class='ocrx_word' id='word_1_191' title='bbox 2363 1636 2617 1697; x_wconf 88' lang='lat' dir='ltr'><strong>tanquam</strong></span> <span class='ocrx_word' id='word_1_192' title='bbox 2671 1625 2761 1680; x_wconf 89' lang='lat' dir='ltr'><strong>ille</strong></span> <span class='ocrx_word' id='word_1_193' title='bbox 2801 1626 2884 1681; x_wconf 91' lang='lat' dir='ltr'><strong>cui</strong></span> <span class='ocrx_word' id='word_1_194' title='bbox 2922 1625 3157 1696; x_wconf 86' lang='lat' dir='ltr'><strong>Spiritus</strong></span> <span class='ocrx_word' id='word_1_195' title='bbox 3206 1634 3429 1681; x_wconf 88' lang='lat' dir='ltr'><strong>sanctus</strong></span> <span class='ocrx_word' id='word_1_196' title='bbox 3478 1610 3796 1680; x_wconf 79' lang='lat' dir='ltr'><strong>ostenderat</strong></span> 
     </span>
    </p>
   </div>
   <div class='ocr_carea' id='block_1_29' title="bbox 2197 1718 3791 1788">
    <p class='ocr_par' dir='ltr' id='par_1_29' title="bbox 2197 1718 3791 1788">
     <span class='ocr_line' id='line_1_29' title="bbox 2197 1718 3791 1788; baseline -0.001 -14"><span class='ocrx_word' id='word_1_197' title='bbox 2197 1732 2321 1774; x_wconf 87' lang='lat' dir='ltr'><strong>eum</strong></span> <span class='ocrx_word' id='word_1_198' title='bbox 2348 1719 2413 1773; x_wconf 88' lang='lat' dir='ltr'><strong>de</strong></span> <span class='ocrx_word' id='word_1_199' title='bbox 2432 1718 2604 1788; x_wconf 87' lang='lat' dir='ltr'><strong>stirpe</strong></span> <span class='ocrx_word' id='word_1_200' title='bbox 2631 1734 2726 1774; x_wconf 86' lang='lat' dir='ltr'><strong>sua</strong></span> <span class='ocrx_word' id='word_1_201' title='bbox 2755 1718 3118 1776; x_wconf 88' lang='lat' dir='ltr'><strong>nasciturum:</strong></span> <span class='ocrx_word' id='word_1_202' title='bbox 3154 1719 3236 1773; x_wconf 83' lang='lat' dir='ltr'><strong>vel</strong></span> <span class='ocrx_word' id='word_1_203' title='bbox 3267 1719 3390 1788; x_wconf 85' lang='lat' dir='ltr'><strong>quia</strong></span> <span class='ocrx_word' id='word_1_204' title='bbox 3424 1718 3487 1772; x_wconf 86' lang='lat' dir='ltr'><strong>ad</strong></span> <span class='ocrx_word' id='word_1_205' title='bbox 3512 1719 3791 1774; x_wconf 77' lang='lat' dir='ltr'><strong>Clu-istum</strong></span> 
     </span>
    </p>
   </div>
   <div class='ocr_carea' id='block_1_30' title="bbox 2199 1792 3795 1883">
    <p class='ocr_par' dir='ltr' id='par_1_30' title="bbox 2199 1792 3795 1883">
     <span class='ocr_line' id='line_1_30' title="bbox 2199 1792 3795 1883; baseline -0.001 -15"><span class='ocrx_word' id='word_1_206' title='bbox 2199 1812 2557 1868; x_wconf 69' lang='lat' dir='ltr'><strong>maximchaec</strong></span> <span class='ocrx_word' id='word_1_207' title='bbox 2574 1812 2853 1883; x_wconf 73' lang='lat' dir='ltr'><strong>prophetia</strong></span> <span class='ocrx_word' id='word_1_208' title='bbox 2874 1810 3157 1866; x_wconf 82' lang='lat' dir='ltr'><strong>referenda</strong></span> <span class='ocrx_word' id='word_1_209' title='bbox 3173 1820 3273 1866; x_wconf 84' lang='lat' dir='ltr'><strong>cst.</strong></span> <span class='ocrx_word' id='word_1_210' title='bbox 3296 1792 3795 1867; x_wconf 63' lang='lat' dir='ltr'><strong>Narranturautcm</strong></span> 
     </span>
    </p>
   </div>
   <div class='ocr_carea' id='block_1_31' title="bbox 2200 1902 3792 1975">
    <p class='ocr_par' dir='ltr' id='par_1_31' title="bbox 2200 1902 3792 1975">
     <span class='ocr_line' id='line_1_31' title="bbox 2200 1902 3792 1975; baseline -0.001 -16"><span class='ocrx_word' id='word_1_211' title='bbox 2200 1921 2229 1959; x_wconf 89' lang='lat' dir='ltr'><strong>a</strong></span> <span class='ocrx_word' id='word_1_212' title='bbox 2261 1904 2539 1975; x_wconf 81' lang='lat' dir='ltr'><strong>prophetis</strong></span> <span class='ocrx_word' id='word_1_213' title='bbox 2561 1904 2852 1975; x_wconf 75' lang='lat' dir='ltr'><strong>aliquando</strong></span> <span class='ocrx_word' id='word_1_214' title='bbox 2875 1903 3051 1959; x_wconf 81' lang='lat' dir='ltr'><strong>futura</strong></span> <span class='ocrx_word' id='word_1_215' title='bbox 3068 1919 3164 1973; x_wconf 89' lang='lat' dir='ltr'><strong>per</strong></span> <span class='ocrx_word' id='word_1_216' title='bbox 3184 1904 3480 1973; x_wconf 67' lang='lat' dir='ltr'><strong>praeterita,</strong></span> <span class='ocrx_word' id='word_1_217' title='bbox 3498 1902 3792 1972; x_wconf 72' lang='lat' dir='ltr'><strong>aliquando</strong></span> 
     </span>
    </p>
   </div>
   <div class='ocr_carea' id='block_1_32' title="bbox 506 1977 2102 2067">
    <p class='ocr_par' dir='ltr' id='par_1_32' title="bbox 506 1988 2092 2060">
     <span class='ocr_line' id='line_1_32' title="bbox 506 1988 2092 2060; baseline -0.001 -17"><span class='ocrx_word' id='word_1_218' title='bbox 506 1990 643 2060; x_wconf 76' lang='lat' dir='ltr'><strong>(Act.</strong></span> <span class='ocrx_word' id='word_1_219' title='bbox 663 1989 802 2058; x_wconf 69' lang='grc' dir='ltr'>κιιι).</span> <span class='ocrx_word' id='word_1_220' title='bbox 820 1990 1137 2051; x_wconf 80' lang='lat' dir='ltr'><strong>Visione,ut</strong></span> <span class='ocrx_word' id='word_1_221' title='bbox 1163 1989 1362 2045; x_wconf 86' lang='lat' dir='ltr'><strong>Paulus</strong></span> <span class='ocrx_word' id='word_1_222' title='bbox 1378 1988 1469 2059; x_wconf 90' lang='lat' dir='ltr'><strong>qui</strong></span> <span class='ocrx_word' id='word_1_223' title='bbox 1504 1997 1691 2059; x_wconf 89' lang='lat' dir='ltr'><strong>raptus</strong></span> <span class='ocrx_word' id='word_1_224' title='bbox 1716 1997 1800 2044; x_wconf 89' lang='lat' dir='ltr'><strong>est</strong></span> <span class='ocrx_word' id='word_1_225' title='bbox 1830 2002 2001 2058; x_wconf 87' lang='lat' dir='ltr'><strong>usque</strong></span> <span class='ocrx_word' id='word_1_226' title='bbox 2026 1988 2092 2042; x_wconf 88' lang='lat' dir='ltr'><strong>ad</strong></span> 
     </span>
    </p>
   </div>
   <div class='ocr_carea' id='block_1_33' title="bbox 2207 1977 3791 2067">
    <p class='ocr_par' dir='ltr' id='par_1_33' title="bbox 2207 1992 3791 2067">
     <span class='ocr_line' id='line_1_33' title="bbox 2207 1992 3791 2067; baseline -0.001 -19"><span class='ocrx_word' id='word_1_227' title='bbox 2207 1995 2479 2065; x_wconf 71' lang='lat' dir='ltr'><strong>pneterita</strong></span> <span class='ocrx_word' id='word_1_228' title='bbox 2505 2012 2603 2067; x_wconf 88' lang='lat' dir='ltr'><strong>per</strong></span> <span class='ocrx_word' id='word_1_229' title='bbox 2628 1996 2920 2066; x_wconf 74' lang='lat' dir='ltr'><strong>prmterita,</strong></span> <span class='ocrx_word' id='word_1_230' title='bbox 2950 1995 3235 2065; x_wconf 82' lang='lat' dir='ltr'><strong>aliquando</strong></span> <span class='ocrx_word' id='word_1_231' title='bbox 3260 1993 3434 2050; x_wconf 83' lang='lat' dir='ltr'><strong>futura</strong></span> <span class='ocrx_word' id='word_1_232' title='bbox 3459 2011 3555 2067; x_wconf 90' lang='lat' dir='ltr'><strong>per</strong></span> <span class='ocrx_word' id='word_1_233' title='bbox 3583 1992 3791 2064; x_wconf 73' lang='lat' dir='ltr'><strong>futura,</strong></span> 
     </span>
    </p>
   </div>
   <div class='ocr_carea' id='block_1_34' title="bbox 503 2078 2096 2151">
    <p class='ocr_par' dir='ltr' id='par_1_34' title="bbox 503 2078 2096 2151">
     <span class='ocr_line' id='line_1_34' title="bbox 503 2078 2096 2151; baseline -0.003 -14"><span class='ocrx_word' id='word_1_234' title='bbox 503 2082 732 2137; x_wconf 71' lang='lat' dir='ltr'><strong>tertium</strong></span> <span class='ocrx_word' id='word_1_235' title='bbox 763 2080 958 2137; x_wconf 65' lang='lat' dir='ltr'><strong>coelum</strong></span> <span class='ocrx_word' id='word_1_236' title='bbox 990 2079 1075 2151; x_wconf 90' lang='grc'><strong>(11</strong></span> <span class='ocrx_word' id='word_1_237' title='bbox 1114 2078 1237 2134; x_wconf 86' lang='lat' dir='ltr'><strong>Cor.</strong></span> <span class='ocrx_word' id='word_1_238' title='bbox 1276 2079 1401 2151; x_wconf 79' lang='lat' dir='ltr'><strong>xu),</strong></span> <span class='ocrx_word' id='word_1_239' title='bbox 1432 2087 1487 2134; x_wconf 91' lang='lat' dir='ltr'><strong>et</strong></span> <span class='ocrx_word' id='word_1_240' title='bbox 1515 2078 1752 2134; x_wconf 81' lang='lat' dir='ltr'><strong>Joannes</strong></span> <span class='ocrx_word' id='word_1_241' title='bbox 1804 2080 1858 2133; x_wconf 91' lang='lat' dir='ltr'><strong>in</strong></span> <span class='ocrx_word' id='word_1_242' title='bbox 1883 2078 2096 2149; x_wconf 85' lang='lat' dir='ltr'><strong>Apoca-</strong></span> 
     </span>
    </p>
   </div>
   <div class='ocr_carea' id='block_1_35' title="bbox 513 2170 2101 2245">
    <p class='ocr_par' dir='ltr' id='par_1_35' title="bbox 513 2170 2101 2245">
     <span class='ocr_line' id='line_1_35' title="bbox 513 2170 2101 2245; baseline 0.001 -19"><span class='ocrx_word' id='word_1_243' title='bbox 513 2173 671 2245; x_wconf 86' lang='lat' dir='ltr'><strong>lypsi.</strong></span> <span class='ocrx_word' id='word_1_244' title='bbox 687 2172 821 2228; x_wconf 87' lang='lat' dir='ltr'><strong>Cum</strong></span> <span class='ocrx_word' id='word_1_245' title='bbox 844 2187 972 2228; x_wconf 89' lang='lat' dir='ltr'><strong>vero</strong></span> <span class='ocrx_word' id='word_1_246' title='bbox 993 2188 1100 2227; x_wconf 90' lang='lat' dir='ltr'><strong>non</strong></span> <span class='ocrx_word' id='word_1_247' title='bbox 1127 2172 1314 2227; x_wconf 89' lang='lat' dir='ltr'><strong>sitnisi</strong></span> <span class='ocrx_word' id='word_1_248' title='bbox 1343 2188 1507 2226; x_wconf 92' lang='lat' dir='ltr'><strong>unum</strong></span> <span class='ocrx_word' id='word_1_249' title='bbox 1527 2170 1749 2237; x_wconf 64' lang='lat' dir='ltr'><strong>coelum,</strong></span> <span class='ocrx_word' id='word_1_250' title='bbox 1766 2188 1871 2228; x_wconf 91' lang='lat' dir='ltr'><strong>non</strong></span> <span class='ocrx_word' id='word_1_251' title='bbox 1886 2171 2101 2227; x_wconf 88' lang='lat' dir='ltr'><strong>videtur</strong></span> 
     </span>
    </p>
   </div>
   <div class='ocr_carea' id='block_1_36' title="bbox 504 2253 2097 2336">
    <p class='ocr_par' dir='ltr' id='par_1_36' title="bbox 504 2253 2097 2336">
     <span class='ocr_line' id='line_1_36' title="bbox 504 2253 2097 2336; baseline 0.001 -17"><span class='ocrx_word' id='word_1_252' title='bbox 504 2253 712 2322; x_wconf 71' lang='lat' dir='ltr'><strong>Paulus</strong></span> <span class='ocrx_word' id='word_1_253' title='bbox 736 2266 1091 2322; x_wconf 87' lang='lat' dir='ltr'><strong>materialiter</strong></span> <span class='ocrx_word' id='word_1_254' title='bbox 1121 2272 1307 2336; x_wconf 90' lang='lat' dir='ltr'><strong>raptus</strong></span> <span class='ocrx_word' id='word_1_255' title='bbox 1337 2281 1510 2336; x_wconf 89' lang='lat' dir='ltr'><strong>usque</strong></span> <span class='ocrx_word' id='word_1_256' title='bbox 1539 2265 1606 2321; x_wconf 91' lang='lat' dir='ltr'><strong>ad</strong></span> <span class='ocrx_word' id='word_1_257' title='bbox 1635 2264 1853 2321; x_wconf 89' lang='lat' dir='ltr'><strong>tertium</strong></span> <span class='ocrx_word' id='word_1_258' title='bbox 1878 2264 2097 2321; x_wconf 62' lang='lat' dir='ltr'><strong>caelum.</strong></span> 
     </span>
    </p>
   </div>
   <div class='ocr_carea' id='block_1_37' title="bbox 510 2356 2100 2430">
    <p class='ocr_par' dir='ltr' id='par_1_37' title="bbox 510 2356 2100 2430">
     <span class='ocr_line' id='line_1_37' title="bbox 510 2356 2100 2430; baseline -0.003 -14"><span class='ocrx_word' id='word_1_259' title='bbox 510 2359 747 2416; x_wconf 62' lang='lat' dir='ltr'><strong>“Videtur</strong></span> <span class='ocrx_word' id='word_1_260' title='bbox 766 2373 898 2429; x_wconf 81' lang='lat' dir='ltr'><strong>ergo</strong></span> <span class='ocrx_word' id='word_1_261' title='bbox 914 2359 1252 2414; x_wconf 88' lang='lat' dir='ltr'><strong>commodius</strong></span> <span class='ocrx_word' id='word_1_262' title='bbox 1271 2358 1350 2414; x_wconf 87' lang='lat' dir='ltr'><strong>sic</strong></span> <span class='ocrx_word' id='word_1_263' title='bbox 1376 2371 1537 2430; x_wconf 87' lang='lat' dir='ltr'><strong>posse</strong></span> <span class='ocrx_word' id='word_1_264' title='bbox 1565 2356 1760 2429; x_wconf 81' lang='lat' dir='ltr'><strong>accipi,</strong></span> <span class='ocrx_word' id='word_1_265' title='bbox 1784 2366 1845 2413; x_wconf 92' lang='lat' dir='ltr'><strong>ut</strong></span> <span class='ocrx_word' id='word_1_266' title='bbox 1864 2357 2100 2428; x_wconf 88' lang='lat' dir='ltr'><strong>primum</strong></span> 
     </span>
    </p>
   </div>
   <div class='ocr_carea' id='block_1_38' title="bbox 512 2448 2098 2521">
    <p class='ocr_par' dir='ltr' id='par_1_38' title="bbox 512 2448 2098 2521">
     <span class='ocr_line' id='line_1_38' title="bbox 512 2448 2098 2521; baseline -0.003 -16"><span class='ocrx_word' id='word_1_267' title='bbox 512 2451 732 2515; x_wconf 88' lang='lat' dir='ltr'><strong>coelum,</strong></span> <span class='ocrx_word' id='word_1_268' title='bbox 765 2450 817 2507; x_wconf 89' lang='lat' dir='ltr'><strong>id</strong></span> <span class='ocrx_word' id='word_1_269' title='bbox 849 2459 952 2515; x_wconf 88' lang='lat' dir='ltr'><strong>est,</strong></span> <span class='ocrx_word' id='word_1_270' title='bbox 973 2450 1142 2521; x_wconf 90' lang='lat' dir='ltr'><strong>prima</strong></span> <span class='ocrx_word' id='word_1_271' title='bbox 1167 2450 1402 2521; x_wconf 85' lang='lat' dir='ltr'><strong>cognitio</strong></span> <span class='ocrx_word' id='word_1_272' title='bbox 1431 2450 1501 2505; x_wconf 90' lang='lat' dir='ltr'><strong>sit</strong></span> <span class='ocrx_word' id='word_1_273' title='bbox 1525 2465 1745 2515; x_wconf 87' lang='lat' dir='ltr'><strong>sensus;</strong></span> <span class='ocrx_word' id='word_1_274' title='bbox 1779 2448 2098 2514; x_wconf 89' lang='lat' dir='ltr'><strong>secundum,</strong></span> 
     </span>
    </p>
   </div>
   <div class='ocr_carea' id='block_1_39' title="bbox 510 2533 2103 2612">
    <p class='ocr_par' dir='ltr' id='par_1_39' title="bbox 510 2533 2103 2612">
     <span class='ocr_line' id='line_1_39' title="bbox 510 2533 2103 2612; baseline -0.001 -14"><span class='ocrx_word' id='word_1_275' title='bbox 510 2533 695 2609; x_wconf 66' lang='lat' dir='ltr'><strong>ratio;</strong></span> <span class='ocrx_word' id='word_1_276' title='bbox 726 2544 968 2608; x_wconf 88' lang='lat' dir='ltr'><strong>tertium,</strong></span> <span class='ocrx_word' id='word_1_277' title='bbox 1004 2542 1344 2608; x_wconf 86' lang='lat' dir='ltr'><strong>intellectus;</strong></span> <span class='ocrx_word' id='word_1_278' title='bbox 1380 2542 1446 2596; x_wconf 90' lang='lat' dir='ltr'><strong>ad</strong></span> <span class='ocrx_word' id='word_1_279' title='bbox 1469 2557 1631 2612; x_wconf 89' lang='lat' dir='ltr'><strong>quem</strong></span> <span class='ocrx_word' id='word_1_280' title='bbox 1662 2551 1868 2612; x_wconf 87' lang='lat' dir='ltr'><strong>raptus,</strong></span> <span class='ocrx_word' id='word_1_281' title='bbox 1895 2541 2103 2596; x_wconf 84' lang='lat' dir='ltr'><strong>audivit</strong></span> 
     </span>
    </p>
   </div>
   <div class='ocr_carea' id='block_1_40' title="bbox 512 2624 2106 2705">
    <p class='ocr_par' dir='ltr' id='par_1_40' title="bbox 512 2624 2106 2705">
     <span class='ocr_line' id='line_1_40' title="bbox 512 2624 2106 2705; baseline -0.003 -16"><span class='ocrx_word' id='word_1_282' title='bbox 512 2624 713 2691; x_wconf 83' lang='lat' dir='ltr'><strong>arcana</strong></span> <span class='ocrx_word' id='word_1_283' title='bbox 743 2635 908 2690; x_wconf 81' lang='lat' dir='ltr'><strong>verba</strong></span> <span class='ocrx_word' id='word_1_284' title='bbox 932 2651 1053 2705; x_wconf 62' lang='lat' dir='ltr'><strong>quae</strong></span> <span class='ocrx_word' id='word_1_285' title='bbox 1082 2648 1188 2690; x_wconf 87' lang='lat' dir='ltr'><strong>non</strong></span> <span class='ocrx_word' id='word_1_286' title='bbox 1213 2635 1340 2689; x_wconf 89' lang='lat' dir='ltr'><strong>licet</strong></span> <span class='ocrx_word' id='word_1_287' title='bbox 1364 2634 1571 2689; x_wconf 90' lang='lat' dir='ltr'><strong>homini</strong></span> <span class='ocrx_word' id='word_1_288' title='bbox 1603 2632 1768 2703; x_wconf 89' lang='lat' dir='ltr'><strong>loqui.</strong></span> <span class='ocrx_word' id='word_1_289' title='bbox 1795 2632 1898 2687; x_wconf 89' lang='lat' dir='ltr'><strong>Per</strong></span> <span class='ocrx_word' id='word_1_290' title='bbox 1920 2631 2106 2687; x_wconf 86' lang='lat' dir='ltr'><strong>occul-</strong></span> 
     </span>
    </p>
   </div>
   <div class='ocr_carea' id='block_1_41' title="bbox 511 2727 2102 2802">
    <p class='ocr_par' dir='ltr' id='par_1_41' title="bbox 511 2727 2102 2802">
     <span class='ocr_line' id='line_1_41' title="bbox 511 2727 2102 2802; baseline -0.003 -17"><span class='ocrx_word' id='word_1_291' title='bbox 511 2740 624 2785; x_wconf 84' lang='lat' dir='ltr'><strong>tam</strong></span> <span class='ocrx_word' id='word_1_292' title='bbox 645 2730 1056 2802; x_wconf 88' lang='lat' dir='ltr'><strong>inspirationem</strong></span> <span class='ocrx_word' id='word_1_293' title='bbox 1083 2730 1139 2785; x_wconf 79' lang='lat' dir='ltr'><strong>ﬁt</strong></span> <span class='ocrx_word' id='word_1_294' title='bbox 1156 2730 1435 2801; x_wconf 85' lang='lat' dir='ltr'><strong>prophetia</strong></span> <span class='ocrx_word' id='word_1_295' title='bbox 1462 2728 1633 2783; x_wconf 87' lang='lat' dir='ltr'><strong>tribus</strong></span> <span class='ocrx_word' id='word_1_296' title='bbox 1658 2728 1831 2783; x_wconf 85' lang='lat' dir='ltr'><strong>modis</strong></span> <span class='ocrx_word' id='word_1_297' title='bbox 1848 2744 1861 2780; x_wconf 91' lang='lat'><strong>:</strong></span> <span class='ocrx_word' id='word_1_298' title='bbox 1878 2727 1943 2781; x_wconf 90' lang='lat' dir='ltr'><strong>de</strong></span> <span class='ocrx_word' id='word_1_299' title='bbox 1968 2740 2102 2796; x_wconf 73' lang='grc' dir='ltr'>ριίεο</span> 
     </span>
    </p>
   </div>
   <div class='ocr_carea' id='block_1_42' title="bbox 468 2817 2099 2893">
    <p class='ocr_par' dir='ltr' id='par_1_42' title="bbox 468 2817 2099 2893">
     <span class='ocr_line' id='line_1_42' title="bbox 468 2817 2099 2893; baseline -0.004 -14"><span class='ocrx_word' id='word_1_300' title='bbox 468 2830 477 2835; x_wconf 74' lang='lat'>‘</span> <span class='ocrx_word' id='word_1_301' title='bbox 504 2819 697 2888; x_wconf 79' lang='lat' dir='ltr'><strong>terito,</strong></span> <span class='ocrx_word' id='word_1_302' title='bbox 712 2823 778 2878; x_wconf 90' lang='lat' dir='ltr'><strong>de</strong></span> <span class='ocrx_word' id='word_1_303' title='bbox 791 2822 1061 2892; x_wconf 67' lang='lat' dir='ltr'><strong>praesenti,</strong></span> <span class='ocrx_word' id='word_1_304' title='bbox 1081 2822 1147 2876; x_wconf 89' lang='lat' dir='ltr'><strong>dc</strong></span> <span class='ocrx_word' id='word_1_305' title='bbox 1160 2820 1359 2875; x_wconf 82' lang='lat' dir='ltr'><strong>futuro.</strong></span> <span class='ocrx_word' id='word_1_306' title='bbox 1384 2821 1458 2877; x_wconf 87' lang='lat' dir='ltr'><strong>De</strong></span> <span class='ocrx_word' id='word_1_307' title='bbox 1484 2821 1779 2893; x_wconf 66' lang='lat' dir='ltr'><strong>praeterito,</strong></span> <span class='ocrx_word' id='word_1_308' title='bbox 1796 2827 1854 2873; x_wconf 93' lang='lat' dir='ltr'><strong>ut</strong></span> <span class='ocrx_word' id='word_1_309' title='bbox 1871 2817 2099 2890; x_wconf 83' lang='lat' dir='ltr'><strong>Moyses:</strong></span> 
     </span>
    </p>
   </div>
   <div class='ocr_carea' id='block_1_43' title="bbox 511 2907 2105 2989">
    <p class='ocr_par' dir='ltr' id='par_1_43' title="bbox 511 2907 2105 2989">
     <span class='ocr_line' id='line_1_43' title="bbox 511 2907 2105 2989; baseline -0.004 -19"><span class='ocrx_word' id='word_1_310' title='bbox 511 2915 576 2970; x_wconf 81' lang='lat' dir='ltr'><strong>In</strong></span> <span class='ocrx_word' id='word_1_311' title='bbox 594 2915 848 2989; x_wconf 82' lang='lat' dir='ltr'><strong>principio</strong></span> <span class='ocrx_word' id='word_1_312' title='bbox 871 2916 1061 2970; x_wconf 84' lang='lat' dir='ltr'><strong>creavit</strong></span> <span class='ocrx_word' id='word_1_313' title='bbox 1081 2913 1225 2969; x_wconf 80' lang='lat' dir='ltr'><strong>Deus</strong></span> <span class='ocrx_word' id='word_1_314' title='bbox 1245 2912 1428 2967; x_wconf 67' lang='lat' dir='ltr'><strong>malum</strong></span> <span class='ocrx_word' id='word_1_315' title='bbox 1452 2924 1498 2966; x_wconf 86' lang='lat' dir='ltr'><strong>et</strong></span> <span class='ocrx_word' id='word_1_316' title='bbox 1529 2923 1722 2967; x_wconf 86' lang='lat' dir='ltr'><strong>terram</strong></span> <span class='ocrx_word' id='word_1_317' title='bbox 1741 2907 1893 2981; x_wconf 82' lang='lat' dir='ltr'><strong>(Gen.</strong></span> <span class='ocrx_word' id='word_1_318' title='bbox 1938 2909 1998 2981; x_wconf 85' lang='grc' dir='ltr'><strong>ι).</strong></span> <span class='ocrx_word' id='word_1_319' title='bbox 2029 2909 2105 2963; x_wconf 79' lang='lat' dir='ltr'><strong>De.</strong></span> 
     </span>
    </p>
   </div>
   <div class='ocr_carea' id='block_1_44' title="bbox 513 2998 2103 3079">
    <p class='ocr_par' dir='ltr' id='par_1_44' title="bbox 513 2998 2103 3079">
     <span class='ocr_line' id='line_1_44' title="bbox 513 2998 2103 3079; baseline -0.006 -17"><span class='ocrx_word' id='word_1_320' title='bbox 513 3008 795 3079; x_wconf 56' lang='lat' dir='ltr'><strong>praesenti,</strong></span> <span class='ocrx_word' id='word_1_321' title='bbox 818 3017 877 3062; x_wconf 93' lang='lat' dir='ltr'><strong>ut</strong></span> <span class='ocrx_word' id='word_1_322' title='bbox 897 3006 1173 3062; x_wconf 81' lang='lat' dir='ltr'><strong>Elisabeth</strong></span> <span class='ocrx_word' id='word_1_323' title='bbox 1203 3006 1268 3061; x_wconf 92' lang='lat' dir='ltr'><strong>ad</strong></span> <span class='ocrx_word' id='word_1_324' title='bbox 1297 3006 1511 3060; x_wconf 89' lang='lat' dir='ltr'><strong>beatam</strong></span> <span class='ocrx_word' id='word_1_325' title='bbox 1535 2998 1961 3057; x_wconf 67' lang='lat' dir='ltr'><strong>MarianuUnde</strong></span> <span class='ocrx_word' id='word_1_326' title='bbox 1976 3000 2103 3054; x_wconf 79' lang='lat' dir='ltr'><strong>mihi</strong></span> 
     </span>
    </p>
   </div>
   <div class='ocr_carea' id='block_1_45' title="bbox 511 3089 2105 3164">
    <p class='ocr_par' dir='ltr' id='par_1_45' title="bbox 511 3089 2105 3164">
     <span class='ocr_line' id='line_1_45' title="bbox 511 3089 2105 3164; baseline -0.006 -12"><span class='ocrx_word' id='word_1_327' title='bbox 511 3099 627 3164; x_wconf 75' lang='lat' dir='ltr'><strong>hoc,</strong></span> <span class='ocrx_word' id='word_1_328' title='bbox 652 3110 706 3152; x_wconf 82' lang='lat' dir='ltr'><strong>ut</strong></span> <span class='ocrx_word' id='word_1_329' title='bbox 736 3099 910 3152; x_wconf 83' lang='lat' dir='ltr'><strong>veniat</strong></span> <span class='ocrx_word' id='word_1_330' title='bbox 937 3107 1109 3151; x_wconf 85' lang='lat' dir='ltr'><strong>mater</strong></span> <span class='ocrx_word' id='word_1_331' title='bbox 1129 3094 1339 3150; x_wconf 84' lang='lat' dir='ltr'><strong>Domini</strong></span> <span class='ocrx_word' id='word_1_332' title='bbox 1366 3095 1467 3149; x_wconf 83' lang='lat' dir='ltr'><strong>mei</strong></span> <span class='ocrx_word' id='word_1_333' title='bbox 1489 3093 1558 3147; x_wconf 82' lang='lat' dir='ltr'><strong>ad</strong></span> <span class='ocrx_word' id='word_1_334' title='bbox 1589 3092 1710 3146; x_wconf 83' lang='lat' dir='ltr'><strong>me?</strong></span> <span class='ocrx_word' id='word_1_335' title='bbox 1747 3091 1898 3158; x_wconf 82' lang='lat' dir='ltr'><strong>(Luc.</strong></span> <span class='ocrx_word' id='word_1_336' title='bbox 1931 3094 1995 3160; x_wconf 87' lang='grc' dir='ltr'><strong>ι.)</strong></span> <span class='ocrx_word' id='word_1_337' title='bbox 2038 3089 2105 3144; x_wconf 88' lang='lat' dir='ltr'><strong>Et</strong></span> 
     </span>
    </p>
   </div>
   <div class='ocr_carea' id='block_1_46' title="bbox 512 3183 2106 3267">
    <p class='ocr_par' dir='ltr' id='par_1_46' title="bbox 512 3183 2106 3267">
     <span class='ocr_line' id='line_1_46' title="bbox 512 3183 2106 3267; baseline -0.005 -22"><span class='ocrx_word' id='word_1_338' title='bbox 512 3187 753 3267; x_wconf 67' lang='lat' dir='ltr'><strong>Joannes</strong></span> <span class='ocrx_word' id='word_1_339' title='bbox 784 3206 797 3243; x_wconf 88' lang='lat'><strong>:</strong></span> <span class='ocrx_word' id='word_1_340' title='bbox 826 3188 958 3244; x_wconf 80' lang='lat' dir='ltr'><strong>Ecce</strong></span> <span class='ocrx_word' id='word_1_341' title='bbox 1014 3189 1193 3258; x_wconf 78' lang='lat' dir='ltr'><strong>Agnus</strong></span> <span class='ocrx_word' id='word_1_342' title='bbox 1246 3186 1340 3241; x_wconf 89' lang='lat' dir='ltr'><strong>Dei</strong></span> <span class='ocrx_word' id='word_1_343' title='bbox 1381 3186 1562 3259; x_wconf 79' lang='lat' dir='ltr'><strong>(Joon.</strong></span> <span class='ocrx_word' id='word_1_344' title='bbox 1599 3187 1660 3255; x_wconf 85' lang='grc' dir='ltr'><strong>ι).</strong></span> <span class='ocrx_word' id='word_1_345' title='bbox 1693 3183 1769 3239; x_wconf 84' lang='lat' dir='ltr'><strong>De</strong></span> <span class='ocrx_word' id='word_1_346' title='bbox 1796 3184 1979 3239; x_wconf 78' lang='lat' dir='ltr'><strong>futuro</strong></span> <span class='ocrx_word' id='word_1_347' title='bbox 2000 3224 2015 3248; x_wconf 97' lang='lat'><strong>,</strong></span> <span class='ocrx_word' id='word_1_348' title='bbox 2045 3191 2106 3238; x_wconf 86' lang='lat' dir='ltr'><strong>ut</strong></span> 
     </span>
    </p>
   </div>
   <div class='ocr_carea' id='block_1_47' title="bbox 514 3275 2099 3353">
    <p class='ocr_par' dir='ltr' id='par_1_47' title="bbox 514 3275 2099 3353">
     <span class='ocr_line' id='line_1_47' title="bbox 514 3275 2099 3353; baseline -0.006 -16"><span class='ocrx_word' id='word_1_349' title='bbox 514 3280 631 3337; x_wconf 66' lang='lat' dir='ltr'><strong>haec</strong></span> <span class='ocrx_word' id='word_1_350' title='bbox 659 3287 767 3337; x_wconf 89' lang='lat' dir='ltr'><strong>tota</strong></span> <span class='ocrx_word' id='word_1_351' title='bbox 794 3281 1076 3353; x_wconf 86' lang='lat' dir='ltr'><strong>prophetia</strong></span> <span class='ocrx_word' id='word_1_352' title='bbox 1105 3279 1292 3343; x_wconf 86' lang='lat' dir='ltr'><strong>David,</strong></span> <span class='ocrx_word' id='word_1_353' title='bbox 1322 3292 1443 3349; x_wconf 71' lang='lat' dir='ltr'><strong>quae</strong></span> <span class='ocrx_word' id='word_1_354' title='bbox 1468 3286 1692 3333; x_wconf 85' lang='lat' dir='ltr'><strong>vocatur</strong></span> <span class='ocrx_word' id='word_1_355' title='bbox 1748 3275 2099 3332; x_wconf 84' lang='lat' dir='ltr'><strong>Psalterium.</strong></span> 
     </span>
    </p>
   </div>
   <div class='ocr_carea' id='block_1_48' title="bbox 2207 2085 3793 2160">
    <p class='ocr_par' dir='ltr' id='par_1_48' title="bbox 2207 2085 3793 2160">
     <span class='ocr_line' id='line_1_48' title="bbox 2207 2085 3793 2160; baseline -0.003 -18"><span class='ocrx_word' id='word_1_356' title='bbox 2207 2087 2493 2157; x_wconf 83' lang='lat' dir='ltr'><strong>aliquando</strong></span> <span class='ocrx_word' id='word_1_357' title='bbox 2515 2087 2801 2160; x_wconf 61' lang='lat' dir='ltr'><strong>praesentia</strong></span> <span class='ocrx_word' id='word_1_358' title='bbox 2839 2104 2934 2156; x_wconf 89' lang='lat' dir='ltr'><strong>per</strong></span> <span class='ocrx_word' id='word_1_359' title='bbox 2987 2086 3276 2157; x_wconf 68' lang='lat' dir='ltr'><strong>prmterita.</strong></span> <span class='ocrx_word' id='word_1_360' title='bbox 3320 2085 3384 2142; x_wconf 88' lang='lat' dir='ltr'><strong>Et</strong></span> <span class='ocrx_word' id='word_1_361' title='bbox 3436 2102 3540 2139; x_wconf 91' lang='lat' dir='ltr'><strong>non</strong></span> <span class='ocrx_word' id='word_1_362' title='bbox 3592 2085 3793 2139; x_wconf 84' lang='lat' dir='ltr'><strong>mirum</strong></span> 
     </span>
    </p>
   </div>
   <div class='ocr_carea' id='block_1_49' title="bbox 2205 2175 3799 2252">
    <p class='ocr_par' dir='ltr' id='par_1_49' title="bbox 2205 2175 3799 2252">
     <span class='ocr_line' id='line_1_49' title="bbox 2205 2175 3799 2252; baseline -0.003 -18"><span class='ocrx_word' id='word_1_363' title='bbox 2205 2178 2329 2252; x_wconf 88' lang='lat' dir='ltr'><strong>quia</strong></span> <span class='ocrx_word' id='word_1_364' title='bbox 2366 2179 2588 2251; x_wconf 88' lang='lat' dir='ltr'><strong>Spiritui</strong></span> <span class='ocrx_word' id='word_1_365' title='bbox 2622 2189 2827 2243; x_wconf 89' lang='lat' dir='ltr'><strong>sancto,</strong></span> <span class='ocrx_word' id='word_1_366' title='bbox 2857 2179 2947 2247; x_wconf 89' lang='lat' dir='ltr'><strong>qui</strong></span> <span class='ocrx_word' id='word_1_367' title='bbox 2981 2195 3077 2249; x_wconf 85' lang='lat' dir='ltr'><strong>per</strong></span> <span class='ocrx_word' id='word_1_368' title='bbox 3101 2193 3162 2232; x_wconf 87' lang='lat' dir='ltr'><strong>os</strong></span> <span class='ocrx_word' id='word_1_369' title='bbox 3188 2177 3574 2248; x_wconf 84' lang='lat' dir='ltr'><strong>prophetarqu</strong></span> <span class='ocrx_word' id='word_1_370' title='bbox 3621 2175 3799 2246; x_wconf 82' lang='lat' dir='ltr'><strong>loqui-</strong></span> 
     </span>
    </p>
   </div>
   <div class='ocr_carea' id='block_1_50' title="bbox 2207 2254 3799 2339">
    <p class='ocr_par' dir='ltr' id='par_1_50' title="bbox 2207 2254 3799 2339">
     <span class='ocr_line' id='line_1_50' title="bbox 2207 2254 3799 2339; baseline -0.004 -12"><span class='ocrx_word' id='word_1_371' title='bbox 2207 2280 2314 2338; x_wconf 91' lang='lat' dir='ltr'><strong>tur,</strong></span> <span class='ocrx_word' id='word_1_372' title='bbox 2344 2269 2475 2326; x_wconf 90' lang='lat' dir='ltr'><strong>nihil</strong></span> <span class='ocrx_word' id='word_1_373' title='bbox 2502 2282 2583 2326; x_wconf 88' lang='lat' dir='ltr'><strong>est</strong></span> <span class='ocrx_word' id='word_1_374' title='bbox 2609 2271 2941 2339; x_wconf 66' lang='lat' dir='ltr'><strong>przrterittun</strong></span> <span class='ocrx_word' id='word_1_375' title='bbox 2970 2262 3050 2325; x_wconf 82' lang='lat' dir='ltr'><strong>vel</strong></span> <span class='ocrx_word' id='word_1_376' title='bbox 3073 2270 3329 2330; x_wconf 74' lang='lat' dir='ltr'><strong>futurum,</strong></span> <span class='ocrx_word' id='word_1_377' title='bbox 3363 2268 3486 2338; x_wconf 89' lang='lat' dir='ltr'><strong>quia</strong></span> <span class='ocrx_word' id='word_1_378' title='bbox 3519 2254 3799 2322; x_wconf 69' lang='lat' dir='ltr'><strong>mter-nitas</strong></span> 
     </span>
    </p>
   </div>
   <div class='ocr_carea' id='block_1_51' title="bbox 2208 2354 3798 2438">
    <p class='ocr_par' dir='ltr' id='par_1_51' title="bbox 2208 2354 3798 2438">
     <span class='ocr_line' id='line_1_51' title="bbox 2208 2354 3798 2438; baseline -0.005 -17"><span class='ocrx_word' id='word_1_379' title='bbox 2208 2365 2348 2438; x_wconf 90' lang='lat' dir='ltr'><strong>apud</strong></span> <span class='ocrx_word' id='word_1_380' title='bbox 2385 2382 2507 2422; x_wconf 87' lang='lat' dir='ltr'><strong>eum</strong></span> <span class='ocrx_word' id='word_1_381' title='bbox 2561 2375 2665 2430; x_wconf 87' lang='lat' dir='ltr'><strong>est,</strong></span> <span class='ocrx_word' id='word_1_382' title='bbox 2700 2366 2748 2419; x_wconf 90' lang='lat' dir='ltr'><strong>id</strong></span> <span class='ocrx_word' id='word_1_383' title='bbox 2780 2374 2863 2422; x_wconf 89' lang='lat' dir='ltr'><strong>est</strong></span> <span class='ocrx_word' id='word_1_384' title='bbox 2891 2364 3134 2420; x_wconf 88' lang='lat' dir='ltr'><strong>omnium</strong></span> <span class='ocrx_word' id='word_1_385' title='bbox 3183 2378 3363 2417; x_wconf 87' lang='lat' dir='ltr'><strong>rerum</strong></span> <span class='ocrx_word' id='word_1_386' title='bbox 3397 2378 3643 2434; x_wconf 74' lang='lat' dir='ltr'><strong>praesens</strong></span> <span class='ocrx_word' id='word_1_387' title='bbox 3683 2354 3798 2416; x_wconf 48' lang='lat' dir='ltr'><strong>sta;</strong></span> 
     </span>
    </p>
   </div>
   <div class='ocr_carea' id='block_1_52' title="bbox 2211 2453 3798 2528">
    <p class='ocr_par' dir='ltr' id='par_1_52' title="bbox 2211 2453 3798 2528">
     <span class='ocr_line' id='line_1_52' title="bbox 2211 2453 3798 2528; baseline -0.006 -14"><span class='ocrx_word' id='word_1_388' title='bbox 2211 2468 2350 2514; x_wconf 88' lang='lat' dir='ltr'><strong>tus:</strong></span> <span class='ocrx_word' id='word_1_389' title='bbox 2400 2468 2454 2513; x_wconf 89' lang='lat' dir='ltr'><strong>et</strong></span> <span class='ocrx_word' id='word_1_390' title='bbox 2504 2458 2623 2514; x_wconf 79' lang='lat' dir='ltr'><strong>ideo</strong></span> <span class='ocrx_word' id='word_1_391' title='bbox 2678 2458 2967 2528; x_wconf 86' lang='lat' dir='ltr'><strong>aliquando</strong></span> <span class='ocrx_word' id='word_1_392' title='bbox 3013 2456 3294 2511; x_wconf 85' lang='lat' dir='ltr'><strong>denuntiat</strong></span> <span class='ocrx_word' id='word_1_393' title='bbox 3352 2470 3439 2509; x_wconf 85' lang='lat' dir='ltr'><strong>res</strong></span> <span class='ocrx_word' id='word_1_394' title='bbox 3498 2453 3798 2508; x_wconf 87' lang='lat' dir='ltr'><strong>secundum</strong></span> 
     </span>
    </p>
   </div>
   <div class='ocr_carea' id='block_1_53' title="bbox 2207 2542 3802 2622">
    <p class='ocr_par' dir='ltr' id='par_1_53' title="bbox 2207 2542 3802 2622">
     <span class='ocr_line' id='line_1_53' title="bbox 2207 2542 3802 2622; baseline -0.003 -19"><span class='ocrx_word' id='word_1_395' title='bbox 2207 2552 2350 2622; x_wconf 88' lang='lat' dir='ltr'><strong>quod</strong></span> <span class='ocrx_word' id='word_1_396' title='bbox 2400 2548 2538 2621; x_wconf 89' lang='lat' dir='ltr'><strong>apud</strong></span> <span class='ocrx_word' id='word_1_397' title='bbox 2589 2567 2710 2606; x_wconf 90' lang='lat' dir='ltr'><strong>emn</strong></span> <span class='ocrx_word' id='word_1_398' title='bbox 2741 2559 2896 2614; x_wconf 89' lang='lat' dir='ltr'><strong>sunt;</strong></span> <span class='ocrx_word' id='word_1_399' title='bbox 2936 2549 3259 2620; x_wconf 86' lang='lat' dir='ltr'><strong>aliquando,</strong></span> <span class='ocrx_word' id='word_1_400' title='bbox 3317 2546 3612 2603; x_wconf 85' lang='lat' dir='ltr'><strong>secundum</strong></span> <span class='ocrx_word' id='word_1_401' title='bbox 3655 2542 3802 2615; x_wconf 87' lang='lat' dir='ltr'><strong>quod</strong></span> 
     </span>
    </p>
   </div>
   <div class='ocr_carea' id='block_1_54' title="bbox 2210 2628 3803 2715">
    <p class='ocr_par' dir='ltr' id='par_1_54' title="bbox 2210 2628 3803 2715">
     <span class='ocr_line' id='line_1_54' title="bbox 2210 2628 3803 2715; baseline -0.006 -15"><span class='ocrx_word' id='word_1_402' title='bbox 2210 2645 2349 2715; x_wconf 90' lang='lat' dir='ltr'><strong>apud</strong></span> <span class='ocrx_word' id='word_1_403' title='bbox 2395 2660 2490 2700; x_wconf 87' lang='lat' dir='ltr'><strong>nos</strong></span> <span class='ocrx_word' id='word_1_404' title='bbox 2520 2659 2577 2700; x_wconf 88' lang='lat' dir='ltr'><strong>se</strong></span> <span class='ocrx_word' id='word_1_405' title='bbox 2619 2644 2837 2699; x_wconf 81' lang='lat' dir='ltr'><strong>hahent.</strong></span> <span class='ocrx_word' id='word_1_406' title='bbox 2879 2642 3032 2698; x_wconf 90' lang='lat' dir='ltr'><strong>Sicut</strong></span> <span class='ocrx_word' id='word_1_407' title='bbox 3083 2642 3133 2697; x_wconf 91' lang='lat' dir='ltr'><strong>in</strong></span> <span class='ocrx_word' id='word_1_408' title='bbox 3168 2640 3458 2695; x_wconf 85' lang='lat' dir='ltr'><strong>mundanis</strong></span> <span class='ocrx_word' id='word_1_409' title='bbox 3483 2638 3657 2703; x_wconf 79' lang='lat' dir='ltr'><strong>libris,</strong></span> <span class='ocrx_word' id='word_1_410' title='bbox 3725 2628 3803 2713; x_wconf 73' lang='lat' dir='ltr'><strong>ita</strong></span> 
     </span>
    </p>
   </div>
   <div class='ocr_carea' id='block_1_55' title="bbox 2208 2730 3804 2806">
    <p class='ocr_par' dir='ltr' id='par_1_55' title="bbox 2208 2730 3804 2806">
     <span class='ocr_line' id='line_1_55' title="bbox 2208 2730 3804 2806; baseline -0.007 -13"><span class='ocrx_word' id='word_1_411' title='bbox 2208 2747 2263 2793; x_wconf 87' lang='lat' dir='ltr'><strong>et</strong></span> <span class='ocrx_word' id='word_1_412' title='bbox 2299 2738 2354 2792; x_wconf 89' lang='lat' dir='ltr'><strong>in</strong></span> <span class='ocrx_word' id='word_1_413' title='bbox 2390 2736 2586 2791; x_wconf 80' lang='lat' dir='ltr'><strong>divinis</strong></span> <span class='ocrx_word' id='word_1_414' title='bbox 2621 2750 2866 2806; x_wconf 70' lang='lat' dir='ltr'><strong>qutcrere</strong></span> <span class='ocrx_word' id='word_1_415' title='bbox 2906 2741 3083 2804; x_wconf 87' lang='lat' dir='ltr'><strong>potest</strong></span> <span class='ocrx_word' id='word_1_416' title='bbox 3123 2731 3497 2803; x_wconf 87' lang='lat' dir='ltr'><strong>unusquisque</strong></span> <span class='ocrx_word' id='word_1_417' title='bbox 3533 2730 3598 2783; x_wconf 89' lang='lat' dir='ltr'><strong>ad</strong></span> <span class='ocrx_word' id='word_1_418' title='bbox 3635 2741 3804 2798; x_wconf 84' lang='lat' dir='ltr'><strong>quam</strong></span> 
     </span>
    </p>
   </div>
   <div class='ocr_carea' id='block_1_56' title="bbox 2206 2818 3801 2901">
    <p class='ocr_par' dir='ltr' id='par_1_56' title="bbox 2206 2818 3801 2901">
     <span class='ocr_line' id='line_1_56' title="bbox 2206 2818 3801 2901; baseline -0.009 -16"><span class='ocrx_word' id='word_1_419' title='bbox 2206 2820 2419 2901; x_wconf 86' lang='lat' dir='ltr'><strong>partem</strong></span> <span class='ocrx_word' id='word_1_420' title='bbox 2449 2827 2800 2898; x_wconf 75' lang='lat' dir='ltr'><strong>philosophiae</strong></span> <span class='ocrx_word' id='word_1_421' title='bbox 2840 2833 3068 2897; x_wconf 87' lang='lat' dir='ltr'><strong>spectet.</strong></span> <span class='ocrx_word' id='word_1_422' title='bbox 3111 2822 3219 2879; x_wconf 88' lang='lat' dir='ltr'><strong>Sed</strong></span> <span class='ocrx_word' id='word_1_423' title='bbox 3262 2823 3403 2893; x_wconf 85' lang='lat' dir='ltr'><strong>sicut</strong></span> <span class='ocrx_word' id='word_1_424' title='bbox 3451 2822 3503 2875; x_wconf 90' lang='lat' dir='ltr'><strong>in</strong></span> <span class='ocrx_word' id='word_1_425' title='bbox 3555 2819 3679 2885; x_wconf 88' lang='lat' dir='ltr'><strong>iliis,</strong></span> <span class='ocrx_word' id='word_1_426' title='bbox 3727 2818 3801 2871; x_wconf 86' lang='lat' dir='ltr'><strong>ita</strong></span> 
     </span>
    </p>
   </div>
   <div class='ocr_carea' id='block_1_57' title="bbox 2175 2902 3802 2995">
    <p class='ocr_par' dir='ltr' id='par_1_57' title="bbox 2175 2902 3802 2995">
     <span class='ocr_line' id='line_1_57' title="bbox 2175 2902 3802 2995; baseline -0.007 -18"><span class='ocrx_word' id='word_1_427' title='bbox 2175 2926 2178 2931; x_wconf 57' lang='grc'>⁴</span> <span class='ocrx_word' id='word_1_428' title='bbox 2210 2932 2263 2977; x_wconf 91' lang='grc' dir='ltr'><strong>ει</strong></span> <span class='ocrx_word' id='word_1_429' title='bbox 2296 2922 2347 2975; x_wconf 89' lang='lat' dir='ltr'><strong>iu</strong></span> <span class='ocrx_word' id='word_1_430' title='bbox 2380 2922 2499 2975; x_wconf 85' lang='lat' dir='ltr'><strong>istis</strong></span> <span class='ocrx_word' id='word_1_431' title='bbox 2524 2921 2742 2991; x_wconf 88' lang='lat' dir='ltr'><strong>quidam</strong></span> <span class='ocrx_word' id='word_1_432' title='bbox 2780 2918 2847 2973; x_wconf 90' lang='lat' dir='ltr'><strong>ad</strong></span> <span class='ocrx_word' id='word_1_433' title='bbox 2887 2918 3187 2989; x_wconf 79' lang='lat' dir='ltr'><strong>physicam,</strong></span> <span class='ocrx_word' id='word_1_434' title='bbox 3235 2924 3293 2969; x_wconf 92' lang='lat' dir='ltr'><strong>ut</strong></span> <span class='ocrx_word' id='word_1_435' title='bbox 3333 2912 3691 2969; x_wconf 85' lang='lat' dir='ltr'><strong>Ecclesiastes</strong></span> <span class='ocrx_word' id='word_1_436' title='bbox 3724 2902 3802 2995; x_wconf 80' lang='lat' dir='ltr'><strong>(in</strong></span> 
     </span>
    </p>
   </div>
   <div class='ocr_carea' id='block_1_58' title="bbox 2211 2999 3796 3082">
    <p class='ocr_par' dir='ltr' id='par_1_58' title="bbox 2211 2999 3796 3082">
     <span class='ocr_line' id='line_1_58' title="bbox 2211 2999 3796 3082; baseline -0.008 -17"><span class='ocrx_word' id='word_1_437' title='bbox 2211 3026 2319 3082; x_wconf 90' lang='lat' dir='ltr'><strong>quo</strong></span> <span class='ocrx_word' id='word_1_438' title='bbox 2352 3010 2616 3080; x_wconf 65' lang='lat' dir='ltr'><strong>quaeritur</strong></span> <span class='ocrx_word' id='word_1_439' title='bbox 2641 3009 2855 3064; x_wconf 88' lang='lat' dir='ltr'><strong>initium</strong></span> <span class='ocrx_word' id='word_1_440' title='bbox 2882 3015 2937 3062; x_wconf 90' lang='lat' dir='ltr'><strong>et</strong></span> <span class='ocrx_word' id='word_1_441' title='bbox 2962 3005 3085 3061; x_wconf 84' lang='lat' dir='ltr'><strong>linis</strong></span> <span class='ocrx_word' id='word_1_442' title='bbox 3112 3020 3293 3059; x_wconf 85' lang='lat' dir='ltr'><strong>rerum</strong></span> <span class='ocrx_word' id='word_1_443' title='bbox 3316 3004 3559 3059; x_wconf 89' lang='lat' dir='ltr'><strong>omnium</strong></span> <span class='ocrx_word' id='word_1_444' title='bbox 3588 3016 3712 3071; x_wconf 69' lang='lat' dir='ltr'><strong>qum</strong></span> <span class='ocrx_word' id='word_1_445' title='bbox 3742 2999 3796 3053; x_wconf 88' lang='lat' dir='ltr'><strong>in</strong></span> 
     </span>
    </p>
   </div>
   <div class='ocr_carea' id='block_1_59' title="bbox 2212 3088 3804 3166">
    <p class='ocr_par' dir='ltr' id='par_1_59' title="bbox 2212 3088 3804 3166">
     <span class='ocr_line' id='line_1_59' title="bbox 2212 3088 3804 3166; baseline -0.006 -10"><span class='ocrx_word' id='word_1_446' title='bbox 2212 3102 2413 3157; x_wconf 82' lang='lat' dir='ltr'><strong>tnundo</strong></span> <span class='ocrx_word' id='word_1_447' title='bbox 2451 3108 2607 3166; x_wconf 89' lang='lat' dir='ltr'><strong>sunt,</strong></span> <span class='ocrx_word' id='word_1_448' title='bbox 2659 3109 2712 3154; x_wconf 89' lang='lat' dir='ltr'><strong>et</strong></span> <span class='ocrx_word' id='word_1_449' title='bbox 2743 3098 3101 3154; x_wconf 90' lang='lat' dir='ltr'><strong>ostenduntur</strong></span> <span class='ocrx_word' id='word_1_450' title='bbox 3151 3097 3335 3152; x_wconf 90' lang='lat' dir='ltr'><strong>omnia</strong></span> <span class='ocrx_word' id='word_1_451' title='bbox 3396 3096 3512 3150; x_wconf 75' lang='lat' dir='ltr'><strong>hmo</strong></span> <span class='ocrx_word' id='word_1_452' title='bbox 3570 3088 3804 3148; x_wconf 84' lang='lat' dir='ltr'><strong>vanitati</strong></span> 
     </span>
    </p>
   </div>
   <div class='ocr_carea' id='block_1_60' title="bbox 2213 3184 3809 3262">
    <p class='ocr_par' dir='ltr' id='par_1_60' title="bbox 2213 3184 3809 3262">
     <span class='ocr_line' id='line_1_60' title="bbox 2213 3184 3809 3262; baseline -0.005 -15"><span class='ocrx_word' id='word_1_453' title='bbox 2213 3190 2562 3262; x_wconf 87' lang='lat' dir='ltr'><strong>suhjacere),</strong></span> <span class='ocrx_word' id='word_1_454' title='bbox 2607 3198 2658 3245; x_wconf 90' lang='lat' dir='ltr'><strong>et</strong></span> <span class='ocrx_word' id='word_1_455' title='bbox 2705 3187 2970 3254; x_wconf 86' lang='lat' dir='ltr'><strong>Genesis;</strong></span> <span class='ocrx_word' id='word_1_456' title='bbox 3013 3187 3233 3261; x_wconf 83' lang='lat' dir='ltr'><strong>quidam</strong></span> <span class='ocrx_word' id='word_1_457' title='bbox 3289 3186 3355 3241; x_wconf 87' lang='lat' dir='ltr'><strong>ad</strong></span> <span class='ocrx_word' id='word_1_458' title='bbox 3413 3184 3649 3240; x_wconf 82' lang='lat' dir='ltr'><strong>ethicam</strong></span> <span class='ocrx_word' id='word_1_459' title='bbox 3678 3225 3693 3249; x_wconf 93' lang='lat'><strong>,</strong></span> <span class='ocrx_word' id='word_1_460' title='bbox 3746 3193 3809 3239; x_wconf 87' lang='lat' dir='ltr'><strong>ut</strong></span> 
     </span>
    </p>
   </div>
   <div class='ocr_carea' id='block_1_61' title="bbox 2212 3275 3808 3351">
    <p class='ocr_par' dir='ltr' id='par_1_61' title="bbox 2212 3275 3808 3351">
     <span class='ocr_line' id='line_1_61' title="bbox 2212 3275 3808 3351; baseline -0.007 -11"><span class='ocrx_word' id='word_1_461' title='bbox 2212 3283 2507 3340; x_wconf 86' lang='lat' dir='ltr'><strong>Proverbia</strong></span> <span class='ocrx_word' id='word_1_462' title='bbox 2537 3291 2592 3336; x_wconf 88' lang='lat' dir='ltr'><strong>et</strong></span> <span class='ocrx_word' id='word_1_463' title='bbox 2613 3281 2905 3350; x_wconf 83' lang='lat' dir='ltr'><strong>Evangelia</strong></span> <span class='ocrx_word' id='word_1_464' title='bbox 2929 3294 2996 3335; x_wconf 78' lang='lat' dir='ltr'><strong>ex</strong></span> <span class='ocrx_word' id='word_1_465' title='bbox 3027 3290 3212 3351; x_wconf 83' lang='lat' dir='ltr'><strong>parte,</strong></span> <span class='ocrx_word' id='word_1_466' title='bbox 3245 3278 3469 3350; x_wconf 89' lang='lat' dir='ltr'><strong>quidam</strong></span> <span class='ocrx_word' id='word_1_467' title='bbox 3496 3276 3563 3330; x_wconf 92' lang='lat' dir='ltr'><strong>ad</strong></span> <span class='ocrx_word' id='word_1_468' title='bbox 3597 3275 3808 3330; x_wconf 86' lang='lat' dir='ltr'><strong>theori-</strong></span> 
     </span>
    </p>
   </div>
   <div class='ocr_carea' id='block_1_62' title="bbox 511 3366 2102 3443">
    <p class='ocr_par' dir='ltr' id='par_1_62' title="bbox 511 3369 2102 3440">
     <span class='ocr_line' id='line_1_62' title="bbox 511 3369 2102 3440; baseline -0.006 -9"><span class='ocrx_word' id='word_1_469' title='bbox 511 3372 798 3440; x_wconf 78' lang='lat' dir='ltr'><strong>Quoddam</strong></span> <span class='ocrx_word' id='word_1_470' title='bbox 826 3375 1092 3429; x_wconf 87' lang='lat' dir='ltr'><strong>musicum</strong></span> <span class='ocrx_word' id='word_1_471' title='bbox 1124 3373 1541 3428; x_wconf 82' lang='lat' dir='ltr'><strong>instrumentum</strong></span> <span class='ocrx_word' id='word_1_472' title='bbox 1568 3379 1674 3434; x_wconf 88' lang='lat' dir='ltr'><strong>est,</strong></span> <span class='ocrx_word' id='word_1_473' title='bbox 1713 3369 1857 3440; x_wconf 85' lang='lat' dir='ltr'><strong>quod</strong></span> <span class='ocrx_word' id='word_1_474' title='bbox 1882 3375 2102 3425; x_wconf 82' lang='lat' dir='ltr'><strong>vocatur</strong></span> 
     </span>
    </p>
   </div>
   <div class='ocr_carea' id='block_1_63' title="bbox 2207 3366 3808 3443">
    <p class='ocr_par' dir='ltr' id='par_1_63' title="bbox 2214 3371 3808 3443">
     <span class='ocr_line' id='line_1_63' title="bbox 2214 3371 3808 3443; baseline -0.006 -10"><span class='ocrx_word' id='word_1_475' title='bbox 2214 3393 2353 3443; x_wconf 90' lang='lat' dir='ltr'><strong>cam,</strong></span> <span class='ocrx_word' id='word_1_476' title='bbox 2371 3375 2662 3433; x_wconf 88' lang='lat' dir='ltr'><strong>utCantica</strong></span> <span class='ocrx_word' id='word_1_477' title='bbox 2677 3374 3009 3430; x_wconf 90' lang='lat' dir='ltr'><strong>canticorum</strong></span> <span class='ocrx_word' id='word_1_478' title='bbox 3027 3382 3081 3429; x_wconf 89' lang='lat' dir='ltr'><strong>et</strong></span> <span class='ocrx_word' id='word_1_479' title='bbox 3095 3371 3380 3443; x_wconf 78' lang='lat' dir='ltr'><strong>Evangelia</strong></span> <span class='ocrx_word' id='word_1_480' title='bbox 3403 3386 3467 3426; x_wconf 80' lang='lat' dir='ltr'><strong>ex</strong></span> <span class='ocrx_word' id='word_1_481' title='bbox 3489 3379 3660 3441; x_wconf 89' lang='lat' dir='ltr'><strong>parte,</strong></span> <span class='ocrx_word' id='word_1_482' title='bbox 3681 3382 3808 3440; x_wconf 63' lang='lat' dir='ltr'><strong>quae</strong></span> 
     </span>
    </p>
   </div>
   <div class='ocr_carea' id='block_1_64' title="bbox 514 3459 2106 3534">
    <p class='ocr_par' dir='ltr' id='par_1_64' title="bbox 514 3459 2106 3534">
     <span class='ocr_line' id='line_1_64' title="bbox 514 3459 2106 3534; baseline -0.004 -13"><span class='ocrx_word' id='word_1_483' title='bbox 514 3465 783 3523; x_wconf 82' lang='lat' dir='ltr'><strong>liebraice</strong></span> <span class='ocrx_word' id='word_1_484' title='bbox 831 3465 1068 3531; x_wconf 77' lang='lat' dir='ltr'><strong>nablath,</strong></span> <span class='ocrx_word' id='word_1_485' title='bbox 1118 3463 1308 3522; x_wconf 60' lang='lat' dir='ltr'><strong>Graec</strong></span> <span class='ocrx_word' id='word_1_486' title='bbox 1345 3462 1671 3534; x_wconf 76' lang='lat' dir='ltr'><strong>psalterium,</strong></span> <span class='ocrx_word' id='word_1_487' title='bbox 1708 3459 1903 3516; x_wconf 89' lang='lat' dir='ltr'><strong>Latine</strong></span> <span class='ocrx_word' id='word_1_488' title='bbox 1949 3475 2106 3530; x_wconf 83' lang='lat' dir='ltr'><strong>orga-</strong></span> 
     </span>
    </p>
   </div>
   <div class='ocr_carea' id='block_1_65' title="bbox 514 3547 2105 3621">
    <p class='ocr_par' dir='ltr' id='par_1_65' title="bbox 514 3547 2105 3621">
     <span class='ocr_line' id='line_1_65' title="bbox 514 3547 2105 3621; baseline -0.008 -6"><span class='ocrx_word' id='word_1_489' title='bbox 514 3576 662 3616; x_wconf 79' lang='lat' dir='ltr'><strong>num.</strong></span> <span class='ocrx_word' id='word_1_490' title='bbox 696 3557 815 3615; x_wconf 80' lang='lat' dir='ltr'><strong>Hoc</strong></span> <span class='ocrx_word' id='word_1_491' title='bbox 839 3559 1204 3614; x_wconf 84' lang='lat' dir='ltr'><strong>Instrumenta</strong></span> <span class='ocrx_word' id='word_1_492' title='bbox 1234 3552 1717 3612; x_wconf 77' lang='lat' dir='ltr'><strong>moduiavitDavid</strong></span> <span class='ocrx_word' id='word_1_493' title='bbox 1745 3551 1936 3607; x_wconf 85' lang='lat' dir='ltr'><strong>laudes</strong></span> <span class='ocrx_word' id='word_1_494' title='bbox 1965 3547 2105 3621; x_wconf 85' lang='lat' dir='ltr'><strong>psal-</strong></span> 
     </span>
    </p>
   </div>
   <div class='ocr_carea' id='block_1_66' title="bbox 516 3641 2102 3722">
    <p class='ocr_par' dir='ltr' id='par_1_66' title="bbox 516 3641 2102 3722">
     <span class='ocr_line' id='line_1_66' title="bbox 516 3641 2102 3722; baseline -0.007 -16"><span class='ocrx_word' id='word_1_495' title='bbox 516 3665 758 3716; x_wconf 88' lang='lat' dir='ltr'><strong>morum,</strong></span> <span class='ocrx_word' id='word_1_496' title='bbox 789 3664 931 3722; x_wconf 86' lang='lat' dir='ltr'><strong>quos</strong></span> <span class='ocrx_word' id='word_1_497' title='bbox 973 3650 1270 3705; x_wconf 84' lang='lat' dir='ltr'><strong>cantabant</strong></span> <span class='ocrx_word' id='word_1_498' title='bbox 1297 3656 1514 3702; x_wconf 87' lang='lat' dir='ltr'><strong>centum</strong></span> <span class='ocrx_word' id='word_1_499' title='bbox 1559 3643 1948 3714; x_wconf 77' lang='lat' dir='ltr'><strong>quinquaginta</strong></span> <span class='ocrx_word' id='word_1_500' title='bbox 1996 3641 2102 3696; x_wconf 85' lang='lat' dir='ltr'><strong>viri</strong></span> 
     </span>
    </p>
   </div>
   <div class='ocr_carea' id='block_1_67' title="bbox 518 3731 2107 3804">
    <p class='ocr_par' dir='ltr' id='par_1_67' title="bbox 518 3731 2107 3804">
     <span class='ocr_line' id='line_1_67' title="bbox 518 3731 2107 3804; baseline -0.006 -6"><span class='ocrx_word' id='word_1_501' title='bbox 518 3740 668 3798; x_wconf 89' lang='lat' dir='ltr'><strong>circa</strong></span> <span class='ocrx_word' id='word_1_502' title='bbox 689 3752 873 3797; x_wconf 84' lang='lat' dir='ltr'><strong>arcam</strong></span> <span class='ocrx_word' id='word_1_503' title='bbox 903 3736 1147 3804; x_wconf 69' lang='lat' dir='ltr'><strong>foederis,</strong></span> <span class='ocrx_word' id='word_1_504' title='bbox 1182 3752 1306 3793; x_wconf 90' lang='lat' dir='ltr'><strong>cum</strong></span> <span class='ocrx_word' id='word_1_505' title='bbox 1337 3736 1625 3792; x_wconf 81' lang='lat' dir='ltr'><strong>reduceret</strong></span> <span class='ocrx_word' id='word_1_506' title='bbox 1670 3735 1737 3790; x_wconf 89' lang='lat' dir='ltr'><strong>de</strong></span> <span class='ocrx_word' id='word_1_507' title='bbox 1787 3733 1903 3789; x_wconf 87' lang='lat' dir='ltr'><strong>Silo</strong></span> <span class='ocrx_word' id='word_1_508' title='bbox 1931 3734 1983 3789; x_wconf 91' lang='lat' dir='ltr'><strong>in</strong></span> <span class='ocrx_word' id='word_1_509' title='bbox 2013 3731 2107 3788; x_wconf 85' lang='lat' dir='ltr'><strong>Je-</strong></span> 
     </span>
    </p>
   </div>
   <div class='ocr_carea' id='block_1_68' title="bbox 517 3828 2109 3911">
    <p class='ocr_par' dir='ltr' id='par_1_68' title="bbox 517 3828 2109 3911">
     <span class='ocr_line' id='line_1_68' title="bbox 517 3828 2109 3911; baseline -0.004 -23"><span class='ocrx_word' id='word_1_510' title='bbox 517 3832 779 3911; x_wconf 76' lang='lat' dir='ltr'><strong>rusalem.</strong></span> <span class='ocrx_word' id='word_1_511' title='bbox 822 3830 1064 3888; x_wconf 65' lang='lat' dir='ltr'><strong>Deducta</strong></span> <span class='ocrx_word' id='word_1_512' title='bbox 1089 3845 1236 3896; x_wconf 89' lang='lat' dir='ltr'><strong>arca,</strong></span> <span class='ocrx_word' id='word_1_513' title='bbox 1270 3828 1553 3885; x_wconf 85' lang='lat' dir='ltr'><strong>constituit</strong></span> <span class='ocrx_word' id='word_1_514' title='bbox 1587 3835 1860 3883; x_wconf 87' lang='lat' dir='ltr'><strong>trecentos</strong></span> <span class='ocrx_word' id='word_1_515' title='bbox 1889 3841 2109 3883; x_wconf 82' lang='lat' dir='ltr'><strong>succen-</strong></span> 
     </span>
    </p>
   </div>
   <div class='ocr_carea' id='block_1_69' title="bbox 515 3918 2107 3995">
    <p class='ocr_par' dir='ltr' id='par_1_69' title="bbox 515 3918 2107 3995">
     <span class='ocr_line' id='line_1_69' title="bbox 515 3918 2107 3995; baseline -0.003 -15"><span class='ocrx_word' id='word_1_516' title='bbox 515 3922 683 3990; x_wconf 77' lang='lat' dir='ltr'><strong>t‘ores,</strong></span> <span class='ocrx_word' id='word_1_517' title='bbox 711 3923 804 3995; x_wconf 88' lang='lat' dir='ltr'><strong>qui</strong></span> <span class='ocrx_word' id='word_1_518' title='bbox 833 3922 1050 3979; x_wconf 88' lang='lat' dir='ltr'><strong>assidue</strong></span> <span class='ocrx_word' id='word_1_519' title='bbox 1079 3921 1427 3978; x_wconf 85' lang='lat' dir='ltr'><strong>succinerent</strong></span> <span class='ocrx_word' id='word_1_520' title='bbox 1447 3919 1799 3992; x_wconf 88' lang='lat' dir='ltr'><strong>psalmodiam</strong></span> <span class='ocrx_word' id='word_1_521' title='bbox 1824 3919 1876 3974; x_wconf 92' lang='lat' dir='ltr'><strong>in</strong></span> <span class='ocrx_word' id='word_1_522' title='bbox 1907 3918 2107 3990; x_wconf 91' lang='lat' dir='ltr'><strong>templo</strong></span> 
     </span>
    </p>
   </div>
   <div class='ocr_carea' id='block_1_70' title="bbox 517 4010 2113 4089">
    <p class='ocr_par' dir='ltr' id='par_1_70' title="bbox 517 4010 2113 4089">
     <span class='ocr_line' id='line_1_70' title="bbox 517 4010 2113 4089; baseline -0.003 -17"><span class='ocrx_word' id='word_1_523' title='bbox 517 4010 733 4072; x_wconf 81' lang='lat' dir='ltr'><strong>Domini</strong></span> <span class='ocrx_word' id='word_1_524' title='bbox 768 4014 822 4070; x_wconf 91' lang='lat' dir='ltr'><strong>in</strong></span> <span class='ocrx_word' id='word_1_525' title='bbox 855 4012 1176 4070; x_wconf 74' lang='lat' dir='ltr'><strong>Jerusalem.</strong></span> <span class='ocrx_word' id='word_1_526' title='bbox 1205 4010 1413 4081; x_wconf 82' lang='lat' dir='ltr'><strong>Quibus</strong></span> <span class='ocrx_word' id='word_1_527' title='bbox 1443 4010 1682 4089; x_wconf 66' lang='lat' dir='ltr'><strong>praefecit</strong></span> <span class='ocrx_word' id='word_1_528' title='bbox 1707 4019 1947 4082; x_wconf 89' lang='lat' dir='ltr'><strong>quatuor</strong></span> <span class='ocrx_word' id='word_1_529' title='bbox 1978 4025 2113 4081; x_wconf 68' lang='lat' dir='ltr'><strong>pra-.-</strong></span> 
     </span>
    </p>
   </div>
   <div class='ocr_carea' id='block_1_71' title="bbox 515 4101 2111 4176">
    <p class='ocr_par' dir='ltr' id='par_1_71' title="bbox 515 4101 2111 4176">
     <span class='ocr_line' id='line_1_71' title="bbox 515 4101 2111 4176; baseline -0.004 -10"><span class='ocrx_word' id='word_1_530' title='bbox 515 4102 790 4175; x_wconf 81' lang='lat' dir='ltr'><strong>centores,</strong></span> <span class='ocrx_word' id='word_1_531' title='bbox 834 4106 1026 4172; x_wconf 83' lang='lat' dir='ltr'><strong>Eman,</strong></span> <span class='ocrx_word' id='word_1_532' title='bbox 1059 4106 1258 4172; x_wconf 88' lang='lat' dir='ltr'><strong>Ethan,</strong></span> <span class='ocrx_word' id='word_1_533' title='bbox 1286 4105 1494 4176; x_wconf 85' lang='lat' dir='ltr'><strong>Asapb,</strong></span> <span class='ocrx_word' id='word_1_534' title='bbox 1520 4102 1758 4160; x_wconf 83' lang='lat' dir='ltr'><strong>ldithun.</strong></span> <span class='ocrx_word' id='word_1_535' title='bbox 1802 4102 1873 4158; x_wconf 86' lang='lat' dir='ltr'><strong>Et</strong></span> <span class='ocrx_word' id='word_1_536' title='bbox 1900 4103 1968 4159; x_wconf 88' lang='lat' dir='ltr'><strong>ab</strong></span> <span class='ocrx_word' id='word_1_537' title='bbox 2006 4101 2111 4159; x_wconf 88' lang='lat' dir='ltr'><strong>hoc</strong></span> 
     </span>
    </p>
   </div>
   <div class='ocr_carea' id='block_1_72' title="bbox 517 4192 2108 4269">
    <p class='ocr_par' dir='ltr' id='par_1_72' title="bbox 517 4192 2108 4269">
     <span class='ocr_line' id='line_1_72' title="bbox 517 4192 2108 4269; baseline -0.004 -13"><span class='ocrx_word' id='word_1_538' title='bbox 517 4200 880 4257; x_wconf 86' lang='lat' dir='ltr'><strong>instrumento</strong></span> <span class='ocrx_word' id='word_1_539' title='bbox 969 4197 1269 4254; x_wconf 88' lang='lat' dir='ltr'><strong>nominavit</strong></span> <span class='ocrx_word' id='word_1_540' title='bbox 1334 4196 1673 4269; x_wconf 91' lang='lat' dir='ltr'><strong>prophetiam</strong></span> <span class='ocrx_word' id='word_1_541' title='bbox 1755 4192 2108 4266; x_wconf 88' lang='lat' dir='ltr'><strong>psalmorum,</strong></span> 
     </span>
    </p>
   </div>
   <div class='ocr_carea' id='block_1_73' title="bbox 518 4289 2112 4362">
    <p class='ocr_par' dir='ltr' id='par_1_73' title="bbox 518 4289 2112 4362">
     <span class='ocr_line' id='line_1_73' title="bbox 518 4289 2112 4362; baseline -0.004 -11"><span class='ocrx_word' id='word_1_542' title='bbox 518 4290 884 4353; x_wconf 77' lang='lat' dir='ltr'><strong>Psalterium:</strong></span> <span class='ocrx_word' id='word_1_543' title='bbox 920 4310 1028 4351; x_wconf 91' lang='lat' dir='ltr'><strong>non</strong></span> <span class='ocrx_word' id='word_1_544' title='bbox 1049 4294 1167 4349; x_wconf 90' lang='lat' dir='ltr'><strong>sine</strong></span> <span class='ocrx_word' id='word_1_545' title='bbox 1187 4293 1420 4359; x_wconf 87' lang='lat' dir='ltr'><strong>ratione,</strong></span> <span class='ocrx_word' id='word_1_546' title='bbox 1446 4291 1575 4362; x_wconf 90' lang='lat' dir='ltr'><strong>quia</strong></span> <span class='ocrx_word' id='word_1_547' title='bbox 1602 4289 1836 4346; x_wconf 85' lang='lat' dir='ltr'><strong>formam</strong></span> <span class='ocrx_word' id='word_1_548' title='bbox 1861 4290 2005 4346; x_wconf 89' lang='lat' dir='ltr'><strong>illius</strong></span> <span class='ocrx_word' id='word_1_549' title='bbox 2031 4291 2112 4346; x_wconf 88' lang='lat' dir='ltr'><strong>in-</strong></span> 
     </span>
    </p>
   </div>
   <div class='ocr_carea' id='block_1_74' title="bbox 518 4382 2113 4463">
    <p class='ocr_par' dir='ltr' id='par_1_74' title="bbox 518 4382 2113 4463">
     <span class='ocr_line' id='line_1_74' title="bbox 518 4382 2113 4463; baseline -0.006 -16"><span class='ocrx_word' id='word_1_550' title='bbox 518 4389 807 4448; x_wconf 83' lang='lat' dir='ltr'><strong>strumenti</strong></span> <span class='ocrx_word' id='word_1_551' title='bbox 834 4388 1064 4463; x_wconf 86' lang='lat' dir='ltr'><strong>mystice</strong></span> <span class='ocrx_word' id='word_1_552' title='bbox 1084 4397 1299 4460; x_wconf 77' lang='lat' dir='ltr'><strong>gestare</strong></span> <span class='ocrx_word' id='word_1_553' title='bbox 1320 4386 1553 4441; x_wconf 86' lang='lat' dir='ltr'><strong>videtur.</strong></span> <span class='ocrx_word' id='word_1_554' title='bbox 1580 4383 1926 4449; x_wconf 86' lang='lat' dir='ltr'><strong>Psalterium,</strong></span> <span class='ocrx_word' id='word_1_555' title='bbox 1950 4391 2010 4437; x_wconf 91' lang='lat' dir='ltr'><strong>ut</strong></span> <span class='ocrx_word' id='word_1_556' title='bbox 2031 4382 2113 4438; x_wconf 88' lang='lat' dir='ltr'><strong>di-</strong></span> 
     </span>
    </p>
   </div>
   <div class='ocr_carea' id='block_1_75' title="bbox 519 4473 2112 4548">
    <p class='ocr_par' dir='ltr' id='par_1_75' title="bbox 519 4473 2112 4548">
     <span class='ocr_line' id='line_1_75' title="bbox 519 4473 2112 4548; baseline -0.008 -10"><span class='ocrx_word' id='word_1_557' title='bbox 519 4481 719 4548; x_wconf 64' lang='lat' dir='ltr'><strong>Ximus,</strong></span> <span class='ocrx_word' id='word_1_558' title='bbox 738 4478 1007 4536; x_wconf 87' lang='lat' dir='ltr'><strong>musicum</strong></span> <span class='ocrx_word' id='word_1_559' title='bbox 1031 4479 1448 4534; x_wconf 88' lang='lat' dir='ltr'><strong>instrumentum</strong></span> <span class='ocrx_word' id='word_1_560' title='bbox 1470 4484 1573 4542; x_wconf 92' lang='grc' dir='ltr'>εει,</span> <span class='ocrx_word' id='word_1_561' title='bbox 1592 4473 2001 4545; x_wconf 88' lang='lat' dir='ltr'><strong>triangulatum,</strong></span> <span class='ocrx_word' id='word_1_562' title='bbox 2017 4474 2112 4528; x_wconf 88' lang='lat' dir='ltr'><strong>ha-</strong></span> 
     </span>
    </p>
   </div>
   <div class='ocr_carea' id='block_1_76' title="bbox 515 4566 2112 4641">
    <p class='ocr_par' dir='ltr' id='par_1_76' title="bbox 515 4566 2112 4641">
     <span class='ocr_line' id='line_1_76' title="bbox 515 4566 2112 4641; baseline -0.007 -10"><span class='ocrx_word' id='word_1_563' title='bbox 515 4572 660 4631; x_wconf 82' lang='lat' dir='ltr'><strong>bens</strong></span> <span class='ocrx_word' id='word_1_564' title='bbox 680 4572 869 4629; x_wconf 86' lang='lat' dir='ltr'><strong>decem</strong></span> <span class='ocrx_word' id='word_1_565' title='bbox 899 4571 1135 4629; x_wconf 85' lang='lat' dir='ltr'><strong>chordas</strong></span> <span class='ocrx_word' id='word_1_566' title='bbox 1163 4585 1328 4641; x_wconf 88' lang='lat' dir='ltr'><strong>super</strong></span> <span class='ocrx_word' id='word_1_567' title='bbox 1343 4577 1697 4634; x_wconf 79' lang='lat' dir='ltr'><strong>seextensas;</strong></span> <span class='ocrx_word' id='word_1_568' title='bbox 1718 4568 1862 4637; x_wconf 89' lang='lat' dir='ltr'><strong>quod</strong></span> <span class='ocrx_word' id='word_1_569' title='bbox 1886 4566 2112 4622; x_wconf 80' lang='lat' dir='ltr'><strong>inferius</strong></span> 
     </span>
    </p>
   </div>
   <div class='ocr_carea' id='block_1_77' title="bbox 516 4652 2112 4737">
    <p class='ocr_par' dir='ltr' id='par_1_77' title="bbox 516 4652 2112 4737">
     <span class='ocr_line' id='line_1_77' title="bbox 516 4652 2112 4737; baseline -0.004 -17"><span class='ocrx_word' id='word_1_570' title='bbox 516 4652 864 4737; x_wconf 84' lang='lat' dir='ltr'><strong>percussum,</strong></span> <span class='ocrx_word' id='word_1_571' title='bbox 885 4663 1095 4719; x_wconf 89' lang='lat' dir='ltr'><strong>dulcem</strong></span> <span class='ocrx_word' id='word_1_572' title='bbox 1125 4676 1317 4719; x_wconf 89' lang='lat' dir='ltr'><strong>sonum</strong></span> <span class='ocrx_word' id='word_1_573' title='bbox 1342 4659 1578 4731; x_wconf 88' lang='lat' dir='ltr'><strong>desuper</strong></span> <span class='ocrx_word' id='word_1_574' title='bbox 1598 4659 1795 4714; x_wconf 89' lang='lat' dir='ltr'><strong>reddit.</strong></span> <span class='ocrx_word' id='word_1_575' title='bbox 1827 4657 1905 4713; x_wconf 87' lang='lat' dir='ltr'><strong>lta</strong></span> <span class='ocrx_word' id='word_1_576' title='bbox 1931 4665 1985 4713; x_wconf 90' lang='lat' dir='ltr'><strong>et</strong></span> <span class='ocrx_word' id='word_1_577' title='bbox 2011 4672 2112 4714; x_wconf 89' lang='lat' dir='ltr'><strong>nos</strong></span> 
     </span>
    </p>
   </div>
   <div class='ocr_carea' id='block_1_78' title="bbox 521 4737 2192 4827">
    <p class='ocr_par' dir='ltr' id='par_1_78' title="bbox 521 4737 2192 4827">
     <span class='ocr_line' id='line_1_78' title="bbox 521 4737 2192 4827; baseline -0.009 -15"><span class='ocrx_word' id='word_1_578' title='bbox 521 4747 569 4813; x_wconf 81' lang='lat' dir='ltr'><strong>si</strong></span> <span class='ocrx_word' id='word_1_579' title='bbox 595 4755 972 4827; x_wconf 88' lang='lat' dir='ltr'><strong>psalmodiam,</strong></span> <span class='ocrx_word' id='word_1_580' title='bbox 999 4754 1053 4811; x_wconf 87' lang='lat' dir='ltr'><strong>id</strong></span> <span class='ocrx_word' id='word_1_581' title='bbox 1075 4762 1161 4811; x_wconf 86' lang='lat' dir='ltr'><strong>est</strong></span> <span class='ocrx_word' id='word_1_582' title='bbox 1185 4753 1342 4809; x_wconf 89' lang='lat' dir='ltr'><strong>dulce</strong></span> <span class='ocrx_word' id='word_1_583' title='bbox 1366 4753 1554 4817; x_wconf 90' lang='lat' dir='ltr'><strong>melos,</strong></span> <span class='ocrx_word' id='word_1_584' title='bbox 1612 4746 1722 4807; x_wconf 86' lang='lat' dir='ltr'><strong>Deo</strong></span> <span class='ocrx_word' id='word_1_585' title='bbox 1774 4764 1973 4805; x_wconf 89' lang='lat' dir='ltr'><strong>canere</strong></span> <span class='ocrx_word' id='word_1_586' title='bbox 2012 4764 2110 4806; x_wconf 76' lang='grc' dir='ltr'><strong>νο·</strong></span> <span class='ocrx_word' id='word_1_587' title='bbox 2142 4737 2192 4797; x_wconf 93' lang='lat' dir='ltr'><strong>D</strong></span> 
     </span>
    </p>
   </div>
   <div class='ocr_carea' id='block_1_79' title="bbox 522 4840 2108 4914">
    <p class='ocr_par' dir='ltr' id='par_1_79' title="bbox 522 4840 2108 4914">
     <span class='ocr_line' id='line_1_79' title="bbox 522 4840 2108 4914; baseline -0.004 -11"><span class='ocrx_word' id='word_1_588' title='bbox 522 4846 725 4914; x_wconf 89' lang='lat' dir='ltr'><strong>lumus,</strong></span> <span class='ocrx_word' id='word_1_589' title='bbox 775 4861 884 4903; x_wconf 87' lang='lat' dir='ltr'><strong>non</strong></span> <span class='ocrx_word' id='word_1_590' title='bbox 935 4845 1109 4903; x_wconf 91' lang='lat' dir='ltr'><strong>solum</strong></span> <span class='ocrx_word' id='word_1_591' title='bbox 1159 4859 1318 4911; x_wconf 91' lang='lat' dir='ltr'><strong>voce,</strong></span> <span class='ocrx_word' id='word_1_592' title='bbox 1380 4845 1474 4899; x_wconf 89' lang='lat' dir='ltr'><strong>scd</strong></span> <span class='ocrx_word' id='word_1_593' title='bbox 1504 4852 1560 4900; x_wconf 90' lang='lat' dir='ltr'><strong>et</strong></span> <span class='ocrx_word' id='word_1_594' title='bbox 1586 4843 1750 4899; x_wconf 90' lang='lat' dir='ltr'><strong>corde</strong></span> <span class='ocrx_word' id='word_1_595' title='bbox 1792 4840 2108 4898; x_wconf 79' lang='lat' dir='ltr'><strong>inferiorem</strong></span> 
     </span>
    </p>
   </div>
   <div class='ocr_carea' id='block_1_80' title="bbox 526 4933 2109 5012">
    <p class='ocr_par' dir='ltr' id='par_1_80' title="bbox 526 4933 2109 5012">
     <span class='ocr_line' id='line_1_80' title="bbox 526 4933 2109 5012; baseline -0.006 -15"><span class='ocrx_word' id='word_1_596' title='bbox 526 4941 701 4997; x_wconf 88' lang='lat' dir='ltr'><strong>nostri</strong></span> <span class='ocrx_word' id='word_1_597' title='bbox 740 4948 950 5012; x_wconf 88' lang='lat' dir='ltr'><strong>partem</strong></span> <span class='ocrx_word' id='word_1_598' title='bbox 981 4946 1267 5010; x_wconf 87' lang='lat' dir='ltr'><strong>percutere</strong></span> <span class='ocrx_word' id='word_1_599' title='bbox 1320 4935 1596 4998; x_wconf 89' lang='lat' dir='ltr'><strong>debemus,</strong></span> <span class='ocrx_word' id='word_1_600' title='bbox 1646 4933 1701 4990; x_wconf 87' lang='lat' dir='ltr'><strong>id</strong></span> <span class='ocrx_word' id='word_1_601' title='bbox 1736 4942 1834 4990; x_wconf 82' lang='lat' dir='ltr'><strong>est</strong></span> <span class='ocrx_word' id='word_1_602' title='bbox 1887 4942 2109 4989; x_wconf 89' lang='lat' dir='ltr'><strong>carnem</strong></span> 
     </span>
    </p>
   </div>
   <div class='ocr_carea' id='block_1_81' title="bbox 529 5025 2112 5102">
    <p class='ocr_par' dir='ltr' id='par_1_81' title="bbox 529 5025 2112 5102">
     <span class='ocr_line' id='line_1_81' title="bbox 529 5025 2112 5102; baseline -0.006 -13"><span class='ocrx_word' id='word_1_603' title='bbox 529 5030 789 5102; x_wconf 78' lang='lat' dir='ltr'><strong>afﬂigere.</strong></span> <span class='ocrx_word' id='word_1_604' title='bbox 852 5029 1067 5100; x_wconf 82' lang='lat' dir='ltr'><strong>Quanto</strong></span> <span class='ocrx_word' id='word_1_605' title='bbox 1114 5030 1260 5084; x_wconf 83' lang='lat' dir='ltr'><strong>enim</strong></span> <span class='ocrx_word' id='word_1_606' title='bbox 1312 5040 1533 5083; x_wconf 88' lang='lat' dir='ltr'><strong>carnem</strong></span> <span class='ocrx_word' id='word_1_607' title='bbox 1584 5025 1900 5098; x_wconf 83' lang='lat' dir='ltr'><strong>atiligimus,</strong></span> <span class='ocrx_word' id='word_1_608' title='bbox 1961 5033 2112 5080; x_wconf 92' lang='lat' dir='ltr'><strong>tanto</strong></span> 
     </span>
    </p>
   </div>
   <div class='ocr_carea' id='block_1_82' title="bbox 524 5117 2114 5197">
    <p class='ocr_par' dir='ltr' id='par_1_82' title="bbox 524 5117 2114 5197">
     <span class='ocr_line' id='line_1_82' title="bbox 524 5117 2114 5197; baseline -0.004 -16"><span class='ocrx_word' id='word_1_609' title='bbox 524 5123 702 5197; x_wconf 85' lang='lat' dir='ltr'><strong>magis</strong></span> <span class='ocrx_word' id='word_1_610' title='bbox 739 5122 991 5195; x_wconf 89' lang='lat' dir='ltr'><strong>superior</strong></span> <span class='ocrx_word' id='word_1_611' title='bbox 1034 5134 1162 5192; x_wconf 86' lang='lat' dir='ltr'><strong>pars</strong></span> <span class='ocrx_word' id='word_1_612' title='bbox 1204 5127 1426 5186; x_wconf 88' lang='lat' dir='ltr'><strong>nostra,</strong></span> <span class='ocrx_word' id='word_1_613' title='bbox 1476 5119 1530 5175; x_wconf 92' lang='lat' dir='ltr'><strong>id</strong></span> <span class='ocrx_word' id='word_1_614' title='bbox 1576 5130 1660 5175; x_wconf 82' lang='lat' dir='ltr'><strong>est</strong></span> <span class='ocrx_word' id='word_1_615' title='bbox 1707 5119 1952 5190; x_wconf 87' lang='lat' dir='ltr'><strong>spiritus,</strong></span> <span class='ocrx_word' id='word_1_616' title='bbox 1999 5117 2114 5175; x_wconf 91' lang='lat' dir='ltr'><strong>Deo</strong></span> 
     </span>
    </p>
   </div>
   <div class='ocr_carea' id='block_1_83' title="bbox 524 5217 721 5289">
    <p class='ocr_par' dir='ltr' id='par_1_83' title="bbox 524 5217 721 5289">
     <span class='ocr_line' id='line_1_83' title="bbox 524 5217 721 5289; baseline -0.005 -16"><span class='ocrx_word' id='word_1_617' title='bbox 524 5217 721 5289; x_wconf 87' lang='lat' dir='ltr'><strong>placet.</strong></span> 
     </span>
    </p>
   </div>
   <div class='ocr_carea' id='block_1_84' title="bbox 604 5304 2110 5383">
    <p class='ocr_par' dir='ltr' id='par_1_84' title="bbox 604 5304 2110 5383">
     <span class='ocr_line' id='line_1_84' title="bbox 604 5304 2110 5383; baseline -0.007 -14"><span class='ocrx_word' id='word_1_618' title='bbox 604 5311 761 5379; x_wconf 85' lang='lat' dir='ltr'><strong>Quod</strong></span> <span class='ocrx_word' id='word_1_619' title='bbox 780 5324 1043 5383; x_wconf 75' lang='lat' dir='ltr'><strong>organum</strong></span> <span class='ocrx_word' id='word_1_620' title='bbox 1071 5307 1230 5379; x_wconf 82' lang='lat' dir='ltr'><strong>digne</strong></span> <span class='ocrx_word' id='word_1_621' title='bbox 1270 5304 1382 5363; x_wconf 87' lang='lat' dir='ltr'><strong>Deo</strong></span> <span class='ocrx_word' id='word_1_622' title='bbox 1418 5305 1684 5361; x_wconf 85' lang='lat' dir='ltr'><strong>modulari</strong></span> <span class='ocrx_word' id='word_1_623' title='bbox 1716 5318 1820 5359; x_wconf 86' lang='lat' dir='ltr'><strong>non</strong></span> <span class='ocrx_word' id='word_1_624' title='bbox 1846 5305 2110 5369; x_wconf 78' lang='lat' dir='ltr'><strong>valemus,</strong></span> 
     </span>
    </p>
   </div>
   <div class='ocr_carea' id='block_1_85' title="bbox 530 5397 2114 5469">
    <p class='ocr_par' dir='ltr' id='par_1_85' title="bbox 530 5397 2114 5469">
     <span class='ocr_line' id='line_1_85' title="bbox 530 5397 2114 5469; baseline -0.008 -6"><span class='ocrx_word' id='word_1_625' title='bbox 530 5408 578 5463; x_wconf 87' lang='lat' dir='ltr'><strong>si</strong></span> <span class='ocrx_word' id='word_1_626' title='bbox 606 5406 740 5462; x_wconf 85' lang='lat' dir='ltr'><strong>lldes</strong></span> <span class='ocrx_word' id='word_1_627' title='bbox 758 5413 961 5462; x_wconf 66' lang='lat' dir='ltr'><strong>sancta:</strong></span> <span class='ocrx_word' id='word_1_628' title='bbox 989 5402 1278 5459; x_wconf 86' lang='lat' dir='ltr'><strong>Trinitatis</strong></span> <span class='ocrx_word' id='word_1_629' title='bbox 1304 5400 1466 5466; x_wconf 89' lang='lat' dir='ltr'><strong>desit,</strong></span> <span class='ocrx_word' id='word_1_630' title='bbox 1496 5399 1624 5469; x_wconf 90' lang='lat' dir='ltr'><strong>quia</strong></span> <span class='ocrx_word' id='word_1_631' title='bbox 1654 5398 1765 5452; x_wconf 78' lang='lat' dir='ltr'><strong>sine</strong></span> <span class='ocrx_word' id='word_1_632' title='bbox 1789 5397 1893 5467; x_wconf 82' lang='lat' dir='ltr'><strong>ﬁde</strong></span> <span class='ocrx_word' id='word_1_633' title='bbox 1916 5397 2114 5465; x_wconf 78' lang='lat' dir='ltr'><strong>impos—</strong></span> 
     </span>
    </p>
   </div>
   <div class='ocr_carea' id='block_1_86' title="bbox 516 5486 2121 5569">
    <p class='ocr_par' dir='ltr' id='par_1_86' title="bbox 516 5486 2121 5569">
     <span class='ocr_line' id='line_1_86' title="bbox 516 5486 2121 5569; baseline -0.006 -14"><span class='ocrx_word' id='word_1_634' title='bbox 516 5494 1149 5569; x_wconf 61' lang='lat' dir='ltr'><strong>oibileutptacereDeo</strong></span> <span class='ocrx_word' id='word_1_635' title='bbox 1184 5493 1383 5564; x_wconf 66' lang='lat' dir='ltr'><strong>ﬂictu.</strong></span> <span class='ocrx_word' id='word_1_636' title='bbox 1409 5492 1473 5564; x_wconf 82' lang='grc' dir='ltr'><strong>ι).</strong></span> <span class='ocrx_word' id='word_1_637' title='bbox 1516 5490 1589 5546; x_wconf 73' lang='grc' dir='ltr'><strong>1η</strong></span> <span class='ocrx_word' id='word_1_638' title='bbox 1629 5490 1823 5549; x_wconf 78' lang='lat' dir='ltr'><strong>decent</strong></span> <span class='ocrx_word' id='word_1_639' title='bbox 1860 5486 2121 5551; x_wconf 67' lang='grc' dir='ltr'><strong>ΔεὶιειίΙὶε,</strong></span> 
     </span>
    </p>
   </div>
   <div class='ocr_carea' id='block_1_87' title="bbox 531 5580 2121 5663">
    <p class='ocr_par' dir='ltr' id='par_1_87' title="bbox 531 5580 2121 5663">
     <span class='ocr_line' id='line_1_87' title="bbox 531 5580 2121 5663; baseline -0.01 -14"><span class='ocrx_word' id='word_1_640' title='bbox 531 5591 721 5649; x_wconf 87' lang='lat' dir='ltr'><strong>decem</strong></span> <span class='ocrx_word' id='word_1_641' title='bbox 748 5593 915 5649; x_wconf 85' lang='lat' dir='ltr'><strong>verba</strong></span> <span class='ocrx_word' id='word_1_642' title='bbox 938 5590 1072 5663; x_wconf 84' lang='lat' dir='ltr'><strong>legis</strong></span> <span class='ocrx_word' id='word_1_643' title='bbox 1099 5590 1437 5660; x_wconf 90' lang='lat' dir='ltr'><strong>accipimus:</strong></span> <span class='ocrx_word' id='word_1_644' title='bbox 1480 5599 1601 5656; x_wconf 68' lang='lat' dir='ltr'><strong>quae</strong></span> <span class='ocrx_word' id='word_1_645' title='bbox 1646 5580 2013 5645; x_wconf 78' lang='lat' dir='ltr'><strong>observando,</strong></span> <span class='ocrx_word' id='word_1_646' title='bbox 2064 5588 2121 5634; x_wconf 84' lang='lat' dir='ltr'><strong>et</strong></span> 
     </span>
    </p>
   </div>
   <div class='ocr_carea' id='block_1_88' title="bbox 533 5671 2121 5749">
    <p class='ocr_par' dir='ltr' id='par_1_88' title="bbox 533 5671 2121 5749">
     <span class='ocr_line' id='line_1_88' title="bbox 533 5671 2121 5749; baseline -0.012 -8"><span class='ocrx_word' id='word_1_647' title='bbox 533 5696 758 5741; x_wconf 80' lang='lat' dir='ltr'><strong>carnem</strong></span> <span class='ocrx_word' id='word_1_648' title='bbox 783 5680 1136 5749; x_wconf 81' lang='lat' dir='ltr'><strong>macerando,</strong></span> <span class='ocrx_word' id='word_1_649' title='bbox 1158 5679 1292 5737; x_wconf 88' lang='lat' dir='ltr'><strong>etin</strong></span> <span class='ocrx_word' id='word_1_650' title='bbox 1321 5677 1428 5734; x_wconf 81' lang='lat' dir='ltr'><strong>ﬁde</strong></span> <span class='ocrx_word' id='word_1_651' title='bbox 1461 5682 1665 5732; x_wconf 79' lang='lat' dir='ltr'><strong>sancta:</strong></span> <span class='ocrx_word' id='word_1_652' title='bbox 1686 5671 1970 5728; x_wconf 85' lang='lat' dir='ltr'><strong>Trinitatis</strong></span> <span class='ocrx_word' id='word_1_653' title='bbox 1992 5684 2121 5741; x_wconf 85' lang='lat' dir='ltr'><strong>per-</strong></span> 
     </span>
    </p>
   </div>
   <div class='ocr_carea' id='block_1_89' title="bbox 1500 5852 1753 5863">
    <p class='ocr_par' dir='ltr' id='par_1_89' title="bbox 1500 5852 1753 5863">
     <span class='ocr_line' id='line_1_89' title="bbox 1500 5852 1753 5863; baseline -0.004 -1"><span class='ocrx_word' id='word_1_654' title='bbox 1500 5852 1753 5863; x_wconf 63' lang='lat' dir='ltr'><strong>m</strong></span> 
     </span>
    </p>
   </div>
   <div class='ocr_carea' id='block_1_90' title="bbox 2213 3460 3804 3538">
    <p class='ocr_par' dir='ltr' id='par_1_90' title="bbox 2213 3460 3804 3538">
     <span class='ocr_line' id='line_1_90' title="bbox 2213 3460 3804 3538; baseline -0.006 -12"><span class='ocrx_word' id='word_1_655' title='bbox 2213 3486 2313 3526; x_wconf 91' lang='lat' dir='ltr'><strong>nos</strong></span> <span class='ocrx_word' id='word_1_656' title='bbox 2345 3470 2412 3524; x_wconf 88' lang='lat' dir='ltr'><strong>ad</strong></span> <span class='ocrx_word' id='word_1_657' title='bbox 2447 3467 2956 3538; x_wconf 86' lang='lat' dir='ltr'><strong>contemplationem</strong></span> <span class='ocrx_word' id='word_1_658' title='bbox 3001 3465 3308 3519; x_wconf 87' lang='lat' dir='ltr'><strong>divinorqu</strong></span> <span class='ocrx_word' id='word_1_659' title='bbox 3352 3465 3594 3518; x_wconf 90' lang='lat' dir='ltr'><strong>mittunt.</strong></span> <span class='ocrx_word' id='word_1_660' title='bbox 3624 3460 3682 3516; x_wconf 84' lang='lat' dir='ltr'><strong>in</strong></span> <span class='ocrx_word' id='word_1_661' title='bbox 3718 3460 3804 3516; x_wconf 90' lang='lat' dir='ltr'><strong>di-</strong></span> 
     </span>
    </p>
   </div>
   <div class='ocr_carea' id='block_1_91' title="bbox 2219 3556 3807 3630">
    <p class='ocr_par' dir='ltr' id='par_1_91' title="bbox 2219 3556 3807 3630">
     <span class='ocr_line' id='line_1_91' title="bbox 2219 3556 3807 3630; baseline -0.004 -12"><span class='ocrx_word' id='word_1_662' title='bbox 2219 3563 2354 3618; x_wconf 65' lang='lat' dir='ltr'><strong>vinis</strong></span> <span class='ocrx_word' id='word_1_663' title='bbox 2408 3578 2512 3618; x_wconf 92' lang='lat' dir='ltr'><strong>non</strong></span> <span class='ocrx_word' id='word_1_664' title='bbox 2550 3563 2785 3618; x_wconf 86' lang='lat' dir='ltr'><strong>habetur</strong></span> <span class='ocrx_word' id='word_1_665' title='bbox 2808 3561 3003 3630; x_wconf 85' lang='lat' dir='ltr'><strong>logica,</strong></span> <span class='ocrx_word' id='word_1_666' title='bbox 3049 3559 3143 3614; x_wconf 88' lang='lat' dir='ltr'><strong>sed</strong></span> <span class='ocrx_word' id='word_1_667' title='bbox 3171 3559 3291 3614; x_wconf 90' lang='lat' dir='ltr'><strong>loco</strong></span> <span class='ocrx_word' id='word_1_668' title='bbox 3324 3558 3512 3629; x_wconf 68' lang='lat' dir='ltr'><strong>logica:</strong></span> <span class='ocrx_word' id='word_1_669' title='bbox 3557 3556 3807 3612; x_wconf 80' lang='lat' dir='ltr'><strong>theorica</strong></span> 
     </span>
    </p>
   </div>
   <div class='ocr_carea' id='block_1_92' title="bbox 2162 3640 3810 3722">
    <p class='ocr_par' dir='ltr' id='par_1_92' title="bbox 2162 3640 3810 3722">
     <span class='ocr_line' id='line_1_92' title="bbox 2162 3640 3810 3722; baseline -0.005 -12"><span class='ocrx_word' id='word_1_670' title='bbox 2162 3694 2167 3717; x_wconf 63' lang='grc'>;</span> <span class='ocrx_word' id='word_1_671' title='bbox 2214 3655 2463 3710; x_wconf 87' lang='lat' dir='ltr'><strong>nahetur.</strong></span> <span class='ocrx_word' id='word_1_672' title='bbox 2518 3652 2808 3709; x_wconf 85' lang='lat' dir='ltr'><strong>Sciendum</strong></span> <span class='ocrx_word' id='word_1_673' title='bbox 2857 3652 3001 3722; x_wconf 89' lang='lat' dir='ltr'><strong>quod</strong></span> <span class='ocrx_word' id='word_1_674' title='bbox 3052 3666 3241 3706; x_wconf 88' lang='lat' dir='ltr'><strong>omnes</strong></span> <span class='ocrx_word' id='word_1_675' title='bbox 3297 3649 3489 3720; x_wconf 90' lang='lat' dir='ltr'><strong>psalmi</strong></span> <span class='ocrx_word' id='word_1_676' title='bbox 3544 3665 3575 3703; x_wconf 88' lang='lat' dir='ltr'><strong>a</strong></span> <span class='ocrx_word' id='word_1_677' title='bbox 3634 3640 3810 3702; x_wconf 83' lang='lat' dir='ltr'><strong>David</strong></span> 
     </span>
    </p>
   </div>
   <div class='ocr_carea' id='block_1_93' title="bbox 2213 3739 3811 3816">
    <p class='ocr_par' dir='ltr' id='par_1_93' title="bbox 2213 3739 3811 3816">
     <span class='ocr_line' id='line_1_93' title="bbox 2213 3739 3811 3816; baseline -0.004 -14"><span class='ocrx_word' id='word_1_678' title='bbox 2213 3745 2497 3816; x_wconf 77' lang='lat' dir='ltr'><strong>Compositi</strong></span> <span class='ocrx_word' id='word_1_679' title='bbox 2541 3753 2688 3810; x_wconf 89' lang='lat' dir='ltr'><strong>sunt,</strong></span> <span class='ocrx_word' id='word_1_680' title='bbox 2716 3744 2841 3799; x_wconf 86' lang='lat' dir='ltr'><strong>licet</strong></span> <span class='ocrx_word' id='word_1_681' title='bbox 2876 3757 2982 3798; x_wconf 89' lang='lat' dir='ltr'><strong>non</strong></span> <span class='ocrx_word' id='word_1_682' title='bbox 3011 3754 3201 3797; x_wconf 90' lang='lat' dir='ltr'><strong>omnes</strong></span> <span class='ocrx_word' id='word_1_683' title='bbox 3230 3739 3347 3810; x_wconf 89' lang='lat' dir='ltr'><strong>ejus</strong></span> <span class='ocrx_word' id='word_1_684' title='bbox 3376 3740 3595 3796; x_wconf 90' lang='lat' dir='ltr'><strong>nomine</strong></span> <span class='ocrx_word' id='word_1_685' title='bbox 3617 3739 3811 3795; x_wconf 87' lang='lat' dir='ltr'><strong>intitu-</strong></span> 
     </span>
    </p>
   </div>
   <div class='ocr_carea' id='block_1_94' title="bbox 2212 3816 3808 3906">
    <p class='ocr_par' dir='ltr' id='par_1_94' title="bbox 2212 3816 3808 3906">
     <span class='ocr_line' id='line_1_94' title="bbox 2212 3816 3808 3906; baseline -0.004 -13"><span class='ocrx_word' id='word_1_686' title='bbox 2212 3838 2410 3895; x_wconf 88' lang='lat' dir='ltr'><strong>leutur.</strong></span> <span class='ocrx_word' id='word_1_687' title='bbox 2437 3836 2606 3893; x_wconf 86' lang='lat' dir='ltr'><strong>Ezras</strong></span> <span class='ocrx_word' id='word_1_688' title='bbox 2647 3837 2847 3897; x_wconf 88' lang='lat' dir='ltr'><strong>scriba,</strong></span> <span class='ocrx_word' id='word_1_689' title='bbox 2891 3835 2981 3905; x_wconf 86' lang='lat' dir='ltr'><strong>qui</strong></span> <span class='ocrx_word' id='word_1_690' title='bbox 3013 3832 3196 3890; x_wconf 88' lang='lat' dir='ltr'><strong>titulos</strong></span> <span class='ocrx_word' id='word_1_691' title='bbox 3223 3835 3493 3906; x_wconf 86' lang='lat' dir='ltr'><strong>apposuit,</strong></span> <span class='ocrx_word' id='word_1_692' title='bbox 3540 3832 3677 3887; x_wconf 90' lang='lat' dir='ltr'><strong>alios</strong></span> <span class='ocrx_word' id='word_1_693' title='bbox 3705 3816 3808 3900; x_wconf 71' lang='lat' dir='ltr'><strong>sub</strong></span> 
     </span>
    </p>
   </div>
   <div class='ocr_carea' id='block_1_95' title="bbox 2213 3923 3812 3994">
    <p class='ocr_par' dir='ltr' id='par_1_95' title="bbox 2213 3923 3812 3994">
     <span class='ocr_line' id='line_1_95' title="bbox 2213 3923 3812 3994; baseline -0.006 -8"><span class='ocrx_word' id='word_1_694' title='bbox 2213 3932 2436 3987; x_wconf 89' lang='lat' dir='ltr'><strong>nomine</strong></span> <span class='ocrx_word' id='word_1_695' title='bbox 2462 3930 2632 3986; x_wconf 91' lang='lat' dir='ltr'><strong>David</strong></span> <span class='ocrx_word' id='word_1_696' title='bbox 2677 3926 2993 3994; x_wconf 89' lang='lat' dir='ltr'><strong>intitulavit,</strong></span> <span class='ocrx_word' id='word_1_697' title='bbox 3022 3926 3158 3982; x_wconf 90' lang='lat' dir='ltr'><strong>alios</strong></span> <span class='ocrx_word' id='word_1_698' title='bbox 3186 3926 3286 3980; x_wconf 86' lang='lat' dir='ltr'><strong>sub</strong></span> <span class='ocrx_word' id='word_1_699' title='bbox 3325 3924 3542 3981; x_wconf 90' lang='lat' dir='ltr'><strong>nomine</strong></span> <span class='ocrx_word' id='word_1_700' title='bbox 3565 3923 3812 3978; x_wconf 86' lang='lat' dir='ltr'><strong>diversa-</strong></span> 
     </span>
    </p>
   </div>
   <div class='ocr_carea' id='block_1_96' title="bbox 2214 4013 3811 4095">
    <p class='ocr_par' dir='ltr' id='par_1_96' title="bbox 2214 4013 3811 4095">
     <span class='ocr_line' id='line_1_96' title="bbox 2214 4013 3811 4095; baseline -0.007 -16"><span class='ocrx_word' id='word_1_701' title='bbox 2214 4039 2336 4079; x_wconf 90' lang='lat' dir='ltr'><strong>rum</strong></span> <span class='ocrx_word' id='word_1_702' title='bbox 2374 4036 2752 4095; x_wconf 85' lang='lat' dir='ltr'><strong>personarum,</strong></span> <span class='ocrx_word' id='word_1_703' title='bbox 2783 4030 2842 4075; x_wconf 90' lang='lat' dir='ltr'><strong>ut</strong></span> <span class='ocrx_word' id='word_1_704' title='bbox 2886 4019 3089 4088; x_wconf 83' lang='lat' dir='ltr'><strong>Asaph,</strong></span> <span class='ocrx_word' id='word_1_705' title='bbox 3133 4016 3306 4072; x_wconf 86' lang='lat' dir='ltr'><strong>Eman</strong></span> <span class='ocrx_word' id='word_1_706' title='bbox 3331 4024 3386 4072; x_wconf 89' lang='grc' dir='ltr'><strong>ει</strong></span> <span class='ocrx_word' id='word_1_707' title='bbox 3414 4015 3661 4070; x_wconf 89' lang='lat' dir='ltr'><strong>aliarum.</strong></span> <span class='ocrx_word' id='word_1_708' title='bbox 3697 4013 3811 4077; x_wconf 80' lang='lat' dir='ltr'><strong>Sed</strong></span> 
     </span>
    </p>
   </div>
   <div class='ocr_carea' id='block_1_97' title="bbox 2214 4106 3815 4187">
    <p class='ocr_par' dir='ltr' id='par_1_97' title="bbox 2214 4106 3815 4187">
     <span class='ocr_line' id='line_1_97' title="bbox 2214 4106 3815 4187; baseline -0.006 -13"><span class='ocrx_word' id='word_1_709' title='bbox 2214 4119 2319 4175; x_wconf 87' lang='lat' dir='ltr'><strong>hoc</strong></span> <span class='ocrx_word' id='word_1_710' title='bbox 2348 4116 2433 4173; x_wconf 91' lang='lat' dir='ltr'><strong>vel</strong></span> <span class='ocrx_word' id='word_1_711' title='bbox 2479 4131 2641 4172; x_wconf 89' lang='lat' dir='ltr'><strong>causa</strong></span> <span class='ocrx_word' id='word_1_712' title='bbox 2686 4113 2954 4186; x_wconf 85' lang='lat' dir='ltr'><strong>mySterii,</strong></span> <span class='ocrx_word' id='word_1_713' title='bbox 2988 4111 3071 4167; x_wconf 86' lang='lat' dir='ltr'><strong>vel</strong></span> <span class='ocrx_word' id='word_1_714' title='bbox 3122 4108 3585 4187; x_wconf 84' lang='lat' dir='ltr'><strong>interpretationis</strong></span> <span class='ocrx_word' id='word_1_715' title='bbox 3630 4106 3815 4165; x_wconf 82' lang='lat' dir='ltr'><strong>nomi-</strong></span> 
     </span>
    </p>
   </div>
   <div class='ocr_carea' id='block_1_98' title="bbox 2214 4194 3810 4281">
    <p class='ocr_par' dir='ltr' id='par_1_98' title="bbox 2214 4194 3810 4281">
     <span class='ocr_line' id='line_1_98' title="bbox 2214 4194 3810 4281; baseline -0.013 -11"><span class='ocrx_word' id='word_1_716' title='bbox 2214 4206 2365 4279; x_wconf 88' lang='lat' dir='ltr'><strong>num,</strong></span> <span class='ocrx_word' id='word_1_717' title='bbox 2390 4226 2511 4281; x_wconf 64' lang='lat' dir='ltr'><strong>quaa</strong></span> <span class='ocrx_word' id='word_1_718' title='bbox 2558 4207 2662 4264; x_wconf 90' lang='lat' dir='ltr'><strong>illis</strong></span> <span class='ocrx_word' id='word_1_719' title='bbox 2689 4207 2911 4279; x_wconf 90' lang='lat' dir='ltr'><strong>psalmis</strong></span> <span class='ocrx_word' id='word_1_720' title='bbox 2941 4203 3213 4267; x_wconf 87' lang='lat' dir='ltr'><strong>convenit,</strong></span> <span class='ocrx_word' id='word_1_721' title='bbox 3256 4203 3453 4272; x_wconf 86' lang='lat' dir='ltr'><strong>quibus</strong></span> <span class='ocrx_word' id='word_1_722' title='bbox 3483 4199 3618 4255; x_wconf 84' lang='lat' dir='ltr'><strong>tales</strong></span> <span class='ocrx_word' id='word_1_723' title='bbox 3664 4194 3810 4281; x_wconf 86' lang='lat' dir='ltr'><strong>tituli</strong></span> 
     </span>
    </p>
   </div>
   <div class='ocr_carea' id='block_1_99' title="bbox 2215 4280 3811 4377">
    <p class='ocr_par' dir='ltr' id='par_1_99' title="bbox 2215 4280 3811 4377">
     <span class='ocr_line' id='line_1_99' title="bbox 2215 4280 3811 4377; baseline -0.01 -15"><span class='ocrx_word' id='word_1_724' title='bbox 2215 4298 2445 4377; x_wconf 84' lang='lat' dir='ltr'><strong>appositi</strong></span> <span class='ocrx_word' id='word_1_725' title='bbox 2471 4310 2618 4359; x_wconf 91' lang='lat' dir='ltr'><strong>sunt.</strong></span> <span class='ocrx_word' id='word_1_726' title='bbox 2664 4299 2899 4356; x_wconf 86' lang='lat' dir='ltr'><strong>Intentio</strong></span> <span class='ocrx_word' id='word_1_727' title='bbox 2925 4298 3087 4355; x_wconf 86' lang='lat' dir='ltr'><strong>istius</strong></span> <span class='ocrx_word' id='word_1_728' title='bbox 3113 4281 3420 4367; x_wconf 68' lang='lat' dir='ltr'><strong>prophetia:</strong></span> <span class='ocrx_word' id='word_1_729' title='bbox 3450 4301 3555 4357; x_wconf 87' lang='lat' dir='ltr'><strong>est,</strong></span> <span class='ocrx_word' id='word_1_730' title='bbox 3583 4291 3725 4347; x_wconf 86' lang='lat' dir='ltr'><strong>sicut</strong></span> <span class='ocrx_word' id='word_1_731' title='bbox 3754 4280 3811 4346; x_wconf 77' lang='lat' dir='ltr'><strong>el</strong></span> 
     </span>
    </p>
   </div>
   <div class='ocr_carea' id='block_1_100' title="bbox 2214 4386 3807 4459">
    <p class='ocr_par' dir='ltr' id='par_1_100' title="bbox 2214 4386 3807 4459">
     <span class='ocr_line' id='line_1_100' title="bbox 2214 4386 3807 4459; baseline -0.011 -6"><span class='ocrx_word' id='word_1_732' title='bbox 2214 4397 2464 4459; x_wconf 89' lang='lat' dir='ltr'><strong>aliorum,</strong></span> <span class='ocrx_word' id='word_1_733' title='bbox 2509 4395 2562 4451; x_wconf 93' lang='lat' dir='ltr'><strong>in</strong></span> <span class='ocrx_word' id='word_1_734' title='bbox 2613 4401 2725 4448; x_wconf 85' lang='lat' dir='ltr'><strong>toto</strong></span> <span class='ocrx_word' id='word_1_735' title='bbox 2757 4391 2897 4446; x_wconf 84' lang='lat' dir='ltr'><strong>libro</strong></span> <span class='ocrx_word' id='word_1_736' title='bbox 2946 4386 3216 4446; x_wconf 85' lang='lat' dir='ltr'><strong>consolari</strong></span> <span class='ocrx_word' id='word_1_737' title='bbox 3268 4386 3564 4442; x_wconf 80' lang='lat' dir='ltr'><strong>humanum</strong></span> <span class='ocrx_word' id='word_1_738' title='bbox 3612 4396 3807 4459; x_wconf 66' lang='lat' dir='ltr'><strong>genus,</strong></span> 
     </span>
    </p>
   </div>
   <div class='ocr_carea' id='block_1_101' title="bbox 2214 4471 3808 4562">
    <p class='ocr_par' dir='ltr' id='par_1_101' title="bbox 2214 4471 3808 4562">
     <span class='ocr_line' id='line_1_101' title="bbox 2214 4471 3808 4562; baseline -0.011 -18"><span class='ocrx_word' id='word_1_739' title='bbox 2214 4490 2357 4562; x_wconf 86' lang='lat' dir='ltr'><strong>quod</strong></span> <span class='ocrx_word' id='word_1_740' title='bbox 2385 4487 2543 4560; x_wconf 89' lang='lat' dir='ltr'><strong>primi</strong></span> <span class='ocrx_word' id='word_1_741' title='bbox 2583 4484 2823 4556; x_wconf 85' lang='lat' dir='ltr'><strong>parentis</strong></span> <span class='ocrx_word' id='word_1_742' title='bbox 2851 4480 3011 4551; x_wconf 89' lang='lat' dir='ltr'><strong>culpa</strong></span> <span class='ocrx_word' id='word_1_743' title='bbox 3032 4480 3099 4534; x_wconf 89' lang='lat' dir='ltr'><strong>de</strong></span> <span class='ocrx_word' id='word_1_744' title='bbox 3131 4477 3364 4533; x_wconf 75' lang='lat' dir='ltr'><strong>maxima</strong></span> <span class='ocrx_word' id='word_1_745' title='bbox 3397 4473 3732 4530; x_wconf 84' lang='lat' dir='ltr'><strong>beatitudine</strong></span> <span class='ocrx_word' id='word_1_746' title='bbox 3753 4471 3808 4527; x_wconf 85' lang='lat' dir='ltr'><strong>in</strong></span> 
     </span>
    </p>
   </div>
   <div class='ocr_carea' id='block_1_102' title="bbox 2216 4569 3813 4645">
    <p class='ocr_par' dir='ltr' id='par_1_102' title="bbox 2216 4569 3813 4645">
     <span class='ocr_line' id='line_1_102' title="bbox 2216 4569 3813 4645; baseline -0.012 -8"><span class='ocrx_word' id='word_1_747' title='bbox 2216 4582 2483 4638; x_wconf 81' lang='lat' dir='ltr'><strong>maximas</strong></span> <span class='ocrx_word' id='word_1_748' title='bbox 2527 4577 2778 4634; x_wconf 89' lang='lat' dir='ltr'><strong>miserias</strong></span> <span class='ocrx_word' id='word_1_749' title='bbox 2805 4573 3072 4645; x_wconf 74' lang='lat' dir='ltr'><strong>deiectum</strong></span> <span class='ocrx_word' id='word_1_750' title='bbox 3095 4578 3193 4634; x_wconf 89' lang='lat' dir='ltr'><strong>est,</strong></span> <span class='ocrx_word' id='word_1_751' title='bbox 3226 4584 3325 4626; x_wconf 88' lang='lat' dir='ltr'><strong>nec</strong></span> <span class='ocrx_word' id='word_1_752' title='bbox 3365 4569 3487 4624; x_wconf 88' lang='lat' dir='ltr'><strong>inde</strong></span> <span class='ocrx_word' id='word_1_753' title='bbox 3531 4579 3691 4637; x_wconf 89' lang='lat' dir='ltr'><strong>posse</strong></span> <span class='ocrx_word' id='word_1_754' title='bbox 3720 4570 3813 4619; x_wconf 50' lang='lat' dir='ltr'><strong>re;-</strong></span> 
     </span>
    </p>
   </div>
   <div class='ocr_carea' id='block_1_103' title="bbox 2217 4661 3812 4745">
    <p class='ocr_par' dir='ltr' id='par_1_103' title="bbox 2217 4661 3812 4745">
     <span class='ocr_line' id='line_1_103' title="bbox 2217 4661 3812 4745; baseline -0.012 -15"><span class='ocrx_word' id='word_1_755' title='bbox 2217 4689 2458 4745; x_wconf 84' lang='lat' dir='ltr'><strong>surgere,</strong></span> <span class='ocrx_word' id='word_1_756' title='bbox 2504 4671 2606 4726; x_wconf 90' lang='lat' dir='ltr'><strong>nisi</strong></span> <span class='ocrx_word' id='word_1_757' title='bbox 2636 4683 2731 4742; x_wconf 87' lang='lat' dir='ltr'><strong>per</strong></span> <span class='ocrx_word' id='word_1_758' title='bbox 2770 4668 2866 4724; x_wconf 91' lang='lat' dir='ltr'><strong>Dei</strong></span> <span class='ocrx_word' id='word_1_759' title='bbox 2909 4663 3361 4721; x_wconf 87' lang='lat' dir='ltr'><strong>misericordiam.</strong></span> <span class='ocrx_word' id='word_1_760' title='bbox 3393 4661 3451 4716; x_wconf 89' lang='lat' dir='ltr'><strong>lu</strong></span> <span class='ocrx_word' id='word_1_761' title='bbox 3480 4669 3812 4728; x_wconf 86' lang='lat' dir='ltr'><strong>unoquoque</strong></span> 
     </span>
    </p>
   </div>
   <div class='ocr_carea' id='block_1_104' title="bbox 2219 4748 3813 4837">
    <p class='ocr_par' dir='ltr' id='par_1_104' title="bbox 2219 4748 3813 4837">
     <span class='ocr_line' id='line_1_104' title="bbox 2219 4748 3813 4837; baseline -0.013 -14"><span class='ocrx_word' id='word_1_762' title='bbox 2219 4778 2402 4823; x_wconf 85' lang='lat' dir='ltr'><strong>tamen</strong></span> <span class='ocrx_word' id='word_1_763' title='bbox 2441 4764 2649 4837; x_wconf 90' lang='lat' dir='ltr'><strong>psalmo</strong></span> <span class='ocrx_word' id='word_1_764' title='bbox 2673 4760 2894 4832; x_wconf 90' lang='lat' dir='ltr'><strong>propria</strong></span> <span class='ocrx_word' id='word_1_765' title='bbox 2922 4756 3151 4812; x_wconf 90' lang='lat' dir='ltr'><strong>intentio</strong></span> <span class='ocrx_word' id='word_1_766' title='bbox 3177 4752 3467 4825; x_wconf 65' lang='lat' dir='ltr'><strong>quaerenda</strong></span> <span class='ocrx_word' id='word_1_767' title='bbox 3496 4759 3597 4805; x_wconf 87' lang='lat' dir='ltr'><strong>est.</strong></span> <span class='ocrx_word' id='word_1_768' title='bbox 3630 4748 3699 4803; x_wconf 88' lang='lat' dir='ltr'><strong>Et</strong></span> <span class='ocrx_word' id='word_1_769' title='bbox 3725 4750 3813 4803; x_wconf 74' lang='lat' dir='ltr'><strong>est</strong></span> 
     </span>
    </p>
   </div>
   <div class='ocr_carea' id='block_1_105' title="bbox 2221 4838 3810 4924">
    <p class='ocr_par' dir='ltr' id='par_1_105' title="bbox 2221 4838 3810 4924">
     <span class='ocr_line' id='line_1_105' title="bbox 2221 4838 3810 4924; baseline -0.013 -10"><span class='ocrx_word' id='word_1_770' title='bbox 2221 4857 2449 4914; x_wconf 89' lang='lat' dir='ltr'><strong>intentio</strong></span> <span class='ocrx_word' id='word_1_771' title='bbox 2497 4852 2781 4924; x_wconf 68' lang='lat' dir='ltr'><strong>Propheta:</strong></span> <span class='ocrx_word' id='word_1_772' title='bbox 2818 4850 2870 4904; x_wconf 91' lang='lat' dir='ltr'><strong>in</strong></span> <span class='ocrx_word' id='word_1_773' title='bbox 2898 4848 3002 4904; x_wconf 86' lang='lat' dir='ltr'><strong>hoc</strong></span> <span class='ocrx_word' id='word_1_774' title='bbox 3058 4846 3235 4918; x_wconf 89' lang='lat' dir='ltr'><strong>primo</strong></span> <span class='ocrx_word' id='word_1_775' title='bbox 3280 4843 3488 4915; x_wconf 89' lang='lat' dir='ltr'><strong>psalmo</strong></span> <span class='ocrx_word' id='word_1_776' title='bbox 3515 4838 3810 4897; x_wconf 88' lang='lat' dir='ltr'><strong>ostendere</strong></span> 
     </span>
    </p>
   </div>
   <div class='ocr_carea' id='block_1_106' title="bbox 2220 4932 3812 5025">
    <p class='ocr_par' dir='ltr' id='par_1_106' title="bbox 2220 4932 3812 5025">
     <span class='ocr_line' id='line_1_106' title="bbox 2220 4932 3812 5025; baseline -0.012 -19"><span class='ocrx_word' id='word_1_777' title='bbox 2220 4949 2491 5025; x_wconf 88' lang='lat' dir='ltr'><strong>quomodo</strong></span> <span class='ocrx_word' id='word_1_778' title='bbox 2516 4958 2570 5002; x_wconf 89' lang='lat' dir='ltr'><strong>et</strong></span> <span class='ocrx_word' id='word_1_779' title='bbox 2595 4961 2693 5018; x_wconf 89' lang='lat' dir='ltr'><strong>per</strong></span> <span class='ocrx_word' id='word_1_780' title='bbox 2726 4958 2885 5014; x_wconf 89' lang='lat' dir='ltr'><strong>quem</strong></span> <span class='ocrx_word' id='word_1_781' title='bbox 2913 4940 2982 4996; x_wconf 89' lang='lat' dir='ltr'><strong>ab</strong></span> <span class='ocrx_word' id='word_1_782' title='bbox 3020 4940 3111 4995; x_wconf 90' lang='lat' dir='ltr'><strong>illo</strong></span> <span class='ocrx_word' id='word_1_783' title='bbox 3141 4955 3270 4995; x_wconf 91' lang='lat' dir='ltr'><strong>casu</strong></span> <span class='ocrx_word' id='word_1_784' title='bbox 3299 4947 3354 4992; x_wconf 86' lang='grc' dir='ltr'><strong>ει</strong></span> <span class='ocrx_word' id='word_1_785' title='bbox 3374 4936 3442 4992; x_wconf 90' lang='lat' dir='ltr'><strong>ab</strong></span> <span class='ocrx_word' id='word_1_786' title='bbox 3468 4934 3557 4990; x_wconf 88' lang='lat' dir='ltr'><strong>illa</strong></span> <span class='ocrx_word' id='word_1_787' title='bbox 3588 4932 3812 4989; x_wconf 80' lang='lat' dir='ltr'><strong>miseria</strong></span> 
     </span>
    </p>
   </div>
   <div class='ocr_carea' id='block_1_107' title="bbox 2221 5032 3813 5115">
    <p class='ocr_par' dir='ltr' id='par_1_107' title="bbox 2221 5032 3813 5115">
     <span class='ocr_line' id='line_1_107' title="bbox 2221 5032 3813 5115; baseline -0.013 -15"><span class='ocrx_word' id='word_1_788' title='bbox 2221 5046 2275 5101; x_wconf 92' lang='lat' dir='ltr'><strong>in</strong></span> <span class='ocrx_word' id='word_1_789' title='bbox 2307 5058 2411 5115; x_wconf 87' lang='lat' dir='ltr'><strong>qua</strong></span> <span class='ocrx_word' id='word_1_790' title='bbox 2459 5041 2755 5096; x_wconf 90' lang='lat' dir='ltr'><strong>humanum</strong></span> <span class='ocrx_word' id='word_1_791' title='bbox 2784 5049 2953 5106; x_wconf 83' lang='lat' dir='ltr'><strong>genus</strong></span> <span class='ocrx_word' id='word_1_792' title='bbox 2976 5032 3124 5105; x_wconf 85' lang='lat' dir='ltr'><strong>jacet</strong></span> <span class='ocrx_word' id='word_1_793' title='bbox 3145 5040 3199 5087; x_wconf 87' lang='lat' dir='ltr'><strong>et</strong></span> <span class='ocrx_word' id='word_1_794' title='bbox 3224 5038 3494 5091; x_wconf 87' lang='lat' dir='ltr'><strong>versatur,</strong></span> <span class='ocrx_word' id='word_1_795' title='bbox 3518 5038 3813 5098; x_wconf 80' lang='lat' dir='ltr'><strong>resurgere</strong></span> 
     </span>
    </p>
   </div>
   <div class='ocr_carea' id='block_1_108' title="bbox 2220 5117 3813 5201">
    <p class='ocr_par' dir='ltr' id='par_1_108' title="bbox 2220 5117 3813 5201">
     <span class='ocr_line' id='line_1_108' title="bbox 2220 5117 3813 5201; baseline -0.014 -7"><span class='ocrx_word' id='word_1_796' title='bbox 2220 5137 2421 5201; x_wconf 86' lang='lat' dir='ltr'><strong>valeat,</strong></span> <span class='ocrx_word' id='word_1_797' title='bbox 2465 5132 2672 5189; x_wconf 88' lang='lat' dir='ltr'><strong>scilicet</strong></span> <span class='ocrx_word' id='word_1_798' title='bbox 2710 5144 2807 5201; x_wconf 89' lang='lat' dir='ltr'><strong>per</strong></span> <span class='ocrx_word' id='word_1_799' title='bbox 2848 5125 3144 5189; x_wconf 87' lang='lat' dir='ltr'><strong>Christum,</strong></span> <span class='ocrx_word' id='word_1_800' title='bbox 3179 5123 3439 5177; x_wconf 89' lang='lat' dir='ltr'><strong>imitando</strong></span> <span class='ocrx_word' id='word_1_801' title='bbox 3484 5135 3609 5174; x_wconf 88' lang='lat' dir='ltr'><strong>eum</strong></span> <span class='ocrx_word' id='word_1_802' title='bbox 3639 5137 3652 5173; x_wconf 91' lang='lat'>:</span> <span class='ocrx_word' id='word_1_803' title='bbox 3682 5117 3813 5201; x_wconf 83' lang='lat' dir='ltr'><strong>quia</strong></span> 
     </span>
    </p>
   </div>
   <div class='ocr_carea' id='block_1_109' title="bbox 2220 5200 3814 5303">
    <p class='ocr_par' dir='ltr' id='par_1_109' title="bbox 2220 5200 3814 5303">
     <span class='ocr_line' id='line_1_109' title="bbox 2220 5200 3814 5303; baseline -0.013 -17"><span class='ocrx_word' id='word_1_804' title='bbox 2220 5224 2319 5302; x_wconf 84' lang='lat' dir='ltr'><strong>per</strong></span> <span class='ocrx_word' id='word_1_805' title='bbox 2341 5244 2439 5284; x_wconf 91' lang='lat' dir='ltr'><strong>nos</strong></span> <span class='ocrx_word' id='word_1_806' title='bbox 2469 5226 2783 5290; x_wconf 89' lang='lat' dir='ltr'><strong>cecidimus,</strong></span> <span class='ocrx_word' id='word_1_807' title='bbox 2818 5222 2912 5278; x_wconf 90' lang='lat' dir='ltr'><strong>sed</strong></span> <span class='ocrx_word' id='word_1_808' title='bbox 2950 5237 3046 5291; x_wconf 89' lang='lat' dir='ltr'><strong>per</strong></span> <span class='ocrx_word' id='word_1_809' title='bbox 3084 5234 3184 5275; x_wconf 90' lang='lat' dir='ltr'><strong>nos</strong></span> <span class='ocrx_word' id='word_1_810' title='bbox 3210 5231 3492 5287; x_wconf 87' lang='lat' dir='ltr'><strong>resurgere</strong></span> <span class='ocrx_word' id='word_1_811' title='bbox 3530 5230 3637 5270; x_wconf 91' lang='lat' dir='ltr'><strong>non</strong></span> <span class='ocrx_word' id='word_1_812' title='bbox 3664 5200 3814 5303; x_wconf 47' lang='lat' dir='ltr'><strong>vale,-</strong></span> 
     </span>
    </p>
   </div>
   <div class='ocr_carea' id='block_1_110' title="bbox 2225 5302 3813 5390">
    <p class='ocr_par' dir='ltr' id='par_1_110' title="bbox 2225 5302 3813 5390">
     <span class='ocr_line' id='line_1_110' title="bbox 2225 5302 3813 5390; baseline -0.011 -13"><span class='ocrx_word' id='word_1_813' title='bbox 2225 5338 2364 5378; x_wconf 90' lang='lat' dir='ltr'><strong>mus.</strong></span> <span class='ocrx_word' id='word_1_814' title='bbox 2392 5320 2611 5377; x_wconf 89' lang='lat' dir='ltr'><strong>Primus</strong></span> <span class='ocrx_word' id='word_1_815' title='bbox 2630 5316 2871 5390; x_wconf 87' lang='lat' dir='ltr'><strong>psalmus</strong></span> <span class='ocrx_word' id='word_1_816' title='bbox 2899 5312 3113 5368; x_wconf 90' lang='lat' dir='ltr'><strong>titulum</strong></span> <span class='ocrx_word' id='word_1_817' title='bbox 3142 5326 3249 5366; x_wconf 91' lang='lat' dir='ltr'><strong>non</strong></span> <span class='ocrx_word' id='word_1_818' title='bbox 3284 5310 3466 5369; x_wconf 90' lang='lat' dir='ltr'><strong>habet,</strong></span> <span class='ocrx_word' id='word_1_819' title='bbox 3496 5306 3626 5377; x_wconf 82' lang='lat' dir='ltr'><strong>quia</strong></span> <span class='ocrx_word' id='word_1_820' title='bbox 3654 5302 3813 5375; x_wconf 88' lang='lat' dir='ltr'><strong>quasi</strong></span> 
     </span>
    </p>
   </div>
   <div class='ocr_carea' id='block_1_111' title="bbox 2216 5394 3813 5477">
    <p class='ocr_par' dir='ltr' id='par_1_111' title="bbox 2216 5394 3813 5477">
     <span class='ocr_line' id='line_1_111' title="bbox 2216 5394 3813 5477; baseline -0.013 -7"><span class='ocrx_word' id='word_1_821' title='bbox 2216 5396 2412 5470; x_wconf 82' lang='lat' dir='ltr'><strong>titulus</strong></span> <span class='ocrx_word' id='word_1_822' title='bbox 2442 5420 2527 5467; x_wconf 90' lang='lat' dir='ltr'><strong>est</strong></span> <span class='ocrx_word' id='word_1_823' title='bbox 2568 5410 2733 5466; x_wconf 91' lang='lat' dir='ltr'><strong>totius</strong></span> <span class='ocrx_word' id='word_1_824' title='bbox 2774 5405 2931 5473; x_wconf 87' lang='lat' dir='ltr'><strong>libri;</strong></span> <span class='ocrx_word' id='word_1_825' title='bbox 2984 5403 3158 5477; x_wconf 88' lang='lat' dir='ltr'><strong>aperit</strong></span> <span class='ocrx_word' id='word_1_826' title='bbox 3207 5401 3352 5457; x_wconf 91' lang='lat' dir='ltr'><strong>enim</strong></span> <span class='ocrx_word' id='word_1_827' title='bbox 3394 5394 3461 5454; x_wconf 89' lang='lat' dir='ltr'><strong>ad</strong></span> <span class='ocrx_word' id='word_1_828' title='bbox 3505 5412 3666 5469; x_wconf 89' lang='lat' dir='ltr'><strong>quem</strong></span> <span class='ocrx_word' id='word_1_829' title='bbox 3701 5400 3813 5451; x_wconf 76' lang='lat' dir='ltr'><strong>tota</strong></span> 
     </span>
    </p>
   </div>
   <div class='ocr_carea' id='block_1_112' title="bbox 2221 5488 3813 5567">
    <p class='ocr_par' dir='ltr' id='par_1_112' title="bbox 2221 5488 3813 5567">
     <span class='ocr_line' id='line_1_112' title="bbox 2221 5488 3813 5567; baseline -0.011 -4"><span class='ocrx_word' id='word_1_830' title='bbox 2221 5508 2349 5563; x_wconf 72' lang='lat' dir='ltr'><strong>libri</strong></span> <span class='ocrx_word' id='word_1_831' title='bbox 2389 5504 2618 5561; x_wconf 72' lang='lat' dir='ltr'><strong>intentio</strong></span> <span class='ocrx_word' id='word_1_832' title='bbox 2667 5503 2740 5558; x_wconf 81' lang='lat' dir='ltr'><strong>sit</strong></span> <span class='ocrx_word' id='word_1_833' title='bbox 2782 5498 3090 5556; x_wconf 73' lang='lat' dir='ltr'><strong>referenda.</strong></span> <span class='ocrx_word' id='word_1_834' title='bbox 3132 5494 3289 5551; x_wconf 77' lang='lat' dir='ltr'><strong>Nunc</strong></span> <span class='ocrx_word' id='word_1_835' title='bbox 3313 5492 3599 5567; x_wconf 81' lang='lat' dir='ltr'><strong>adpsalmi</strong></span> <span class='ocrx_word' id='word_1_836' title='bbox 3649 5488 3813 5563; x_wconf 83' lang='lat' dir='ltr'><strong>primi</strong></span> 
     </span>
    </p>
   </div>
   <div class='ocr_carea' id='block_1_113' title="bbox 2223 5586 3423 5668">
    <p class='ocr_par' dir='ltr' id='par_1_113' title="bbox 2223 5586 3423 5668">
     <span class='ocr_line' id='line_1_113' title="bbox 2223 5586 3423 5668; baseline -0.012 -14"><span class='ocrx_word' id='word_1_837' title='bbox 2223 5596 2646 5668; x_wconf 75' lang='lat' dir='ltr'><strong>expositionem,</strong></span> <span class='ocrx_word' id='word_1_838' title='bbox 2678 5593 2789 5648; x_wconf 88' lang='lat' dir='ltr'><strong>Deo</strong></span> <span class='ocrx_word' id='word_1_839' title='bbox 2806 5587 3051 5659; x_wconf 75' lang='lat' dir='ltr'><strong>iuvante,</strong></span> <span class='ocrx_word' id='word_1_840' title='bbox 3079 5586 3423 5644; x_wconf 83' lang='lat' dir='ltr'><strong>accedamus.</strong></span> 
     </span>
    </p>
   </div>
   <div class='ocr_carea' id='block_1_114' title="bbox 1758 5828 2874 5879">
    <p class='ocr_par' dir='ltr' id='par_1_114' title="bbox 1758 5828 2874 5879">
     <span class='ocr_line' id='line_1_114' title="bbox 1758 5828 2874 5879; baseline -0.005 -6"><span class='ocrx_word' id='word_1_841' title='bbox 1758 5828 2874 5879; x_wconf 62' lang='grc' dir='ltr'><strong>-αεςῡ-οο-οεε--υ--τ-η</strong></span> 
     </span>
    </p>
   </div>
  </div>
