3986 5752
191 341 294 401 “9

432 531 1916 838 ENABRATIONES
1997 633 2198 803 ΙΝ
2253 531 3182 822 1)δῶἇᾷ

647 994 972 1053 PSALMUS
1023 997 1302 1058 PRIMUS.

258 1150 276 1183 ι
313 1129 519 1187 Beatus
551 1133 633 1187 vir
660 1134 753 1204 qui
783 1151 890 1191 non
932 1135 1066 1192 abiit
1110 1138 1163 1196 in
1195 1139 1427 1196 consilio
1455 1141 1764 1211 impiorum,

192 1245 209 1279 ι
239 1235 290 1282 et
315 1228 366 1280 in
396 1226 481 1281 via
511 1237 857 1296 peccatorum
883 1245 987 1284 non
1011 1231 1181 1294 stetit,
1209 1240 1263 1286 et
1293 1231 1346 1287 in
1381 1233 1642 1289 cathedra
1670 1250 1766 1304 pe-

191 1337 208 1370 ι
241 1318 492 1374 stilentiae
541 1336 648 1375 non
675 1323 815 1377 sedit
846 1341 858 1376 :
895 1324 988 1384 sed
1031 1325 1086 1380 in
1112 1325 1229 1398 lege
1259 1325 1468 1383 Domini
1515 1329 1764 1396 voluntas

189 1427 206 1460 ι
236 1408 368 1475 ejus,
389 1419 446 1464 et
473 1410 528 1464 in
565 1409 679 1481 lege
723 1411 839 1479 ejus
887 1416 1238 1472 meditabitur
1267 1418 1354 1473 die
1389 1435 1454 1476 ac
1484 1432 1663 1478 nocte.
1693 1423 1762 1478 Et

189 1521 206 1554 ι
239 1504 335 1558 erit
372 1513 630 1574 tanquam
661 1503 863 1577 lignum
886 1509 1028 1578 quod
1054 1509 1354 1580 plantatum
1374 1523 1460 1570 est
1490 1531 1646 1571 secus
1669 1516 1763 1572 de-

189 1614 206 1646 ‹
237 1613 427 1654 cursus
479 1615 772 1671 aquarum,
822 1604 966 1673 quod
1015 1603 1251 1661 fructum
1295 1623 1450 1664 suum
1504 1609 1652 1664 dabit
1704 1611 1758 1666 in

187 1709 204 1742 ε
238 1699 470 1760 tempore
493 1708 616 1747 suo.
654 1694 720 1749 Et
743 1692 928 1750 folium
960 1695 1080 1766 ejus
1109 1714 1214 1753 non
1242 1699 1455 1764 detinet,
1480 1710 1536 1758 et
1575 1703 1756 1758 omnia

189 1799 204 1833 ι
238 1798 569 1854 quaecunque
613 1783 776 1842 faciet
809 1788 1292 1857 prosperabuutur.
1326 1789 1442 1846 Non
1463 1792 1541 1848 sic
1581 1793 1753 1862 impii,

187 1891 202 1924 ε
239 1889 336 1928 non
364 1874 462 1940 sic,
488 1876 588 1930 sed
639 1884 892 1948 tanquam
924 1878 1099 1947 pulvis
1129 1896 1289 1950 quem
1317 1883 1529 1952 projicit
1563 1893 1756 1940 ventus

186 1985 201 2017 ι
237 1982 262 2019 a
290 1967 425 2023 faeie
455 1977 636 2024 terrm.
669 1968 793 2024 Ideo
822 1986 928 2025 non
954 1983 1237 2044 resurgant
1268 1974 1416 2045 impii
1447 1976 1500 2030 in
1523 1975 1752 2043 judicio,

188 2077 204 2110 ι
235 2075 398 2130 neque
438 2070 757 2131 peccatores
799 2063 854 2118 in
899 2065 1128 2120 consilio
1173 2066 1467 2138 justorum,
1495 2071 1752 2139 quoniam

187 2166 204 2199 ‹
238 2149 373 2203 novit
416 2149 682 2207 Dominus
734 2152 876 2212 viam
901 2151 1193 2224 iustorum,
1231 2167 1288 2213 et
1316 2159 1419 2215 iter
1463 2160 1752 2232 impiorum

189 2258 204 2292 ε
241 2240 446 2313 peribit.
485 2263 505 2297 ι

721 2371 1181 2432 ENARRATIO.

242 2482 420 2540 Beatus
459 2488 560 2542 vir.
607 2487 768 2555 Quasi
815 2489 959 2545 dicat
990 2509 1002 2543 :
1033 2490 1172 2547 Olim
1222 2493 1369 2548 venit
1419 2494 1640 2564 quidam
1692 2496 1744 2552 in

181 2571 302 2630 hunc
347 2577 630 2643 mundum,
679 2580 769 2650 qui
810 2582 1045 2638 nonfuit
1096 2584 1202 2650 vir,
1230 2588 1322 2641 sed
1353 2586 1469 2642 sine
1513 2589 1742 2657 viribus,

181 2667 286 2734 quia
331 2667 616 2725 iucentivis
646 2671 897 2728 vitiorum
930 2677 1243 2744 succubuit;
1274 2689 1328 2734 et
1375 2678 1495 2734 ideo
1536 2679 1740 2748 infelix,

181 2757 286 2826 quia
303 2760 428 2815 abiit
444 2778 473 2816 a
496 2761 620 2833 lege
645 2764 854 2819 Domini
881 2764 973 2821 Dei
998 2767 1078 2822 sui
1109 2786 1205 2839 per
1221 2769 1633 2828 delectationem
1655 2790 1740 2829 ve-

180 2851 371 2906 titorum
391 2871 406 2919 ;
430 2855 583 2909 stetit
604 2872 699 2926 per
722 2873 1067 2927 consensum,
1094 2861 1231 2916 sedit
1250 2878 1348 2934 per
1367 2865 1736 2934 operationem

180 2952 221 2995 et
244 2946 692 3009 consuetudinem,
716 2959 1000 3020 propterea
1025 2952 1090 3007 de
1125 2969 1336 3009 summa
1361 2953 1618 3011 felicitate
1647 2958 1740 3012 de-

180 3031 288 3087 cidit
324 3036 371 3089 in
406 3053 678 3094 summam
730 3040 1028 3108 miseriam,
1055 3045 1120 3099 de
1141 3045 1252 3100 vita
1293 3047 1358 3100 ad
1393 3059 1646 3114 mortem,
1671 3049 1738 3105 de

181 3124 549 3187 iunnortalitate
585 3134 650 3187 ad
679 3135 1096 3204 mortalitatem;
1132 3149 1187 3194 et
1214 3156 1419 3205 secum,
1463 3141 1609 3196 velut
1651 3160 1735 3197 ra-

181 3215 271 3280 dix,
301 3235 449 3276 omne
484 3223 784 3280 humanum
817 3245 984 3296 genus
1018 3238 1274 3302 tanquam
1332 3250 1513 3289 ramos
1543 3235 1593 3288 in
1626 3236 1734 3291 ima

179 3307 360 3380 deiecit.
388 3310 492 3368 Sed
533 3315 714 3371 veniet
739 3317 956 3386 quidam
986 3321 1084 3383 vir,
1120 3331 1174 3376 et
1203 3323 1338 3378 bene
1369 3324 1454 3378 vir
1474 3325 1600 3394 quia
1622 3325 1734 3381 for-

179 3397 253 3463 tis,
292 3403 406 3472 quia
448 3405 852 3478 insuperabilis.
894 3407 1112 3476 Beatus,
1163 3413 1316 3483 quasi
1347 3413 1482 3469 bene
1515 3427 1736 3483 auctus,

178 3491 352 3549 scilicet
377 3497 456 3551 vir
477 3496 774 3568 perfectus,
792 3501 916 3572 quia
945 3518 1060 3557 cum
1084 3503 1204 3557 aliis
1229 3504 1418 3558 dotatur
1443 3507 1581 3560 (Iona
1613 3505 1733 3578 Spi-

177 3573 288 3638 ritus
322 3589 485 3641 sancti
508 3589 583 3643 ad
615 3607 938 3658 mensuram,
980 3593 1050 3648 in
1071 3613 1130 3649 eo
1155 3596 1407 3652 habitarit
1430 3601 1597 3653 omnis
1623 3601 1730 3669 ple-

176 3675 333 3731 nitudo
358 3680 648 3738 divinitatis
675 3685 1014 3756 corporaliter
1054 3687 1072 3758 (
1099 3685 1261 3744 Joan.
1289 3705 1377 3754 tu;
1428 3689 1578 3744 Rom.
1611 3708 1723 3758 xu;
1756 3740 1802 3804 Ο

177 3763 254 3804 ΡηΙ
318 3787 354 3804 ι.
383 3773 400 3804 \
455 3773 506 3804 ἔτι
541 3781 624 3804 ,εει
669 3777 875 3804 num.--
905 3788 954 3804 η.
991 3779 1156 3804 -.μιιιλ
1222 3790 1276 3804 --ι
1313 3781 1382 3804 -2.
1417 3784 1668 3804 .....ι.ν,.Δ
1711 3801 1720 3804 -

177 3763 269 3852 σοι.
318 3787 354 3826 ιι
383 3773 423 3842 ),
455 3773 507 3830 id
539 3781 628 3832 est
669 3777 876 3848 integre
903 3788 958 3834 et
989 3779 1179 3845 solide,
1222 3790 1278 3834 ut
1311 3781 1385 3837 ait
1417 3784 1673 3852 propheta
1708 3801 1722 3838 :

178 3851 232 3909 Et
251 3862 511 3931 requiescet
538 3883 698 3934 super
726 3885 846 3923 eum
879 3867 1104 3940 Spiritus
1132 3871 1365 3936 Domini,
1389 3874 1616 3944 Spiritus
1641 3896 1726 3931 sa-

177 3949 357 4034 pientia?
393 3965 438 4010 et
468 3957 785 4024 intellectus,
818 3970 922 4016 etc.
959 3960 1092 4034 (Isti.
1128 3965 1194 4032 1).
1221 3995 1290 4003 —
1314 3961 1417 4031 Qui
1445 3984 1546 4020 non
1572 3967 1721 4022 abiit.

173 4029 256 4106 Qui
287 4060 378 4098 non
407 4049 620 4104 recedet
655 4066 689 4104 a.
714 4050 828 4123 lege
855 4051 1064 4107 Domini
1097 4055 1190 4110 Dei
1229 4056 1334 4122 sui,
1365 4057 1718 4124 quemadmo-

173 4126 276 4186 dum
301 4134 380 4191 ille
401 4138 608 4207 infelix,
633 4142 988 4200 delectatione
1015 4148 1219 4216 peccati
1253 4149 1490 4218 pericns,
1516 4151 1724 4207 scilicet

171 4218 216 4305 in
237 4227 433 4283 consilio
459 4230 761 4302 impiorum.
801 4233 1096 4290 Consilium
1146 4237 1431 4309 impiorum
1469 4239 1566 4295 fuit
1607 4257 1720 4296 scr-

171 4299 323 4380 peutis
357 4327 408 4374 et
439 4320 583 4378 Eva.
626 4323 920 4380 Consilium
963 4327 1158 4382 dicitur
1201 4330 1501 4402 excogitata
1560 4333 1718 4387 ratio.

172 4399 227 4456 Et
248 4421 453 4480 serpens
491 4431 612 4470 eum
642 4432 744 4471 non
776 4427 955 4489 posset
995 4436 1092 4490 per
1125 4437 1184 4476 se
1213 4423 1384 4478 Adam
1436 4427 1715 4490 seducere,

171 4489 354 4555 Iédusit
380 4501 563 4573 Evam,
607 4518 661 4562 et
707 4525 803 4580 per
827 4489 1210 4578 EvamAdam,
1242 4514 1433 4571 callide
1455 4518 1589 4571 satis
1616 4533 1714 4588 per

172 4587 333 4647 vitium
373 4597 510 4667 quod
551 4610 635 4657 est
663 4603 848 4659 virtuti
881 4608 1208 4676 proximum,
1259 4625 1356 4680 per
1402 4587 1710 4680 cupidinem

172 4677 380 4754 honoris,
420 4692 601 4751 dicens
641 4714 652 4750 :
696 4696 861 4752 Erilis
895 4700 1026 4755 sicut
1060 4702 1156 4767 dii,
1186 4703 1405 4758 scientes
1451 4705 1640 4759 bonum
1668 4717 1713 4762 et

172 4775 339 4834 ntaluin
380 4782 546 4855 (Gen.
578 4790 702 4862 nl).
741 4790 870 4848 lude
912 4802 966 4850 et
1011 4795 1207 4852 dicitur
1253 4798 1394 4869 quod
1435 4799 1487 4854 in
1533 4799 1711 4858 forma

172 4874 402 4966 serpentis
432 4877 672 4936 diabolus
719 4882 889 4939 Adam
937 4897 992 4943 et
1043 4889 1210 4945 Evam
1250 4893 1544 4957 seduxerit,
1583 4895 1713 4966 quia

173 4957 347 5018 nullum
375 4968 555 5027 vitium
601 4974 811 5034 facilius
849 4981 1020 5050 serpit
1057 4982 1106 5036 in
1154 4984 1396 5040 animum
1427 4987 1708 5042 hominum

173 5059 308 5114 quam
337 5058 688 5132 ambitio,non
721 5071 866 5139 quod
898 5071 1126 5130 formam
1159 5078 1425 5146 serpentis
1450 5079 1706 5145 induerit,
1736 5108 1792 5170 D

173 5153 272 5195 cum
315 5146 361 5201 in
401 5156 575 5223 specie
622 5159 857 5217 humana
895 5164 1167 5224 hominem
1213 5167 1421 5225 facilius
1461 5171 1734 5242 decipere.

173 5244 342 5298 posset.
381 5242 566 5313 Aliter,
597 5251 649 5307 in
679 5254 896 5308 consilio
926 5257 1225 5328 impiorum.
1263 5260 1555 5317 Consilium
1583 5279 1704 5319 om-

173 5327 295 5429 nium
323 5335 593 5408 impiorum
619 5356 704 5406 est
745 5364 840 5404 sua
866 5366 1129 5429 quan-ere,
1154 5371 1260 5410 non
1293 5372 1410 5426 quae
1439 5367 1562 5411 sunt
1585 5356 1700 5410 Dei.

174 5411 341 5485 Christi
369 5430 594 5489 animum
626 5453 727 5494 nec
756 5411 1006 5498 elationis
1031 5446 1228 5516 cupido
1259 5447 1527 5518 subrepsit
1562 5466 1574 5502 :
1608 5445 1701 5518 qui

172 5521 255 5577 non
277 5520 492 5584 rapinam
521 5526 808 5586 arbitratus
829 5541 903 5587 est
942 5550 1050 5600 esse
1069 5552 1123 5590 se
1153 5537 1408 5608 (aqualem
1448 5539 1579 5605 Deo»
1609 5536 1700 5591 θεά

169 5605 457 5700 ξεξηριίρεωη
516 5618 798 5675 exinanivit
840 5623 1060 5693 formam
1089 5628 1224 5683 servi
1276 5631 1553 5700 accipiens,
1587 5639 1694 5686 etc.

168 5686 330 5752 (.Phil-
355 5715 411 5752 Π.
438 5704 455 5752 δ
483 5706 587 5752 Non
613 5714 778 5752 "Hann
819 5722 1021 5752 ηοηηηιῖ
1049 5722 1227 5752 Ind...“
1262 5686 1668 5752 .l.\l,..'~.i.‘n:-..-...

1315 339 1844 402 ENARRATIONES
1885 345 1951 402 ΙΝ
1989 346 2316 410 PSALMOS.

3365 366 3468 425 150

2919 521 3434 550 α--ι--ι--1-

1791 989 2111 1075 ΑἸοίιιιίιιηι
2139 1008 2203 1065 de
2241 1007 2456 1070 Christo
2483 1017 2680 1087 capite,
2723 1029 2776 1076 et
2821 1021 2940 1079 ideo
2967 1026 3178 1084 videtur
3206 1031 3461 1098 sufﬁcere

1875 1114 1995 1169 qua:
2023 1100 2175 1156 dixit.
2212 1105 2315 1171 Qui
2355 1124 2458 1163 non
2483 1109 2629 1164 abiit.
2660 1109 2795 1180 Quia
2820 1115 2864 1171 si
2895 1133 3000 1173 non
3029 1118 3333 1180 delectatus
3352 1136 3457 1193 est,

1873 1193 2042 1248 multo
2075 1197 2250 1253 minus
2279 1202 2584 1272 consensit;
2616 1207 2658 1261 si
2691 1224 2797 1264 non
2833 1215 3125 1280 consensit,
3150 1217 3319 1275 multo
3345 1221 3450 1276 mi-

1871 1303 1970 1342 nus
2004 1289 2149 1346 fecit.

1943 1380 2047 1436 Sed
2089 1394 2147 1439 ut
2173 1389 2483 1446 ostenderet
2531 1392 2719 1448 eodem
2769 1396 2959 1454 ordine
2989 1403 3376 1473 resurgendum
3425 1422 3458 1462 a

1869 1472 2060 1542 triplici
2095 1486 2265 1531 morte
2300 1480 2494 1535 auinne
2528 1498 2556 1536 a
2600 1490 2877 1542 contrario
2911 1504 3018 1558 quo
3049 1472 3364 1561 cecidimus,
3400 1505 3458 1561 et

1867 1564 1917 1618 in
1947 1566 2162 1621 Christo
2184 1583 2304 1626 esse
2345 1573 2501 1630 nobis
2534 1575 2758 1633 formam
2795 1587 3133 1656 resurgendi,
3186 1588 3306 1643 ideo
3355 1590 3461 1650 hoc

1864 1655 1937 1709 illi
1967 1660 2233 1715 attribuit.
2266 1662 2444 1720 Potest
2476 1677 2528 1722 et
2558 1668 2714 1723 aliter
2745 1669 2868 1743 legi,
2922 1655 2981 1729 ut
3018 1675 3132 1731 haec
3175 1677 3457 1740 dictinctio

1865 1757 1988 1817 apte
2033 1753 2340 1817 conveniat,
2388 1756 2482 1810 sed
2535 1757 2763 1815 diversis
2817 1764 3063 1831 personis
3099 1775 3156 1820 ut
3203 1769 3459 1824 ostendat

1861 1841 2050 1897 modos
2081 1848 2417 1917 resurgendi,
2460 1849 2566 1904 itu:
2618 1851 2814 1910 Beatus
2845 1857 2928 1910 vir
2976 1859 3068 1928 qui
3118 1875 3222 1914 non
3265 1861 3456 1916 habuit

1859 1932 2021 1988 ullam
2049 1935 2454 1995 delectationem
2472 1945 2694 2012 peccati,
2722 1955 2778 2001 ut
2802 1947 3262 2017 Maria,Joannes,
3287 1961 3341 2008 et
3361 1953 3452 2009 ille

1858 2024 2065 2091 beatus,
2094 2030 2207 2098 qui,
2239 2033 2336 2087 etsi
2369 2032 2667 2092 delectatus
2708 2047 2810 2105 est,
2853 2041 2956 2096 etsi
3003 2044 3295 2108 consensit,
3339 2059 3449 2100 non

1858 2125 2036 2174 tamen
2075 2121 2125 2174 in
2161 2132 2338 2177 actum
2367 2125 2542 2194 duxit,
2575 2132 2821 2198 quamvis
2845 2147 2949 2187 non
2998 2135 3133 2190 adeo
3165 2135 3356 2192 beatus
3391 2146 3452 2192 ut

1857 2201 2185 2285 superiores.
2211 2217 2278 2271 Et
2319 2219 2372 2273 in
2400 2221 2480 2274 via
2509 2233 2840 2291 peccatorum
2868 2243 2969 2280 non
2997 2228 3157 2282 stetit.
3183 2230 3280 2284 Via
3318 2247 3449 2302 νεεδ

1857 2316 2101 2363 catorum
2148 2312 2324 2367 cumis
2356 2312 2537 2369 illicita
2579 2319 2833 2388 cogitatio
2859 2329 2942 2376 est
2989 2320 3042 2375 in
3085 2338 3189 2391 qua
3219 2333 3446 2389 stamus,

1777 2375 1827 2436 Β
1855 2414 1978 2454 cum
2023 2415 2348 2458 consensum
2396 2403 2717 2475 praebemus.
2755 2407 2860 2465 Sed
2889 2409 3159 2479 Christus,
3205 2415 3295 2483 qui
3346 2430 3445 2470 nec

1855 2506 2089 2561 unquam
2146 2493 2332 2549 illicita
2384 2498 2658 2568 cogitavit,
2698 2501 2868 2556 multo
2915 2501 3093 2558 minus
3145 2506 3442 2561 consensit.

1850 2578 2171 2638 Peccatores
2209 2593 2263 2640 et
2305 2585 2451 2656 impii
2495 2586 2585 2644 hic
2614 2604 2712 2658 pro
2751 2592 2938 2648 eodem
2969 2594 3328 2664 accipiuntur.
3371 2595 3441 2651 Et

1847 2671 1900 2725 in
1928 2672 2176 2726 cathedra
2214 2674 2523 2743 pestilentia:
2563 2694 2664 2732 non
2691 2681 2843 2733 sedit.
2883 2681 2939 2735 ld
2985 2692 3086 2747 est,
3124 2684 3214 2753 qui
3247 2700 3441 2754 pecca-

1847 2771 1958 2817 tum
1983 2763 2033 2817 in
2064 2766 2432 2832 operationem
2458 2784 2565 2823 non
2607 2771 2778 2826 duxit.
2816 2770 2916 2838 Qui
2951 2774 3091 2829 enim
3144 2790 3243 2830 nec
3297 2777 3446 2845 cogi-

1845 2856 1995 2918 tavit,
2042 2871 2140 2912 nec
2171 2859 2465 2927 consensit,
2513 2861 2682 2916 multo
2738 2865 2917 2923 minus
2968 2865 3095 2921 fecit
3135 2877 3440 2938 peccatum.

1843 2943 2112 3001 Cathedra
2143 2963 2328 3020 regum
2366 2958 2448 3005 est
2496 2951 2578 3006 vel
2623 2954 3030 3023 magistrorum.
3065 2956 3217 3024 Quod
3247 2969 3328 3013 est
3359 2959 3439 3013 di-

1843 3051 1987 3102 cere,
2026 3055 2247 3110 regnum
2295 3051 2569 3098 terrenum
2613 3044 2804 3103 uoluit.
2848 3046 2982 3103 Cum
3011 3050 3156 3104 enim
3188 3051 3440 3107 viderent

1842 3126 2089 3182 homines
2134 3144 2256 3184 eum
2298 3132 2389 3202 qui
2441 3134 2505 3188 de
2564 3136 2800 3206 quinque
2837 3140 3069 3208 panibus
3121 3151 3174 3197 et
3228 3143 3440 3198 duobus

1842 3221 2077 3290 piscibus
2101 3225 2335 3295 quinque
2359 3227 2520 3281 millia
2552 3228 2828 3285 hominum
2846 3241 3166 3298 saturasset,
3203 3236 3433 3290 terrenis

1841 3314 2138 3367 commodis
2164 3315 2434 3370 inhiantes
2475 3333 2696 3388 regnum
2722 3321 2771 3374 ei
2803 3319 2996 3376 otl'erre
3023 3324 3430 3393 cogitaverunt:

1839 3419 2066 3474 quorum
2093 3407 2404 3476 cogitationi
2431 3408 2509 3464 sic
2535 3410 2771 3465 obviavit
2789 3430 2800 3465 :
2821 3411 3242 3484 Operamininon
3259 3417 3433 3474 cibum

1837 3497 1928 3567 qui
1953 3498 2102 3566 perit.
2144 3498 2232 3552 sed
2254 3501 2343 3570 qui
2370 3511 2637 3570 permanet
2678 3504 2733 3557 in
2777 3505 2933 3559 vitam
2964 3514 3213 3562 wternam
3242 3507 3426 3579 (Joan.

1839 3591 1934 3661 tv).
1963 3591 2096 3660 Quia
2134 3593 2204 3646 illi
2232 3595 2296 3647 ad
2331 3595 2431 3650 hoc
2452 3611 2574 3652 eum
2604 3598 2856 3656 volebant
2883 3616 3064 3670 regem
3096 3597 3455 3662 constituere.

1838 3691 1892 3735 ut
1923 3683 2222 3738 necessaria
2256 3685 2362 3739 illis
2408 3689 2736 3758 pmvideret.
2787 3691 2904 3747 Non
2947 3693 3066 3749 ideo
3103 3705 3434 3764 potestatem

1836 3779 2103 3826 terrenam
2120 3775 2319 3843 Sprevit
2342 3778 2468 3847 quin
2487 3793 2604 3834 eam
2624 3781 2792 3850 possit
2811 3784 2926 3838 sine
2951 3794 3172 3854 peccato
3189 3786 3424 3853 habere;

1833 3860 1925 3914 sed
1955 3863 2079 3931 quia
2107 3877 2226 3917 eam
2261 3865 2514 3921 mortales
2545 3866 2661 3923 sine
2691 3881 2913 3939 peccato
2960 3883 3016 3928 et
3060 3873 3288 3932 aliorum
3340 3875 3426 3932 in-
3501 3923 3508 3929 .

1831 3953 2115 4030 commodo
2147 3953 2344 4011 habere
2372 3958 2636 4024 nesciunt,
2660 3961 2895 4017 nedaret
2918 3963 2996 4020 eis
3015 3967 3352 4022 occasionem
3368 3975 3428 4030 et

1830 4027 2131 4116 escinplum
2159 4048 2494 4116 perditionis,
2521 4052 2691 4107 noluit
2718 4069 2937 4125 regnum
2976 4065 3248 4114 terrenum
3276 4061 3420 4131 quod

1829 4152 1956 4192 vere
1992 4148 2073 4192 est
2128 4140 2384 4208 pestilens
2412 4158 2627 4215 semper
2675 4145 2742 4200 ad
2794 4146 3104 4205 elationem.
3163 4151 3422 4223 Quisquis

1827 4241 1894 4282 ex
1929 4231 2316 4287 consuetudine
2366 4245 2557 4304 peccat
2615 4239 2767 4307 quasi
2815 4255 2882 4294 ex
2939 4243 3261 4300 necessitate
3300 4244 3415 4314 jam

1826 4328 2031 4384 peccat,
2065 4329 2119 4375 ct
2155 4321 2277 4377 talis
2310 4323 2392 4377 vix
2427 4324 2651 4380 ulterius
2678 4339 2990 4396 peccantem
3036 4332 3328 4404 impugnat,
3361 4345 3418 4390 et

1827 4409 1888 4466 fit
1938 4415 2132 4483 smpius
2182 4425 2238 4468 ut
2283 4416 2347 4470 ad
2377 4418 2533 4472 noxia
2567 4420 2745 4474 trahat
2791 4437 2926 4491 quos
2955 4423 3081 4478 dum
3123 4435 3414 4495 peccantes

1818 4502 1928 4573 jam
1988 4508 2125 4561 tucri
2179 4511 2474 4577 contendit,
2531 4511 2582 4566 in
2639 4514 2898 4570 cathedra
2962 4518 3214 4573 nimirum
3264 4521 3416 4576 sedet

1825 4599 2162 4677 pestilentia),
2197 4601 2349 4657 idest
2384 4604 2715 4673 perditionis,
2742 4622 2848 4660 non
2877 4608 3051 4663 solum
3077 4626 3135 4665 se
3159 4610 3413 4680 perdeus,

1822 4671 1934 4754 sed,
1969 4693 2109 4759 quod
2150 4701 2235 4746 est
2281 4671 2588 4764 pessimum,
2643 4697 2838 4766 quibus
2886 4711 3063 4770 potest
3091 4711 3174 4758 est
3222 4713 3411 4760 auctor

1820 4779 2157 4849 perditionis.
2205 4781 2452 4837 Auctoris
2501 4795 2679 4842 autem
2717 4795 2773 4840 et
2826 4791 3081 4845 cathedra
3113 4802 3196 4846 est
3229 4802 3284 4847 et
3319 4809 3408 4849 se-

1819 4855 1966 4926 dere.
1999 4871 2245 4929 Christus
2272 4883 2448 4930 autem
2474 4877 2638 4934 verbo
2660 4887 2718 4933 ct
2739 4882 2987 4953 exemplo
3025 4883 3178 4939 bona:
3218 4899 3409 4952 opera-

1819 4966 1982 5021 tionis
2018 4983 2233 5038 semper
2286 4979 2476 5026 auctor
2523 4980 2723 5038 exstat,
2771 4983 2826 5029 et
2878 4976 2996 5031 ideo
3046 4976 3098 5031 in
3150 4977 3408 5033 cathedra

1817 5062 2137 5134 pestilentiae
2166 5079 2269 5120 non
2299 5066 2455 5124 sedit.

1893 5178 2026 5234 Tres
2050 5180 2229 5252 lapsus
2255 5181 2404 5248 Adae,
2439 5193 2573 5240 teste
2607 5184 2933 5253 Augustino,
2982 5186 3169 5239 trinam
3214 5185 3410 5243 animas

1820 5278 2049 5326 mortem
2087 5271 2587 5345 praefiguraverunt.
2624 5274 2779 5329 Sicut
2818 5292 2964 5331 mors
3005 5284 3088 5330 est
3134 5279 3409 5343 separatio

1817 5364 2012 5420 anima:
2042 5382 2070 5421 a
2103 5382 2350 5437 corpore,
2403 5370 2475 5425 ita
2527 5384 2678 5426 mors
2709 5376 2794 5422 est
2837 5367 3102 5437 separatio
3129 5368 3322 5423 anima:
3369 5389 3402 5426 a

1815 5459 1946 5515 Deo.
1975 5459 2130 5518 Sicut
2153 5462 2297 5516 enim
2333 5476 2529 5536 corpus
2561 5463 2696 5519 vivit
2720 5461 3044 5516 adhaerendo
3085 5461 3297 5527 animo,
3329 5464 3408 5521 ita

1812 5551 1992 5605 anima
2045 5552 2176 5606 vivit
2224 5552 2547 5612 adhaerendo
2594 5553 2724 5607 Deo.
2777 5550 2871 5604 Est
2919 5553 3111 5623 quippe
3150 5552 3202 5606 in
3246 5555 3407 5609 nobis

1813 5639 1940 5704 Eva,
1965 5649 2048 5695 est
2081 5650 2135 5697 et
2161 5641 2350 5696 Adam.
2393 5644 2519 5699 Dum
2547 5646 2676 5698 sunt
2707 5637 2850 5695 vires
2878 5639 3124 5695 humanm
3167 5641 3406 5705 animus;

2340 5733 2464 5752 -3-.."
2515 5742 2618 5752 _-_-_
2681 5742 2796 5752 ιιι-ινδ
2852 5740 3024 5752 __--_A
3063 5733 3160 5752 ..ΙΪΑΪ
3197 5733 3370 5752 ..--:.....-
