4026 6406
489 357 590 417 151

1136 354 1399 415 REMlGll
1433 350 2091 413 ΑΝπεδιουοιιεΝειε

2203 349 2278 410 Ῥ.
2314 347 2494 411 PARS
2529 350 2573 411 l.
2611 382 2683 398 -
2718 350 3129 414 EXEGETICA.

3658 346 3762 411 152

417 484 425 537 ί
491 467 1138 526 refrenatanimslitatem
1162 482 1232 524 ne
1256 446 1591 523 exten'datse
1610 444 1679 520 ad
1692 462 2076 535 concupiscen-
2101 466 2156 528 Α
2177 464 2259 519 Itis
2287 473 2336 520 et
2360 466 2567 537 scripsit
2590 466 2703 521 liceo
2733 465 2928 538 (Joan.
2964 465 3110 539 ut),
3147 463 3277 537 quia
3313 464 3490 522 solent
3516 465 3764 523 homines

493 558 622 615 dum
649 557 833 615 illicita
860 577 874 615 :
906 558 1056 630 quia,
1082 566 1145 613 ut
1199 556 1277 613 ait
1316 554 1623 626 Apostolus,
1650 562 1807 624 caput
1844 551 2077 607 mulieris

491 651 593 718 uir,
617 660 775 722 caput
793 652 891 707 viri
910 649 1338 721 Christus,caput
1361 647 1557 704 Christi
1577 646 1718 702 Deus
1753 644 1803 718 (l
1828 644 1952 702 Cor.
1975 644 2076 718 xl).

496 744 652 813 Quod
700 745 747 801 si
776 746 915 802 ratio
934 760 1041 802 non
1071 743 1313 801 refrenat
1330 751 1391 798 ut
1420 744 1523 810 vir,
1551 742 1647 799 sed
1673 741 1942 798 consentit
1964 756 2082 797 car-

494 835 707 891 nalitati
750 836 1067 893 delectando
1102 837 1188 893 vel
1217 833 1521 893 conﬁtendo
1562 834 1649 891 vel
1690 833 1987 905 operando,
2023 832 2080 888 in
2110 826 2115 831 ’

495 927 849 984 similitudine
873 929 1003 984 Atla:
1032 937 1141 985 tres
1162 942 1321 984 casus
1346 925 1496 992 facit,
1526 924 1829 981 recedendo
1853 939 1884 978 a
1905 922 2083 994 capite

494 1033 594 1074 suo
637 1017 853 1075 Christo
880 1029 936 1074 et
984 1018 1137 1076 uxori
1168 1016 1529 1089 adhaerendo.
1564 1013 1674 1070 Has
1718 1022 1831 1069 tres
1880 1020 2083 1067 mortes
2114 1062 2119 1069 .

492 1108 688 1163 anima:
737 1108 1044 1179 signiﬁcant
1094 1117 1208 1165 tres
1249 1107 1447 1164 mortui
1493 1105 1567 1161 illi
1618 1120 1753 1175 quos
1804 1102 2086 1159 suscitavit

490 1198 761 1257 Christus.
791 1200 922 1256 Filia
950 1199 1364 1271 archisynagogi
1392 1213 1554 1269 quam
1586 1197 1639 1251 in
1664 1196 1823 1252 domo
1854 1192 2085 1250 resusci-

492 1290 635 1345 tavit
677 1291 945 1361 signiﬁcat
975 1294 1214 1347 animam
1243 1292 1388 1347 intus
1430 1296 1698 1343 mortuam
1727 1285 2087 1341 delectatione

493 1384 705 1452 peccati
740 1382 956 1454 (Matth.
988 1399 1081 1449 tx;
1134 1382 1407 1451 Marc.{v).
1446 1378 1551 1445 Qui
1578 1378 1714 1433 enim
1753 1377 1939 1432 viderit
1970 1393 2089 1430 mu-

494 1474 673 1529 lierem
728 1476 797 1529 ad
831 1474 1301 1545 concupiscendum
1328 1489 1468 1536 eam,
1503 1470 1615 1542 jam
1667 1468 1954 1524 moechatus
2010 1475 2086 1522 est

493 1583 611 1621 eam
635 1566 693 1621 in
717 1566 871 1621 corde
898 1583 996 1622 suo
1020 1566 1235 1639 (Matth.
1264 1566 1341 1638 ν).
1394 1564 1499 1621 Sed
1531 1565 1647 1620 haec
1694 1562 1889 1619 anima!
1939 1575 2087 1616 mors

498 1674 606 1713 non
645 1659 781 1715 adeo
816 1668 895 1714 est
934 1652 1137 1723 valida,
1163 1658 1288 1728 quia
1320 1671 1415 1727 per
1443 1655 1675 1727 puellam
1707 1652 2083 1727 signiﬁcatur:

496 1753 619 1818 qua:
642 1750 791 1819 quasi
821 1750 996 1805 adhuc
1045 1750 1236 1820 pudica
1268 1758 1373 1811 est,
1399 1763 1521 1804 cum
1547 1746 1786 1801 nondum
1814 1758 2084 1801 consensu

2177 556 2499 613 familiarius
2520 559 2589 615 de
2603 573 2662 614 se
2684 566 2741 614 et
2766 558 2834 614 ad
2858 573 2918 616 se
2944 557 3112 629 loqui.
3138 556 3327 614 Potest
3352 568 3409 615 et
3434 558 3513 615 sic
3538 558 3767 630 intelligi

2178 659 2238 707 ιιι
2259 652 2326 707 ad
2350 651 2451 708 tria
2478 661 2721 724 tempora
2762 649 3032 709 referatur
3057 668 3072 707 :
3115 659 3249 708 ante
3281 650 3476 724 legem,
3500 651 3601 709 sub
3623 651 3768 724 lege,

2180 747 2281 803 sub
2303 747 2519 829 gratia;
2555 756 2617 802 ut
2637 746 2711 803 ita
2734 747 2963 816 dicatur,
2991 746 3184 804 Beatus
3210 747 3291 804 vir
3313 747 3405 819 qui
3433 762 3538 802 non
3559 745 3690 801 abiit
3712 743 3773 801 in

2180 838 2397 894 consilio
2438 840 2740 909 iutpiorum,
2791 839 3000 897 scilicet
3050 841 3143 912 qui
3189 850 3316 896 ante
3364 839 3538 912 legem
3580 855 3611 895 a
3654 838 3775 896 Deo

2180 938 2428 984 creatore
2457 943 2556 984 suo
2582 945 2687 985 non
2733 930 2979 995 recessit,
3003 930 3290 987 serviendo
3323 931 3502 1001 potius
3537 924 3780 985 creatori

2184 1034 2346 1089 quam
2372 1028 2656 1089 creaturze,
2686 1028 2743 1075 ut
2764 1020 2900 1077 Abel
2932 1020 3088 1092 (Gen.
3114 1024 3206 1093 tv)
3229 1030 3285 1078 et
3311 1021 3400 1076 alii
3431 1030 3555 1076 ante
3577 1020 3778 1093 legem.

2182 1109 2381 1180 Impios
2411 1118 2591 1177 vocat,
2634 1110 2983 1185 idololatras;
3013 1113 3297 1169 consilium
3323 1127 3532 1177 eorum,
3555 1123 3781 1168 creato-

2185 1216 2300 1257 rem
2324 1211 2671 1257 contemnere
2694 1210 2750 1258 et
2781 1211 3062 1259 creaturas
3100 1204 3300 1260 colere.

2254 1294 2323 1350 Et
2355 1294 2445 1351 ille
2482 1295 2696 1361 beatus,
2735 1297 2826 1368 qui
2869 1297 2925 1351 iu
2966 1297 3050 1351 nia
3096 1306 3425 1367 peccatorum
3472 1312 3574 1350 non
3613 1292 3778 1350 stetit.

2184 1387 2510 1444 Peccatores
2534 1397 2695 1444 vocat
2738 1398 3169 1461 transgressores
3218 1389 3375 1459 legis,
3397 1388 3611 1444 Iudaeos
3666 1386 3776 1441 sci-

2187 1476 2317 1534 licet
2352 1479 2453 1534 sub
2491 1478 2647 1551 lege;
2701 1478 2845 1534 viam
2894 1494 3115 1545 eorum,
3157 1479 3431 1536 carnalem
3481 1477 3785 1547 intelligen-

2187 1569 2343 1635 tiam,
2369 1569 2421 1624 id
2442 1577 2524 1626 est
2547 1587 2561 1624 :
2588 1570 2780 1626 beatus
2807 1569 2897 1626 ille
2938 1570 3032 1641 qui
3072 1569 3390 1641 spiritaliter
3416 1568 3587 1641 legem
3618 1568 3777 1625 iutel«

2189 1661 2327 1733 ligit,
2353 1670 2410 1718 et
2445 1661 2534 1717 ille
2559 1661 2739 1717 beatus
2783 1662 2874 1734 qui
2905 1662 2961 1718 iu
3006 1661 3256 1717 cathedra
3308 1661 3614 1733 pestilentia:
3667 1677 3773 1715 nou

2191 1754 2323 1809 sedit
2350 1753 2451 1809 sub
2493 1761 2734 1824 tempore
2773 1753 2982 1823 gratiae.
3014 1752 3264 1808 llaeretici
3290 1752 3480 1809 sedent
3507 1752 3558 1806 in
3589 1751 3786 1806 cathe-

494 1842 699 1911 polluta
734 1851 839 1906 est,
861 1851 917 1897 et
948 1841 1104 1896 facile
1134 1842 1201 1896 ah
1230 1855 1295 1896 eo
1325 1848 1501 1909 potest
1545 1851 1847 1906 resurgere,
1879 1834 2085 1891 scilicet

2203 1847 2288 1902 dra
2312 1845 2653 1917 pestilentiae,
2682 1846 2811 1916 quia
2838 1860 3093 1916 perversa
3119 1845 3365 1901 doctrina
3391 1843 3585 1899 multos
3616 1844 3778 1898 sedu-

497 1934 774 1989 Dominica
805 1934 1070 1990 oratione.
1098 1934 1250 2002 Quod
1283 1934 1341 1988 in
1379 1948 1443 1987 eo
1474 1931 1780 1987 ostenditur
1810 1929 1938 1999 quia
1980 1928 2088 1984 Do-

498 2028 676 2082 minus
703 2028 945 2099 porrexit
975 2043 1194 2083 manum
1225 2035 1279 2083 et
1307 2026 1503 2081 levavit
1527 2041 1669 2081 eam.
1705 2024 1873 2079 Filius
1900 2022 2091 2078 mulie-

493 2119 574 2175 ris
588 2120 759 2174 vidua:
778 2135 939 2191 quem
975 2120 1234 2178 Dominus
1263 2119 1317 2173 in
1340 2127 1495 2188 porta
1513 2115 1791 2171 suscitavit
1817 2114 1968 2188 (Luc.
1987 2112 2087 2185 vn)

494 2208 767 2278 significat
815 2210 1051 2265 animam
1101 2216 1370 2264 mortuam
1412 2222 1478 2262 cx
1532 2221 1798 2261 consensu
1855 2204 2088 2276 peccati.

499 2297 812 2365 Peccatum,
856 2315 979 2354 cum
1011 2314 1179 2370 usque
1212 2298 1278 2354 ad
1308 2311 1634 2353 consensum
1678 2294 1945 2367 perducit,
1981 2310 2088 2349 nou

498 2391 659 2463 longe
685 2403 769 2449 est
795 2392 863 2447 ab
893 2393 1225 2464 operatione.

498 2490 524 2528 ε
569 2481 699 2548 Qua:
729 2481 860 2537 foris
888 2492 977 2559 est
1000 2482 1115 2537 lucc
1156 2495 1301 2537 mors
1327 2480 1557 2547 validas,
1583 2495 1682 2536 nec
1712 2480 1779 2534 ah
1807 2494 1872 2534 ea
1900 2490 2092 2547 possu-

498 2588 620 2628 mus
652 2588 936 2645 resurgere
975 2574 1077 2630 nisi
1120 2573 1279 2646 digna
1314 2572 1655 2643 pmnitentia.
1691 2570 1842 2638 Quod
1890 2567 2094 2639 signiﬁ-

499 2675 658 2719 catur
685 2680 780 2736 per
808 2667 909 2721 hoc
951 2665 1078 2737 quia
1101 2665 1318 2736 juvenis
1360 2673 1500 2719 erat.
1538 2663 1602 2718 Et
1653 2661 1913 2718 Dominus
1955 2659 2093 2713 dixit

498 2753 567 2809 ad
615 2770 777 2810 eum:
820 2754 1150 2821 Adolescens,
1206 2755 1300 2808 tibi
1357 2754 1495 2819 dico,
1542 2752 1713 2823 Surge
1755 2749 1950 2822 (Joau.
1984 2749 2093 2816 .vt).

497 2843 741 2902 Lazarus
776 2845 889 2916 jam
922 2830 1119 2903 fetidus
1155 2862 1316 2919 quem
1346 2854 1524 2901 tamen
1568 2845 1829 2899 Dominus
1863 2843 2096 2898 resusci-

498 2939 636 2993 tavit
682 2939 749 2993 de
797 2950 1164 3005 monumento,
1193 2940 1461 3010 signiﬁcat
1504 2940 1741 2993 animam
1781 2937 1925 2991 illam
1975 2952 2096 3007 qua:

502 3046 678 3101 usque
723 3033 789 3086 ad
850 3035 1220 3102 operationem
1261 3043 1542 3103 peccatum
1609 3033 1876 3103 perducit,
1924 3040 1977 3085 et
2028 3045 2096 3085 ex

500 3121 660 3194 longa
696 3125 1085 3181 consuetudine
1115 3134 1170 3181 ct
1208 3125 1375 3180 nimio
1402 3125 1656 3181 vitiorum
1700 3123 1873 3180 fetore
1897 3122 2011 3193 jam
2043 3122 2099 3178 in

502 3213 936 3286 desperationem
964 3232 1075 3273 sua:
1106 3217 1516 3274 restauratiouis
1543 3216 1757 3273 cecidit.

579 3309 855 3378 Peccator,
906 3328 1021 3365 cum
1072 3311 1127 3366 iu
1184 3311 1505 3383 profundum
1555 3309 1773 3373 venerit,
1815 3307 2100 3363 contemnit

506 3402 689 3467 (Prov.
724 3407 915 3478 xvnt).
954 3407 1114 3464 Tales
1142 3407 1402 3463 Dominus
1458 3404 1789 3461 resuscitare
1819 3403 2094 3474 dignatur,

506 3498 601 3554 sed
637 3499 873 3555 maxima
921 3499 1241 3569 pmnitentia
1270 3509 1325 3553 et
1371 3512 1565 3569 magno
1609 3496 1814 3551 labore.
1848 3493 2001 3562 Quod
2029 3492 2102 3548 si-

508 3590 799 3660 gniﬁcatur
825 3604 923 3661 per
947 3590 1051 3645 hoc
1073 3590 1199 3660 quia
1224 3590 1485 3644 Dominus
1515 3602 1645 3643 voce
1673 3601 1864 3657 magna
1890 3584 2097 3642 clama-

508 3679 625 3732 vit:
657 3677 882 3743 Lazare,
912 3679 1025 3733 ueni
1052 3678 1215 3747 foras.
1245 3677 1446 3733 Beatus
1472 3676 1556 3731 vir
1593 3676 1686 3747 qui
1712 3691 1818 3731 non
1846 3672 2106 3746 cogitavit

511 3769 737 3836 malum,
771 3784 871 3825 nec
913 3769 1209 3837 consensit,
1241 3784 1342 3825 nec
1368 3769 1551 3825 docuit
1581 3768 1854 3839 operando
1893 3766 1978 3821 vel
2007 3765 2104 3819 do-

514 3862 706 3917 cendo.
748 3861 815 3917 Et
858 3861 984 3932 quia
1031 3877 1136 3917 non
1192 3860 1389 3917 sufﬁcit
1418 3861 1691 3918 declinare
1723 3878 1754 3916 a
1799 3860 1962 3926 malo,
1999 3858 2103 3915 nisi

513 3953 637 4024 quis
663 3952 878 4009 studeat
918 3952 1095 4008 facere
1134 3954 1358 4021 bonum,
1397 3953 1613 4009 subdit:
1653 3951 1758 4007 Sed
1781 3953 1836 4006 in
1862 3951 1971 4022 lege
1999 3950 2108 4005 Do-

515 4043 646 4099 mini
685 4045 921 4100 roluntas
948 4045 1083 4116 ejus.
1139 4045 1253 4102 lloc
1283 4061 1450 4099 unum
1482 4043 1716 4101 refertur
1745 4045 1811 4099 ad
1849 4043 1939 4099 illa
1971 4043 2101 4110 duo,

516 4154 622 4193 nou
650 4138 799 4203 abiit,
829 4155 921 4193 nec
947 4138 1117 4191 stetit:
1145 4135 1270 4207 quia
1309 4144 1598 4205 utrumque
1642 4135 1709 4190 ad
1753 4133 2106 4189 voluntatem.

516 4232 678 4288 Aliud
705 4241 807 4295 est,
831 4247 951 4287 esse
975 4231 1026 4286 in
1061 4229 1208 4301 lege;
1240 4229 1383 4284 aliud
1422 4239 1526 4293 est,
1554 4243 1675 4284 esse
1702 4227 1804 4284 sub
1832 4226 1969 4292 lege.
2005 4226 2109 4294 Qui

524 4338 711 4378 amore
742 4323 999 4377 virtutum
1032 4334 1257 4392 peccare
1288 4319 1477 4374 nolunt
1513 4334 1634 4373 cum
1670 4303 1787 4389 lege
1817 4325 1938 4372 sunt
1967 4325 2023 4372 et
2054 4316 2108 4371 in

520 4413 658 4485 lege,
682 4415 806 4485 quia
821 4416 968 4486 justo
1001 4429 1104 4468 non
1142 4423 1218 4468 est
1259 4411 1344 4467 lea:
1378 4413 1546 4484 posita
1597 4411 1694 4483 (lI
1730 4410 1864 4466 Tim.
1901 4411 1974 4480 ι).
2008 4410 2112 4479 Qui

520 4513 703 4558 autem
761 4504 956 4558 timore
1005 4518 1177 4573 poenae
1223 4502 1396 4576 legem
1443 4502 1676 4558 custodit
1717 4502 1818 4558 sub
1847 4501 1959 4574 lege
2005 4511 2127 4567 est,

2190 1945 2320 1994 cunt
2346 1954 2359 1991 :
2391 1938 2456 1992 Et
2479 1936 2565 1992 ille
2586 1937 2691 1992 erit
2729 1938 2918 1992 beatus
2943 1937 3034 2006 qui
3060 1936 3204 1990 viam
3239 1935 3333 1990 Dei
3359 1935 3411 1989 in
3437 1933 3668 1988 veritate
3693 1933 3789 1986 do-

2195 2032 2363 2088 cebit.
2388 2030 2494 2087 Sed
2528 2032 2581 2086 in
2611 2030 2727 2102 lege
2755 2030 2986 2094 Domini,
3014 2029 3156 2084 istud
3180 2044 3287 2084 non
3309 2035 3783 2095 mutaturusque:

2192 2123 2261 2178 Et
2299 2125 2395 2177 erit
2440 2133 2690 2194 tanquam
2719 2121 2938 2191 lignum.
2973 2121 3039 2176 Et
3062 2120 3163 2175 iste
3196 2119 3389 2174 beatus
3418 2118 3502 2172 vir
3528 2118 3632 2172 erit
3663 2126 3786 2171 lana

2193 2229 2357 2284 quam
2399 2212 2621 2282 lignum,
2662 2211 2715 2267 id
2746 2220 2853 2274 est,
2881 2208 3230 2265 conformans
3254 2207 3494 2264 Christo.
3530 2206 3598 2260 Et
3638 2206 3790 2259 deiu—

2194 2321 2323 2375 ceps
2353 2305 2418 2360 ad
2457 2304 2767 2359 Christum:
2799 2300 2867 2355 Et
2897 2303 2995 2358 erit
3024 2311 3273 2372 tauquam
3312 2300 3531 2371 lignum,
3567 2308 3622 2353 et
3666 2298 3795 2353 ideo

2148 2426 2149 2429 η
2194 2396 2324 2466 quia
2356 2410 2630 2465 mmquam
2676 2394 2891 2450 recedet
2932 2410 2962 2447 a
3015 2392 3134 2464 lege
3166 2391 3376 2447 Domini
3424 2390 3514 2445 Dei
3557 2389 3639 2445 sui
3682 2389 3794 2444 erit

2195 2488 2339 2543 sicut
2375 2487 2501 2542 illud
2545 2487 2749 2558 lignum
2786 2485 2927 2558 quod
2968 2484 3261 2555 plumatum
3303 2493 3377 2539 est
3419 2500 3565 2538 secus
3602 2483 3795 2538 decur-

2195 2596 2285 2635 sus
2304 2595 2586 2651 aquarum,
2616 2579 2668 2633 id
2696 2586 2799 2643 est,
2826 2578 2878 2631 in
2908 2576 3110 2646 irriguo
3140 2575 3275 2631 loco.
3297 2574 3446 2631 Talis
3468 2574 3631 2630 arbor
3656 2583 3795 2629 tem-

2196 2672 2406 2743 pestive
2431 2671 2522 2726 dat
2552 2668 2791 2734 frondes,
2814 2677 2867 2723 et
2895 2666 3055 2723 ﬁores
3083 2675 3139 2721 et
3172 2665 3378 2722 fructus
3403 2684 3415 2719 :
3447 2665 3521 2720 ita
3550 2673 3607 2719 et
3635 2664 3795 2719 Chri-

2199 2772 2332 2819 stus.
2376 2762 2493 2831 lpse
2512 2760 2761 2818 Christus
2785 2759 3084 2815 nominavit
3117 2774 3176 2813 se
3217 2757 3446 2830 lignum,
3477 2764 3536 2811 nt
3572 2755 3647 2811 ibi
3684 2774 3697 2808 :
3735 2753 3795 2810 Si

2198 2858 2254 2912 iu
2278 2856 2433 2911 viridi
2461 2855 2602 2925 ligno
2637 2850 2748 2908 huic
2783 2853 3007 2924 faciunt,
3032 2852 3087 2907 in
3117 2851 3268 2905 arido
3311 2849 3435 2921 quid
3471 2850 3559 2918 [iet
3588 2848 3614 2902 Ρ
3635 2847 3791 2919 (Luc.

2200 2946 2400 3017 χχιιι.)
2449 2945 2569 3009 ⁹Ιιὶιε
2617 2960 2724 2999 non
2772 2945 2990 3014 ponitur
3040 2941 3358 3014 simpliciter
3410 2939 3635 3010 lignum,
3693 2938 3791 2994 sed

2199 3038 2404 3109 lignum
2445 3039 2767 3111 plantatum,
2800 3038 2853 3093 id
2894 3047 2979 3094 est.
3003 3037 3184 3093 arbor.
3230 3036 3294 3091 Et
3337 3034 3596 3089 Dominus
3637 3034 3799 3088 arbo-

2202 3145 2317 3186 rem
2356 3146 2415 3187 se
2443 3129 2962 3187 numinavitJudmis
2992 3127 3137 3184 facta
3163 3125 3280 3196 ejus
3325 3124 3714 3196 recipientibus
3743 3129 3799 3178 et

2122 3194 2170 3259 Ο
2204 3225 2368 3290 dicta,
2418 3224 2591 3295 ipsum
2644 3231 2824 3277 autem
2875 3194 3368 3285 contemnentibus,
3415 3194 3644 3272 dicens:
3692 3216 3798 3269 Aut

2205 3314 2361 3387 facite
2409 3312 2643 3368 arborem
2695 3312 2883 3367 bonam
2933 3320 2981 3365 et
3026 3310 3231 3382 {ructus
3275 3309 3391 3380 ejus
3441 3309 3601 3363 boues
3638 3320 3658 3359 :
3706 3316 3802 3362 aut

2206 3407 2364 3478 facite
2402 3405 2638 3461 arborem
2662 3403 2860 3459 malum
2890 3412 2937 3458 et
2974 3402 3178 3474 fructus
3218 3401 3331 3472 ejus
3375 3400 3543 3455 malos
3576 3397 3800 3472 (Matth.

2202 3515 2282 3555 ιιι
2302 3501 2342 3566 ).
2382 3498 2449 3553 Ει
2485 3497 2647 3553 arbor
2675 3495 2763 3551 illa
2792 3512 2913 3567 qua:
2939 3495 3178 3566 plantata
3206 3492 3309 3548 fuit
3351 3493 3403 3547 in
3433 3492 3609 3549 medio
3636 3507 3803 3562 para-

2206 3590 2307 3645 disi
2334 3589 2609 3646 Christum
2638 3580 2908 3658 liguravit.
2936 3585 3104 3656 Aqua:
3130 3585 3300 3639 trilms
3325 3583 3498 3640 modis
3524 3574 3801 3653 accipiun-

2206 3692 2296 3739 tur
2324 3683 2379 3738 in
2412 3683 2594 3738 divina
2630 3681 2854 3754 pagina:
2887 3694 2987 3751 pro
3015 3678 3174 3735 donis
3200 3677 3437 3749 Spiritus
3465 3676 3661 3739 sancti,
3700 3690 3803 3747 pro

2207 3773 2355 3828 fluxu
2404 3771 2703 3828 carnalium
2757 3770 3343 3843 concupiscentiarnm,
3412 3784 3509 3840 pro
3566 3765 3803 3838 populis.

2206 3864 2333 3921 Ideo
2378 3864 2517 3921 istud
2556 3864 2766 3920 diverse
2807 3872 2987 3935 potest
3026 3860 3270 3932 intelligi.
3304 3860 3372 3916 Et
3414 3860 3519 3915 erit
3551 3857 3807 3914 Christus

2212 3962 2467 4027 tanquam
2516 3954 2741 4027 lignum,
2792 3955 2845 4010 id
2890 3961 2996 4020 est,
3026 3953 3148 4010 talis
3187 3953 3309 4016 erit,
3353 3960 3462 4005 tam
3509 3948 3802 4019 benignus,

2211 4056 2323 4103 tam
2352 4046 2538 4103 cllicax
2580 4055 2640 4102 ut
2681 4047 2834 4103 decet
2860 4062 2981 4102 esse
3007 4046 3149 4101 istud
3184 4044 3382 4116 lignum
3411 4040 3552 4113 quod
3591 4038 3807 4110 planta-

2211 4147 2322 4194 tum
2347 4147 2421 4194 est
2457 4156 2606 4194 secus
2653 4139 2904 4193 decursus
2949 4152 3231 4209 aquarum,
3260 4135 3313 4190 id
3357 4143 3462 4197 est,
3502 4131 3589 4188 ille
3640 4131 3809 4186 honzo

2212 4231 2305 4302 qui
2330 4239 2622 4302 conceptus
2654 4239 2737 4286 est
2771 4231 2823 4286 in
2847 4230 3006 4287 beata
3031 4229 3201 4285 Maria
3228 4242 3333 4283 non
3356 4223 3652 4282 secundum
3682 4238 3812 4278 car-

2213 4322 2389 4379 nalem
2442 4322 2957 4393 concupiscentiam,
3004 4320 3099 4376 sed
3141 4334 3301 4376 secus
3340 4318 3600 4373 decursus
3636 4328 3811 4383 aqua-

2213 4431 2355 4481 rum,
2381 4414 2433 4470 id
2459 4424 2565 4480 est,
2589 4413 2885 4469 secundum
2915 4410 3302 4468 abundantiam
3333 4409 3596 4464 donorum
3627 4404 3808 4475 Spiri-

2218 4515 2304 4561 tus
2333 4505 2532 4569 sancti,
2555 4513 2613 4559 nt
2636 4504 2788 4569 illud,
2820 4502 3053 4574 Spiritus
3075 4510 3289 4555 sanctus
3314 4496 3635 4570 superveniet
3658 4496 3714 4548 in
3735 4502 3807 4559 te,

522 4594 651 4664 quia
672 4609 739 4649 ex
764 4565 1091 4650 necessitate
1117 4594 1254 4649 bene
1277 4565 1413 4665 agit,
1444 4609 1550 4647 non
1591 4609 1655 4648 ex
1687 4565 1981 4648 voluntavte.
2013 4565 2108 4647 Ti;
2136 4565 2193 4627 Ῑ)
2216 4606 2265 4650 et
2287 4596 2449 4650 virtus
2481 4565 2736 4649 Altissimi
2760 4565 3085 4648 obumbrabit
3112 4589 3204 4645 tibi
3233 4565 3389 4661 (Luc.
3416 4589 3491 4660 ι).

526 4701 649 4740 mor
692 4701 975 4741 servorum
1012 4695 1097 4741 est
1121 4726 1136 4747 .
1171 4700 1324 4739 amor
1369 4684 1597 4740 liliornm
1632 4703 1645 4738 :
1678 4693 1732 4739 et
1776 4684 1897 4740 ideo
1921 4683 2112 4739 volun-

530 4790 615 4832 tas
641 4775 733 4831 l‘tlii
764 4776 857 4831 Dei
896 4777 949 4831 in
989 4775 1103 4848 lege
1128 4775 1308 4833 Patris
1341 4776 1460 4831 fuit.
1492 4777 1558 4831 Et
1584 4777 1638 4831 in
1664 4775 1772 4847 lege
1797 4777 1910 4848 ejus
1950 4776 2115 4832 medi-

532 4866 731 4920 tabitur
755 4864 839 4920 die
878 4882 940 4919 ac
967 4875 1133 4919 nocte.
1180 4865 1259 4920 Ad
1293 4877 1639 4935 augmentum
1670 4867 1793 4922 boni
1827 4867 1975 4922 addit
2003 4876 2115 4923 stuc

528 4959 676 5014 dium
699 4959 981 5022 voluntati,
1013 4959 1259 5031 superius
1306 4958 1394 5014 ubi
1424 4959 1560 5015 dixit
1599 4961 1649 5015 in
1681 4960 1929 5015 cathedra
1958 4960 2135 5031 pesti-1

524 5049 701 5107 lentia:
722 5068 825 5107 non
852 5052 1004 5117 sedit,
1020 5051 1086 5107 ad
1108 5053 1250 5123 quod
1274 5052 1436 5108 etiam
1464 5053 1606 5109 istud
1628 5052 1862 5109 refertur
1889 5069 1904 5107 :
1929 5052 2028 5108 Die
2052 5070 2116 5109 ac

526 5151 697 5209 nocte,
742 5143 826 5198 vel
880 5144 1026 5198 οιιηιί
1080 5154 1359 5215 tempore,
1411 5144 1496 5199 vel
1550 5145 1602 5199 in
1655 5143 2014 5215 prosperitate
2062 5152 2119 5200 et

534 5234 885 5291 adversitate.
914 5236 1254 5308 Prosperitas
1298 5235 1500 5292 Christi
1551 5234 1672 5302 fuit,
1702 5236 2029 5291 resurrectio
2061 5245 2121 5293 et

532 5327 815 5394 ascensio;
845 5329 1163 5394 adversitas,
1187 5339 1311 5384 ante
1340 5329 1646 5399 passionem
1677 5337 1734 5384 et
1758 5326 1812 5382 in
1843 5329 2116 5398 passione.

527 5415 643 5475 Nec
687 5420 1016 5490 prosperitas
1044 5419 1319 5476 Christum
1352 5420 1541 5476 extulit
1573 5428 1626 5474 ut
1669 5434 1698 5473 a
1746 5417 1860 5491 lege
1903 5419 2113 5476 Domini

528 5511 834 5579 recederet,
863 5529 962 5569 nec
984 5514 1281 5570 adversitas
1310 5514 1391 5569 sic
1417 5513 1779 5568 conturbavit.
1806 5511 1921 5569 Huc
1942 5529 2117 5585 usque

528 5603 804 5676 Propheta
831 5606 900 5662 de
925 5608 1102 5678 capite
1130 5606 1367 5663 Christo.
1398 5606 1580 5662 Potest
1612 5615 1667 5660 et
1694 5605 1773 5661 sic
1806 5604 2026 5676 intelligi
2060 5615 2118 5661 ut

531 5694 764 5765 ipsemet
789 5697 1037 5754 Christus
1061 5698 1126 5753 de
1154 5714 1210 5753 se
1240 5700 1352 5753 haec
1367 5697 1550 5752 omnia
1574 5698 1736 5762 dicat,
1765 5706 1821 5751 ut
1843 5695 2114 5753 Joannes:

537 5786 643 5846 Hic
690 5799 765 5847 est
810 5791 1099 5865 discipulus
1142 5790 1230 5845 ille
1274 5790 1363 5845 aui
1407 5789 1758 5846 testimonium
1794 5789 2022 5845 uerleibet
2053 5788 2120 5845 de

2287 4687 2523 4759 Spiritus
2545 4688 2793 4758 {sanctus
2824 4685 3047 4741 veniens
3090 4683 3142 4738 in
3192 4682 3406 4739 beatam
3456 4679 3681 4737 Mariam
3732 4678 3806 4735 ab

2214 4780 2362 4835 omni
2402 4786 2536 4834 testu
2579 4779 2889 4834 illicitarutn
2926 4774 3485 4847 concupiscentiarum
3521 4787 3641 4827 eam
3680 4781 3818 4842 pro:

2221 4873 2359 4928 texit
2384 4881 2439 4927 et
2464 4881 2631 4926 totum
2655 4870 2771 4941 ejus
2803 4886 3043 4927 amorem
3088 4870 3142 4924 in
3177 4867 3348 4925 Deum
3376 4868 3592 4924 direxit.
3627 4865 3691 4921 Et
3715 4867 3812 4937 qui

2221 4981 2285 5021 ex
2320 4964 2414 5019 tali
2455 4964 2771 5036 Operatione
2813 4972 2919 5017 tam
2962 4977 3129 5035 purus
3158 4970 3320 5018 natus
3351 4960 3450 5016 fuit
3487 4958 3617 5016 nihi'
3655 4956 3831 5015 illicii

2222 5068 2333 5113 tum
2363 5065 2676 5128 perpetrare
2703 5055 2909 5126 potuit;
2932 5055 3070 5110 bene
3098 5053 3383 5120 decursus,
3413 5051 3540 5122 quia
3570 5049 3810 5120 Spiritus

2180 5194 2184 5201 .
2221 5160 2445 5205 sanctus
2484 5148 2815 5218 supervenit,
2871 5155 2948 5212 et,
2992 5146 3117 5216 quia
3162 5143 3279 5215 ejus
3323 5141 3620 5215 operationi
3674 5140 3810 5196 nihil

2220 5240 2443 5296 obstare
2471 5247 2669 5310 potest,
2711 5250 2901 5292 omnes
2940 5233 3157 5290 illicitas
3196 5232 3551 5305 cogitationes
3579 5246 3608 5285 a
3637 5228 3810 5285 Maria

2222 5331 2472 5389 removit.
2526 5329 2682 5395 Quod
2736 5329 2961 5400 lignum,
3014 5327 3067 5384 id
3116 5336 3202 5384 est
3245 5326 3519 5389 Christus,
3578 5323 3812 5395 fructum

2223 5439 2397 5489 suum,
2427 5422 2478 5478 id
2507 5430 2592 5477 est
2639 5419 2824 5477 ﬁdeles
2862 5435 3011 5486 suos,
3054 5418 3351 5474 Ecclesium
3391 5431 3545 5473 suam
3577 5413 3721 5467 dabit
3755 5412 3814 5467 iu

2224 5524 2452 5585 tempore
2491 5528 2607 5567 suo.
2637 5510 2809 5567 Omne
2839 5519 3049 5579 tempus
3077 5523 3231 5565 suum
3271 5516 3377 5574 est,
3408 5505 3503 5563 sed
3539 5504 3667 5560 illud
3694 5516 3815 5557 ma-

2226 5606 2372 5663 xime
2400 5605 2570 5660 vismu
2603 5610 2685 5660 est
2730 5617 2885 5658 suum
2917 5602 2971 5657 in
3003 5592 3112 5673 quo
3147 5601 3315 5671 magis
3341 5608 3501 5655 notus
3530 5605 3585 5653 et
3612 5593 3816 5652 clariﬁ‘

2227 5705 2383 5753 catus
2426 5703 2528 5761 est,
2563 5694 2769 5751 scilicet
2813 5708 2933 5749 cum
2973 5700 3115 5747 esset
3164 5689 3380 5760 triginta
3422 5700 3713 5751 annorum,
3756 5690 3817 5740 et

2229 5789 2425 5846 docere
2449 5787 2613 5860 coepit
2648 5794 2704 5843 et
2734 5795 2858 5859 post
2879 5784 3172 5841 adventum
3196 5782 3371 5840 sancti
3401 5779 3656 5852 Spiritus,
3684 5790 3826 5857 cunt
3908 5848 3923 5862 '
