3986 5506
206 362 316 422 153

1367 354 1898 421 εΝΑιιιιΑτιοΝΕε
1934 359 2016 450 ιιι
2041 363 2374 428 ΡεΑιλιιοε.

3380 361 3481 426 154

205 477 263 532 ἰιι
306 492 521 533 omnem
560 488 758 534 terram
799 475 969 534 exivit
1010 493 1176 536 sonus
1212 479 1598 550 apostolorum.
1643 476 1797 534 Unde
1823 475 1874 536 A
1901 477 2166 545 Ecclesia,
2204 498 2364 552 neque
2391 489 2684 552 peccatores
2714 473 2918 538 scilicet
2958 489 3245 554 resurgunt
3270 495 3480 552 pratva~

206 571 448 627 dicitur:
475 567 726 625 Nondum
745 586 854 625 erat
880 571 1035 626 Jesus
1059 571 1402 640 clari/iratus,
1425 573 1548 643 quia
1572 568 1799 641 Spiritus

189 674 425 724 sanctus
448 664 678 719 nondum
707 675 819 720 erat
849 666 1003 720 datus
1049 665 1244 736 (Joan.
1271 667 1401 738 vn).
1438 665 1533 721 Vel
1561 676 1798 736 tempore

208 772 330 822 suo,
354 757 406 813 id
441 766 544 823 est,
576 758 628 812 in
657 758 1121 814 consummatione
1145 758 1350 824 sreculi,
1372 775 1489 813 cum
1519 757 1798 812 tradiderit

208 867 426 919 regnum
464 850 572 904 Deo
611 839 659 903 et
701 849 873 914 Patri,
915 851 1125 921 quando
1173 851 1450 904 novissima
1502 849 1800 904 destruetur

205 957 349 993 mors
403 939 455 1010 (ι
483 940 604 994 Cor.
645 943 756 1011 xv).
791 940 883 997 Vel
923 945 1020 997 erit
1057 953 1306 1012 tanquam
1350 941 1572 1012 lignum,
1603 940 1654 995 id
1690 949 1795 1006 est,

203 1035 347 1089 sicut
380 1035 468 1092 ille
510 1037 671 1091 homo
701 1038 788 1106 qui
827 1038 976 1093 venit
1006 1039 1059 1092 in
1101 1038 1243 1092 hunc
1291 1037 1568 1101 nmndum,
1601 1052 1706 1090 non
1740 1035 1794 1090 in

201 1140 374 1181 carne
432 1129 660 1197 peccati,
718 1129 809 1183 sed
862 1130 915 1184 in
973 1128 1315 1184 similitudine
1370 1130 1544 1182 carnis
1596 1127 1796 1198 peccati

206 1215 400 1285 (Rom.
423 1217 568 1286 vm),
589 1219 714 1289 quia
736 1220 851 1274 sine
873 1229 1095 1289 peccato
1117 1230 1410 1290 conceptus
1431 1230 1512 1275 est
1531 1230 1586 1275 et
1607 1230 1792 1286 natus;

202 1312 301 1364 sed
341 1320 518 1364 tamen
566 1311 754 1366 similis
786 1313 838 1366 in
883 1328 1042 1383 paena
1082 1311 1312 1382 peccati,
1356 1312 1482 1382 quia
1528 1314 1791 1378 mortalis,

200 1404 329 1472 quia
361 1403 652 1474 passibilis.
689 1402 804 1470 Vel,
844 1422 991 1459 secus
1022 1406 1270 1460 decursus
1306 1422 1582 1476 aquarum,
1610 1407 1660 1460 id
1689 1415 1790 1472 est,

192 1495 353 1566 juxta
401 1508 648 1552 naturam
681 1499 994 1570 populorum
1027 1500 1079 1555 in
1117 1517 1220 1572 qua
1266 1501 1384 1556 aliis
1409 1501 1793 1558 decedentibus

198 1590 589 1657 superveniunt
613 1589 722 1644 alii.
751 1589 985 1661 Spiritus
1006 1602 1224 1648 sanctus
1249 1610 1384 1664 aqua
1408 1595 1622 1660 dicitur,
1641 1596 1790 1663 quia,

198 1681 345 1734 sicut
392 1697 530 1750 aqua
583 1682 754 1737 abluit
813 1684 1109 1739 exteriores
1167 1687 1378 1748 sordes,
1439 1685 1508 1738 ita
1559 1686 1792 1755 Spiritus

197 1771 375 1826 sancti
417 1773 592 1842 gratia
639 1774 941 1828 interiores.
983 1775 1045 1829 Et
1080 1791 1186 1829 non
1221 1777 1441 1840 mirum,
1485 1777 1528 1831 si
1560 1777 1790 1846 fructum

1903 572 2160 629 ricatores
2185 573 2317 643 legis
2339 573 2505 630 Judmi
2536 583 2588 630 et
2615 573 2734 630 falsi
2761 574 3055 630 Christiani
3083 575 3149 629 ab
3174 574 3274 629 hoc
3297 582 3355 628 ut
3375 573 3482 628 sint

1900 665 1955 718 in
1985 666 2202 719 consitio
2223 666 2509 734 justorum,
2538 667 2666 736 quia
2688 666 2778 723 hic
2807 666 3096 723 noluerunt
3119 681 3238 722 esse
3269 665 3321 720 in
3353 679 3482 720 con-

1901 758 2024 814 silio
2044 757 2332 827 iustorum.

1971 850 2084 907 Hoc
2111 853 2231 908 ideo
2258 853 2407 917 dicit,
2457 869 2525 908 ne
2554 854 2619 908 de
2671 854 3028 909 sacramentis
3067 861 3479 924 prarsumcrent,

1900 941 2106 997 scilicet
2131 950 2190 995 ut
2229 941 2471 1012 judicent
2512 944 2597 999 vel
2647 944 2957 1016 judicentur
2985 945 3038 998 in
3087 945 3308 1008 bonum,
3341 944 3482 997 sicut

1899 1048 2000 1088 nec
2021 1033 2165 1104 impii
2191 1049 2205 1098 ;
2237 1050 2356 1088 nam
2390 1035 2488 1090 soli
2515 1035 2607 1106 pii,
2634 1046 2915 1107 resurgent
2945 1036 2997 1090 in
3033 1033 3257 1104 judicio,
3281 1034 3369 1089 vel
3418 1042 3478 1090 ut

1891 1123 2152 1194 judicent,
2181 1126 2264 1180 vel
2299 1136 2358 1181 ut
2383 1125 2690 1196 iudicentur
2731 1128 2784 1181 in
2816 1128 3036 1192 bonum,
3083 1136 3137 1182 et
3183 1127 3285 1182 hoc
3339 1126 3479 1191 ideo,

1898 1217 2025 1285 quia
2057 1215 2190 1269 novit
2218 1215 2472 1270 Dominus
2501 1217 2634 1270 viam
2656 1215 3015 1287 justorum,id
3032 1225 3134 1282 est,
3158 1216 3406 1286 probavit
3428 1224 3484 1270 et

1898 1308 2085 1364 dilexit
2111 1311 2277 1374 viam,
2312 1309 2365 1363 id
2409 1318 2514 1373 est,
2544 1309 2710 1364 vitam
2752 1308 2969 1364 bonam.
3013 1309 3163 1379 lmpii
3193 1318 3244 1364 et
3296 1325 3484 1378 pecca-

1900 1409 2043 1456 tores
2068 1401 2185 1456 ideo
2205 1417 2308 1456 non
2342 1409 2625 1473 resurgent
2652 1417 2717 1456 eo
2759 1402 2937 1465 modo,
2971 1401 3229 1471 quoniam
3261 1399 3361 1454 iter
3384 1401 3484 1454 im-

1895 1488 2128 1565 piorum,
2170 1496 2221 1551 id
2268 1506 2371 1562 est,
2410 1497 2518 1550 vita
2559 1512 2720 1566 quam
2768 1497 2984 1566 ipsimet
3028 1495 3132 1549 sibi
3179 1494 3480 1564 elegerunt,

1895 1589 2078 1656 peribit
2137 1605 2166 1642 a
2213 1589 2524 1658 dignatione
2585 1590 2695 1643 Dei.
2747 1588 2966 1644 Aliter:
3025 1588 3174 1659 impii
3225 1597 3481 1658 tanquam

1899 1679 2072 1749 pulvis
2095 1680 2521 1750 dissipabuntur,
2551 1682 2680 1751 quia
2707 1680 3156 1735 circumfereutur
3178 1679 3478 1734 idololatrte

1897 1771 2036 1823 outui
2058 1781 2203 1824 vento
2224 1771 2475 1824 doctrinm
2505 1770 2664 1840 (Eph.
2697 1770 2792 1840 tv),
2836 1769 2920 1824 vel
2971 1769 3153 1824 alllatu
3194 1769 3480 1841 superbire,

195 1885 354 1922 suum
387 1871 551 1934 dabit,
580 1873 704 1941 quia
735 1874 918 1942 folium
947 1876 1061 1946 ejus
1083 1894 1183 1930 non
1206 1877 1426 1941 decidet,
1457 1878 1506 1932 id
1530 1890 1630 1945 est,
1658 1896 1781 1935 ver-

1893 1871 1949 1914 ιιι
1975 1860 2061 1915 ille
2101 1862 2191 1932 qui
2221 1863 2378 1925 dixit,
2411 1860 2610 1916 Pouam
2639 1862 2812 1916 sedem
2840 1879 3007 1916 meam
3053 1862 3121 1915 ad
3162 1861 3478 1933 aquilonem,

195 1961 266 2014 ba
299 1960 416 2028 ejus
440 1978 544 2016 non
574 1975 732 2018 erunt
762 1965 1076 2021 inellicacia.
1102 1967 1165 2022 Et
1188 1969 1231 2023 si
1263 1969 1314 2022 in
1343 1971 1661 2039 quilmsdam
1688 1988 1790 2026 non

194 2061 512 2120 operentur,
571 2063 748 2108 tamen
797 2055 898 2110 hoc
950 2071 1136 2110 verum
1189 2067 1270 2112 est
1323 2060 1466 2129 quod
1509 2075 1615 2114 nou
1667 2070 1792 2115 sunt

195 2141 522 2206 ineiiicacia,
583 2144 708 2212 quia
763 2145 956 2200 talibus
1006 2163 1110 2200 non
1149 2158 1273 2201 sunt
1316 2150 1478 2203 verba
1526 2150 1617 2217 qui
1661 2166 1792 2206 aure

193 2233 379 2288 cordis
405 2251 466 2287 ea
500 2251 606 2288 non
637 2236 959 2304 percipiunt.
996 2238 1120 2292 ideo
1149 2240 1308 2293 verba
1341 2239 1428 2293 Dei
1468 2241 1611 2296 l'oliis
1639 2256 1790 2295 com-

191 2338 477 2394 parantur,
542 2327 667 2396 quia
734 2328 875 2383 sicut
934 2329 1055 2384 l'olia
1115 2331 1355 2397 arbores,
1420 2333 1488 2387 ita
1547 2334 1791 2388 doctrina

193 2414 470 2472 Christum
521 2429 703 2483 ornat,
759 2429 834 2486 et,
888 2431 946 2474 ut
993 2421 1200 2476 fluctus
1246 2423 1375 2478 latet
1425 2425 1474 2477 in
1518 2423 1676 2487 foliis,
1713 2425 1787 2480 ita

192 2520 247 2563 et
292 2508 570 2564 beatitudo
613 2511 844 2566 lidelium
875 2514 1078 2583 regitur
1105 2515 1156 2567 in
1189 2514 1431 2568 doctrina
1463 2513 1685 2570 Christi.
1723 2515 1788 2570 Et

191 2601 374 2654 omnia
408 2618 730 2672 quarcunque
773 2603 926 2672 faciet
970 2606 1433 2675 prosperabuutur,
1465 2607 1578 2661 sive
1625 2607 1676 2661 in
1707 2623 1785 2674 se,

191 2692 308 2746 sive
351 2693 412 2746 in
438 2694 592 2748 suis:
631 2695 683 2748 in
725 2710 802 2757 se,
833 2697 946 2750 sive
977 2697 1026 2750 in
1075 2697 1233 2751 dictis
1273 2701 1385 2753 sive
1426 2701 1476 2753 in
1514 2698 1703 2765 factis;
1735 2701 1785 2755 in

191 2785 331 2849 suis,
360 2786 474 2841 sive
515 2787 623 2841 sint
650 2803 904 2858 prospera
933 2789 1044 2844 sive
1074 2790 1318 2844 adversa.
1357 2790 1411 2843 lu
1447 2792 1550 2845 hoc
1582 2799 1665 2845 cst
1694 2791 1785 2846 Dei

189 2879 533 2946 providentia
565 2880 846 2945 mirabilis,
880 2881 1004 2950 quia
1043 2880 1205 2935 etiam
1237 2882 1392 2938 malis
1433 2898 1652 2938 suorum
1683 2883 1788 2938 uti-

192 2975 279 3020 tur
309 2967 375 3020 ad
401 2968 620 3022 bonum.

262 3059 537 3125 Quosdam
566 3063 707 3115 enim
745 3064 1006 3133 permittit
1035 3064 1249 3130 cadere,
1279 3075 1337 3121 ut
1383 3065 1637 3123 fortiores
1665 3084 1786 3124 sur-

187 3160 335 3220 gant,
369 3164 428 3206 ut
458 3152 677 3207 Petrum
712 3155 762 3208 in
788 3157 1092 3226 negatione,
1122 3167 1177 3212 et
1204 3157 1466 3214 Thomam
1492 3161 1544 3215 in
1571 3162 1782 3218 dubita-

1895 1964 1941 2006 et
1970 1953 2160 2007 similis
2188 1971 2282 2025 ειη
2319 1954 2586 2008 Altissimo
2617 1953 2751 2024 (lsa.
2787 1954 2918 2024 xw).
2957 1955 3003 2008 Α
3047 1952 3186 2008 facie
3235 1962 3410 2018 terrae,
3447 1967 3479 2006 a

1894 2047 2100 2102 visione
2124 2045 2239 2110 Dei,
2262 2047 2449 2116 quiest
2475 2056 2620 2100 terra
2640 2047 2955 2100 viventium.
2981 2045 3052 2101 Ut
3074 2046 3221 2110 illud,
3242 2045 3481 2100 'I'ollatur

1893 2138 2080 2208 impius
2122 2155 2182 2191 ne
2228 2139 2393 2191 videat
2446 2139 2632 2207 faciem
2675 2138 2771 2192 Dei
2806 2139 2940 2208 (Isa.
2986 2141 3160 2207 xxvr),
3217 2137 3336 2192 ideo
3364 2136 3476 2204 liet,

1893 2230 2017 2298 quia
2047 2229 2212 2298 impii,
2247 2228 2299 2282 id
2329 2237 2410 2282 est
2438 2227 2750 2292 idololatrze,
2782 2244 2886 2281 non
2933 2235 3221 2298 resurgunt
3268 2242 3297 2280 a
3347 2240 3478 2280 casu

1893 2321 2048 2390 primi
2079 2321 2319 2390 parentis
2365 2328 2418 2373 et
2447 2320 2662 2390 proprio
2696 2321 2746 2373 in
2792 2318 3017 2387 judicio,
3056 2318 3262 2386 scilicet
3307 2326 3366 2371 ut
3421 2316 3476 2372 in

1891 2416 1995 2470 hac
2029 2416 2134 2468 vita
2168 2415 2314 2486 justo
2343 2413 2548 2482 judicio
2604 2414 2934 2484 perpendaut
2967 2428 3125 2482 quam
3165 2410 3370 2481 justum
3407 2410 3480 2464 sit

1891 2516 1950 2561 ut
1975 2508 2150 2562 minor
2186 2509 2387 2562 serviat
2427 2507 2643 2578 majori,
2694 2521 2883 2561 servus
2938 2505 3184 2570 Domino,
3224 2511 3476 2558 creatura

1889 2598 2150 2660 Creatori,
2171 2611 2223 2653 et
2246 2599 2311 2653 ab
2341 2615 2406 2653 eo
2435 2600 2687 2654 recedere
2720 2598 2835 2653 sine
2863 2613 2970 2667 quo
2997 2611 3117 2652 esse
3144 2612 3249 2651 non
3272 2602 3474 2665 potest,

1889 2703 1942 2747 et
1962 2703 2265 2748 creaturam
2296 2692 2564 2748 venerari.

1961 2783 2144 2854 Neque
2211 2793 2546 2853 peccatores,
2610 2783 2661 2838 id
2718 2790 2802 2836 est
2854 2791 3280 2850 transgressores
3338 2778 3472 2850 legis

1887 2885 2169 2949 resurgent
2193 2877 2244 2930 in
2277 2876 2505 2930 concilio
2528 2876 2816 2946 justormn.
2857 2873 3153 2928 Concilium
3199 2871 3472 2940 iustorum

1885 2977 1969 3021 est
2003 2975 2061 3021 ut
2090 2982 2207 3036 qua:
2232 2965 2324 3020 Dei
2363 2974 2486 3020 sunt
2517 2974 2784 3035 quierant,
2829 2979 2933 3019 non
2981 2979 3101 3034 qua:
3129 2981 3246 3028 sua,
3275 2972 3333 3017 ιιι
3364 2979 3472 3018 non

1886 3061 2011 3127 sibi,
2040 3061 2132 3115 sed
2171 3061 2278 3114 Deo
2312 3061 2579 3130 placeant,
2623 3068 2677 3113 et
2715 3066 2997 3130 propterea
3044 3059 3142 3112 iter
3189 3057 3473 3127 impiorum

1883 3152 2090 3224 peribit,
2124 3150 2174 3204 id
2197 3161 2300 3215 est,
2327 3152 2436 3205 vita
2463 3161 2520 3204 et
2547 3150 2699 3204 labor
2727 3164 2912 3204 eorum
2939 3149 3054 3203 sine
3077 3146 3325 3202 mercede
3346 3146 3472 3200 erit.

190 3243 357 3306 tione,
405 3242 486 3295 vel
517 3245 679 3297 etiam
725 3245 788 3298 ad
837 3262 988 3300 suam
1017 3256 1074 3302 et
1117 3247 1343 3303 aliorum
1382 3249 1690 3316 utilitatem,
1719 3258 1780 3306 ut
1807 3230 1852 3294 C
1886 3243 1988 3310 Qui
2015 3244 2152 3298 enim
2181 3259 2283 3296 non
2310 3242 2491 3296 habuit
2521 3252 2721 3311 portent
2771 3242 2824 3295 iu
2876 3238 3251 3293 resurrectione
3301 3236 3472 3308 prima

187 3331 403 3396 Petrus,
437 3335 528 3402 qui
562 3336 613 3389 in
643 3350 741 3390 suo
773 3352 901 3392 casu
929 3338 1117 3394 didicit
1139 3349 1337 3409 quanta
1365 3343 1778 3397 mansuetudine

185 3425 528 3480 subditorum
552 3427 660 3480 vita
695 3427 766 3482 sit
807 3430 1144 3500 corrigenda.
1181 3427 1305 3486 Non
1333 3433 1408 3486 sic
1437 3434 1606 3502 impii,
1635 3433 1781 3489 scili-

185 3525 273 3572 cet
303 3526 360 3572 ut
388 3517 477 3572 illa
522 3519 702 3574 omnia
729 3530 1088 3591 cooperentur
1119 3523 1170 3576 in
1202 3524 1426 3592 bonum,
1455 3541 1575 3579 cum
1615 3527 1778 3582 etiam

187 3607 274 3662 illa
303 3624 424 3678 qua:
453 3610 532 3664 eis
559 3611 811 3666 videntur
839 3611 980 3667 bona
1003 3624 1364 3684 cooperantur
1395 3617 1445 3670 in
1475 3617 1697 3683 malum,
1721 3625 1781 3672 ut

186 3700 336 3764 illud,
384 3698 718 3770 Prospei-itas
767 3704 1047 3759 stultorum
1096 3707 1271 3777 perdet
1317 3707 1434 3762 illos
1473 3708 1668 3778 (Prov.
1699 3709 1774 3779 ι).

184 3789 383 3861 Impius
415 3805 574 3848 vocat
595 3793 763 3849 Deum
798 3795 1128 3866 ignorantes,
1160 3807 1218 3851 ut
1244 3796 1432 3864 Judaei,
1466 3799 1694 3870 gentiles
1724 3809 1780 3856 et

183 3883 426 3938 han-elici
451 3886 727 3953 quierunt
765 3888 1156 3957 comparabiles
1179 3891 1383 3958 pulveri
1418 3907 1520 3946 non
1548 3893 1778 3950 solidato

183 3977 252 4030 ab
277 3976 470 4040 imbre,
497 3994 650 4047 quem
686 3989 864 4032 ventus
894 3981 1140 4050 prohibet
1181 4000 1212 4035 a
1261 3982 1415 4051 facie,
1452 3984 1504 4038 id
1543 3993 1647 4048 est,
1679 3985 1774 4040 de-

181 4083 347 4137 super
390 4067 582 4122 faciem
648 4078 820 4136 terrm,
877 4071 1001 4139 quia
1047 4080 1294 4128 carentes
1351 4075 1576 4130 humore
1621 4076 1774 4132 verbi

180 4161 276 4217 Dei
327 4169 549 4231 prapter
611 4163 937 4232 impietatem
988 4181 1162 4231 suam,
1191 4183 1217 4219 a
1260 4176 1443 4232 vento,
1491 4168 1542 4222 id
1591 4179 1695 4232 est,
1741 4186 1771 4226 a

179 4252 397 4306 diabolo
429 4253 510 4307 vel
537 4253 712 4324 prima
751 4257 1094 4326 suggestione
1150 4259 1476 4327 repellentur
1521 4276 1551 4315 a
1591 4261 1774 4330 c0gni-

180 4345 326 4397 tione
369 4343 488 4408 Dei,
527 4344 619 4414 qui
661 4352 742 4399 est
789 4354 928 4400 terra
958 4347 1260 4414 uiuentium,
1291 4350 1342 4404 id
1389 4359 1492 4415 est,
1541 4367 1569 4405 a
1612 4351 1767 4407 facie.

176 4432 371 4488 Facies
399 4449 497 4504 pro
520 4427 824 4505 cognitione
860 4437 1144 4507 accipitur,
1187 4439 1310 4508 quia
1356 4441 1653 4496 secundum
1685 4441 1768 4496 fa-

175 4525 315 4578 ciem
362 4525 431 4580 de
473 4527 714 4595 qualibet
764 4544 822 4582 re
869 4529 1228 4600 cognitionem
1267 4530 1466 4586 habere
1513 4533 1766 4590 solemus.

1886 3351 1989 3388 non
2018 3333 2220 3387 habebit
2259 3345 2460 3402 partem
2505 3333 2562 3385 in
2609 3331 2982 3386 resurrectione
3027 3327 3253 3382 secunda
3284 3328 3468 3398 (Apoc.

1886 3428 2000 3496 xx).
2025 3426 2177 3492 Quod
2199 3426 2300 3479 iter
2320 3424 2602 3494 impiorum
2623 3421 2830 3492 peribit,
2853 3421 3088 3475 ostendit
3111 3436 3139 3472 a
3172 3418 3466 3481 contrario,

1884 3517 2138 3586 quoniam
2166 3517 2314 3571 novit
2357 3515 2616 3571 Dominus
2655 3530 2759 3568 non
2800 3512 2984 3586 solum,
3012 3511 3337 3582 COgnitioue,
3373 3506 3470 3566 sed

1883 3610 2044 3664 etiam
2068 3610 2396 3680 dignatione,
2432 3609 2571 3664 viam
2593 3607 2884 3677 justorum,
2919 3605 3083 3659 vitam
3109 3615 3164 3660 et
3191 3613 3392 3658 actum.

2467 3719 2788 3777 PSALMUS
2818 3719 2881 3774 Il.

2445 3809 2676 3848 PSALHUS
2717 3808 2898 3846 DAV'ID.

1901 3910 1906 3916 ν
1958 3904 1977 3936 ι
2022 3885 2199 3952 Quare
2223 3885 2556 3940 fremuerunt
2575 3893 2785 3955 gentes,
2802 3893 2856 3937 et
2872 3881 3049 3953 populi
3075 3878 3317 3936 meditati
3341 3883 3464 3934 sunt

1886 3995 1904 4029 ι
1953 3978 2171 4033 inania?
2207 3977 2510 4031 Astiterunt
2541 3991 2693 4046 rcges
2723 3983 2905 4040 terrm,
2947 3983 3002 4028 et
3038 3973 3305 4042 principes
3338 3985 3468 4026 con-

1885 4089 1903 4122 ι
1951 4077 2214 4123 venerunt
2253 4067 2304 4120 in
2335 4082 2496 4120 unum
2530 4067 2786 4120 adversus
2813 4065 3098 4119 Dominum
3127 4073 3181 4116 et
3207 4062 3464 4115 adversus

1884 4179 1901 4212 ι
1947 4159 2220 4215 Christum
2274 4158 2406 4228 ejus.
2462 4158 2844 4228 Dirumpamus
2899 4154 3110 4210 vincula
3163 4169 3350 4209 eorum
3407 4158 3465 4206 et

1883 4271 1900 4304 ι
1947 4249 2346 4322 projiciamusa
2382 4251 2538 4305 nobis
2569 4251 2760 4320 jugum
2807 4249 3066 4318 ipsorum.
3107 4245 3209 4312 Qui
3253 4243 3462 4298 habitat

1881 4365 1900 4398 ι
1946 4346 1999 4400 in
2028 4346 2180 4401 cmlis
2203 4346 2446 4401 irridebit
2473 4361 2567 4401 eos
2602 4354 2657 4400 et
2691 4343 2948 4399 Dominus
2972 4342 3460 4398 subsannabitcos.

1881 4456 1898 4490 ι
1949 4437 2100 4493 Tunc
2127 4440 2373 4508 loquetur
2417 4439 2483 4494 ad
2509 4454 2603 4493 eos
2644 4439 2696 4492 in
2728 4439 2806 4492 ira
2838 4453 2956 4502 sua,
2988 4445 3042 4491 et
3071 4436 3122 4489 in
3158 4434 3338 4488 furore
3361 4447 3461 4488 suo

1882 4550 1900 4584 ι
1945 4532 2288 4588 conturbabit
2327 4546 2438 4588 eos.
2484 4529 2595 4601 Ego
2634 4539 2816 4584 autem
2843 4527 3166 4583 constitutus
3197 4541 3314 4580 sum
3362 4538 3459 4579 rex

179 4617 306 4673 Ideo
339 4636 443 4672 non
476 4630 753 4691 resurgunt
784 4623 952 4693 impii,
985 4623 1036 4678 id
1082 4633 1196 4689 est,
1229 4624 1560 4690 idololatrte;
1599 4628 1652 4680 in
1671 4627 1765 4696 ju-
1792 4596 1848 4658 Β
1879 4643 1898 4676 ι
1945 4625 2012 4680 ab
2035 4640 2101 4679 eo
2125 4639 2286 4694 super
2307 4622 2436 4678 Sion
2467 4631 2702 4678 montem
2736 4629 2982 4676 sanctum
3009 4617 3461 4688 ejus,pr:edicans

172 4710 338 4774 dicio,
373 4711 427 4766 id
479 4722 584 4776 est,
620 4721 680 4766 ιιι
713 4711 957 4780 judicent
1001 4715 1087 4771 vel
1123 4716 1450 4785 judicentur,
1497 4721 1620 4790 quia
1653 4721 1764 4790 jam

173 4805 416 4860 damnati
465 4815 609 4860 sunt.
641 4805 1056 4879 Resurgentium
1085 4809 1174 4864 alii
1207 4820 1493 4881 resurgunt
1518 4813 1582 4866 ad
1623 4813 1768 4883 judi-

170 4899 337 4962 cium,
375 4899 466 4952 alii
507 4913 610 4952 non
637 4899 981 4968 adjudicium
1013 4910 1321 4971 resurgunt.
1351 4901 1452 4969 Qui
1479 4911 1765 4973 resurgunt

171 4990 554 5061 ad’judicium,
585 4998 680 5044 aut
716 4990 1104 5061 judicabuntnr
1130 4994 1196 5047 ad
1242 4993 1468 5048 salutem
1492 4993 1602 5062 jam
1633 5011 1761 5066 pur-

169 5087 272 5155 gati
316 5086 370 5140 in
406 5085 753 5156 purgatoriis,
785 5094 879 5140 aut
920 5086 986 5140 ad
1014 5087 1414 5141 damnationem
1441 5096 1497 5141 ut
1527 5087 1598 5142 illi
1634 5105 1766 5158 quo-

169 5194 285 5233 rmn
331 5177 574 5248 perditio
601 5194 705 5233 non
736 5187 821 5234 est
863 5179 916 5233 in
951 5179 1054 5234 hac
1086 5179 1197 5233 vita
1233 5178 1538 5236 manifesta.
1565 5181 1764 5238 Resur-

165 5272 414 5340 gentium
447 5285 556 5325 non
581 5271 631 5324 in
657 5271 943 5342 judicium,
965 5270 1052 5325 alii
1075 5270 1606 5340 nonjudicabuntur,
1637 5274 1762 5343 quia

162 5362 498 5433 judicabunt
538 5362 692 5429 alios,
735 5371 793 5418 ut
842 5364 1012 5418 sancti
1046 5363 1273 5434 apostoli
1314 5373 1366 5418 et
1411 5363 1498 5418 alii
1541 5364 1762 5434 perfecti

166 5454 216 5492 ἶη
246 5453 522 5504 Πφυιροῖιικ
555 5453 638 5502 alii
667 5470 768 5498 nnn
801 5452 1180 5498 ill-‘ipﬂllllhhu'
1201 5454 1324 5498 nnizl
1355 5453 1460 5494 iatn
1485 5455 1763 5492 avidi-nta-

1879 4733 1897 4766 ι
1941 4725 2269 4786 prteceptum
2322 4713 2456 4783 ejus.
2502 4713 2768 4768 Dominus
2813 4713 2948 4768 dixit
2992 4711 3057 4765 ad
3099 4725 3227 4764 me:
3288 4708 3458 4764 Filius

1876 4826 1896 4860 ι
1941 4823 2094 4862 meus
2119 4822 2178 4861 es
2210 4816 2287 4872 ιιι,
2319 4823 2419 4878 ego
2450 4807 2610 4861 hodie
2658 4805 2816 4878 genui
2863 4815 2936 4860 te.
2983 4802 3201 4858 Postula
3230 4819 3258 4856 a
3293 4818 3378 4856 me
3403 4809 3459 4857 et

1875 4919 1894 4952 ι
1939 4901 2076 4955 dabo
2103 4900 2193 4955 tibi
2223 4911 2410 4970 gentes
2427 4898 2796 4954 hzereditatem
2822 4906 3048 4963 tuam,et
3063 4895 3458 4968 possessionem

1875 5009 1893 5043 ι
1944 5000 2086 5044 tuam
2118 4990 2374 5046 terminos
2405 4998 2582 5044 terrar.
2612 4989 2789 5060 Reges
2819 5004 2912 5044 eos
2939 4990 2990 5043 in
3019 4990 3170 5059 virga
3203 4986 3371 5040 l‘errca
3404 4992 3460 5039 et

1873 5105 1890 5138 ι
1945 5094 2198 5156 tanquam
2230 5099 2321 5137 vas
2354 5081 2500 5152 ﬁguli
2532 5081 2838 5152 confringes
2863 5083 3062 5138 eos.Et
3090 5097 3250 5140 mmc,
3279 5092 3456 5146 rcges,

1873 5196 1890 5227 ι
1937 5176 2251 5248 intelligite;
2282 5173 2573 5229 erutlimini
2599 5217 2613 5240 ,
2654 5174 2743 5244 qui
2792 5174 3047 5245 jndicatis
3077 5184 3296 5228 terram.
3325 5168 3458 5222 Ser-

1869 5289 1888 5322 ι
1933 5270 2040 5324 vite
2064 5269 2292 5324 Domino
2318 5267 2370 5321 in
2387 5267 2600 5334 timore,
2618 5267 2949 5324 etexsnltate
2975 5269 3022 5322 ei
3051 5282 3170 5320 cum
3201 5273 3457 5317 tremore.

1869 5383 1887 5415 ι
1934 5361 2334 5433 Apprehendite
2361 5361 2696 5430 disciplinam
2738 5375 2805 5415 ne
2833 5363 3048 5430 quando
3071 5360 3332 5412 irascatur
3354 5355 3460 5410 Do-

2949 5455 2982 5466 "
3048 5472 3072 5478 »ι
3119 5450 3371 5484 «manans-:0
3400 5449 3456 5492 in
