4026 6430
525 455 631 512 155

1168 453 1433 538 nemon
1471 415 2082 509 ANTI'SSIODORENSI

2191 448 2311 507 )PP.
2354 450 2531 513 PARS
2563 456 2599 513 Ι.
2640 490 2709 500 --
2745 461 3152 523 EXEGETICA.

3682 460 3785 518 136

520 575 704 629 dicunt
740 588 877 630 esse.
909 572 1267 645 Hieronymus
1294 573 1432 629 hanc
1460 572 1724 629 rationem
1746 569 1835 625 dat
1856 568 1999 638 quod
2022 566 2094 625 sit
2118 564 2172 626 Δ
2202 576 2341 621 rum.
2392 568 2637 641 Vincula,
2665 578 2719 635 id
2747 589 2850 645 est,
2880 581 3118 637 rationes
3163 589 3217 635 et
3259 577 3536 637 doctrinas
3583 578 3784 647 quibus

518 681 677 733 mitts,
706 666 832 737 quia
877 681 907 720 a
936 666 1270 722 beatitudine
1322 664 1507 736 incipit
1564 672 1618 720 ει
1661 663 1715 717 in
1764 658 2095 716 beatitudine

517 758 735 824 desiuit,
791 768 845 816 et
878 761 1066 815 beatus
1102 759 1300 815 Paulus
1328 772 1493 813 unum
1530 756 1768 813 ostendit
1793 754 1846 810 in
1869 753 2097 811 Actibus

514 848 890 920 Apostolorum
913 850 1049 922 (Aet.
1069 850 1209 922 tun).
1225 850 1327 918 Qui
1342 857 1522 905 autem
1542 848 1815 904 diversum
1830 842 2093 914 psalmum

517 936 717 994 habent
736 956 768 995 a
796 941 1062 1011 superiori
1091 942 1249 998 modo
1274 940 1591 1003 intitulant:
1631 938 1876 996 Psalmus
1902 935 2092 992 David.

515 1029 781 1095 Psalmus,
813 1031 865 1085 id
886 1041 969 1087 est
993 1034 1254 1103 operatio.

586 1119 696 1176 llac
724 1121 930 1177 ratione
974 1138 1070 1192 per
1089 1123 1355 1194 psalmum
1390 1124 1654 1194 accipitur
1677 1122 1938 1192 operatio,
1965 1120 2094 1191 quia

514 1212 848 1282 psalterium,
896 1224 954 1270 ut
981 1231 1172 1277 sonum
1221 1217 1432 1282 reddat,
1470 1231 1634 1271 manu
1680 1215 1937 1286 tangitur.
1992 1212 2096 1271 Pet:

514 1322 730 1361 manum
763 1308 1057 1379 accipimus
1083 1310 1474 1380 Oper-stionem.
1505 1308 1673 1363 David
1706 1308 2095 1376 interpretatur

512 1414 672 1453 manu
700 1397 853 1470 fortis
880 1401 963 1456 vel
993 1403 1105 1455 visu
1129 1400 1512 1465 desiderabilis,
1545 1402 1597 1454 in
1627 1415 1735 1471 quo
1762 1396 2097 1469 signiﬁcatur

510 1487 759 1549 Christus
788 1491 880 1561 qui
905 1501 990 1547 est
1016 1508 1176 1547 manu
1204 1492 1380 1559 fortis,
1411 1494 1537 1563 quia
1566 1493 1697 1546 vicit
1732 1489 2001 1553 diabolum
2042 1499 2097 1549 et

509 1579 677 1647 spolia
703 1580 820 1650 ejus
844 1581 1137 1649 distribuit.
1171 1582 1439 1649 Quosdam
1476 1583 1612 1637 enim
1640 1582 1780 1635 dedit
1806 1579 2092 1649 apostolos,

507 1675 759 1746 quosdam
777 1677 1211 1747 prophetas,alios
1224 1679 1458 1732 doctores
1475 1678 1633 1749 (Eph.
1644 1677 1737 1744 tv).
1751 1676 1875 1731 Visu
1890 1675 2093 1729 deside-

509 1765 693 1825 rabilis
709 1780 811 1833 est,
829 1771 950 1840 quia
973 1770 1264 1851 nonisolum
1282 1770 1545 1834 homines,
1569 1768 1663 1824 sed
1684 1778 1739 1822 et
1760 1767 1932 1838 angeli
1951 1766 2091 1822 desi-

508 1859 697 1916 derant
732 1876 855 1917 cum
883 1863 1085 1918 videre.
1110 1863 1227 1933 Ipse
1248 1863 1393 1918 enim
1418 1871 1504 1918 est
1528 1863 1680 1918 cibus
1700 1860 2011 1933 angelorum
2039 1866 2094 1914 et

2199 676 2298 718 nos
2322 668 2609 725 attrahere.
2627 671 2812 729 volunt
2853 675 2953 731 sub
2988 675 3174 745 iugum
3220 673 3345 731 iidei
3376 690 3390 728 ι
3422 673 3491 729 Ει
3527 673 3785 743 projieia-

2197 772 2314 813 mus
2348 775 2381 812 a
2412 759 2559 815 nobis
2587 760 2780 832 jugum
2821 763 3080 833 ipsorum,
3122 764 3175 819 id
3216 771 3318 828 est,
3364 763 3544 828 ﬁdem,
3575 762 3657 818 vel
3687 761 3785 830 ju-

2200 866 2364 919 gum,
2413 851 2465 906 id
2508 862 2593 909 est
2619 894 2633 918 .
2694 853 2864 925 legem
2909 872 3015 926 qua
3061 871 3160 912 nos
3199 858 3455 913 coercere
3511 855 3700 913 volunt
3746 869 3783 908 a

2189 938 2435 1009 jucunda,
2453 946 2862 1013 consuetudine,
2892 946 3017 1004 Non
3047 949 3401 1013 mmcltaberis,
3426 947 3547 1003 Non
3574 952 3784 1017 [artum

2198 1033 2360 1101 facies
2397 1036 2592 1107 (Exod.
2626 1055 2728 1105 xx;
2775 1037 2967 1097 Matth.
2999 1041 3135 1109 xu).
3190 1038 3291 1096 Per
3336 1032 3569 1101 vincula,
3619 1036 3787 1101 hians

2199 1121 2320 1183 dam
2356 1125 2657 1183 doctrinam
2715 1144 2820 1200 qua
2868 1130 2935 1185 ad
2997 1130 3156 1187 (idem
3209 1130 3456 1185 alliciunt
3516 1128 3780 1199 intellige.

2202 1212 2303 1270 Per
2336 1214 2546 1286 jugum,
2576 1219 2763 1275 duram
2812 1219 2980 1291 legem
3007 1235 3129 1289 qua:
3163 1228 3283 1289 post
3328 1218 3490 1273 tidem
3514 1216 3789 1283 Christia-

2198 1304 2285 1360 nis
2341 1305 2654 1376 imponilus.
2710 1309 2815 1379 ipsi
2873 1311 3249 1382 cogitaverunt
3307 1309 3516 1365 vincula
3572 1307 3787 1364 Christi

2199 1394 2536 1467 disrumpere
2581 1406 2637 1452 et
2675 1399 2861 1469 jngum
2895 1400 3011 1466 eius
3051 1415 3083 1453 a
3124 1415 3184 1455 se
3218 1398 3498 1469 projicere,
3528 1398 3625 1453 sed
3666 1397 3784 1454 [ru-

2198 1498 2333 1555 stra,
2361 1493 2483 1561 quia
2517 1491 2602 1546 ille
2644 1494 2734 1563 qui
2768 1493 2966 1549 habitat
3000 1493 3054 1547 in
3083 1492 3245 1559 caelis,
3272 1492 3325 1547 id
3353 1501 3459 1556 est,
3492 1491 3546 1546 itt
3581 1492 3788 1562 praedi-

2198 1584 2470 1638 caloribus
2497 1585 2850 1647 suis,scilicet
2882 1585 3116 1655 Spiritus
3136 1593 3376 1651 sanctus,
3400 1583 3636 1638 irridebit
3666 1601 3788 1640 eos.

2197 1673 2330 1741 ϐωὶί
2355 1676 2608 1731 dicuntur
2645 1679 2818 1734 sancti
2857 1679 3262 1749 praedicatores,
3291 1680 3416 1748 quia
3458 1668 3787 1749 compluunt

2198 1767 2399 1832 verbis,
2432 1778 2722 1824 coruscant
2752 1769 3046 1834 miraculis,
3076 1770 3326 1825 intonant
3350 1769 3530 1824 minis.
3581 1769 3762 1824 Irride

2200 1857 2270 1913 bit
2300 1877 2407 1914 eos.
2459 1860 2647 1915 Divina
2680 1860 2956 1933 Scriptura
2994 1877 3135 1933 saepe
3185 1862 3296 1918 Deo
3343 1860 3587 1917 attribuit
3632 1861 3781 1930 quod

507 1953 804 2021 hominum,
833 1964 892 2009 ut
927 1955 1071 2011 enim
1135 1971 1326 2025 panem
1372 1955 1682 2026 angelorum
1710 1954 2092 2026 .manducaret
2121 1926 2169 1989 Β
2197 1950 2248 2005 in
2280 1952 2398 2006 aliis
2424 1963 2698 2023 operatur.
2752 1953 2843 2010 Sic
2875 1954 3117 2010 irridebit
3144 1969 3260 2019 eos,
3294 1953 3348 2009 id
3387 1960 3492 2017 est,
3523 1953 3786 2008 ostendet

504 2043 687 2111 homo,
709 2061 803 2102 rex
831 2046 1140 2118 angelorum
1171 2047 1345 2102 factus
1369 2058 1452 2102 est
1475 2049 1655 2100 homo.
1684 2047 1933 2100 Dicamus
1958 2060 2090 2115 ergo

505 2137 607 2191 ita:
628 2136 883 2208 Operatio
896 2154 1014 2208 quae
1028 2140 1080 2194 in
1098 2140 1200 2196 hoc
1220 2139 1427 2211 psalmo
1441 2140 1753 2212 intelligitur
1766 2138 2088 2205 esthristi,

503 2237 559 2282 et
603 2229 715 2284 haec
760 2238 846 2285 est
892 2230 1122 2285 intentio
1161 2232 1447 2287 ostendere
1485 2241 1543 2286 ut
1578 2231 1886 2302 quicunque
1924 2232 2090 2285 velint

506 2334 733 2389 regnare
762 2336 885 2377 cum
912 2320 1148 2386 Christo,
1178 2322 1294 2393 ejus
1339 2322 1742 2393 persecutiones
1786 2338 1892 2376 non
1935 2337 2091 2378 recu-

503 2423 645 2478 sent,
660 2415 785 2484 quia
806 2414 1232 2485 st'compatimur,
1254 2428 1300 2471 et
1324 2416 1751 2487 conregnabimus
1767 2416 1940 2489 (Rom.
1959 2433 2087 2481 vut;

506 2503 608 2558 Tit.
642 2505 724 2577 tt).
762 2505 889 2561 Sive
918 2508 1314 2576 unus,psaltnus
1358 2510 1430 2563 sit
1464 2524 1586 2563 cum
1623 2509 1926 2579 superiori,
1975 2508 2090 2564 sive

503 2596 572 2652 ab
601 2614 666 2655 co
693 2599 963 2669 diversus,
996 2604 1047 2658 in
1081 2617 1214 2657 voce
1240 2602 1442 2657 Christi
1474 2602 1688 2673 legitur,
1715 2612 1770 2657 et
1805 2603 2090 2658 continua-

504 2700 593 2746 tur
618 2708 738 2747 cum
772 2697 1034 2766 superiori
1068 2697 1138 2751 ita
1172 2696 1323 2765 :Ego
1373 2697 1425 2751 in
1468 2698 1610 2752 hunc
1658 2698 1916 2752 mundum
1964 2695 2087 2751 veni

505 2774 821 2852 peccatores
884 2791 1061 2845 salvos
1126 2788 1344 2855 facere,
1400 2805 1497 2845 nec
1552 2791 1752 2845 tnalunt
1798 2789 1942 2851 feci,
1988 2805 2088 2845 uec

500 2878 703 2934 malum
737 2882 911 2943 docui,
942 2891 995 2938 et
1026 2884 1176 2949 ideo,
1197 2900 1361 2955 quare
1405 2884 1725 2953 fremuerunt
1771 2884 1986 2953 gentes?
2032 2883 2086 2938 id

501 2983 603 3038 est,
652 2978 716 3029 ad
762 2990 923 3046 quam
958 2977 1243 3031 utilitatem
1291 2978 1485 3031 suam?
1526 2988 1675 3032 certe
1722 2978 1946 3039 nullam,
1981 2978 2090 3031 imo

501 3067 568 3119 ad
600 3081 752 3121 suam
785 3068 1184 3123 damnationem
1212 3077 1266 3122 et
1308 3069 1372 3123 ad
1400 3084 1572 3123 meant
1600 3068 1843 3139 gloriam.
1875 3066 2085 3133 Gentes,

504 3158 556 3211 id
593 3167 676 3213 est
711 3159 959 3227 gentiles,
1007 3159 1212 3216 Pilatus
1253 3170 1308 3216 et
1346 3160 1586 3216 Herodes
1632 3161 1986 3224 fremuerunt,
2033 3161 2089 3215 id

499 3248 603 3312 est.
632 3252 750 3307 sine
776 3253 985 3307 ratione
1013 3262 1067 3307 ut
1098 3253 1281 3309 leones
1307 3255 1357 3309 in
1383 3269 1467 3309 me
1494 3253 1769 3309 fremitum
1803 3253 2082 3309 dederunt.

501 3338 604 3399 Per
633 3355 823 3417 gentes
854 3347 1192 3417 accipiuntur
1221 3349 1415 3420 pagani
1458 3349 1548 3418 qui
1592 3347 1756 3420 geniti
1799 3357 1945 3413 sunt,
1977 3361 2085 3402 non

500 3438 823 3509 regenerati.
870 3437 939 3495 Et
983 3440 1194 3511 populi,
1239 3441 1290 3496 id
1332 3449 1412 3495 est
1454 3439 1646 3505 Judaai,
1702 3456 1871 3511 quare
1920 3440 2087 3495 medi-

500 3528 599 3582 tati
625 3538 745 3583 sunt
774 3529 954 3585 inania
980 3530 1006 3584 ?
1029 3530 1080 3584 id
1113 3541 1196 3586 est
1223 3530 1537 3595 inefﬁcacia,
1572 3546 1602 3585 a
1629 3532 1861 3587 veritate
1887 3546 2081 3587 vacua.

505 3619 852 3690 Collegerunt
891 3621 1035 3675 enim
1081 3622 1389 3686 concilium,
1431 3621 1676 3676 dicentes
1717 3640 1729 3675 :
1777 3620 1839 3677 Si
1867 3622 2089 3676 dimitti-

499 3735 616 3773 mus
647 3735 762 3774 eum
791 3719 887 3784 sic,
918 3735 1095 3774 omnes
1126 3718 1332 3773 credent
1363 3720 1419 3773 in
1448 3736 1586 3773 eum.
1628 3719 1704 3773 Ab
1737 3718 1825 3773 illo
1855 3735 1976 3789 ergo
2002 3718 2087 3773 die

512 3812 867 3882 cogitaverunt
918 3810 1208 3880 interﬁcere
1257 3828 1373 3864 eum
1410 3809 1587 3878 (Joan.
1630 3810 1728 3879 ιιι).
1764 3810 1945 3864 luania
1972 3810 2085 3864 haec

503 3898 744 3974 fuerunt,
787 3901 912 3972 quia
963 3900 1052 3955 illa
1100 3916 1245 3956 mors
1291 3901 1491 3955 Christi
1539 3900 1798 3955 exultatio
1849 3899 1969 3954 fuit.
2017 3898 2086 3954 Et

498 3991 608 4066 jam
649 4003 793 4049 totus
821 3994 1053 4049 mundus
1089 4003 1209 4063 post
1246 4010 1368 4049 cum
1410 3994 1560 4048 abiit.
1611 3993 1902 4047 Astiterunt
1944 4006 2086 4063 reges

504 4096 680 4142 terrm.
713 4086 929 4141 Duobus
958 4084 1134 4141 modis
1171 4095 1345 4156 potest
1382 4086 1483 4158 legi
1517 4085 1663 4140 illud.
1709 4085 1874 4152 Quasi
1913 4084 2080 4149 dicat,

501 4195 608 4236 non
641 4179 812 4235 solum
841 4190 1038 4251 gentes,
1066 4178 1270 4234 scilicet
1312 4178 1549 4233 minores
1591 4177 1790 4232 milites
1832 4176 2084 4241 Romani,

502 4272 595 4328 sed
640 4270 801 4326 etiam
843 4285 999 4343 reges
1051 4270 1285 4341 majores
1327 4270 1617 4325 astiterunt
1671 4269 1813 4333 illis,
1865 4268 1916 4322 id
1960 4275 2082 4332 est,

502 4367 823 4436 adjuverunt
864 4366 984 4421 illas
1027 4367 1313 4423 adversum
1362 4381 1467 4420 tne.
1511 4363 1674 4435 Reges
1714 4375 1885 4421 terrae.
1916 4362 1969 4417 id
2000 4369 2087 4417 est

502 4461 724 4526 terreni,
759 4470 971 4516 terrena
1001 4469 1245 4515 amantes
1276 4466 1330 4513 et
1370 4458 1610 4515 cmlestia
1649 4463 2080 4513 contemnentes.

502 4550 567 4610 Et
614 4571 717 4609 non
755 4555 926 4609 solum
964 4554 1142 4625 populi
1191 4552 1522 4616 Judzeorum,
1571 4550 1621 4604 id
1663 4558 1764 4616 est,
1817 4550 2080 4613 minores,

504 4646 596 4700 sed
623 4654 679 4699 ct
708 4646 980 4716 principes
1009 4644 1212 4708 szeculi,
1243 4645 1425 4698 Antias
1455 4646 1509 4697 et
1536 4640 1790 4712 Caipltas.
1823 4640 1888 4694 Et
1920 4638 1995 4694 illi
2025 4646 2081 4693 et
2108 4642 2158 4718 ι)

504 4736 589 4791 isti
624 4747 967 4791 convenerunt
994 4738 1048 4790 in
1082 4752 1262 4799 unum,
1304 4734 1511 4790 scilicet
1541 4732 1848 4795 consilium,
1881 4729 2085 4786 scilicet

501 4827 752 4882 adversus
794 4827 1077 4883 Dominum
1121 4828 1268 4881 illttm
1313 4828 1515 4897 quiest
1557 4825 1815 4881 Dominus
1846 4822 2085 4877 domino;

500 4930 641 4983 rum,
678 4918 728 4973 id
776 4928 877 4979 est,
926 4919 1185 4974 adversus
1227 4918 1462 4974 Patrem.
1503 4916 1631 4973 Ideo
1675 4917 1933 4971 adversus
1981 4911 2085 4967 Pa-

503 5018 665 5076 trem,
694 5012 821 5082 quia
850 5023 895 5066 et
927 5012 1172 5066 adversus
1197 5008 1461 5065 Christum
1490 5009 1627 5081 ejus,
1668 5008 1719 5062 id
1759 5014 1861 5068 est,
1897 5004 2083 5058 voltth

502 5112 665 5159 tatem
695 5103 833 5173 eius,
864 5103 990 5174 quia
1034 5103 1256 5159 verbum
1303 5103 1479 5159 Patris
1519 5111 1603 5158 est
1650 5100 1767 5171 ejus
1810 5096 2087 5152 voluntas.

498 5193 692 5263 Aliter,
723 5197 999 5251 astiterunt
1042 5212 1184 5266 reges
1228 5205 1400 5251 terrm.

516 5302 521 5307 '
575 5288 691 5344 Non
742 5289 913 5345 solum
963 5288 1301 5344 fremuerunt
1350 5303 1503 5354 voce,
1555 5288 1649 5342 sed
1696 5285 1993 5349 astiterunt,
2026 5281 2089 5338 id

502 5386 605 5445 est,
657 5382 1112 5453 appropiaverunt
1156 5380 1490 5452 operatione.
1538 5378 1631 5433 llle
1683 5376 2081 5448 appropinquat

500 5471 568 5526 ad
600 5473 901 5527 nocendum
933 5471 1024 5543 qui
1056 5472 1270 5535 laborat
1298 5480 1351 5528 ut
1394 5470 1661 5543 perﬁciat,
1691 5480 1745 5523 et
1775 5467 1953 5539 populi
1982 5464 2083 5521 Ju-

498 5560 735 5618 dzrorum
779 5578 883 5617 non
926 5563 1098 5618 solum
1130 5563 1366 5617 meditati
1406 5572 1525 5617 sunt
1560 5562 1762 5626 inania,
1795 5558 1887 5614 sed
1914 5558 2081 5613 etiam

499 5669 689 5709 omnes
734 5653 787 5707 in
843 5670 1003 5709 unam
1051 5655 1373 5711 sententiam
1418 5663 1763 5709 convenerunt
1830 5652 2079 5705 adversus

499 5744 782 5803 Dominum
813 5762 1000 5803 eorum
1054 5757 1328 5803 auctorem
1358 5789 1372 5815 ,
1421 5758 1477 5804 et
1513 5748 1761 5803 adversus
1790 5742 2078 5799 Christum

498 5837 615 5907 ejus
644 5839 994 5894 mediatorem
1024 5838 1117 5892 Dei
1143 5848 1197 5894 et
1226 5840 1522 5901 hominum,
1556 5840 1796 5894 dicentes
1826 5856 1839 5890 :
1871 5836 2082 5891 Dirum-

489 5946 685 6006 Δραηιιιε
726 5928 929 5983 rinenta
964 5944 1165 5997 eorum,
1196 5929 1249 5985 id
1285 5937 1387 5996 est,
1415 5928 1617 5985 Christi
1650 5938 1707 5985 et
1738 5927 2077 5985 Christiano-

2193 2044 2385 2115 dignos
2420 2046 2550 2108 risu,
2584 2063 2706 2102 cum
2740 2062 2844 2102 nou
2875 2056 3129 2117 poterunt
3167 2046 3381 2103 efﬁcere
3414 2046 3556 2116 quod
3588 2046 3785 2101 volue-.

2193 2146 2336 2199 runt,
2369 2145 2426 2191 ut
2456 2136 2582 2192 illud
2610 2156 2624 2192 :
2655 2137 2844 2193 Omnes
2877 2134 3123 2209 incipient
3151 2138 3370 2193 illudere
3394 2138 3463 2202 ei,
3494 2137 3727 2193 dicentes
3756 2153 3776 2192 :

2196 2229 2295 2285 Hic
2317 2231 2471 2285 homo
2497 2232 2642 2301 cwpit
2682 2232 2946 2300 antiﬁcare
2981 2241 3029 2285 et
3071 2247 3174 2286 non
3216 2231 3382 2300 potuit
3410 2245 3783 2285 consummare

2193 2321 2345 2394 (Luc.
2396 2325 2541 2391 xiv).
2586 2324 2651 2378 Et
2691 2340 2795 2379 non
2837 2325 3006 2379 solum
3051 2324 3331 2388 irridebit,
3377 2323 3471 2380 sed
3515 2330 3571 2377 et
3619 2321 3769 2391 quod

2192 2417 2410 2485 gravius
2451 2426 2555 2483 est,
2586 2418 2947 2480 subsannabit,
2976 2433 3098 2473 cum
3145 2433 3250 2474 non
3299 2416 3471 2474 solum
3518 2418 3784 2475 ostendet

2190 2524 2370 2578 prava:
2400 2510 2689 2566 voluntatis
2719 2508 3040 2578 ineliicaces,
3074 2512 3166 2567 sed
3192 2513 3355 2567 etiam
3381 2520 3505 2583 post
3532 2527 3594 2568 se
3622 2513 3785 2569 abire

2192 2603 2386 2670 faciet;
2420 2614 2480 2660 nt
2521 2604 2611 2676 qui
2654 2607 2803 2677 prius
2834 2607 2934 2662 fuit
2979 2620 3292 2678 persecutor
3333 2609 3537 2666 Christi
3582 2620 3775 2680 postea

2195 2695 2286 2751 ﬁat
2315 2697 2637 2767 praedicator
2671 2698 2893 2755 Christi.
2941 2699 3125 2754 lrrisio
3165 2700 3225 2755 fit
3266 2715 3383 2766 ore,
3414 2702 3781 2757 subsannatio

2191 2788 2244 2844 in
2273 2804 2436 2860 rugas
2464 2807 2596 2847 naso
2616 2801 2917 2849 contracto.
2941 2790 3059 2857 Vel,
3090 2792 3326 2847 irridebit
3351 2809 3458 2857 eos,
3483 2792 3570 2848 bis
3595 2793 3779 2849 dando

2193 2879 2246 2934 in
2275 2882 2562 2951 reprobum
2594 2885 2835 2946 sensium,
2868 2882 2919 2938 id
2953 2891 3054 2947 est,
3087 2883 3139 2937 in
3174 2884 3423 2940 tenebras
3457 2882 3783 2940 interiores.

2192 2971 2259 3026 Et
2286 2981 2424 3043 post,
2451 2974 2811 3029 subsannabis
2842 2990 2933 3028 eos
2963 2972 3222 3029 mittendo
3251 2974 3304 3029 in
3344 2975 3597 3032 tenebras
3627 2986 3776 3031 cxte-

2193 3061 2386 3116 riores.
2423 3062 2634 3132 Aliter:
2667 3062 3064 3134 Disrumpamus
3093 3062 3298 3119 vincula
3331 3081 3529 3120 eorum.
3560 3065 3618 3120 In
3649 3081 3775 3136 per—

2191 3169 2320 3210 sona
2347 3152 2566 3210 Christi.
2595 3153 2759 3221 Quasi
2787 3155 2931 3210 dicat
2963 3173 2976 3208 :
3008 3153 3116 3224 Ipsi
3149 3164 3495 3209 convenerunt
3521 3155 3775 3210 adversus

2190 3245 2498 3312 Dominum,
2526 3256 2572 3300 et
2605 3246 2851 3301 adversus
2890 3263 2969 3301 me
3004 3246 3268 3301 Christum
3305 3248 3442 3316 ejus.
3491 3245 3598 3302 Sed
3648 3264 3770 3312 nos,

2191 3352 2225 3392 ε
2265 3337 2641 3406 prtedicatores
2678 3337 2803 3401 tnei,
2853 3338 3242 3408 disrumpamus
3292 3337 3498 3392 vincula
3541 3355 3726 3393 eorum
3754 3378 3770 3403 ,

2191 3426 2499 3485 Iudaeorum
2530 3427 2611 3482 vel
2640 3427 2942 3498 gentilium,
2983 3426 3190 3483 scilicet
3226 3442 3414 3485 eorum
3453 3427 3770 3494 blanditias,

2192 3521 2388 3592 quibus
2415 3536 2516 3577 nos
2546 3520 2826 3577 retrahere
2874 3520 3058 3577 volunt
3098 3537 3127 3575 a
3174 3521 3557 3592 praedicatione
3612 3521 3769 3586 ﬁdei,

2191 3622 2239 3667 et
2282 3612 2625 3683 proﬁciamus
2666 3628 2697 3664 a
2738 3611 2885 3667 nobis
2911 3610 3104 3682 jugum
3142 3611 3395 3681 ipsorum,
3440 3610 3491 3665 id
3523 3619 3630 3677 cst,
3671 3612 3773 3667 nti-

2192 3719 2292 3766 nas
2319 3718 2506 3758 eorum
2535 3710 2963 3758 contemnamus.
3014 3701 3081 3756 Et
3117 3701 3255 3757 bene
3284 3716 3592 3770 possumus,
3641 3702 3772 3772 quia

2191 3796 2280 3852 ille
2315 3797 2405 3868 qui
2449 3797 2648 3851 habitat
2690 3797 2744 3850 in
2789 3794 2945 3851 nobis
2980 3793 3122 3853 coriis
3167 3793 3617 3865 praedicatoribus
3653 3795 3775 3851 suis

2188 3890 2423 3946 irridebit
2465 3907 2570 3945 eos.
2618 3889 2761 3944 Istud
2805 3904 2909 3945 non
2956 3896 3216 3965 mutatur.

2267 3982 2409 4037 Tunc
2449 3983 2689 4053 loquetur
2716 3981 2769 4034 in
2790 3982 2873 4034 ira
2903 3996 3021 4041 sua.
3055 3979 3228 4047 Tunc,
3255 3979 3306 4035 id
3344 3988 3448 4046 est,
3478 3988 3771 4051 postquam

2191 4074 2437 4131 irridebit
2463 4083 2519 4130 et
2552 4072 2906 4133 subsannabit
2945 4073 3209 4142 quosdam
3257 4071 3639 4137 couvertendo,
3704 4070 3775 4129 ad

2190 4169 2496 4225 incredulos
2523 4169 2762 4239 loquetur
2780 4169 2839 4223 in
2856 4170 2940 4225 ira
2976 4186 3094 4232 sua,
3126 4170 3218 4239 qui
3247 4170 3399 4238 prius
3458 4169 3512 4224 in
3558 4167 3763 4225 miseri-

2187 4259 2371 4316 cOrdia
2404 4259 2615 4314 locutus
2647 4267 2765 4313 est:
2823 4257 3025 4324 Venite,
3049 4258 3169 4328 filii,
3199 4260 3378 4317 audite
3401 4274 3501 4322 me,
3527 4259 3773 4313 timorem

2190 4348 2399 4407 Domini
2430 4348 2622 4403 docebo
2649 4364 2736 4403 vos
2780 4345 2898 4417 (Ps.
2931 4349 3145 4418 χχχιιι).
3197 4347 3366 4404 Ροιιει
3395 4346 3705 4411 incredulos
3740 4362 3781 4403 ει

2186 4440 2441 4505 sinistris,
2480 4449 2536 4495 et
2565 4440 2705 4495 dicet
2730 4439 2811 4495 eis
2836 4457 2848 4493 :
2877 4438 3109 4504 Esurivi,
3159 4447 3207 4495 et
3233 4437 3590 4505 nonldedistt's
3641 4438 3773 4497 mihi

2186 4534 2504 4588 manducare
2546 4531 2761 4603 (Matth.
2791 4534 3095 4602 xxxv),etc.
3156 4530 3277 4587 Haec
3295 4530 3437 4586 dicet
3459 4539 3586 4585 tunc
3607 4530 3661 4583 in
3689 4529 3773 4581 ira

2186 4642 2303 4690 sua,
2340 4626 2390 4680 id
2421 4634 2521 4687 est,
2551 4624 2698 4695 justa
2742 4624 2998 4681 vindicta.
3035 4624 3101 4681 Et
3136 4625 3422 4694 posthaec,
3482 4623 3537 4675 in
3587 4619 3775 4690 furore

2184 4735 2280 4772 suo
2329 4717 2654 4773 conturbabit
2682 4734 2793 4783 eos,
2819 4717 3006 4773 dicens
3036 4733 3049 4771 :
3078 4715 3345 4770 Discedite
3367 4732 3399 4777 α
3426 4729 3526 4778 me,
3550 4710 3774 4766 maledi-

2185 4808 2274 4873 eti,
2327 4808 2381 4862 in
2427 4810 2596 4878 ignem
2625 4806 3113 4880 mternum(1bid.).
3167 4805 3292 4871 Nec,
3317 4806 3418 4871 ira,
3462 4818 3561 4859 nec
3594 4801 3769 4870 furor,

2185 4914 2285 4957 nec
2309 4899 2487 4969 aliqua
2524 4899 2721 4954 mentis
2749 4899 3041 4959 commotio
3068 4899 3214 4955 cadit
3243 4899 3295 4952 in
3338 4896 3528 4961 Deum,
3555 4893 3651 4950 sed
3702 4908 3768 4948 ex

2183 4988 2373 5045 eﬂ'ectu
2407 4990 2525 5060 ipso
2550 4991 2665 5047 haec
2691 4990 2920 5046 videtur.
2949 4989 3063 5061 Ego
3092 4999 3267 5067 autem
3296 4987 3607 5049 constitutus
3650 5001 3767 5039 sunt

2187 5098 2279 5137 rea:
2301 5083 2366 5138 ab
2390 5099 2470 5139 eo.
2499 5083 2577 5138 llli
2630 5094 2977 5141 conveneram
3008 5082 3561 5153 adversasDotninttm
3590 5090 3638 5135 et
3671 5081 3773 5135 ad—

2082 5215 2086 5221 ι
2185 5193 2361 5232 versus
2377 5192 2463 5232 me
2478 5174 2745 5233 Christum
2769 5178 2908 5248 ejus,
2928 5177 3171 5241 dicentes
3196 5196 3209 5232 :
3240 5176 3543 5233 Eradamtts
3555 5190 3674 5230 cum
3705 5175 3779 5229 de

2184 5278 2324 5325 terra
2353 5268 2490 5343 (ler.
2552 5268 2654 5341 XI).
2684 5269 2791 5329 Sed
2820 5269 3039 5327 frustra.
3082 5252 3194 5341 Ego
3246 5277 3428 5326 autem
3471 5282 3571 5339 per
3622 5266 3779 5322 illam.

2182 5365 2491 5435 passionem
2526 5374 2582 5422 et
2628 5373 2859 5421 mortem
2907 5364 3221 5420 constitutus
3267 5378 3383 5436 sum
3413 5378 3528 5428 res,
3555 5368 3613 5417 et
3658 5376 3769 5419 non

2183 5474 2346 5530 super
2366 5458 2602 5531 paleam,
2625 5467 2804 5515 tamen
2826 5473 2991 5531 super
3011 5473 3201 5530 grana,
3230 5457 3280 5513 id
3302 5465 3406 5521 est,
3428 5471 3588 5527 super
3612 5453 3769 5510 Sion.

2188 5549 2317 5606 Sion
2350 5552 2737 5619 interpretatur
2761 5549 2992 5620 specula.
3022 5556 3081 5605 et
3097 5546 3366 5619 signiﬁcat
3392 5545 3512 5603 illos
3533 5560 3769 5616 atterunt

2185 5648 2506 5703 conversatio
2535 5647 2589 5700 in
2617 5645 2756 5701 castis
2781 5655 2855 5701 est
2884 5642 3052 5716 (Phil.
3086 5643 3191 5714 ιιι),
3245 5643 3335 5711 qui
3366 5655 3429 5697 ea
3470 5656 3595 5712 qua:
3622 5649 3779 5709 retro

2184 5750 2310 5800 sunt
2356 5741 2739 5799 obliviscentes
2792 5741 2846 5795 in
2875 5738 3142 5795 anteriora
3176 5752 3236 5793 se
3258 5735 3579 5793 extendunt.
3610 5732 3777 5791 Tales

2182 5834 2343 5890 etiam
2368 5843 2581 5889 montes
2610 5833 2885 5898 dicuntur,
2898 5840 3119 5901 propter
3130 5828 3482 5901 eminentiam
3502 5826 3770 5885 virtutum

2178 5934 2233 5983 et
2261 5924 2611 5982 stabilitatem
2639 5923 2761 5980 ﬁdei
2793 5941 2804 5978 :
2835 5930 3061 5978 montem
3109 5932 3349 5979 sanctum
3377 5919 3515 5992 ejus,
3563 5918 3616 5976 id
3659 5926 3766 5988 est,
