3986 5522
537 382 641 451 159

1165 380 1425 450 REMIGII
1460 376 2116 448 ANTISSIODORENSIS
2155 368 2306 442 ore.
2346 370 2532 443 rans
2566 384 2607 442 ι.
2643 410 2714 428 --
2749 382 3156 442 EXEGE'I‘ICA.

3705 373 3809 430 100

541 529 563 565 ι
606 519 663 567 et
687 518 973 592 soporatus
993 524 1132 578 sum,
1152 518 1206 565 et
1231 511 1534 576 exsurrexi,
1559 509 1683 579 quia
1711 506 1968 562 Dominus
1996 520 2115 560 sus-
2142 503 2195 565 Δ
2220 514 2354 574 gunt
2391 518 2479 560 me
2534 504 2588 560 in
2627 518 2793 560 carne
2818 545 2833 570 ,
2878 502 3003 573 qnia
3049 498 3200 556 multi
3238 499 3558 569 insurgunt,
3616 493 3673 551 id
3723 504 3812 551 est

543 619 565 657 ι
612 602 756 675 cepit
790 617 895 658 me.
929 601 1046 658 Non
1096 602 1294 658 timebo
1322 601 1489 657 millia
1516 600 1695 673 populi
1727 596 2117 660 circumdantis

546 715 567 751 ‹
612 711 720 752 me.
775 696 1039 768 Exsurge,
1072 696 1313 763 Domine,
1374 693 1580 749 salvum
1635 709 1722 747 me
1771 691 1898 757 fac,
1978 690 2163 746 Deus.

538 788 564 840 ἰ
610 803 782 844 meus.
814 783 1078 856 Quoniam
1122 795 1176 842 tu
1226 785 1540 858 percussisti
1584 800 1773 842 omnes
1827 782 2120 839 adversan-

545 899 565 933 ι
600 888 696 935 tes
740 879 873 936 mihi
921 880 1039 936 sine
1067 894 1263 944 causa,
1295 879 1483 934 dentes
1533 884 1882 949 peccatorum
1914 873 2120 931 contri-

541 986 561 1022 ι
604 969 751 1025 visti.
804 970 1012 1027 Domini
1044 980 1127 1026 est
1156 969 1325 1037 salus,
1376 976 1431 1025 et
1477 958 1639 1040 super
1684 965 1938 1039 populum
1968 973 2117 1021 tuum

539 1077 561 1113 ι
604 1060 908 1119 benedictio
934 1071 1045 1117 tua.
1076 1082 1095 1116 ι

1099 1193 1553 1253 ENARRATIO.

602 1327 848 1386 Psalmus
879 1330 1050 1387 David
1094 1348 1213 1387 cum
1245 1331 1443 1403 fugeret
1488 1348 1521 1385 a
1569 1330 1704 1401 facie
1732 1326 1980 1384 Absalom
2016 1325 2117 1397 lilii

530 1424 633 1478 sui.
664 1418 883 1496 Legitur
922 1424 975 1478 in
1034 1424 1258 1480 historia
1294 1423 1438 1494 quod
1489 1421 1744 1478 Absalom
1794 1425 2116 1492 persecutus

529 1515 600 1571 sit
645 1516 815 1572 David
858 1526 1070 1586 patrem
1116 1532 1274 1572 suum
1326 1515 1513 1573 volens
1565 1517 1615 1570 ei
1651 1514 1867 1571 auferre
1889 1528 2113 1585 regnum

533 1621 724 1670 suum,
784 1614 857 1670 et,
880 1606 1103 1661 abstulit
1137 1615 1371 1678 partem,
1403 1605 1610 1662 scilicet
1639 1604 1988 1661 lsraeliticam
2016 1602 2115 1657 tri-

528 1696 657 1753 bum
677 1696 759 1768 (11
788 1696 910 1768 Reg.
939 1697 1051 1768 xv),
1080 1707 1136 1769 et
1152 1696 1319 1753 ludas
1342 1713 1465 1753 cum
1480 1707 1632 1769 parte
1656 1695 1963 1755 indecorum
1990 1710 2113 1765 per-

527 1792 745 1845 se'cutus
781 1798 866 1844 est
901 1789 1175 1845 Christum
1212 1787 1396 1861 (Joan.
1417 1788 1596 1861 xvnt),
1635 1788 1703 1844 de
1727 1805 1830 1859 qua
1858 1802 2112 1859 perseeu-

527 1880 675 1936 tione
697 1882 762 1936 ad
788 1880 1064 1937 Christum
1086 1882 1265 1938 aithic
1277 1882 1547 1959 psalmus:
1570 1881 1813 1948 Domine,
1829 1881 1955 1952 quid
1976 1878 2110 1934 mul-
2139 1867 2187 1929 Β

525 1972 748 2044 tiplicati
760 1974 909 2029 sunt?
927 1972 1088 2030 Unde
1106 1974 1197 2030 hic
1218 1973 1407 2029 titulus
1431 1973 1817 2030 convenienter
1831 1971 1960 2027 huic
1972 1968 2110 2040 psal-

526 2081 616 2123 mo
628 2067 696 2123 ah
712 2067 849 2121 Ezra
865 2076 946 2123 est
963 2066 1395 2138 appositus,quia
1410 2066 1553 2136 quod
1570 2065 1643 2120 ibi
1663 2062 2019 2121 historialiter
2034 2061 2112 2117 fa-

528 2148 676 2215 ctum
696 2169 779 2216 cst
798 2161 852 2216 in
872 2160 1042 2215 David
1055 2159 1282 2226 carnali,
1302 2159 1504 2215 factum
1521 2168 1603 2214 est
1621 2169 1675 2214 et
1690 2158 1778 2214 hic
1794 2157 1846 2213 in
1863 2155 2109 2227 sipiritali

523 2251 716 2319 David,
740 2254 894 2309 idest
917 2252 1157 2319 Christo,
1190 2252 1504 2324 ﬁguraliter.
1518 2251 1772 2307 Absalom
1789 2250 2112 2319 interpreta-

525 2351 614 2399 tur
639 2345 804 2415 patris
841 2362 966 2416 pax,
1005 2360 1110 2401 non
1143 2346 1284 2415 quod
1315 2344 1569 2399 Absalom
1601 2358 1789 2414 pacem
1820 2342 1873 2398 in
1899 2351 2110 2413 patrem

524 2439 770 2506 haberet,
806 2455 928 2496 cum
961 2440 1176 2496 assidue
1204 2454 1327 2495 enm
1362 2446 1782 2510 persequeretur
1812 2454 1826 2492 :
1860 2436 1952 2491 sed
1983 2434 2111 2506 quia

523 2541 680 2602 pater
710 2532 762 2586 in
795 2520 914 2586 cum
953 2526 1149 2603 paceni
1169 2529 1424 2597 habebat,
1452 2537 1713 2601 quantum
1744 2528 1811 2583 ad
1841 2542 1922 2582 se.
1969 2525 2110 2594 Quo-

526 2623 630 2679 ties
670 2624 814 2679 enim
844 2625 925 2680 sui
959 2623 1268 2695 dirigebant
1291 2624 1464 2679 aciem
1492 2631 1678 2679 contra
1706 2637 1850 2685 eum,
1884 2620 2112 2692 rogabat

524 2724 586 2771 ut
627 2717 874 2772 viderent
918 2732 985 2772 ne
1012 2715 1268 2772 Ahsalom
1296 2716 1500 2785 periret
1529 2734 1543 2770 :
1576 2723 1846 2769 mortuum
1894 2729 2111 2784 quoque

530 2811 620 2866 diu
670 2809 820 2865 ﬂevit
863 2811 986 2866 fletu
1030 2825 1242 2882 magno.
1292 2809 1369 2865 Ita
1398 2817 1453 2863 et
1498 2808 1550 2864 in
1579 2807 1714 2865 Juda
1743 2807 1991 2863 Christus
2016 2820 2106 2876 pa-

527 2914 644 2957 cem
681 2901 903 2966 habuit;
929 2901 1054 2971 quia
1083 2901 1138 2955 in
1166 2909 1322 2955 nocte
1352 2899 1441 2954 illa
1479 2915 1584 2970 qua
1623 2914 1746 2954 cum
1778 2897 2047 2963 tradebat,
2079 2912 2108 2950 a

522 3009 676 3051 creua
725 3010 848 3050 eum
896 3010 1000 3049 non
1049 2994 1266 3064 repulit,
1314 3001 1710 3049 sacramentum
1761 2991 2003 3059 corporis
2056 3001 2111 3044 et

522 3088 799 3159 sanguinis
851 3088 933 3143 sui
975 3104 1098 3143 eum
1149 3088 1360 3143 caeteris
1411 3086 1688 3158 discipulis
1740 3086 1791 3141 ei
1848 3084 2108 3151 tradidit,

524 3178 768 3233 osculum
815 3179 864 3233 ei
917 3194 1023 3233 non
1060 3179 1277 3250 negavit
1324 3176 1541 3251 (Matth.
1587 3176 1762 3247 tum),
1815 3174 1958 3230 filius
2012 3174 2110 3229 fuit

522 3268 649 3340 quia
698 3285 834 3324 unus
871 3251 1257 3340 discipulorum
1300 3270 1366 3325 de
1410 3268 1606 3339 quibus
1646 3267 1949 3323 Dominus:
1987 3264 2110 3319 Non

519 3371 734 3432 possunt
767 3360 868 3431 ﬁlii
897 3363 1071 3432 sponsi
1120 3361 1296 3433 lugere
1334 3360 1570 3433 quandiu
1599 3376 1718 3416 cum
1747 3358 1854 3414 illis
1890 3375 2112 3429 sponsus

519 3465 595 3511 est
632 3454 811 3527 (Matt.
843 3455 942 3528 Ix).
982 3453 1227 3510 Psalmus
1265 3454 1457 3519 David,
1497 3454 1547 3509 id
1584 3463 1690 3518 est,
1722 3451 1965 3523 operatio
1993 3466 2113 3521 qua:

520 3543 575 3600 in
612 3544 718 3600 hoc
758 3544 965 3616 psalmo
997 3545 1333 3617 intelligitur,
1366 3553 1449 3599 est
1502 3542 1669 3597 David
1700 3541 2014 3613 spiritualis.
2060 3541 2113 3595 id

520 3646 605 3693 est
633 3638 857 3702 Christi,
889 3639 1295 3709 prazliguratain
1329 3636 1593 3692 historiali
1632 3635 1819 3697 David,
1860 3651 1978 3688 cum
2022 3632 2112 3703 {u-

520 3736 659 3799 geret
701 3746 732 3782 a
769 3728 902 3796 facie
942 3728 1189 3782 Absalom
1221 3727 1322 3797 lilii
1350 3728 1454 3781 sui.
1500 3726 1661 3797 Fugit
1703 3725 1791 3781 ille
1834 3723 2110 3790 Absalom,

527 3830 582 3895 et
618 3819 869 3876 Christus
913 3819 1049 3892 fugit
1084 3819 1300 3885 Judam,
1328 3819 1455 3891 quia
1490 3831 1717 3889 surgens
1747 3832 1775 3870 a
1806 3830 1984 3879 canta,
2027 3830 2114 3869 re-

523 3913 689 3969 cessit
731 3915 799 3969 ab
839 3928 904 3969 eo
950 3913 1003 3967 in
1046 3922 1284 3967 montem
1314 3910 1529 3976 Oliveti,
1562 3919 1620 3965 ut
1652 3916 1869 3975 oraret;
1901 3907 1991 3962 ille
2020 3923 2112 3961 ana

523 4013 634 4061 tem
680 4006 777 4059 ivit
820 4005 886 4060 ad
916 4004 1147 4068 Iudaeos,
1181 4013 1240 4057 ut
1267 4019 1387 4059 eum
1422 4002 1658 4057 traderet
1700 4000 1883 4072 (Joau.
1916 3999 2108 4069 xvnt):

518 4095 605 4151 vel
646 4096 873 4151 recessit
909 4113 939 4151 a
975 4095 1137 4152 corde
1166 4095 1305 4166 ejus,
1342 4103 1401 4148 ut
1431 4092 1677 4148 diabolus
1707 4092 1955 4157 intraret,
1984 4092 2111 4162 quia

518 4203 627 4244 non
674 4198 793 4244 erat
840 4188 1002 4259 digna
1039 4186 1298 4242 habitatio
1346 4185 1440 4241 Dei
1488 4201 1610 4240 cum
1667 4184 1753 4239 fur
1810 4193 1994 4250 esset,
2058 4191 2113 4238 et

520 4279 723 4335 loculos
766 4277 970 4336 habens
995 4294 1062 4337 ea
1087 4295 1206 4350 quae
1245 4279 1599 4335 mittebantur
1636 4275 1888 4348 portabat
1923 4273 2108 4347 (Joan.

521 4374 642 4456 xit).
669 4373 730 4428 Et
763 4382 846 4428 est
885 4373 1111 4429 intentio
1149 4373 1339 4444 capitis
1377 4373 1431 4427 in
1459 4373 1564 4428 hoc
1591 4372 1831 4444 psalmo,
1865 4370 2110 4441 exemplo

519 4480 618 4521 suo
656 4466 860 4521 hortari
907 4467 1150 4522 membra
1193 4481 1288 4522 sua
1334 4466 1386 4520 in
1431 4464 1614 4520 multis
1653 4474 1709 4520 ct
1754 4463 1962 4535 magnis
2009 4462 2106 4517 tri-

517 4555 885 4613 bulationibus
921 4574 1028 4613 non
1068 4556 1324 4623 deficere,
1376 4556 1590 4613 etiamsi
1621 4555 1691 4611 ab
1720 4556 1807 4611 his
1836 4555 1929 4626 qui
1962 4556 2105 4611 intus

518 4657 645 4702 sunt
687 4649 1116 4719 persecutionem
1162 4649 1462 4719 patiantur,
1509 4649 1553 4704 si
1594 4647 1662 4703 ad
1704 4646 1949 4701 eamdem
1990 4645 2104 4716 glo-

519 4738 656 4794 riam
686 4740 968 4811 pervenire
1002 4740 1190 4795 volunt
1218 4741 1284 4796 ad
1311 4756 1472 4811 quam
1508 4748 1564 4795 et
1602 4739 1717 4811 ipse
1743 4738 2007 4809 pervenit.
2040 4738 2108 4794 Et

522 4820 627 4885 hoc
658 4825 839 4884 differt
867 4831 982 4885 haec
1027 4831 1254 4885 intentio
1285 4845 1315 4884 a
1349 4829 1639 4900 superiori,
1679 4829 1804 4900 quia
1846 4827 1934 4884 ille
1963 4828 2106 4899 psal-

521 4908 643 4977 mus
668 4921 777 4993 egit
820 4923 886 4978 de
915 4923 1288 4992 persecutione
1332 4935 1471 4993 quae'
1501 4922 1561 4978 lit
1605 4922 1674 4979 ab
1701 4922 1786 4977 his
1830 4921 1921 4992 qui
1972 4919 2106 4976 foris

519 5025 682 5080 sunt;
731 5014 819 5070 hic
864 5023 1042 5070 autem
1084 5015 1151 5070 de
1195 5014 1283 5070 illa
1325 5030 1444 5085 quae
1487 5013 1547 5069 tit
1583 5014 1748 5070 etiam
1776 5014 1844 5069 ab
1876 5013 1980 5069 illis
2010 5012 2103 5084 qui

521 5108 668 5163 intus
696 5118 842 5174 stmt,
874 5108 925 5164 id
953 5117 1055 5175 est,
1083 5125 1113 5163 a
1142 5107 1291 5164 falsis
1319 5108 1600 5174 fratribus,
1627 5117 1683 5163 et
1721 5108 1973 5163 hortatur
2009 5121 2108 5162 nos

524 5218 624 5258 suo
667 5203 913 5274 exemplo
946 5203 998 5258 in
1047 5203 1483 5279 tribulationibus
1526 5202 1592 5257 ad
1631 5217 1791 5276 quem
1818 5204 1889 5261 sit
1915 5202 2106 5260 confu-

522 5295 798 5368 giendum.
834 5295 946 5352 Vox
975 5297 1170 5367 capitis
1199 5317 1211 5352 :
1486 5300 1489 5301 ⁷
2122 5298 2125 5299 ⁷

554 5388 813 5433 -n’"‘“‘”
879 5406 915 5410 “
944 5389 993 5406 ”
1127 5389 1179 5402 ”
1224 5388 1254 5396 ”
1330 5389 1363 5404 ”’
1567 5389 1652 5416 ⁴··’²
1694 5392 1943 5444 'rittulant
1984 5389 2110 5444 me?

2222 598 2426 653 intente
2449 605 2697 669 surgunt.
2716 597 3002 653 Adversum
3028 611 3127 661 me,
3154 594 3206 651 id
3226 603 3327 656 est,
3355 606 3460 648 non
3486 600 3546 645 ut
3572 605 3814 659 sequan-

2222 698 2328 756 tur,
2359 689 2452 744 sed
2482 697 2541 743 ut
2581 698 2992 760 persequantur.
3032 687 3172 743 Vere
3211 685 3484 740 adversum
3525 698 3631 742 me,
3675 680 3814 751 quia

2219 783 2372 838 multi
2407 784 2590 838 dicunt
2629 784 2820 838 (mima:
2851 798 3004 849 mete,
3032 782 3085 837 id
3112 788 3215 845 est,
3242 778 3367 834 vita:
3394 791 3547 841 meae,
3576 775 3660 829 vel
3698 788 3811 828 non

2221 875 2394 932 solum
2431 875 2670 946 corpori,
2699 875 2796 931 sed
2821 873 2986 930 etiam
3013 872 3208 929 anima:
3233 885 3250 924 :
3277 870 3401 925 Non
3428 877 3502 924 est
3530 866 3675 921 salus
3708 863 3815 934 ipsi

2216 970 2274 1025 in
2311 969 2421 1025 Deo
2461 970 2596 1041 ejus,
2630 968 2827 1025 nedum
2860 966 3223 1031 resurrectio;
3271 978 3375 1020 nec
3412 962 3575 1019 etiam
3623 958 3815 1028 aliqua

2218 1058 2365 1117 salus
2403 1060 2458 1115 in
2504 1060 2615 1116 Deo
2656 1059 2797 1131 ejus,
2839 1057 3047 1115 scilicet
3086 1056 3239 1127 cujus
3289 1053 3484 1110 Filium
3544 1065 3604 1107 se
3646 1046 3812 1104 facit.

2220 1151 2389 1221 Quasi
2434 1153 2601 1220 dicat,
2638 1152 2782 1211 Deus
2809 1150 3096 1221 dereliquit
3133 1164 3256 1205 eum
3287 1166 3302 1203 :
3330 1145 3454 1218 quia
3500 1145 3607 1200 hoc
3646 1150 3818 1212 puta-

2217 1245 2369 1312 bant,
2424 1245 2545 1302 ideo
2596 1243 3079 1317 persequebantur.
3133 1238 3196 1297 Si
3249 1254 3367 1294 eum
3421 1234 3815 1307 cognovissent,

2218 1355 2487 1410 nunquam
2525 1337 2810 1393 Dominum
2841 1334 3024 1408 glorite
3053 1332 3434 1403 cruciﬁxissent
3472 1328 3525 1401 (I
3558 1326 3683 1384 Cor.
3720 1325 3814 1397 tt).

2219 1431 2326 1487 Sed
2356 1430 2710 1486 mentiuntur.
2752 1427 2830 1482 Tu
2866 1436 3061 1491 autem,
3092 1423 3338 1488 Domine,
3362 1429 3634 1490 susceptor
3658 1432 3815 1473 meus

2217 1538 2307 1588 es,
2345 1521 2398 1577 id
2450 1529 2536 1577 est
2580 1519 2833 1577 defensor
2875 1534 3048 1575 meus.
3100 1514 3384 1584 Susceptor
3429 1510 3666 1575 dicitur,
3710 1506 3812 1577 qui

2216 1628 2437 1669 causam
2485 1611 2706 1668 alterius
2749 1611 2975 1682 suscipit
3020 1609 3090 1664 ad
3137 1605 3571 1669 defendendum;
3620 1615 3814 1656 susce-

2215 1713 2364 1776 ptus,
2393 1704 2485 1775 qui
2515 1703 2825 1774 suscipitur.
2852 1701 2936 1758 vel
2964 1709 3230 1770 susceptor
3261 1694 3617 1754 humanitatis
3646 1708 3811 1749 meae.

2217 1796 2317 1854 Hic
2333 1798 2545 1854 videtur
2573 1797 2716 1869 quod
2739 1794 3132 1867 inhocpsalmo
3159 1790 3468 1849 humanitas
3483 1786 3689 1844 Christi
3724 1785 3814 1842 lo-

2213 1891 2399 1961 quitur
2439 1889 2505 1944 ad
2536 1888 2894 1945 divinitatem.
2931 1884 3114 1941 Gloria
3152 1901 3290 1949 mea,
3322 1882 3375 1939 id
3404 1889 3509 1945 est,
3541 1878 3803 1951 gloriatio

2219 1981 2575 2038 humanitatis
2618 1995 2771 2036 meae.
2837 1978 2972 2047 Quia
3016 1992 3116 2049 ego
3141 2017 3156 2043 ,
3198 1976 3253 2032 in
3294 1982 3556 2045 quantum
3598 1972 3763 2026 homo
3791 2010 3810 2037 ,

2214 2071 2507 2143 ignominia
2541 2086 2661 2127 mea
2692 2089 2707 2126 :
2737 2069 2825 2125 vel
2863 2068 3032 2141 gloria
3076 2082 3197 2124 mea
3248 2066 3301 2121 in
3340 2078 3449 2135 quo
3494 2072 3582 2117 est
3629 2060 3807 2117 solum

2213 2167 2574 2240 gloriandum.
2601 2164 2707 2232 Qui
2734 2165 2873 2220 enim
2897 2162 3176 2235 gloriatur,
3208 2161 3264 2214 in
3294 2157 3521 2212 Domino
3552 2154 3811 2225 glorietur

2214 2257 2351 2331 (Jer.
2386 2274 2475 2323 tx;
2514 2255 2543 2310 Ι
2572 2256 2695 2311 Cor.
2726 2255 2788 2323 t).
2819 2253 2943 2309 Ideo
2997 2251 3167 2323 gloria
3214 2265 3348 2314 mea,
3380 2246 3507 2318 quia
3559 2243 3805 2300 exultans

2212 2359 2367 2421 caput
2391 2364 2584 2413 meum,
2619 2345 2670 2400 id
2695 2354 2797 2412 est,
2829 2353 3065 2400 mentem
3093 2354 3294 2405 meam,
3320 2352 3439 2408 qum
3468 2331 3810 2390 carnalitatis

2212 2450 2375 2513 caput
2410 2450 2513 2507 est,
2548 2444 2765 2511 erigens
2811 2453 2880 2493 ne
2911 2434 3129 2492 deﬁciat
3168 2434 3221 2489 in
3269 2429 3732 2487 tribulationibus.

2284 2534 2350 2588 Et
2380 2533 2576 2587 merito
2609 2547 2694 2588 mc
2724 2528 2932 2587 eXaltas
2959 2544 2972 2582 :
3001 2526 3128 2598 quia
3164 2526 3245 2581 sic
3274 2523 3446 2588 oravi,
3474 2530 3535 2577 ut
3559 2517 3806 2575 exaudiri

2222 2626 2415 2696 dignus
2443 2638 2641 2680 essem.
2687 2622 2801 2695 Ego
2845 2618 3088 2683 clamavi,
3119 2618 3172 2673 id
3210 2624 3313 2682 est,
3345 2614 3625 2670 irremisse
3670 2612 3808 2666 bona

2211 2726 2466 2788 Operatus
2514 2732 2633 2772 sum
2677 2734 2689 2768 :
2732 2730 2855 2769 voce
2898 2728 3037 2777 mea,
3086 2709 3137 2765 id
3178 2719 3291 2774 est,
3340 2706 3488 2764 cordi
3540 2717 3803 2766 consona,

2211 2808 2336 2877 quia
2396 2824 2462 2863 ex
2525 2822 2723 2877 magno
2768 2804 3037 2861 desiderio
3076 2810 3332 2873 operatus
3374 2816 3492 2856 sum
3544 2799 3689 2853 bona
3736 2792 3804 2849 ad

2212 2901 2517 2966 Dominum,
2547 2901 2755 2957 scilicet
2784 2899 2989 2956 nullum
3020 2897 3163 2953 aliud
3190 2894 3472 2968 postulans
3498 2893 3799 2964 praemium,

2212 2995 2337 3065 quia
2383 2995 2427 3048 si
2457 2992 2580 3064 quis
2615 2993 2753 3047 bene
2777 2986 3051 3061 operatur,
3082 2998 3136 3043 et
3167 2987 3309 3043 aliud
3352 2987 3486 3058 petit
3510 3000 3676 3055 quam
3708 2986 3805 3039 Do-

2214 3086 2439 3149 minum,
2473 3101 2578 3140 non
2611 3085 2936 3139 cxaudictur
2962 3098 2991 3136 a
3025 3082 3271 3136 Domino.
3302 3079 3464 3134 Amen
3492 3078 3613 3132 dico
3638 3078 3801 3144 vobis,

2214 3187 2513 3248 receperunt
2544 3177 2830 3232 mercedem
2864 3191 3015 3232 suam
3054 3172 3272 3244 (Matth.
3297 3171 3394 3245 VI).
3441 3171 3507 3227 Et
3536 3171 3669 3241 quia
3698 3180 3805 3223 tant

2215 3269 2405 3325 idonee
2447 3269 2700 3335 clamavi,
2727 3269 2998 3324 exaudivit
3039 3282 3121 3322 me
3166 3266 3230 3321 de
3262 3274 3438 3319 monte
3467 3274 3655 3319 sancto
3689 3278 3803 3327 suo,

2216 3358 2269 3415 id
2310 3369 2389 3415 cst
2415 3400 2431 3426 ,
2476 3360 2543 3415 de
2585 3375 2672 3414 me
2707 3359 2796 3430 qui
2840 3373 2995 3413 mons
3023 3372 3139 3412 sum
3185 3363 3406 3427 propter
3449 3354 3803 3412 eminentiam
3861 3402 3876 3411 .

2214 3452 2471 3508 virtutum
2505 3461 2559 3506 ct
2606 3451 2958 3506 stabilitatem
3007 3448 3153 3513 fidei,
3182 3456 3384 3512 sancto,
3434 3445 3487 3501 id
3529 3454 3638 3510 est,
3670 3461 3805 3500 san-

2214 3544 2373 3615 guine
2408 3554 2593 3598 uncto.
2625 3541 2737 3597 Soli
2770 3550 3039 3612 martyres
3066 3539 3284 3611 proprie
3314 3538 3488 3595 sancti
3521 3536 3799 3603 dicuntur,

2213 3635 2304 3690 alii
2350 3635 2490 3690 beati
2541 3633 2624 3688 vel
2666 3632 2819 3701 justi.
2873 3631 2983 3695 Vel,
3024 3641 3204 3687 sancto
3243 3648 3362 3696 suo,
3407 3630 3459 3685 id
3500 3638 3608 3695 est,
3640 3643 3801 3701 quem

2214 3726 2474 3796 sanguine
2528 3723 2773 3795 martyrii
2823 3722 2904 3778 sui
2947 3721 3304 3778 consecravit.
3360 3719 3476 3787 Vel,
3522 3721 3588 3774 de
3629 3730 3805 3774 monte

2212 3827 2395 3874 sancto
2425 3835 2541 3883 suo,
2572 3816 2623 3871 id
2650 3826 2754 3882 est,
2783 3815 2849 3871 de
2875 3813 3083 3883 justitia
3113 3829 3274 3884 quam
3305 3813 3437 3869 mihi
3481 3812 3629 3868 dedit
3668 3826 3807 3882 pra:-

2213 3912 2447 3988 cipuam,
2474 3911 2564 3981 qni
2593 3920 2680 3965 est
2712 3925 2889 3974 mons,
2919 3908 3138 3963 Iustitia
3174 3919 3264 3963 tua
3298 3908 3432 3962 sicut
3467 3916 3670 3962 montes
3700 3904 3794 3959 Dei

2213 4002 2387 4075 (Psal.
2412 4001 2748 4074 xxxv).Vera
2780 4001 3087 4058 innocentia
3110 4015 3319 4056 summa
3344 3998 3681 4070 estjnstitia.
3712 3998 3803 4054 Illa

2212 4103 2295 4151 est
2336 4103 2530 4150 natura
2561 4092 2866 4148 innocentia
2904 4107 3023 4162 qua).
3063 4108 3165 4148 nec
3192 4101 3352 4148 nocet
3380 4091 3505 4156 sibi,
3537 4107 3639 4147 nec
3686 4090 3801 4156 alii,

2211 4194 2264 4241 et
2295 4186 2408 4241 luce
2438 4185 2540 4240 fuit
2584 4185 2637 4239 in
2665 4183 2902 4241 Christo.
2934 4183 3061 4240 Haec
3085 4184 3250 4239 etiam
3288 4182 3386 4238 fuit
3427 4198 3590 4238 causa
3633 4198 3803 4254 quare

2212 4278 2582 4334 exaudiretur.
2629 4275 2771 4332 Vere
2804 4276 3095 4332 exaudivit.
3122 4273 3292 4332 Nemo
3332 4277 3469 4331 enim
3498 4275 3644 4331 tollet
3681 4275 3801 4332 ani-

2210 4386 2351 4424 mam
2373 4386 2543 4424 meam
2572 4386 2604 4423 a
2626 4385 2706 4423 me
2729 4367 2908 4442 (Joan.
2941 4368 3020 4441 Χ).
3039 4367 3227 4424 Potius
3245 4385 3338 4441 ego
3361 4366 3584 4424 dormivi
3610 4379 3802 4441 sponte

2209 4461 2484 4533 pudendo.

2279 4552 2541 4609 Dormitio
2567 4561 2651 4609 cst
2675 4553 2819 4608 enim
2852 4555 3114 4610 transitus
3136 4555 3204 4611 de
3227 4553 3539 4626 vigilatione
3569 4555 3638 4611 ad
3658 4569 3797 4610 som-

2210 4645 2384 4712 nium,
2406 4646 2546 4701 sicut
2583 4644 2981 4718 expergefactio
3017 4645 3274 4702 transitus
3305 4647 3372 4702 ad
3411 4645 3795 4717 vigilationem,

2210 4749 2256 4793 et
2279 4750 2555 4812 separatus
2579 4755 2716 4803 sum,
2746 4738 2924 4804 idest,
2955 4748 3148 4809 sponte
3173 4752 3295 4793 mea
3315 4745 3562 4792 mortuus
3584 4754 3725 4804 sum,
3748 4748 3800 4792 et

2211 4832 2482 4886 exsurrexi
2515 4846 2636 4886 cum
2667 4829 2831 4887 volui.
2862 4830 2929 4884 Et
2966 4830 3106 4885 sicut
3147 4844 3248 4902 ego
3273 4829 3476 4901 optavi,
3512 4827 3585 4885 ita
3628 4839 3684 4885 et
3710 4845 3800 4886 vos

2211 4933 2384 4989 orate,
2420 4923 2602 4981 ﬁdeles
2623 4924 2751 4990 mei,
2784 4932 2844 4979 ut
2868 4922 3254 4979 exaudiamiui.
3286 4940 3304 4974 ι
3336 4923 3532 4979 Dicunt
3561 4923 3799 4993 quidam,

2213 5015 2258 5071 si
2289 5014 2538 5071 Christus
2561 5013 2863 5071 voluntarie
2892 5020 3135 5075 mortuus
3157 5004 3260 5079 est,
3293 5012 3421 5082 quid
3452 5026 3584 5081 ergo
3610 5028 3801 5082 pecca-

2212 5107 2738 5164 verunt-occidentes
2761 5105 2921 5161 eum?
2947 5102 3052 5161 Sed
3076 5103 3530 5161 considerandum
3559 5115 3670 5171 est,
3699 5120 3799 5159 non

2212 5202 2355 5273 quod
2390 5200 2487 5256 fiat
2525 5198 2718 5265 solum,
2772 5197 2866 5253 sed
2914 5195 3322 5269 quomodo'tiat.
3354 5216 3373 5249 ι
3433 5195 3607 5252 Omne
3661 5197 3799 5252 enim

2212 5302 2496 5367 peccatum
2532 5289 2927 5361 quodammodo
2974 5288 3176 5344 bonum
3227 5295 3327 5351 est,
3358 5287 3593 5358 quodam
3621 5296 3798 5341 autent

2214 5385 2373 5442 modo
2402 5382 2624 5439 malum.
2650 5380 2858 5436 Bonum
2880 5389 2985 5445 est,
3016 5386 3278 5450 quantum
3314 5377 3382 5432 ad
3405 5376 3678 5445 justitiam
3710 5375 3802 5432 Dei

2820 5488 2881 5500 me
