4026 6408
182 400 279 455 161

1321 384 1848 446 [ΝΜῖΙῖΑΤΙΟΝΕὸ
1886 386 1952 440 IN
1997 387 2326 447 l‘SAIRdOS.

3359 405 3460 461 162

182 513 449 568 Dominus
473 510 696 581 suscepit
721 525 819 562 me.
845 508 933 563 Ille
963 523 1048 562 me
1063 507 1285 577 suscepit
1319 507 1385 560 de
1413 505 1660 576 sepulcro
1689 501 1780 572 qui
1811 504 1854 560 A
1887 499 1999 555 bus.
2024 503 2127 558 Per
2151 507 2409 560 canticum
2438 507 2732 578 accipimus
2756 511 3097 577 gatulium.ln
3125 515 3292 571 titulis
3317 519 3462 588 psal-
3486 513 3488 516 ’

183 621 268 660 me
291 607 527 674 suscepit
552 605 603 657 in
645 602 878 672 Virginis
918 611 1090 658 utero.
1138 601 1228 655 Vel
1259 601 1481 672 suscepit
1512 616 1614 664 me,
1654 600 1780 669 quia

183 715 281 770 ego
300 709 596 768 susceptus
617 697 734 766 ejus
755 712 873 751 sum
897 712 910 759 ;
935 704 988 750 et
1009 695 1132 766 quia
1159 694 1412 748 Dominus
1433 694 1655 763 suscepit
1676 697 1777 758 ine,

184 789 309 844 Non
346 789 546 844 timebo
570 787 737 842 millia
776 786 954 856 populi
995 784 1372 839 circumdantis
1407 801 1506 848 me,
1540 793 1700 854 caput
1726 792 1781 839 et

183 882 458 937 membra.
501 881 663 946 Bene,
713 879 1104 942 circumdantis,
1134 879 1255 948 quia
1285 879 1441 948 pauci
1491 887 1615 933 sunt
1665 878 1778 932 veri

184 973 486 1029 Christiani
513 973 579 1026 ad
604 985 883 1026 numerum
916 971 1234 1033 inﬁdelium,
1260 980 1314 1024 ct
1343 971 1466 1040 quia
1492 986 1592 1040 ego
1617 979 1780 1040 caput

183 1083 286 1123 non
319 1075 517 1131 timeo,
544 1080 780 1136 exsurge,
809 1064 1046 1126 Domine,
1082 1064 1133 1119 id
1161 1076 1265 1128 εει,
1297 1064 1495 1135 perﬁce
1523 1081 1641 1133 qua:
1669 1079 1780 1119 cu)-

184 1161 327 1233 pisti,
406 1175 474 1214 ac
524 1173 672 1214 meos
728 1157 1108 1226 praedicatores
1169 1172 1457 1227 exsurgere
1508 1173 1538 1210 a
1587 1157 1778 1212 timore

182 1254 403 1313 mentis,
445 1261 644 1307 utcnm
685 1250 879 1305 fiducia
907 1247 1226 1319 praedicent;
1277 1258 1331 1303 et
1359 1248 1437 1303 sic
1468 1248 1666 1303 salvum
1699 1265 1778 1303 me

184 1349 286 1420 fac,
320 1348 376 1402 in
435 1345 636 1410 futuro,
668 1345 722 1399 id
759 1352 864 1406 est,
923 1357 1093 1407 meos,
1125 1349 1180 1396 et
1226 1342 1412 1407 debes,
1460 1342 1584 1411 quia
1635 1352 1689 1395 tu
1719 1357 1779 1395 es

185 1440 324 1494 Deus
351 1457 530 1494 meus.
553 1437 793 1506 Quisque
823 1435 952 1490 facit
990 1433 1089 1488 sibi
1120 1432 1309 1494 Deum,
1340 1448 1500 1502 quem
1546 1433 1779 1488 tiiaxime

185 1531 404 1602 diligit:
475 1528 853 1584 libibidinosus
907 1525 1188 1585 Venerem,
1232 1525 1450 1580 vinosus
1483 1526 1774 1590 Bacchum,

184 1624 457 1696 Epicurus
477 1631 742 1677 ventrem.
776 1620 887 1690 Ego
913 1633 1041 1674 vero
1065 1628 1120 1674 et
1162 1619 1266 1674 mei
1297 1628 1348 1674 te
1375 1619 1546 1674 solum
1575 1630 1628 1676 et
1655 1605 1791 1674 dili-I

187 1727 312 1790 gunt
339 1726 404 1772 et
429 1716 630 1771 habent
668 1713 858 1769 Deum.
889 1712 1005 1776 Vel,
1039 1728 1276 1782 exsurge,
1309 1711 1549 1775 Domine,
1594 1712 1645 1766 id
1673 1720 1774 1775 est,

185 1810 442 1866 notitiam
505 1816 647 1862 tuam
701 1805 768 1861 da
823 1804 1167 1874 diligentibus
1209 1803 1299 1872 qui
1351 1813 1554 1872 quanto
1597 1804 1778 1872 plures

1885 610 2096 650 morum
2131 612 2273 666 sxcpe
2304 598 2574 654 invenitur
2597 602 2858 655 canticum
2893 603 3098 673 psalmo
3137 609 3461 677 appositum,

1886 689 1966 744 vel
2021 691 2074 744 in
2127 693 2469 747 carminibus.
2533 694 2655 748 Ideo
2710 697 2996 765 quazsitum
3035 707 3118 753 est
3168 716 3236 754 an
3291 704 3466 758 omnis

1881 781 2119 851 psalmus
2143 793 2286 839 esset
2308 787 2590 850 canticum,
2631 786 2735 852 vel,
2767 803 2798 842 e
2820 804 3100 857 converso,
3142 808 3209 847 an
3245 795 3465 864 quidam

1881 873 2072 942 psalmi
2101 884 2285 928 essent
2308 876 2589 943 canticum,
2621 877 2704 933 vel
2729 894 2760 934 e
2791 894 3074 936 converso.
3128 883 3232 937 Sed
3283 886 3468 940 inven-

1883 975 1996 1020 tum
2021 976 2106 1020 εει
2125 967 2264 1036 quod
2282 968 2335 1022 in
2351 971 2669 1039 quibusdam
2687 975 2910 1043 psalmis
2932 977 3187 1046 pnecedit
3210 979 3461 1049 psalmus,

1879 1068 1935 1114 et
1964 1060 2205 1130 sequitur
2229 1063 2528 1128 canticum,
2565 1065 2617 1117 in
2647 1066 2967 1134 quibusdam
3005 1070 3259 1136 praecedit
3297 1074 3467 1126 canti-

1881 1167 2019 1216 cum,
2049 1161 2103 1207 et
2123 1153 2365 1222 sequitur
2386 1155 2637 1224 psalmus.
2657 1158 2936 1229 Signiﬁcat
2961 1162 3101 1230 quod
3122 1163 3330 1230 priores
3351 1163 3466 1232 ejus

1878 1253 2060 1316 partes
2081 1246 2428 1301 consolentur
2453 1263 2552 1303 nos
2606 1249 2668 1303 ad
2697 1250 2956 1314 laborem,
2989 1253 3320 1321 posteriores
3348 1254 3466 1324 ejus

1879 1346 2060 1407 partes
2081 1339 2430 1393 consolentur
2458 1355 2555 1394 nos
2577 1357 2675 1412 per
2695 1344 2979 1413 gaudium;
3006 1345 3214 1413 priores
3237 1346 3466 1400 invitant

1881 1429 1945 1484 ad
1967 1429 2191 1502 gloriam
2215 1471 2230 1495 ,
2254 1432 2911 1500 posteriores.hortantur
2949 1451 3046 1491 nos
3091 1436 3156 1488 ad
3201 1435 3460 1490 laborem.

1877 1520 1936 1575 in
1968 1530 2276 1590 qu0'autem
2305 1522 2515 1592 psalmo
2545 1524 2801 1594 praecedit
2829 1525 2882 1578 in
2912 1525 3064 1578 titulo
3103 1525 3338 1595 psalmus
3357 1566 3372 1591 ,
3401 1533 3456 1580 et

1879 1613 2122 1683 sequitur
2145 1615 2426 1678 canticum,
2468 1615 2679 1684 priores
2708 1616 2825 1686 ejus
2847 1625 3026 1686 partes
3053 1617 3340 1671 hortantur
3369 1632 3467 1671 nos

1879 1705 1945 1758 ad
1973 1705 2238 1772 laborem,
2272 1707 2600 1776 posteriores
2654 1709 2883 1762 invitant
2911 1710 2976 1763 ad
3017 1707 3264 1780 gloriam.
3316 1707 3469 1763 Sicut

1879 1797 2009 1852 etin
2043 1797 2144 1851 hoc
2181 1797 2410 1867 psalmo,
2437 1797 2567 1853 Cum
2597 1800 2910 1863 invocarem,
2955 1801 3007 1854 in
3042 1801 3204 1854 ﬁnem
3233 1799 3468 1870 psalmus

186 1911 579 1959 convertentur
629 1908 776 1955 tanto
819 1899 998 1952 minus
1056 1897 1438 1967 praedicatoves
1497 1897 1776 1952 timebunt.

1884 1891 2071 1955 David,
2104 1885 2286 1954 idest,
2315 1892 2448 1942 bona
2496 1891 2726 1960 operatio
2766 1905 2886 1958 quae
2925 1889 3241 1960 intelligitur
3282 1891 3336 1944 in
3365 1893 3467 1948 hoc

187 1992 444 2064 Quotidie
503 1992 751 2048 Christus
797 1989 1073 2061 exsurgit,
1130 2005 1251 2043 cum
1289 1989 1406 2059 ejus
1454 1989 1779 2043 resurrectio

189 2087 558 2145 nescientibus
616 2082 1012 2139 manifestatur.
1056 2082 1317 2148 Quoniam
1367 2092 1424 2136 tu
1480 2083 1777 2152 percussisti

189 2195 362 2234 omnes
405 2177 740 2231 adversantes
769 2174 897 2228 mihi
916 2175 1028 2227 sine
1055 2190 1236 2227 causa.
1276 2172 1398 2228 Ideo
1439 2189 1542 2227 non
1590 2173 1778 2227 timebo

189 2269 351 2323 millia
381 2266 564 2337 populi
593 2265 970 2320 circumdantis
1012 2280 1110 2325 me,
1135 2263 1381 2333 quoniam
1423 2273 1479 2317 tu
1525 2263 1778 2328 percutias

189 2378 292 2424 eos,
317 2361 543 2415 tandem
570 2358 847 2430 separabis
880 2372 975 2413 eos
996 2358 1064 2413 ab
1087 2355 1327 2411 Ecclesia
1361 2365 1447 2409 tua
1470 2364 1529 2410 ut
1569 2356 1778 2426 paleam

192 2467 220 2506 a
249 2452 438 2524 granis
460 2452 514 2506 in
533 2450 756 2522 judicio.
792 2449 860 2504 Et
900 2449 1001 2503 hoc
1030 2447 1170 2502 unde
1209 2447 1356 2514 scjo?
1379 2446 1641 2513 Quoniam
1662 2448 1779 2516 jam

190 2546 496 2617 percussisti
523 2560 699 2599 omnes
728 2544 1064 2599 adversantes
1093 2541 1221 2596 mihi
1263 2543 1376 2597 sine
1427 2559 1608 2596 causa.
1655 2543 1778 2598 Ideo

192 2641 326 2711 quod
350 2640 468 2694 sine
495 2655 655 2692 causa
703 2637 830 2690 mihi
881 2635 1248 2700 adversantur,
1291 2636 1394 2689 hoc
1423 2635 1627 2689 indicat
1659 2634 1778 2689 illos

193 2742 624 2800 atepercussos,
677 2729 731 2784 id
761 2737 861 2792 est,
903 2729 1057 2783 datos
1098 2728 1152 2783 in
1201 2727 1484 2796 reprobum
1535 2741 1776 2782 sensum.

193 2823 380 2877 Dentes
406 2831 763 2893 peccatorum,
790 2821 842 2875 id
866 2830 970 2885 est,
994 2819 1253 2875 maledica
1276 2821 1436 2874 verba
1459 2819 1657 2890 quibus
1681 2835 1780 2875 nos

194 2914 454 2979 lacerant,
488 2913 796 2979 contrivisti,
821 2914 872 2967 id
895 2921 981 2967 est
1004 2912 1075 2966 ad
1097 2912 1320 2966 nihilum
1348 2911 1625 2977 redegisti.
1655 2909 1780 2964 Non

195 3018 262 3060 est
297 3005 446 3060 salus
477 3005 555 3059 illi
601 3006 656 3058 in
699 3004 809 3058 Deo
856 3003 989 3074 ejus.
1016 3003 1133 3058 iam
1179 3004 1246 3057 ad
1293 3002 1522 3056 nihilum
1575 3002 1778 3057 redacti

197 3109 332 3155 sunt.
366 3099 463 3154 Vel
494 3100 703 3163 dentes,
731 3099 783 3153 id
803 3107 907 3164 est,
939 3107 1190 3152 auctores
1235 3095 1550 3166 perditionis
1591 3109 1778 3151 eorum

198 3193 281 3262 qui
306 3207 404 3246 eos
426 3191 582 3261 quasi
609 3191 892 3254 devorant,
920 3188 1046 3243 dum
1097 3189 1199 3244 sibi
1243 3189 1591 3257 incorporant
1613 3197 1669 3242 et
1701 3187 1782 3241 fa-

197 3285 344 3339 ciunt
381 3298 507 3338 esse
532 3282 674 3352 quod
697 3289 839 3338 sunt.
860 3290 916 3336 ut
947 3281 1148 3336 dictum
1177 3289 1260 3338 est
1283 3280 1442 3335 Petro
1498 3280 1703 3335 scilicet
1725 3282 1778 3335 in

196 3375 426 3431 bonum:
489 3374 669 3427 Macta
714 3382 760 3428 et
809 3373 1068 3427 manduca
1117 3372 1254 3445 (Act.
1310 3372 1388 3442 Χ).
1448 3372 1660 3427 Domini
1707 3383 1780 3427 est

196 3467 355 3521 salus.
408 3465 560 3520 Bene
610 3465 741 3530 dixi,
789 3465 989 3519 salvum
1049 3481 1128 3518 me
1170 3465 1278 3534 fac,
1312 3480 1434 3518 nam
1460 3463 1672 3518 Domini
1703 3473 1779 3519 est

196 3558 353 3624 salus,
386 3573 496 3613 non
544 3571 692 3612 niea:
737 3566 790 3612 et
833 3557 961 3626 quia
993 3565 1082 3612 tua
1129 3564 1232 3622 est,
1262 3571 1296 3610 o
1346 3556 1594 3623 Domine,
1623 3573 1780 3626 super

199 3653 446 3723 populant
469 3661 620 3706 tuum
641 3650 925 3705 benedictio
949 3659 1059 3704 tua.
1084 3648 1407 3713 Benedictio,
1432 3651 1485 3705 id
1511 3660 1613 3715 est,
1643 3651 1778 3704 mul-

201 3746 457 3817 tiplicatio
485 3746 746 3800 virtutum
769 3755 825 3800 ει
851 3744 1118 3798 bonorum
1144 3758 1370 3814 operum
1415 3758 1578 3812 super
1604 3757 1774 3813 popu-

199 3837 300 3892 lum
323 3847 500 3902 tunm,
531 3846 588 3891 ut
614 3836 764 3902 illud,
791 3835 1071 3890 Benedicat
1123 3851 1217 3890 nos
1245 3833 1408 3900 Deus,
1438 3835 1576 3890 Deus
1607 3847 1779 3890 uoster

199 3928 309 4000 (Ps.
341 3928 516 4000 vat),
549 3928 601 3983 id
631 3937 734 3993 est,
767 3926 1102 3998 multiplicat.

764 4017 1084 4074 PSALMUS
1121 4016 1211 4072 ιν.

628 4127 682 4167 IN
718 4126 878 4167 FINEII
919 4126 970 4164 IN
995 4123 1338 4166 εΑιιιιιιιιΒυε.

746 4217 982 4259 Ρδιιιιιυε
1032 4217 1214 4256 DAVID.

269 4317 290 4352 ι
331 4298 469 4355 Cum
512 4296 820 4351 invocarem
849 4335 864 4360 ,
904 4295 1183 4350 exaudivit
1233 4309 1320 4350 me
1371 4295 1515 4350 Deus
1553 4292 1777 4364 iustitiae

205 4409 222 4442 ι
263 4407 415 4457 metu,
442 4391 495 4444 in
535 4387 882 4443 tribulatione
910 4387 1149 4442 dilatasti
1174 4389 1323 4442 mihi.
1346 4387 1603 4443 Miserere
1645 4389 1774 4454 mei,

205 4500 222 4534 ι
265 4492 318 4538 ει
345 4479 540 4538 exaudi
564 4473 868 4535 orationem
891 4495 1084 4536 meam.
1109 4478 1230 4533 Filii
1253 4480 1554 4544 hominum,
1581 4495 1778 4550 usque—

204 4593 222 4627 ι
263 4591 368 4646 quo
416 4573 572 4645 gravi
602 4573 797 4638 corde,
845 4582 905 4627 ut
931 4571 1060 4643 quid
1100 4569 1323 4641 diligitis
1374 4570 1668 4625 vanitatem
1721 4578 1776 4626 et

205 4687 222 4720 ι
264 4669 506 4738 quaeritis
529 4666 907 4723 mendacium?
931 4667 997 4721 Et
1018 4668 1212 4722 scitote
1231 4665 1487 4736 quoniam
1526 4666 1779 4720 miriﬁca-

205 4777 224 4810 ι
264 4761 342 4814 vit
389 4760 652 4815 Dominus
692 4766 937 4814 sanctum
977 4774 1134 4814 suum
1167 4776 1178 4812 :
1225 4758 1485 4814 Dominus
1525 4759 1779 4814 exaudiet

204 4867 224 4902 ι
268 4866 374 4916 me,
403 4865 530 4905 cum
579 4850 884 4904 clamavero
912 4849 979 4904 ad
1001 4864 1144 4904 eum.
1187 4848 1483 4903 lrascimini
1522 4857 1576 4905 et
1615 4850 1778 4904 nolite

207 4963 224 4995 ι
267 4958 523 5014 peccare:
553 4957 674 5012 quae
702 4942 884 4997 dicitis
916 4943 967 4997 in
997 4942 1250 4998 cordibus
1288 4934 1482 5016 vestris
1511 4953 1564 4998 et
1594 4944 1647 4997 in
1684 4958 1780 4998 cu-

205 5052 225 5087 i
266 5035 462 5091 bilibus
490 5035 684 5091 vestris
712 5035 1154 5105 compungimini.
1205 5034 1518 5090 Sacriﬁcate
1565 5036 1778 5090 sacriﬁ-

207 5145 226 5180 ι
268 5130 408 5183 cium
425 5127 674 5200 justitiae,
698 5137 754 5182 et.
780 5138 991 5197 sperate
1016 5127 1068 5181 in
1097 5127 1343 5182 Domino.
1385 5126 1532 5181 Multi
1561 5128 1774 5183 dicunt:

210 5239 226 5271 ι
267 5219 396 5288 Quis
419 5218 656 5274 ostendit
682 5217 838 5274 nobis
863 5218 1038 5273 bona?
1061 5218 1341 5289 Signatum
1371 5227 1456 5274 est
1479 5235 1643 5290 super
1681 5236 1780 5275 nos

211 5331 228 5363 ι
272 5312 448 5368 lumen
482 5311 664 5366 vultus
682 5311 779 5375 tui,
798 5310 1052 5376 Domine;
1079 5309 1271 5365 dedisti
1289 5310 1528 5366 lietitiam
1549 5311 1598 5364 in
1619 5313 1781 5367 corde

211 5423 229 5456 ι
271 5419 407 5460 meo.
444 5401 492 5458 Α
521 5402 700 5458 fructu
741 5402 1021 5468 frumenti,
1057 5402 1167 5458 vini
1202 5410 1256 5456 et
1279 5401 1404 5466 olei,
1442 5402 1778 5472 multiplicati

211 5515 228 5546 ι
271 5505 408 5552 sunt.
441 5497 498 5550 In
529 5510 664 5565 pace
689 5496 743 5550 in
769 5495 998 5565 idipsum
1023 5494 1289 5549 dormiam
1335 5506 1389 5550 et
1419 5495 1774 5566 requiescam.

213 5607 231 5640 ι
271 5588 530 5656 Quoniam
563 5598 642 5652 tu,
687 5587 933 5653 Domine,
965 5587 1316 5659 singulariter
1359 5589 1412 5642 in
1445 5603 1541 5658 spe
1578 5588 1778 5642 consti-

212 5696 232 5731 ι
277 5680 418 5736 tuisti
443 5696 550 5735 me.
581 5699 600 5733 ι

769 5773 1221 5830 ENARRATIO.

277 5866 341 5922 In
361 5868 517 5938 ﬁnem
543 5866 776 5940 psalmus
814 5867 1005 5936 David,
1034 5871 1318 5938 canticum,
1348 5871 1423 5926 vel
1445 5872 1500 5927 in
1522 5873 1775 5928 carminiu

1879 1979 2104 2050 psalmo,
2140 1989 2219 2034 est
2245 1977 2434 2043 David,
2464 1988 2518 2032 et
2538 1979 2664 2049 quia
2698 1990 2781 2034 est
2818 1981 2983 2034 David
3011 1981 3264 2046 carnalis,
3304 1991 3388 2036 est
3413 1991 3469 2038 et

1879 2069 2161 2139 spiritalis,
2191 2069 2308 2124 ideo
2334 2069 2658 2124 determinat
2690 2068 2740 2122 in
2774 2068 2957 2134 ﬁnem,
2995 2070 3170 2136 idest,
3196 2073 3308 2126 haec
3335 2086 3467 2141 ope-

1879 2161 2018 2216 ratio
2057 2162 2137 2215 sic
2167 2161 2510 2231 intelligenda
2547 2173 2630 2216 est
2663 2177 2782 2216 esse
2807 2161 3004 2228 David,
3037 2171 3096 2216 ut
3131 2163 3280 2217 illum
3313 2164 3470 2219 intel-

1880 2252 2108 2324 liganms
2129 2253 2221 2322 qui
2263 2263 2345 2308 est
2390 2252 2512 2308 linis
2537 2293 2550 2317 ,
2587 2252 2812 2321 ideoque
2838 2253 3046 2307 duobus
3086 2255 3300 2309 modis:
3343 2254 3467 2320 vel,

1881 2345 2002 2415 quia
2033 2353 2118 2399 est
2141 2345 2558 2408 consummatio,
2596 2362 2699 2400 non
2740 2348 3078 2416 consumptio
3110 2348 3242 2418 legis
3265 2358 3320 2403 et
3346 2364 3472 2420 pro-

1879 2441 2165 2511 phetarmn
2199 2457 2211 2492 :
2242 2439 2344 2505 vel,
2370 2440 2496 2509 quia
2524 2448 2605 2494 est
2631 2441 2873 2494 omnium
2897 2440 3160 2496 bonorum
3185 2442 3468 2512 perfectio,

1879 2532 2006 2602 quia
2035 2531 2213 2586 omnia
2243 2531 2383 2586 bona
2429 2531 2744 2602 imperfecta
2782 2547 2950 2601 usque
2992 2533 3059 2586 ad
3099 2548 3218 2588 eum
3259 2535 3350 2604 qui
3387 2545 3472 2589 est

1881 2636 2152 2676 summum
2201 2623 2421 2676 bonum.
2462 2619 2634 2678 Omne
2685 2622 2831 2678 enim
2889 2623 3230 2679 imminutum
3284 2626 3469 2694 perﬁci

1880 2715 2100 2770 habent.
2130 2714 2197 2768 Et
2229 2722 2313 2769 est
2334 2714 2616 2779 canticum,
2656 2715 2709 2769 id
2748 2725 2864 2780 est,
2890 2717 3125 2771 ostendit
3170 2719 3325 2774 nobis
3353 2728 3474 2789 post

1880 2806 2079 2861 bonam
2118 2805 2486 2875 operationem
2525 2805 2778 2873 gaudium
2823 2815 2878 2860 et
2922 2807 3201 2876 praunium
3247 2808 3466 2865 laboris.

1881 2896 1948 2952 Et
1976 2897 2062 2951 hic
2084 2897 2224 2952 bona
2255 2896 2496 2966 operatio
2525 2905 2580 2950 ει
2622 2897 2902 2966 prannium
2932 2898 3261 2966 operationis
3289 2912 3470 2954 osten-

1883 2991 2029 3046 ditur
2054 2991 2211 3046 nobis
2239 2990 2484 3060 exemplo
2513 2980 2724 3060 capitis.
2752 2991 2868 3062 Ipse
2893 2993 3078 3047 titulus
3121 2994 3356 3048 ostendit
3387 2994 3470 3048 in-

1886 3086 2198 3140 tentionem.
2251 3084 2362 3140 Vox
2414 3085 2652 3155 capitis:
2706 3085 2812 3140 Vos
2859 3085 3042 3141 ﬁdeles
3093 3087 3197 3141 mei
3240 3087 3329 3156 qui
3377 3103 3473 3158 per

1885 3181 2082 3236 multas
2115 3181 2490 3236 tribulationes
2518 3183 2586 3236 ad
2617 3176 2838 3253 regnum
2873 3184 3109 3247 tenditis,
3129 3185 3172 3238 si
3190 3185 3472 3254 pervenire

1805 3249 1854 3312 α
1888 3275 2070 3339 vultis,
2098 3276 2340 3329 invocate
2375 3275 2565 3337 Deum,
2591 3276 2640 3328 id
2667 3287 2774 3340 εει,
2802 3277 2946 3331 intus
2987 3287 3172 3332 vocate
3200 3279 3252 3331 in
3281 3281 3465 3342 corde,

1883 3381 1989 3419 non
2037 3364 2207 3420 solum
2256 3365 2308 3418 in
2339 3380 2508 3419 voce:
2541 3364 2658 3430 vel,
2703 3376 2891 3420 vocate
2940 3367 3105 3421 Deum
3144 3369 3197 3421 in
3246 3384 3362 3431 vos,
3412 3376 3472 3423 ut

1881 3454 2016 3510 nihil
2057 3455 2256 3524 petatis
2286 3455 2337 3508 in
2367 3455 2644 3524 praunium
2683 3455 2884 3510 laboris
2914 3458 3099 3522 vestri,
3131 3458 3234 3512 nisi
3266 3459 3466 3534 ipsum,

1879 3557 1934 3602 ει
1960 3548 2212 3604 exaudiet
2243 3563 2356 3613 vos,
2398 3549 2521 3618 quia
2555 3564 2642 3605 me
2665 3558 2828 3619 caput
2855 3549 2955 3605 hoc
2986 3553 3144 3606 modo
3173 3551 3471 3607 exaudivit.

1879 3637 1949 3694 Et
1974 3639 2076 3693 hoc
2112 3646 2196 3694 est
2225 3639 2366 3708 quod
2391 3638 2548 3694 dicit:
3317 3653 3326 3661 α

1951 3730 2081 3784 Cum
2113 3732 2430 3794 invocm'em,
2461 3731 2724 3786 exaudivit
2754 3748 2834 3785 mc
2861 3731 3023 3787 Deus.
3055 3731 3194 3787 Deus
3243 3734 3360 3788 dico
3379 3733 3474 3802 ju-

1879 3823 2038 3878 stitia:
2069 3839 2219 3887 mere,
2248 3823 2300 3878 id
2323 3833 2426 3888 est,
2467 3824 2556 3893 qui
2598 3841 2682 3880 me
2705 3826 2886 3881 docuit
2913 3828 3181 3897 quomodo
3207 3829 3354 3898 justo
3377 3843 3464 3898 pe-

1882 3925 2073 3982 terem,
2099 3917 2222 3986 quia
2260 3919 2369 3988 ipse
2397 3918 2485 3971 dat
2516 3928 2562 3971 et
2591 3917 2716 3972 velle
2742 3929 2789 3972 et
2817 3937 2964 3989 posse
2991 3937 3085 3990 pro
3124 3921 3256 3974 bona
3287 3923 3471 3975 rotun-

1879 4019 1984 4064 tatc
2014 4007 2182 4077 (Phil.
2219 4008 2300 4079 ιι).
2329 4009 2444 4075 Vel,
2478 4009 2596 4064 ideo
2626 4009 2792 4066 Deum
2817 4013 3023 4075 vocavi,
3058 4021 3112 4066 et
3152 4029 3257 4068 non
3281 4013 3466 4078 alium,

1881 4105 1973 4174 qui
2005 4105 2073 4158 ab
2101 4118 2167 4157 eo
2190 4112 2275 4157 est
2301 4101 2726 4172 omnisjustitia,
2754 4121 2860 4159 non
2888 4106 2941 4160 in
2982 4106 3188 4160 divitiis
3225 4106 3306 4161 vel
3345 4107 3464 4162 aliis

1878 4195 2182 4266 hujusmodi

1952 4313 2056 4368 Sed
2094 4312 2218 4382 quia
2248 4312 2457 4368 dulcius
2478 4321 2532 4366 et
2563 4313 2884 4370 familiarius
2911 4317 3126 4372 videtur
3164 4318 3306 4388 loqui
3341 4335 3462 4373 cum

1879 4407 1989 4462 Deo
2029 4421 2190 4474 quam
2239 4406 2302 4460 de
2353 4407 2463 4461 Deo
2491 4447 2505 4470 ,
2560 4406 2679 4461 ideo
2727 4409 2996 4462 convertit
3052 4425 3353 4465 sermonem
3401 4413 3467 4466 ad

1881 4500 2073 4570 ipsum,
2111 4509 2397 4568 postquam
2430 4498 2677 4554 ﬁdelibus
2697 4500 2808 4554 suis
2847 4501 2914 4554 ad
2941 4501 3372 4558 exhortationem
3403 4506 3467 4557 de

1883 4590 1993 4644 Deo
2025 4591 2233 4645 locutus
2255 4600 2360 4644 est.
2395 4591 2533 4645 Vere
2580 4592 2844 4645 exaudisti
2869 4609 2980 4658 me,
3013 4603 3067 4648 et
3095 4594 3146 4647 in
3177 4610 3262 4650 me
3285 4635 3299 4659 ,
3336 4597 3466 4650 etin

1884 4682 2038 4743 meis,
2077 4681 2204 4750 quia
2232 4681 2285 4734 in
2321 4680 2655 4734 tribulatione
2710 4681 2948 4737 dilatasti
2979 4683 3137 4748 milii,
3167 4684 3355 4750 idest,
3382 4688 3465 4740 di-

1882 4771 2109 4826 latatum
2137 4788 2232 4826 cor
2257 4772 2452 4826 dedisti
2484 4771 2615 4827 mihi
2658 4788 2762 4827 non
2789 4774 3039 4828 strictum
3070 4785 3130 4830 ut
3153 4792 3259 4831 non
3292 4778 3465 4832 solum

1881 4865 2157 4936 diligerem
2182 4865 2408 4928 amicos,
2441 4865 2533 4918 sed
2561 4865 2724 4919 etiam
2756 4865 3024 4922 inimicos.
3045 4869 3206 4921 Arcto
3233 4879 3307 4922 est
3329 4871 3465 4923 enim

1881 4956 1966 5010 via
2002 4972 2121 5026 qua:
2147 4956 2291 5008 ducit
2327 4955 2396 5007 ad
2432 4955 2587 5008 vitam
2615 4954 2830 5025 (Matth.
2868 4959 2964 5028 vti)
2988 4997 3002 5024 ,
3042 4967 3097 5014 et
3135 4968 3310 5014 tamen
3359 4976 3464 5014 non

1882 5047 2118 5102 curritur
2144 5046 2246 5101 nisi
2271 5045 2494 5100 dilatato
2515 5047 2676 5101 corde
2708 5064 2722 5100 :

1959 5138 2068 5193 l-loc
2110 5146 2272 5208 caput
2325 5139 2392 5192 de
2434 5154 2522 5204 se,
2569 5139 2648 5194 sic
2697 5148 2877 5196 autem
2917 5141 2984 5197 de
3021 5145 3274 5199 membris
3308 5145 3462 5200 suis:

1885 5230 2136 5285 Dilatasti
2160 5231 2307 5295 milii,
2343 5231 2395 5286 id
2417 5241 2530 5298 est,
2563 5233 2698 5288 meis
2752 5235 2807 5288 in
2843 5235 3180 5290 tribulatione
3202 5277 3216 5299 ,
3260 5236 3468 5292 scilicet

1883 5335 1943 5379 nt
1970 5325 2080 5395 ipsa
2132 5325 2406 5381 tribulatio
2452 5343 2557 5380 non
2605 5327 2882 5383 videretur
2931 5330 3009 5383 eis
3054 5339 3278 5397 angusta
3306 5371 3319 5392 ,
3370 5332 3464 5387 sed

1883 5419 2118 5473 dilatasti
2168 5418 2457 5490 gaudium,
2515 5420 2638 5489 quia
2691 5420 2964 5476 tribulatio
3011 5429 3066 5474 et
3113 5421 3359 5491 angustia
3410 5423 3465 5478 in

1886 5525 2102 5566 omnem
2129 5511 2364 5565 animam
2395 5511 2629 5566 hominis
2657 5514 2933 5581 operantis
2956 5511 3155 5566 malum
3177 5513 3355 5586 (Rom.
3382 5516 3462 5585 ιι).

1961 5601 2110 5657 Unde
2152 5603 2454 5671 Apostolus,
2485 5603 2608 5657 Non
2631 5604 2798 5657 solum
2825 5614 3019 5670 autem,
3055 5605 3143 5658 sed
3189 5617 3236 5660 et
3265 5607 3466 5678 gloria-

1888 5712 2004 5749 .nur
2032 5695 2084 5747 in
2107 5695 2548 5758 tribulationibus,
2589 5698 2805 5748 scientes
2830 5697 2954 5754 quia
2977 5697 3244 5753 tribulatio
3271 5703 3466 5769 patien-

1884 5793 2010 5838 tiam
2041 5795 2302 5853 operatur,
2355 5786 2603 5852 patientia
2643 5785 3029 5854 probationem,
3073 5789 3308 5855 probatio
3349 5805 3464 5843 vero

1884 5892 2048 5948 spem,
2079 5892 2193 5947 spes
2233 5884 2408 5930 autem
2455 5892 2554 5929 non
2595 5875 2893 5945 confundit,
2936 5880 3060 5948 quia
3108 5880 3336 5934 charitas
3367 5879 3465 5934 Dct'
