4026 6412
544 311 647 371 165

1185 303 1443 361 REMIGII
1482 296 2143 359 ANTISSIODORENSIS
2180 295 2333 355 OPP.
2376 293 2558 350 PARS
2594 294 2636 350 Ι.
2677 325 2748 335 -
2780 291 3197 351 EXEGETICA.

3728 291 3829 349 164

541 432 739 505 diﬁ'usa
769 439 842 486 est
864 429 917 483 in
938 426 1182 483 cordibus
1207 442 1297 496 per
1320 422 1572 495 Spiritum
1596 431 1833 476 sanctum
1861 419 1951 490 qui
1980 417 2134 471 datus
2166 419 2209 476 Α
2241 421 2295 467 ει
2325 427 2440 476 vos,
2475 411 2519 465 si
2565 409 2679 465 hmc
2709 425 2814 465 non
2843 409 3242 505 quassiveritis,
3269 406 3665 505 clariiicamini.
3720 398 3833 460 Do-

540 520 781 580 estnobis
828 519 1007 593 (Rom.
1058 518 1134 593 v).
1192 517 1441 571 Miserere
1466 515 1587 569 mei.
1641 512 1738 567 Hic
1786 519 1934 583 patet
1983 510 2125 580 quod

541 615 788 673 Christus
828 631 931 669 non
971 614 1035 669 de
1062 627 1120 667 se
1153 620 1359 667 tantum
1399 610 1634 678 loquitur
1661 608 1712 661 in
1752 608 1850 660 hoc
1882 606 2124 676 psalmo,

542 704 792 762 Miserere
822 704 943 768 mei,
976 703 1027 757 id
1053 710 1156 767 est,
1190 698 1391 772 perlice
1424 699 1566 769 quod
1596 695 1829 767 cmpisti.
1876 694 2126 765 Cleri/ica

540 816 621 853 me
643 799 695 851 in
720 807 786 862 te,
819 804 872 851 et
898 795 1157 866 quosdam
1187 794 1238 848 in
1271 791 1404 848 meis
1431 805 1545 862 spe,
1590 790 1796 846 scilicet
1835 787 2122 859 perfectos.

541 886 790 945 Μίδεω-ε
825 888 909 942 bis
935 887 1024 956 qui
1052 887 1227 940 adhuc
1264 883 1460 940 inlirmi
1495 891 1641 947 sunt,
1684 891 1743 935 ut
1787 880 1906 935 illos
1936 879 2127 934 dilates

538 989 592 1035 et
622 981 892 1050 pet'llcias,
917 990 960 1032 et
984 976 1177 1032 exaudi
1224 978 1511 1029 orationem
1554 989 1744 1027 meum.
1778 969 1990 1025 Exaudi
2013 1011 2026 1034 ,
2072 969 2125 1024 id

539 1068 642 1136 est,
681 1071 840 1142 imple
869 1069 1168 1123 orationem
1217 1080 1387 1120 meam
1419 1081 1540 1134 quae
1573 1073 1651 1118 est
1698 1078 1794 1132 pro
1836 1069 2127 1134 augmento

538 1162 823 1226 virtutum,
853 1160 1059 1216 scilicet
1083 1169 1141 1213 ιιι
1170 1166 1420 1214 crescant
1445 1157 1502 1211 in
1541 1156 1852 1210 virtutibus.

608 1253 834 1307 Oramus
865 1262 920 1306 ιιι
953 1253 1172 1307 veniant
1206 1252 1344 1304 bona
1370 1290 1384 1313 ,
1407 1248 1762 1318 deprecamur
1790 1254 1845 1300 ut
1872 1253 2122 1299 avertan-

539 1354 627 1400 tur
657 1346 814 1400 mala.
840 1344 1046 1400 Aliter:
1093 1340 1378 1399 Exaudivit
1403 1359 1482 1396 me
1525 1340 1662 1396 Deus
1702 1341 1927 1412 justitite
1965 1356 2121 1403 mete,

538 1443 640 1497 hoc
686 1442 844 1495 modo
881 1439 1144 1494 exaudivit
1176 1436 1632 1506 dandojustitiam
1665 1451 1825 1505 quam
1856 1434 2123 1506 petebam.

536 1533 743 1588 Revera
776 1574 790 1599 ,
813 1548 846 1587 o
869 1532 1029 1597 Deus,
1060 1530 1253 1586 dedisti
1287 1529 1414 1583 mihi
1457 1526 1741 1599 justitiam,
1767 1526 1890 1596 quia
1936 1515 1991 1579 in
2034 1525 2129 1578 tri-

538 1626 801 1680 bulatione
828 1624 1061 1679 dilatasti
1103 1624 1229 1678 mihi
1267 1631 1320 1677 et
1357 1622 1481 1692 quia
1525 1620 1786 1675 exaudiin
1816 1632 1897 1673 me
1929 1616 2129 1687 justili-

537 1718 746 1785 cando,
795 1717 1049 1772 miserum
1095 1715 1484 1778 conservando,
1532 1712 1734 1768 scilicet
1763 1722 1821 1766 ut
1866 1711 1940 1765 nil
1976 1702 2124 1767 orem

2230 502 2403 557 minus
2426 501 2673 556 exaudiet
2708 517 2809 555 me.
2832 501 2913 556 Ac
2932 502 2976 555 si
3004 502 3144 557 dicat
3176 517 3190 553 :
3226 499 3512 554 imitamini
3543 514 3631 553 me
3653 540 3670 565 ,
3702 500 3833 569 quia

2230 613 2350 652 sum
2388 596 2542 652 vobis
2584 609 2690 649 non
2741 592 2913 648 solum
2950 592 3298 663 exctnplum,
3352 591 3448 648 sed
3481 590 3831 659 adiutorium.

2230 688 2365 757 Quia
2386 687 2642 753 invocavi,
2666 686 2718 740 id
2745 694 2830 741 est
2852 685 3013 756 digne
3036 686 3220 741 vocavi
3248 684 3699 750 Deum,emdiet
3726 701 3832 750 me,

2230 779 2355 849 quia
2377 778 2489 847 jam
2514 776 2829 833 elarilicavit
2858 792 2873 842 ;
2898 786 2954 829 et
2972 776 3215 830 exaudiet
3242 792 3346 840 me,
3371 791 3490 829 cum
3534 776 3832 830 clamant-ro

2228 872 2298 926 ad
2327 882 2464 936 eum,
2495 872 2660 925 etiam
2687 884 2786 940 pro
2810 868 3150 935 vobis.Quasi
3196 868 3379 933 dicat,
3405 867 3532 938 quid
3569 866 3837 925 faciemus

2230 973 2289 1019 ut
2317 973 2373 1020 et
2408 979 2508 1020 nos
2556 961 2952 1018 caaudiamur?
2987 960 3291 1016 lrascimini
3342 961 3635 1031 praeteritis
3698 976 3835 1031 pec-

2230 1060 2386 1124 catis,
2419 1066 2475 1113 et
2499 1057 2657 1111 nolite
2682 1068 2917 1126 peccare,
2945 1055 3071 1125 quia
3102 1069 3209 1110 non
3240 1052 3438 1110 subicit
3474 1054 3673 1110 deﬂere
3705 1070 3839 1126 pec-

2230 1158 2351 1205 cata
2400 1162 2520 1218 qua?
2568 1151 2870 1217 gessimus,
2911 1147 3014 1201 nisi
3054 1145 3397 1216 postmodum
3441 1143 3682 1202 deﬂenda
3724 1163 3836 1204 non

2231 1243 2594 1296 admittamus.
2627 1239 2758 1306 Qut:
2786 1240 2982 1302 dicitis,
3012 1240 3062 1293 id
3092 1247 3193 1303 est,
3223 1240 3476 1311 cogitatis
3501 1241 3557 1292 in
3583 1242 3837 1296 cordibus

2232 1334 2449 1399 vestris;
2488 1335 2539 1387 in
2577 1332 2823 1387 cordibus
2847 1346 2909 1387 ea
2956 1342 3164 1386 tantum
3216 1332 3400 1397 dicite,
3452 1343 3508 1387 et
3545 1348 3653 1389 non
3681 1334 3838 1404 cogi-

2232 1431 2392 1486 tanda
2446 1444 2550 1484 non
2599 1437 2889 1499 erumpant
2944 1428 2999 1482 in
3055 1430 3274 1483 factum.
3333 1430 3399 1483 Et
3446 1438 3669 1495 tamen,
3704 1431 3839 1499 quia

2231 1532 2514 1594 peceatum
2543 1530 2626 1576 est
2672 1522 2725 1575 in
2757 1521 2922 1577 corde
2946 1521 3047 1576 etsi
3082 1538 3187 1576 non
3225 1522 3374 1577 venit
3407 1523 3473 1577 ad
3526 1532 3734 1589 actum,
3786 1526 3837 1578 in

2234 1613 2493 1668 cubilibus
2522 1613 2724 1678 vestris,
2752 1613 2804 1667 id
2831 1621 2946 1678 est,
2988 1613 3043 1665 in
3087 1614 3252 1669 corde
3284 1614 3698 1684 compungintiui
3722 1655 3737 1677 ,
3784 1614 3839 1671 id

2230 1715 2332 1772 est,
2363 1708 2532 1777 ipsam
2561 1708 2725 1761 etiam
2752 1706 3138 1761 conscientiam
3170 1707 3375 1776 peccati
3404 1706 3697 1761 emendate
3737 1723 3834 1777 per

536 1806 639 1865 nisi
666 1798 813 1880 quod
863 1809 1082 1881 dignum
1130 1808 1222 1874 sit,
1275 1805 1727 1877 quemadmodum
1784 1802 1981 1858 Paulus
2031 1802 2122 1874 qui
2154 1785 2624 1871 Bpmnitentiam,
2651 1799 2703 1853 id
2725 1799 3111 1869 est,p(enileat
3132 1814 3227 1854 vos
3249 1799 3835 1871 et~cogitasse.Aliter:

535 1900 713 1968 oravit
747 1898 887 1968 quod
914 1914 1017 1952 non
1048 1898 1251 1962 debuit,
1278 1907 1495 1969 propter
1530 1896 1671 1967 quod
1703 1897 1905 1951 dictum
1937 1904 2019 1951 est
2041 1895 2123 1949 ei:

538 1987 737 2063 Sufﬁcit
762 1989 857 2045 tibi
886 1991 1058 2061 gratia
1092 2006 1225 2049 mea,
1258 2004 1379 2043 nam
1408 1990 1572 2043 virtus
1598 1989 1652 2041 in
1679 1986 1984 2057 inﬁrmitate
2006 2004 2131 2057 per-

539 2074 719 2154 ﬁcitur
748 2080 834 2154 (11
861 2080 981 2137 Cor.
1020 2081 1140 2154 xu).
1176 2081 1242 2136 Et
1270 2082 1394 2152 quia
1425 2079 1566 2136 Deus
1605 2081 1869 2135 exaudivit
1902 2096 1979 2134 me
2004 2094 2127 2134 eum

544 2164 906 2238 invocantem,
943 2190 1073 2246 ergo
1099 2182 1153 2228 et
1180 2178 1275 2228 vos
1307 2170 1575 2239 exaudiet,
1603 2172 1648 2229 si
1684 2188 1804 2227 eum
1842 2172 2127 2228 invocave-

540 2267 678 2323 ritis.
728 2264 967 2338 Propter
1016 2265 1156 2336 quod
1183 2265 1347 2322 dico:
1397 2263 1525 2318 Filii
1574 2262 1873 2328 hominum,
1924 2263 2129 2319 scilicet

538 2348 707 2413 Adam
742 2366 797 2414 et
836 2357 965 2413 Evtc
1005 2357 1055 2411 in
1093 2364 1359 2412 vetustate
1405 2363 1459 2411 et
1493 2355 1546 2410 in
1585 2353 1936 2426 originalibus
1984 2354 2130 2410 vitiis

537 2458 966 2522 perseverantes,
999 2447 1242 2503 nolentes
1291 2446 1406 2502 ﬁeri
1450 2444 1578 2510 Dei,
1617 2460 1918 2515 usquequo,
1970 2443 2020 2497 id
2048 2452 2131 2498 est

536 2541 792 2614 quandiu.
835 2538 949 2594 Iam
978 2537 1126 2594 venit
1171 2536 1340 2593 Filius
1392 2535 1487 2592 Dei
1531 2536 1621 2608 qui
1666 2551 1762 2591 vos
1805 2534 1943 2590 illius
2001 2549 2128 2589 suos

535 2631 729 2706 quaerit
758 2629 956 2696 facere,
986 2643 1156 2698 usque
1183 2628 1249 2682 ad
1279 2626 1393 2697 ejus
1420 2626 1711 2682 adventurm
1736 2625 1802 2682 de
1825 2625 2127 2697 ignorantia

536 2724 934 2795 quodammodo
962 2720 1141 2777 fuistis
1186 2718 1555 2784 excusabiles,
1605 2734 1749 2772 nunc.
1803 2726 1981 2772 autem
2029 2715 2129 2771 mi~

534 2814 717 2872 nime:
746 2815 895 2884 gravi
921 2811 1097 2877 corde,
1133 2810 1342 2867 scilicet
1370 2808 1561 2865 eritis?
1590 2808 1835 2875 Quandiu
1877 2806 2129 2862 amabilis

534 2907 651 2963 hmo
686 2915 897 2963 terrena
921 2902 945 2959 ?
968 2920 1086 2975 qua:
1116 2904 1197 2976 (ut
1222 2904 1300 2958 ait
1329 2905 1519 2958 beatus
1565 2901 1883 2972 Gregorius)
1916 2901 2127 2969 pondus

536 3004 682 3061 Sunt,
715 3010 819 3049 non
846 2994 1166 3060 subsidium,
1194 2995 1319 3065 quia
1342 2993 1523 3065 potius
1557 3007 1587 3046 a
1610 2992 1745 3046 vera
1797 2992 2129 3047 beatitudine

535 3076 633 3140 vos
658 3085 945 3140 retrahunt
973 3099 1133 3156 quam
1162 3099 1225 3140 co
1264 3083 1605 3155 perducant:
1654 3093 1711 3136 ut
1741 3081 1867 3155 quid
1910 3080 2126 3152 diligitis

2230 1892 2555 1956 Irascimini,
2590 1892 2642 1947 id
2666 1900 2770 1957 est,
2819 1892 2897 1946 ira
2945 1906 3039 1946 vos
3065 1892 3347 1947 concutit:
3378 1892 3448 1945 sit
3490 1900 3702 1947 tantum
3730 1931 3747 1957 ,
3786 1900 3842 1947 ει

2232 2001 2336 2041 non
2367 1983 2659 2040 commotio
2686 1982 2873 2047 animi,
2924 1990 2978 2036 et
3004 1997 3111 2039 non
3141 1982 3307 2036 etiam
3346 1980 3547 2036 factum
3580 1982 3685 2037 hoc
3714 1991 3834 2045 est:

2231 2087 2276 2131 et
2306 2076 2465 2131 nolie
2492 2091 2726 2147 peccare.
2759 2074 2824 2128 Et
2851 2072 2978 2144 quia
3008 2088 3113 2128 non
3140 2072 3311 2127 solum
3337 2073 3417 2127 ira
3450 2071 3517 2127 ad
3551 2082 3837 2142 peccatum

2235 2182 2334 2223 nos
2372 2165 2620 2238 impellit,
2651 2165 2769 2221 ideo
2797 2164 3010 2220 subdit:
3042 2162 3174 2230 Qua:
3212 2165 3422 2231 dicitis,
3470 2163 3524 2219 id
3550 2174 3657 2228 est,
3682 2179 3838 2233 qua:-

2233 2274 2444 2331 cunque
2473 2260 2578 2314 alia
2606 2259 2737 2313 vitia
2762 2268 2957 2330 prater
2988 2258 3123 2312 iram
3151 2256 3327 2311 dicitis
3348 2257 3405 2311 in
3432 2256 3839 2327 cordibus,qttc

2233 2353 2341 2408 sint
2371 2352 2532 2424 digna
2568 2350 2910 2421 pmnitentia,
2942 2351 2998 2404 in
3016 2344 3265 2404 cordibus
3301 2355 3505 2403 tantum
3537 2348 3736 2412 dicite.
3787 2348 3840 2405 id

2231 2455 2333 2512 est,
2366 2445 2617 2514 cogitate,
2646 2452 2699 2498 et
2731 2458 2837 2498 non
2867 2451 3065 2497 exeant
3110 2444 3178 2496 ad
3214 2442 3629 2512 operationem;
3658 2450 3718 2498 et
3751 2454 3835 2498 ta-

2231 2550 2355 2590 men
2370 2538 2436 2592 de
2458 2538 2544 2591 bis
2578 2535 2725 2590 vitiis
2748 2549 2869 2604 quae
2897 2542 3107 2588 tantum
3132 2533 3186 2587 in
3217 2533 3547 2605 cogitatione
3570 2542 3727 2599 sunt,
3753 2543 3835 2588 et-

2231 2631 2275 2683 si
2314 2629 2449 2684 levia
2478 2628 2607 2694 sint,
2645 2628 2699 2682 in
2735 2625 2994 2681 cubilibus
3017 2667 3033 2692 ,
3067 2626 3119 2681 id
3147 2635 3255 2692 est,
3300 2629 3355 2679 in
3380 2626 3629 2680 cordibus
3654 2628 3837 2682 vestris

2231 2721 2296 2776 de
2322 2721 2409 2776 his
2452 2719 2857 2791 compnngimini
2882 2758 2898 2785 ,
2952 2718 3159 2774 scilicet
3202 2719 3471 2774 eonterite
3508 2729 3677 2789 caput
3716 2735 3834 2776 ser-

2231 2815 2431 2883 pentis,
2457 2813 2601 2869 sicut
2629 2813 2833 2878 dictum
2858 2820 2940 2867 est
2965 2812 3092 2868 Evae
3116 2820 3173 2867 et
3197 2812 3471 2882 serpenti:
3503 2811 3583 2866 Tu
3603 2825 3837 2870 conteres

2233 2915 2386 2971 caput
2410 2903 2577 2970 illius,
2603 2913 2651 2958 et
2681 2905 2790 2974 ipse
2808 2903 3147 2958 insidiabitur
3164 2902 3414 2959 calcaneo
3438 2914 3528 2958 tuo
3550 2902 3710 2971 (Gen.
3728 2904 3832 2976 ιιι).

2232 2993 2407 3063 Caput
2442 2993 2713 3064 serpentis
2734 3002 2818 3049 est
2843 2993 3056 3047 initium
3088 2993 3319 3062 peccati,
3356 2993 3409 3048 id
3439 3002 3523 3049 est
3552 2998 3831 3066 suggestis

2234 3088 2639 3144 diaboliJllam
2685 3089 2945 3148 debemus
2990 3097 3277 3143 conterere
3324 3088 3747 3158 compunctione
3782 3097 3838 3145 at

535 3178 819 3237 vanitatem
842 3182 867 3235 .9
888 3180 955 3235 Ut
978 3181 1127 3252 quid,
1154 3181 1206 3235 id
1231 3181 1408 3245 est,in
1439 3189 1699 3251 quantum
1729 3177 1948 3249 diligitis
1975 3179 2123 3232 vani-
2228 3180 2494 3247 oratione,
2550 3182 2675 3236 dum
2720 3188 2805 3236 est
2860 3179 3087 3250 parvula
3107 3220 3122 3244 ,
3176 3194 3245 3234 ne
3293 3146 3509 3234 crescat
3545 3194 3722 3249 usque
3770 3179 3836 3235 ad

537 3279 721 3338 tatem,
750 3271 801 3326 id
828 3280 909 3327 est
936 3271 1051 3327 haec
1076 3272 1395 3342 temporalia
1430 3272 1568 3326 bona
1589 3285 1708 3341 qum
1735 3279 1863 3324 sunt
1891 3269 2123 3334 vanitas,

537 3362 590 3417 id
620 3370 725 3431 est,
757 3370 961 3419 tantum
990 3365 1183 3418 umbra
1215 3364 1329 3418 veri
1371 3363 1495 3419 boni
1517 3378 1532 3417 :
1558 3370 1615 3418 et
1648 3378 1755 3417 non
1798 3361 1970 3417 solum
2003 3360 2127 3414 dili-

536 3457 678 3528 gitis,
721 3456 816 3512 sed
865 3456 1028 3512 etiam
1069 3456 1307 3528 quwritis
1357 3455 1720 3520 mendacium,
1764 3453 1969 3509 scilicet
2015 3454 2128 3507 luce

539 3547 729 3604 eadem
755 3555 968 3602 terrena
1009 3560 1156 3617 qute,
1211 3536 1342 3602 cum‘
1373 3547 1564 3600 umbra
1613 3545 1721 3600 sint
1768 3553 1974 3598 tantum
2012 3543 2125 3596 veri

537 3642 686 3705 boni,
719 3642 1071 3705 mentiuntur,
1096 3640 1222 3710 quia
1259 3656 1363 3695 non
1386 3638 1599 3693 solvunt
1626 3637 1767 3709 quod
1788 3636 2126 3707 promittunt.

542 3728 684 3803 Opes
703 3748 808 3788 non
853 3731 984 3787 dant
1019 3729 1390 3787 sufﬁcientiam
1417 3771 1431 3795 ,
1483 3729 1717 3785 honores
1759 3745 1865 3784 non
1917 3727 2131 3783 solvunt

539 3823 860 3892 potentiam,
897 3833 954 3879 et
982 3832 1178 3880 caetera
1208 3824 1274 3879 ad
1302 3824 1548 3879 eumdem
1578 3822 1816 3887 modum,
1860 3830 1915 3876 et
1948 3830 2128 3875 tamen

538 3913 790 3971 videntur
812 3916 916 3972 hoc
942 3918 1278 3987 promittere.
1315 3915 1395 3971 Ad
1428 3916 1554 3987 quid
1599 3930 1728 3986 ergo
1751 3956 1764 3979 ,
1815 3915 1866 3969 id
1909 3924 2023 3977 est,
2062 3914 2130 3969 ad

540 4005 683 4076 quod
711 4006 1070 4068 commodum,
1105 4006 1326 4078 diligitis
1355 4006 1637 4061 vanitatem
1659 4046 1674 4071 ,
1718 4006 1954 4076 φημι-ἱεὶς
1986 4020 2132 4059 men-

542 4094 752 4149 dacium
784 4096 810 4150 7
835 4095 1023 4163 Aliter,
1055 4096 1157 4167 lilii
1188 4098 1481 4162 hominum,
1500 4112 1574 4152 ac
1601 4096 1647 4151 si
1694 4096 1835 4151 dicat
1864 4114 1877 4150 :
1907 4095 1983 4151 De
2013 4095 2133 4150 aliis

541 4201 648 4242 non
672 4195 757 4242 est
784 4186 980 4242 mirum
1009 4189 1053 4244 si
1087 4204 1191 4244 non
1233 4188 1516 4252 invocant,
1566 4204 1687 4243 cum
1724 4203 1828 4242 non
1877 4186 1986 4242 sint
2033 4186 2131 4256 ﬁlii

540 4277 837 4343 hominum,“
856 4279 949 4333 sed
977 4279 1155 4348 potius
1178 4278 1272 4335 lilii
1305 4293 1493 4334 eorum
1532 4279 1626 4348 qui
1657 4292 1716 4333 se
1744 4278 2129 4333 denominave-

541 4378 687 4425 runt.
720 4368 825 4425 Vos
851 4379 1030 4426 autem
1059 4369 1250 4433 Judaei,
1285 4370 1373 4441 qui
1416 4369 1549 4425 estis
1589 4369 1688 4438 ﬁlii
1727 4369 2027 4435 hominum,
2078 4369 2133 4424 id

2230 3287 2430 3332 actum.
2462 3274 2616 3331 Unde
2659 3276 2824 3330 illud:
2860 3274 3056 3330 Beatus
3076 3276 3166 3346 qui
3192 3275 3383 3329 tenebit
3409 3283 3460 3329 et
3496 3274 3681 3330 allidet
3703 3292 3830 3346 par-

2231 3367 2376 3422 vulos
2406 3382 2528 3421 suos
2548 3366 2617 3419 ad
2642 3377 2844 3437 petram
2871 3364 3042 3437 (Psal.
3097 3365 3341 3436 cxxxvn).
3387 3364 3492 3420 Per
3525 3365 3832 3421 calcatum

2234 3459 2498 3530 accipitur
2536 3460 2943 3513 consummatio
2975 3458 3212 3528 peccati,
3259 3458 3387 3528 quia
3449 3458 3552 3513 hoc
3586 3460 3837 3514 simium

2236 3552 2491 3606 observat
2513 3549 2778 3614 diabolus,
2798 3559 2856 3602 ut
2877 3548 3226 3619 perﬁciamus
3249 3565 3262 3602 :
3295 3550 3362 3603 ad
3383 3550 3488 3605 hoc
3516 3550 3827 3617 insidiatum,

2233 3644 2298 3696 ad
2347 3643 2450 3698 hoc
2497 3642 2723 3697 laborat.
2779 3640 3083 3697 Notandum
3129 3642 3410 3712 quodnon
3453 3642 3622 3708 dicit,
3654 3639 3836 3697 Nolite

2232 3734 2416 3799 irasci,
2445 3734 2569 3804 quia
2594 3734 2696 3788 hoc
2731 3747 2837 3787 non
2862 3740 2947 3788 est
2974 3742 3175 3788 nostra:
3216 3732 3539 3803 potestatis:
3566 3746 3639 3787 ex
3674 3746 3835 3802 pana

2234 3831 2376 3885 enim
2439 3829 2646 3901 peccati
2711 3829 2816 3884 hoe
2858 3828 3127 3885 habemus
3185 3836 3246 3883 ut
3301 3828 3599 3883 carnalium
3649 3836 3835 3883 nostra

2236 3920 2465 3975 diversis
2499 3918 2954 3989 concupiscentiis
2975 3918 3270 3989 subiaceat.

2307 4012 2413 4066 Sed
2445 4010 2708 4067 habemus
2731 4006 2997 4064 rationem
3029 4008 3232 4064 mentis
3257 4023 3377 4080 qua:
3420 4008 3518 4064 has
3572 4006 3836 4075 refrenet,

2236 4121 2302 4160 ne
2324 4120 2493 4175 usque
2517 4104 2569 4159 in
2596 4113 2751 4159 actus
2773 4110 3149 4174 prorumpunt.
3193 4101 3283 4157 Ait
3314 4101 3460 4157 enim
3507 4101 3833 4171 Apostolus:

2238 4195 2349 4264 Ego
2388 4205 2562 4249 autem
2608 4202 2777 4248 mente
2805 4193 2971 4247 servio
3016 4191 3119 4263 legi
3150 4191 3275 4255 Dei,
3317 4208 3473 4246 carne
3515 4200 3692 4246 autem
3738 4190 3838 4263 legi

2232 4288 2427 4358 peccati
2460 4284 2632 4356 (Rom.
2661 4287 2780 4353 vn).
2816 4283 2881 4338 Et
2899 4283 2944 4336 si
2971 4297 3140 4352 usque
3170 4282 3239 4337 ad
3259 4295 3414 4337 actus
3446 4281 3835 4352 perducantur,

2232 4381 2508 4451 quomodo
2534 4378 2916 4448 corrigantur?
2940 4376 3008 4430 Et
3024 4376 3337 4442 hocmudo,
3367 4384 3601 4447 utsupra
3631 4377 3835 4430 dictum

540 4475 645 4527 θδιν
670 4464 1101 4529 βῦιΐίανοιιπυιη
1132 4472 1187 4520 εί
1231 4462 1614 4533 ΡνιψΙιοιθτιιηι
1669 4476 1764 4531 Per
1808 4461 2129 4528 ἀοοῑτίηεδῐην
2160 4505 2212 4565 D
2238 4484 2351 4527 est:
2382 4471 2693 4540 Sucriﬁcatc
2717 4469 3302 4540 sacriﬁciumjustitiat,
3330 4468 3538 4523 scilicet
3564 4467 3839 4536 muniendo

540 4556 799 4627 qui‘vere
826 4555 1074 4611 homines
1117 4555 1481 4624 iuet‘ttntquia
1522 4553 1729 4608 ratione
1760 4555 1840 4607 usi
1884 4562 2032 4620 sunt,
2078 4562 2133 4608 et

542 4647 633 4717 qui
667 4646 817 4703 vobis
846 4646 941 4703 Dei
972 4646 1176 4701 cultum
1221 4647 1403 4702 multis
1448 4647 1623 4702 modis
1671 4646 2082 4702 insinuaverunt
2115 4664 2129 4702 :

544 4756 811 4810 usquequo
837 4740 983 4809 gravi
1009 4739 1164 4794 corde
1190 4740 1343 4794 eritis
1368 4740 1391 4794 ?
1429 4738 1558 4808 quid
1591 4738 1727 4793 ultra
1762 4738 2134 4809 exspectatis?

543 4829 662 4885 Jam
692 4831 839 4886 venit
862 4830 949 4885 ille
972 4846 1131 4900 quem
1163 4839 1343 4901 patres
1372 4832 1536 4887 vestri
1570 4832 1722 4887 vobis
1748 4831 2136 4901 praedixerunt,

542 4921 753 4979 scilicet
784 4938 903 4993 ego.
937 4920 1138 4986 Venite,
1164 4921 1287 4990 ﬁlii,
1312 4922 1491 4977 audite
1512 4937 1597 4977 me
1625 4920 1800 4991 (Psal.
1834 4922 2052 4992 xxxm),
2080 4930 2137 4975 ut

545 5013 670 5086 quid
699 5011 919 5083 diligitis
965 5013 1248 5067 vanitatem
1279 5023 1325 5068 et
1369 5014 1605 5084 quteritis
1650 5012 2009 5075 mendacium,
2057 5012 2138 5067 di-

540 5116 765 5173 centes,
789 5106 1010 5162 Messias
1038 5109 1278 5163 nondum
1318 5110 1506 5165 venit?
1546 5109 1710 5177 Quasi
1747 5108 1920 5173 dicat,
1976 5106 2143 5163 nolite

546 5203 771 5275 diligere
794 5204 1108 5267 vanitatem,
1138 5212 1196 5257 et
1233 5202 1399 5258 nolite
1426 5216 1672 5272 qnme
1707 5200 2142 5265 mdaciumret

548 5295 862 5353 miriﬁcabit
889 5313 986 5354 vos
1010 5296 1291 5353 Dominus.

621 5387 688 5442 Et
710 5396 770 5443 ut
803 5388 904 5444 hoc
932 5389 1169 5445 credatis
1196 5387 1398 5451 verius,
1435 5386 1636 5451 scitote,
1668 5384 1719 5441 id
1747 5394 1831 5441 est
1855 5385 2020 5441 nolite
2040 5385 2137 5441 du-

549 5480 744 5548 bitare,
771 5482 893 5552 quia
914 5482 1214 5551 miriﬁcavit
1243 5481 1519 5545 Dominus,
1553 5480 1605 5536 id
1642 5478 1754 5547 est‘,
1796 5481 1932 5537 miro
1977 5481 2137 5537 modo

551 5573 871 5630 clariﬁcavit
931 5574 1176 5631 iaciendo
1213 5573 1281 5629 de
1344 5572 1560 5630 mortali
1628 5573 1984 5629 immortalem
2051 5588 2137 5628 me

552 5679 793 5723 sanctum
822 5685 996 5733 suum,
1031 5668 1083 5723 in
1113 5668 1217 5724 hoc
1245 5676 1509 5734 sanctum,
1541 5667 1596 5722 id
1619 5676 1722 5734 est,
1753 5681 1944 5737 purum
1965 5708 1979 5733 ,
2010 5666 2136 5737 quia

554 5775 660 5825 non
684 5760 843 5817 dilexi
868 5761 1167 5828 vanitatem,
1193 5768 1247 5817 et
1270 5761 1373 5817 non
1407 5758 1630 5836 quaesivi
1679 5758 2026 5815 mendacium.
2060 5757 2139 5815 ita

2238 4567 2291 4620 in
2319 4565 2470 4620 vobis
2510 4565 2656 4618 viratu
2689 4571 2743 4618 et
2776 4562 2880 4617 alia
2912 4561 3069 4627 vitia,-
3099 4576 3193 4632 per
3231 4561 3443 4632 singula
3502 4560 3629 4615 vitia
3682 4559 3838 4631 quasi

2238 4655 2476 4729 singulas
2507 4655 2754 4711 victimas
2802 4662 3042 4709 mactate
3093 4652 3224 4718 Deo,
3263 4653 3593 4724 amputanda
3640 4668 3835 4723 supcr-

2240 4748 2410 4812 biam,
2435 4756 2677 4811 taurum;
2706 4745 3034 4816 amputando
3060 4744 3353 4807 lasciviam,
3380 4745 3626 4805 bardum;
3652 4758 3841 4813 ampu-

2243 4840 2405 4893 tando
2436 4837 2738 4901 libidinem,
2773 4837 3016 4891 hircum:
3060 4836 3134 4890 ita
3173 4845 3229 4890 et
3278 4835 3334 4889 in
3364 4835 3503 4896 aliis,
3534 4833 3602 4889 Et
3623 4833 3731 4890 hoc
3756 4844 3841 4893 eet

2245 4930 2567 4999 sacri/icium
2612 4929 2998 4999 justitite,cum
3030 4944 3128 4984 nos
3164 4927 3264 4999 ipsi
3310 4928 3564 4998 punimus
3577 4927 3709 4981 vitia
3744 4941 3836 4983 no-

2241 5022 2574 5093 strajudices
2598 5022 2651 5075 in
2670 5022 2959 5090 noblsipsis
2980 5019 3283 5077 constituti.
3301 5018 3459 5073 Etsic
3480 5017 3838 5077 sacriﬁcando

2227 5125 2444 5185 sperate
2480 5116 2537 5169 in
2564 5113 2814 5168 Domino.
2852 5113 2985 5167 Nam
3017 5112 3108 5182 qui
3145 5128 3252 5167 non
3275 5110 3551 5168 sacriﬁcat
3575 5126 3681 5166 non
3716 5126 3809 5182 spe

2245 5214 2346 5262 ret.
2363 5205 2464 5261 Hic
2482 5206 2757 5261 canticum
2782 5204 2975 5276 psalmi
3001 5203 3265 5274 aperitur.
3291 5202 3506 5261 Aliter:
3533 5199 3837 5257 Irasci-sini

2242 5299 2502 5354 ultionem
2559 5298 2822 5353 sumendo
2869 5296 2936 5352 de
2965 5295 3205 5366 peccatis
3246 5293 3360 5363 iam
3394 5293 3743 5365 perpetratis,
3783 5302 3839 5347 et

2245 5389 2403 5443 nolite
2435 5389 2569 5443 ultra
2608 5405 2841 5459 peccare.
2878 5388 2946 5443 Et
2978 5398 3096 5459 post
3125 5386 3533 5458 abaegationem
3579 5385 3836 5443 vitiorum

2242 5480 2538 5550 sacrificate
2573 5480 2894 5550 sacriﬁcium
2934 5480 3200 5551 justitite;
3246 5479 3301 5535 id
3329 5485 3608 5543 εειιΐθοιε
3649 5479 3812 5532 vivite

2245 5574 2312 5629 Et
2350 5575 2429 5629 sic
2476 5582 2681 5643 sperate
2728 5573 3011 5645 praemium
3061 5572 3261 5628 laboris
3304 5570 3496 5635 vestri,
3542 5579 3725 5626 tamen
3778 5569 3833 5625 in

2245 5663 2491 5728 Domino,
2514 5670 2575 5717 ut
2597 5663 2712 5733 ipse
2742 5665 2815 5719 sit
2838 5663 3143 5734 praemium,
3170 5660 3464 5717 non‘aliud.
3495 5659 3607 5718 Vos
3633 5658 3824 5731 quisic

2246 5755 2449 5823 vivitis,
2488 5766 2689 5827 sperate
2718 5764 2919 5812 aeterna
2956 5755 3197 5826 praemia.
3228 5753 3361 5809 Nam
3394 5760 3521 5809 sunt
3547 5751 3701 5808 multi
3744 5747 3831 5822 qui
