3986 5574
266 356 376 414 £65

1404 343 1940 403 ENARRATIONES
1978 344 2043 399 IN
2088 344 2421 401 PSALMOS.

3444 351 3544 406 H70

265 488 381 530 non
428 477 668 542 sperant,
717 466 993 521 dicentes:
1049 462 1179 530 Quis
1220 462 1448 516 ostendet
1498 463 1643 515 nobis
1684 462 1814 513 bona
1842 462 1865 512 ἔ)
1892 466 1941 521 Α
1973 480 1990 510 ‹
2038 460 2374 527 iniquitatem
2415 468 2465 513 tu
2491 475 2567 514 es.
2598 457 2781 529 Neque
2805 462 3247 534 habitabitjuxta
3299 476 3349 522 te
3390 468 3546 524 mali-

269 563 479 619 scilicet
514 560 599 613 illa
638 573 757 628 quae
810 555 1096 626 promittis.
1133 553 1264 620 Quis
1314 553 1555 606 ascendit
1583 552 1634 606 in
1666 551 1861 603 etelnm

268 654 364 723 qui
396 652 485 705 illa
518 649 723 703 videret
752 655 802 701 et
826 646 979 699 nobis
1014 643 1387 698 renuntiaret?
1422 652 1513 696 aut
1539 643 1661 713 quis
1685 653 1866 695 osteno

271 744 363 797 det
406 740 563 795 nobis
589 738 747 799 mala,
776 737 978 790 scilicet
1003 735 1087 789 illa
1114 744 1380 789 tormenta
1397 750 1513 804 qua:
1541 734 1719 787 dicitis
1746 745 1865 785 esse

274 835 418 906 apud
448 831 688 886 inferos?
724 828 951 883 Frustra
982 828 1081 882 hoc
1116 826 1327 890 dicunt,
1358 828 1481 897 quia
1519 835 1591 891 tu,
1620 824 1864 890 Domine,

272 926 559 984 ostendisti
592 925 745 978 nobis
766 923 941 976 dando
968 922 1125 976 nobis
1154 923 1412 977 rationem
1460 921 1523 975 ad
1557 919 1864 974 similitudi-

274 1024 402 1076 uém
431 1030 598 1071 tuam.
632 1013 768 1069 Nam
808 1015 1091 1083 signatum,
1126 1013 1174 1067 id
1211 1024 1313 1075 est,
1375 1011 1688 1081 sigillatum,
1722 1020 1775 1064 et
1815 1009 1867 1063 in

274 1114 398 1182 ipso
428 1108 604 1180 sigillo
634 1107 868 1176 Spiritus
890 1107 1171 1170 sancti,est
1198 1122 1351 1175 super
1380 1122 1471 1157 nos
1503 1104 1676 1157 lumen
1699 1103 1870 1157 vultus

274 1203 379 1266 tui,
408 1200 651 1261 Domine,
686 1196 735 1250 id
760 1206 863 1260 est,
911 1195 1000 1249 lux
1052 1195 1138 1249 illa
1176 1210 1292 1264 qua:
1322 1196 1607 1264 imaginem
1640 1202 1787 1246 tuam
1819 1192 1871 1246 in

276 1292 439 1346 nobis
470 1289 597 1343 facit
620 1302 899 1358 apparere.
934 1287 1028 1341 Vel
1055 1284 1226 1341 lumen
1252 1288 1420 1341 vultus
1445 1293 1539 1350 tut,
1574 1286 1624 1339 id
1653 1296 1733 1341 est
1764 1286 1875 1339 cla-

278 1383 418 1437 ritas
473 1380 724 1450 imaginis
759 1389 860 1432 tnae
892 1394 1011 1447 qua:
1072 1379 1122 1432 in
1160 1380 1312 1432 nobis
1369 1379 1657 1433 obscurata
1689 1386 1773 1433 est
1820 1378 1871 1432 in

277 1478 477 1537 Adam,
508 1473 713 1527 scilicet
746 1488 872 1526 vera
912 1473 1070 1534 ratio,
1117 1488 1219 1543 qua
1267 1474 1358 1527 tibi
1410 1473 1612 1527 similes
1664 1488 1873 1537 smnus,

280 1568 637 1624 antecedente
667 1567 841 1638 sigillo
869 1568 1037 1621 sancti
1069 1566 1304 1636 Spiritus
1330 1567 1380 1619 in
1409 1567 1561 1620 nobis
1585 1564 1874 1619 reformata

278 1668 387 1715 est.
420 1660 484 1713 Et
518 1661 616 1713 hoc
657 1667 739 1712 est
767 1659 909 1727 quod
966 1659 1236 1728 sequitur:
1301 1658 1496 1711 Dedisti
1531 1657 1789 1719 la'titiam,
1825 1657 1873 1709 id

279 1748 369 1808 eSt
403 1752 639 1824 Spiritus
687 1752 857 1805 sancti
900 1752 1125 1821 gratiam
1167 1752 1219 1803 in
1243 1751 1394 1804 corde
1422 1768 1555 1813 meo,
1585 1752 1709 1821 quia
1754 1752 1876 1804 (lia-

1970 568 1989 601 ι
2036 566 2212 619 guns,
2272 566 2442 619 neque
2496 552 2887 620 permanebunt
2934 554 3118 625 injusti
3178 567 3300 611 ante
3363 560 3550 614 oculos

1970 663 1987 693 ι
2035 651 2171 695 tuos.
2221 642 2393 697 Odisti
2438 658 2625 697 omnes
2672 644 2761 713 qui
2814 655 3111 713 Operantur
3161 648 3546 718 iniquitatem,

1972 753 1989 784 ι
2037 736 2231 805 perdes
2272 750 2460 789 omnes
2498 735 2585 803 qui
2634 736 2925 805 loquuntur
2964 739 3325 795 mendacium.
3363 743 3547 797 Virmn

1972 842 1992 877 ι
2040 827 2359 895 sanguinum
2407 836 2460 880 et
2492 825 2733 881 dolosam
2786 828 3189 885 abominabitur
3244 832 3550 889 Dominus:

2042 932 2140 989 ego
2181 926 2359 971 autem
2412 918 2462 972 in
2491 918 2854 975 multitudine
2905 921 3289 977 misericordia}
3319 932 3424 979 ιιιιη
3473 927 3553 981 in-

2043 1011 2218 1065 troibo
2265 1011 2316 1064 in
2371 1011 2587 1067 domum
2650 1022 2828 1079 tuam,
2881 1013 3119 1070 adorabo
3166 1016 3231 1071 ad
3297 1019 3552 1089 templum

2045 1112 2287 1155 sanctum
2325 1111 2472 1155 tuum
2508 1103 2558 1156 in
2600 1104 2791 1159 timore
2821 1111 2933 1161 tuo.
2968 1105 3192 1161 Domine
3216 1147 3231 1171 ,
3263 1108 3435 1164 deduc
3472 1126 3555 1163 me

2044 1193 2094 1247 in
2137 1192 2344 1262 justitia
2383 1206 2468 1248 tua
2510 1208 2728 1265 propter
2776 1197 3025 1251 inimicos
3057 1214 3235 1264 meos,
3291 1182 3460 1269 dirige
3499 1201 3552 1255 in

2046 1298 2335 1357 conspectu
2376 1295 2466 1339 tuo
2493 1284 2658 1340 vitam
2710 1302 2904 1342 meam.
2940 1288 3205 1355 Quoniam
3233 1306 3338 1345 non
3372 1301 3452 1347 est
3502 1292 3555 1346 in

1980 1399 1998 1432 ι
2046 1396 2138 1435 ore
2165 1396 2349 1435 eorum
2388 1380 2586 1434 veritas
2606 1422 2619 1445 ,
2651 1396 2748 1435 cor
2778 1398 2963 1435 eorum
2998 1399 3193 1437 vanum
3225 1394 3326 1438 est.
3366 1384 3557 1456 Sepul-

1980 1490 1998 1525 ι
2041 1488 2191 1528 crum
2236 1484 2423 1541 patens
2456 1482 2539 1526 est
2577 1483 2759 1542 guttur
2811 1489 3027 1539 eorum,
3059 1476 3256 1547 linguis
3311 1480 3422 1533 suis
3469 1479 3562 1533 do-

1981 1584 2000 1617 ι
2053 1566 2161 1620 lose
2198 1567 2428 1634 agebant
2457 1585 2467 1618 :
2496 1567 2675 1635 judica
2714 1566 2854 1633 illos,
2886 1568 3041 1621 Deus.
3076 1566 3337 1625 Decidant
3364 1586 3391 1624 a
3419 1572 3563 1641 cogi-

1984 1675 2003 1707 t
2050 1658 2335 1711 tatitmihus
2388 1658 2530 1721 suis,
2583 1659 2875 1712 secundum
2926 1659 3322 1715 multitudinem
3377 1661 3566 1730 impie-

1987 1766 2004 1799 ι
2053 1757 2221 1802 talum
2267 1762 2452 1803 eorum
2486 1748 2694 1817 expello
2735 1764 2858 1811 eos,
2908 1752 3161 1818 quoniam
3215 1750 3568 1807 irritavernut

282 1848 417 1899 ritas
450 1845 543 1897 Dei
584 1843 779 1913 diffusa
810 1854 880 1896 est
911 1845 961 1895 in
988 1844 1230 1896 cordibus
1271 1846 1459 1897 nostris
1500 1862 1590 1912 per
1626 1843 1878 1915 Spiritum
1910 1843 1955 1901 Β
1990 1860 2007 1892 ι
2053 1852 2122 1903 te,
2161 1842 2401 1895 Domine.
2436 1841 2500 1894 lit
2528 1841 2773 1895 ltetentnr
2800 1858 2988 1895 omnes
3014 1845 3101 1911 qui
3137 1853 3355 1911 sperant
3402 1845 3451 1897 in
3493 1853 3567 1911 te,

280 1947 524 1991 sanctum
553 1936 638 2003 qui
663 1935 817 1987 datus
844 1944 913 1985 est
953 1934 1101 1986 nobis
1125 1933 1299 2002 (Itoni.
1328 1934 1398 2003 v).
1427 1934 1625 1988 Aliter:
1676 1934 1876 1989 Dedisti

285 2031 526 2083 laetitiam
570 2031 623 2081 in
653 2028 807 2081 corde
834 2044 969 2091 meo,
1008 2026 1266 2097 signando
1291 2027 1461 2081 lumen
1495 2028 1662 2082 vultus
1703 2030 1798 2091 tui,
1830 2030 1880 2083 id

284 2130 369 2174 est
400 2120 663 2173 rationem
703 2133 863 2187 super
911 2134 1029 2179 nos,
1063 2120 1114 2171 id
1167 2128 1268 2181 est,
1298 2120 1346 2171 in
1381 2122 1642 2189 superiori
1676 2132 1878 2185 nostro,

287 2209 496 2264 scilicet
522 2211 573 2262 in
603 2209 781 2262 anima
804 2227 815 2262 :
835 2208 1047 2273 dedisti,
1072 2208 1249 2271 idest,
1276 2211 1554 2265 ostendisti
1582 2214 1709 2265 mihi
1739 2223 1881 2266 tuam

287 2300 552 2363 fwtitiam,
608 2300 816 2355 scilicet
861 2309 1119 2373 internum
1151 2301 1560 2366 beatitudinem,
1614 2319 1719 2356 non
1755 2304 1884 2357 loris

288 2393 665 2462 quaerendam,
693 2392 784 2445 sed
816 2393 868 2444 in
895 2392 1049 2445 corde
1072 2408 1203 2458 meo,
1234 2391 1284 2446 id
1309 2402 1410 2455 est,
1438 2394 1489 2445 in
1525 2393 1639 2447 sola
1668 2411 1784 2464 spe,
1832 2402 1886 2449 et

292 2486 531 2541 nondum
562 2485 616 2538 in
670 2500 748 2538 re.
800 2483 877 2537 illi
922 2497 1100 2539 autem
1138 2485 1228 2554 qui
1255 2486 1456 2549 dicunt,
1498 2487 1624 2552 Quis
1657 2488 1885 2543 ostendet

291 2575 443 2628 nobis
484 2574 641 2637 bona,
683 2575 803 2629 ideo
843 2574 1094 2646 ignorant
1152 2576 1287 2630 hanc
1317 2577 1728 2641 beatitudinem,
1760 2580 1885 2648 quia

290 2667 630 2736 multiplicati
674 2678 817 2731 sunt,
868 2666 1049 2732 idest,
1093 2668 1276 2722 multis
1326 2669 1585 2739 impliciti,
1620 2681 1670 2725 et
1708 2670 1887 2725 multis

295 2759 681 2814 sollicitantur.
717 2762 756 2812 Α
789 2759 987 2829 fructu,
1016 2760 1065 2813 id
1096 2768 1176 2814 est
1225 2760 1456 2814 utilitate
1502 2762 1580 2815 sui
1617 2761 1885 2830 frumenti,

295 2864 403 2906 non
433 2852 529 2914 ttti,
560 2850 767 2905 scilicet
789 2848 992 2905 Christi
1026 2851 1234 2920 de'quo
1257 2852 1484 2906 dicitur:
1517 2851 1639 2905 Nisi
1667 2869 1889 2923 granum

294 2944 550 3012 frumenti
591 2945 780 2998 cadens
832 2945 887 2996 in
918 2954 1130 3010 terram,
1173 2956 1439 2999 mortuum
1490 2946 1667 3015 fuerit,
1720 2946 1889 3015 ipsum

294 3034 468 3089 solum
495 3047 663 3090 manet
697 3035 879 3107 (Ioan.
919 3038 1038 3107 xu).
1069 3037 1178 3108 Ego
1214 3056 1329 3091 sum
1356 3040 1508 3107 panis
1546 3041 1683 3093 vivus
1707 3038 1887 3110 (Joan‘.

293 3128 397 3199 vn).
431 3129 523 3183 Sui
554 3131 683 3195 riui,
716 3145 817 3184 non
850 3130 945 3185 tui.
980 3130 1173 3185 Vinum
1226 3130 1458 3197 Domini,
1486 3130 1719 3187 imitatio
1764 3149 1889 3203 pas-

1992 1953 2009 1984 (
2056 1934 2104 1985 in
2138 1942 2400 1987 :IPIt'l'tilllll
2452 1931 2830 1995 exsultabant,
2877 1943 2929 1986 et
2961 1934 3232 1987 habitabis
3280 1936 3330 1989 in
3373 1936 3473 1990 eis.
3505 1936 3571 1992 Et

1992 2040 2009 2073 ι
2053 2022 2423 2090 gloriabuntur
2448 2023 2499 2075 in
2528 2030 2578 2076 te
2601 2037 2789 2076 omnes
2815 2023 2903 2092 qui
2923 2024 3148 2092 diligunt
3174 2040 3366 2079 nomen
3396 2034 3565 2092 tntun,

1992 2112 2009 2165 ι
2057 2116 2307 2185 quoniam
2340 2124 2393 2167 tu
2425 2115 2712 2168 benedices
2734 2115 2898 2183 justo.
2935 2114 3178 2181 Domine,
3204 2126 3262 2169 ut
3294 2128 3446 2173 scuto
3474 2119 3573 2173 bo-

1992 2228 2009 2259 ι
2057 2224 2137 2263 me
2168 2208 2459 2261 voluntatis
2490 2217 2592 2261 tuae
2622 2207 2891 2262 coronasti
2927 2222 3044 2262 nos.
3082 2227 3099 2259 ι

2552 2298 3002 2355 ENARRATIO.

2059 2396 2123 2449 In
2149 2395 2303 2463 ﬁnem
2326 2411 2419 2464 pro
2446 2410 2504 2447 ea
2528 2410 2644 2464 qua’
2668 2393 3023 2447 [nereditatem
3047 2396 3397 2466 consequitur.
3426 2392 3574 2449 Psal-

1992 2508 2105 2543 mus
2132 2489 2320 2542 David.
2374 2488 2427 2543 In
2463 2487 2565 2543 hoc
2603 2489 2807 2558 psalmo
2841 2488 3064 2559 ﬁgurate
3090 2489 3403 2559 intelligitur
3430 2489 3573 2559 quod

1988 2582 2115 2634 olim
2157 2581 2507 2635 bistoxialiter
2538 2591 2619 2634 est
2672 2590 2849 2634 actum
2900 2582 2952 2634 in
3009 2581 3141 2634 Sara
3180 2591 3232 2637 et
3263 2583 3424 2653 Agar,
3468 2597 3573 2637 una

1991 2672 2193 2735 libera,
2241 2673 2409 2726 altera
2459 2672 2653 2725 ancilla
2686 2669 2852 2741 (Gen.
2902 2688 3026 2737 xxi;
3077 2671 3196 2725 Cal.
3250 2672 3334 2744 iv)
3368 2690 3379 2725 :
3410 2673 3575 2727 libera

1990 2756 2111 2818 cum
2164 2765 2271 2818 ﬁlio
2304 2765 2667 2818 Inereditatem
2700 2767 2924 2834 accepit.
2963 2767 3109 2837 Agar
3135 2767 3325 2820 ancilla
3353 2784 3472 2821 cum
3515 2769 3576 2820 lt-

1993 2854 2061 2909 lio
2098 2855 2414 2909 haereditate
2439 2856 2645 2924 privata
2678 2866 2776 2910 est.
2804 2856 2905 2908 I’er
2934 2856 3124 2910 Sorani
3156 2858 3379 2912 liberam
3411 2866 3464 2912 et
3509 2857 3573 2911 li-

1993 2944 2119 3002 lium
2156 2947 2271 3017 ejus
2313 2948 2576 3002 catltolica
2615 2948 2948 3017 signiﬁcatur
2984 2950 3225 3005 Ecclesia
3256 2970 3266 3004 :
3301 2968 3393 3021 per
3432 2952 3577 3022 Agar

1995 3038 2245 3093 ancillam
2305 3048 2361 3094 et
2444 3040 2608 3093 lilium
2666 3038 2780 3109 ejus
2828 3042 3054 3096 ecclesia
3130 3044 3570 3113 maliguautium,

1999 3128 2255 3183 falsorum
2285 3128 2715 3183 Christianorum
2758 3140 2812 3184 et
2844 3132 3218 3186 haereticorum
3246 3134 3578 3201 signiﬁcatur

297 3220 468 3274 sionis
494 3220 719 3285 Christi,
752 3222 817 3275 de
844 3238 949 3290 quo
985 3238 1181 3292 corpus
1213 3222 1446 3277 ﬁdelium
1490 3226 1797 3289 detnmtiat,
1832 3234 1890 3279 ut
1996 3230 2049 3274 et
2076 3220 2191 3287 ejus
2222 3220 2400 3289 proles
2433 3219 2523 3290 qui
2545 3262 2558 3283 ,
2611 3221 2857 3290 quamvis
2903 3222 2970 3275 ab
3016 3223 3287 3277 Abraham
3317 3266 3329 3287 ,
3374 3224 3424 3278 id
3456 3235 3536 3279 est
3562 3265 3575 3291 ,

298 3328 502 3384 corpus
554 3314 694 3368 beati
734 3313 1009 3369 Laurentii
1037 3325 1089 3369 et
1126 3315 1355 3370 aliorum
1413 3316 1719 3371 multorum.
1754 3317 1901 3384 Quia-

299 3405 448 3458 calix
465 3404 675 3457 Domini
691 3404 954 3458 inebrians
968 3422 1122 3473 quant
1139 3406 1424 3475 praeclarus
1442 3417 1514 3459 est
1535 3406 1705 3476 (Psal.
1732 3410 1890 3478 xxu).

302 3496 371 3550 Et
403 3499 501 3551 olei
529 3499 633 3563 sui,
662 3514 768 3553 non
804 3500 901 3552 tni.
926 3498 1114 3554 Oleum
1140 3500 1251 3554 ῡυςι
1276 3501 1351 3555 ini
1379 3510 1463 3556 est
1509 3504 1682 3572 gratia
1717 3504 1892 3573 Spiri-

303 3598 392 3643 tus
422 3591 615 3643 sancti.
650 3589 839 3645 Oleum
864 3600 1044 3645 autem
1076 3600 1422 3660 peccatorum
1446 3594 1627 3647 carnis
1661 3595 1894 3649 delecta-

303 3682 379 3734 tio
422 3681 506 3734 vel
560 3681 817 3736 adulatio.
853 3681 955 3737 Per
998 3683 1113 3736 lucc
1147 3684 1270 3747 tria,
1301 3683 1655 3749 frumentum,
1682 3688 1889 3751 vinum,

302 3770 508 3835 oleum,
528 3786 647 3841 qnze
675 3772 959 3827 adversum
987 3773 1165 3828 carnis
1206 3774 1499 3844 prmeipitia
1548 3784 1672 3829 sunt
1701 3786 1894 3830 etetera

303 3861 544 3916 carnalia
576 3862 972 3931 intelliguntur.
1004 3864 1117 3933 Ego
1157 3875 1335 3919 autem
1361 3866 1595 3937 perlecta
1633 3867 1893 3936 Ecclesia,

304 3954 431 4022 quia
462 3953 851 4008 beatitudinem
877 3970 1049 4010 meam
1075 3956 1125 4010 in
1154 3956 1235 4011 his
1265 3972 1371 4011 non
1404 3973 1607 4028 quarm,
1635 3959 1895 4013 dormiam

303 4051 359 4104 in
397 4051 496 4104 hac
519 4049 624 4104 vita
649 4050 946 4105 secundum
971 4050 1293 4105 oblivionem
1337 4053 1577 4106 omnium
1632 4062 1899 4123 tempora-

304 4142 437 4196 lium
485 4144 844 4214 negotiorum.
888 4142 952 4196 In
984 4160 1128 4213 pace,
1160 4144 1209 4197 id
1241 4152 1344 4208 est,
1380 4146 1431 4198 in
1470 4148 1705 4216 appetitu
1736 4157 1895 4201 teter-

305 4252 500 4291 uornm
522 4237 788 4291 bonorum
821 4251 940 4306 qua:
971 4246 1093 4290 sunt
1116 4252 1243 4306 pax,
1271 4237 1399 4305 quia
1428 4238 1497 4292 ibi
1532 4238 1673 4292 nulla
1701 4238 1901 4293 tumul-

305 4334 531 4381 tuantttr
554 4328 685 4381 vitia
719 4346 730 4381 :
757 4344 902 4395 pace,
933 4327 1071 4390 dico,
1106 4328 1355 4381 tendente
1383 4330 1435 4380 in
1466 4328 1653 4397 ipsum,
1690 4329 1898 4382 scilicet

306 4423 396 4475 ubi
426 4420 567 4475 aliud
596 4437 701 4474 non
754 4419 995 4489 sequitur
1026 4420 1126 4474 nisi
1176 4422 1285 4490 ipsa
1321 4437 1442 4490 pax.
1480 4420 1543 4474 Et
1592 4433 1776 4491 postea
1812 4439 1895 4475 re-

303 4514 568 4582 quiescam
594 4523 780 4566 sancta
824 4512 874 4564 in
918 4520 1118 4565 aeterna
1148 4513 1346 4581 quiete,
1396 4528 1510 4564 cum
1552 4512 1768 4565 mortale
1800 4514 1895 4565 hoc

1997 3309 2232 3372 Christo,
2267 3311 2505 3379 generati
2528 3319 2652 3363 sunt
2683 3312 2974 3364 secundum
3007 3311 3331 3380 baptismum
3361 3323 3413 3366 et
3436 3330 3578 3382 qua:-

1996 3400 2119 3452 datn
2149 3399 2247 3451 alia
2279 3409 2650 3463 sacramenta,
2676 3408 2853 3453 tatnen
2907 3416 3011 3454 nou
3038 3414 3433 3472 consequentur
3476 3406 3575 3459 lue-

1999 3490 2299 3553 reditatem,
2352 3504 2472 3542 cum
2528 3489 2865 3557 exigentibus
2914 3506 3100 3544 eorum
3145 3492 3326 3560 pravis
3376 3494 3579 3549 meritis

1998 3581 2272 3651 generatio
2315 3580 2401 3633 illa
2444 3581 2614 3648 magis
2666 3582 2714 3633 in
2767 3582 3082 3634 servitutem
3121 3598 3279 3651 quam
3325 3584 3379 3637 in
3422 3583 3566 3638 liber-

1992 3676 2163 3727 tatem
2194 3684 2400 3741 vergat.
2434 3672 2644 3727 Titulus
2695 3674 2771 3727 sic
2803 3673 3090 3742 exponitur
3121 3690 3132 3725 :
3164 3673 3408 3730 Psalmns
3443 3674 3544 3729 iste
3565 3716 3580 3741 ,

1996 3767 2051 3820 id
2105 3776 2221 3830 est,
2281 3781 2518 3834 prmsens
2564 3764 2869 3818 exhortatio
2912 3766 3065 3819 bona:
3122 3767 3452 3835 operationis
3502 3747 3620 3822 est,

1998 3858 2204 3921 David,
2252 3858 2447 3920 idest,
2482 3856 2682 3910 Christi
2736 3856 3013 3923 dirigentis
3066 3857 3117 3909 in
3175 3857 3364 3921 finem,
3401 3856 3451 3911 id
3501 3867 3581 3912 est

1998 3952 2052 4004 in
2105 3958 2533 4003 consummatum
2598 3950 2795 4003 bonum
2851 3964 2944 4003 eos
3001 3965 3138 4019 quos
3194 3951 3441 4004 hortatur
3485 3966 3583 4021 pro

1992 4042 2082 4107 ea,
2126 4043 2173 4095 id
2200 4050 2302 4104 est,
2332 4042 2595 4095 catholica
2626 4042 2859 4097 Ecclesia
2896 4057 3015 4111 qum
3051 4044 3414 4098 haereditatent
3457 4058 3583 4098 co:;-

1999 4136 2261 4206 sequitur,
2292 4150 2320 4188 a
2350 4150 2454 4203 qua
2500 4134 2812 4189 haereditate
2852 4134 3127 4203 contraria
3167 4150 3293 4204 pars
3322 4135 3583 4188 exterrui-

2001 4227 2237 4281 nabitnr.
2277 4224 2367 4279 Est
2400 4234 2577 4277 autem
2614 4224 2773 4291 hujus
2801 4224 2991 4294 psalmi
3029 4224 3256 4277 intentio
3284 4240 3583 4292 proponere

1999 4317 2302 4387 exemplum
2348 4330 2533 4370 eorum
2585 4315 2673 4385 qui
2705 4314 2770 4368 ad
2819 4315 3187 4368 ltazreditatem
3232 4316 3579 4383 perveniunt,

1999 4419 2052 4464 ct
2085 4424 2272 4463 eorum
2301 4408 2389 4477 qui
2431 4422 2494 4461 ea
2526 4406 2830 4476 privantnr‘,
2868 4414 2926 4457 nt
2957 4406 3163 4458 discant
3193 4405 3282 4474 qui
3316 4405 3380 4457 ad
3410 4406 3582 4459 haere—

2001 4502 2223 4555 ditatem
2266 4508 2528 4555 vocantur
2558 4514 2692 4567 quos
2726 4498 2924 4551 imitari
2954 4496 3203 4562 debeant,
3238 4513 3369 4565 quos
3399 4497 3583 4568 lugere

304 4605 483 4657 induet
534 4602 1003 4665 immortalitatem,
1058 4619 1172 4654 cum
1222 4602 1495 4655 novissime
1554 4602 1765 4656 inimica
1812 4562 2056 4657 tle-Del.
2082 4594 2350 4664 quomodo
2384 4593 2505 4647 illuc
2538 4592 2839 4660 pervenire.
2888 4591 3124 4645 Ecclesia
3159 4593 3420 4646 catholica
3468 4602 3581 4645 tcu-

303 4706 536 4749 struetur
574 4712 716 4748 mors
745 4692 793 4764 (l
823 4692 944 4746 Cor.
966 4694 1074 4761 xv).
1103 4691 1274 4746 Causa
1312 4706 1478 4761 quare
1521 4692 1605 4746 hic
1635 4692 1893 4746 dormiam

303 4802 353 4844 et
394 4798 516 4861 post
544 4789 881 4858 requiescant.
923 4786 1182 4851 Quoniam
1213 4795 1289 4847 tu,
1319 4784 1557 4847 Domine,
1582 4786 1895 4841 constituisti

304 4899 385 4934 me
422 4879 763 4949 singulariter
791 4878 843 4929 iu
876 4894 982 4945 spe,
1013 4877 1061 4929 id
1090 4886 1190 4937 est,
1226 4875 1276 4928 in
1304 4875 1414 4929 sola
1446 4890 1539 4944 spe
1564 4875 1895 4931 baereditatis

301 4989 457 5034 mem,
484 4971 693 5025 scilicet
746 4976 803 5020 nt
851 4984 953 5023 non
986 4968 1115 5022 foris
1162 4983 1457 5037 quaererem
1507 4967 1893 5025 beatitudinem

297 5082 478 5121 meam
516 5064 568 5117 in
597 5064 683 5117 bis
709 5061 1051 5115 trausitoriis.

842 5182 847 5203 ι
889 5153 1110 5208 PSALlI
1124 5152 1210 5209 US
1252 5154 1313 5208 V.

292 5272 347 5310 ΙΝ
400 5266 569 5307 FINEM
635 5264 736 5305 PRO
799 5264 863 5303 EA
924 5264 1040 5311 QUE
1090 5264 1489 5303 HEREDITATEM
1529 5263 1895 5315 CONSEQUITUR

874 5354 1105 5393 PSALMUS
1146 5355 1325 5393 DAVID.

370 5455 387 5485 σ
444 5433 626 5484 Υριιιιει
680 5448 796 5470 nan-1
860 5447 874 5452 τ
959 5432 986 5438 Ἀ

2003 4688 2133 4741 deus
2162 4687 2226 4739 ad
2252 4685 2568 4753 promissam
2602 4683 2991 4746 lneredilatem,
3018 4684 3067 4738 id
3089 4694 3199 4739 est.
3230 4685 3291 4735 ad
3323 4696 3579 4738 aeternam

2003 4781 2424 4842 beatitudinem,
2454 4793 2683 4832 cernens
2723 4772 2888 4831 multa
2930 4778 3308 4848 impedimenta
3343 4780 3392 4832 in
3453 4780 3532 4833 via
3563 4820 3579 4844 ,

2004 4871 2055 4934 id
2086 4880 2186 4935 est,
2213 4871 2262 4924 in
2296 4872 2396 4925 hac
2422 4870 2552 4934 vita,
2583 4870 2777 4923 timens
2806 4886 2870 4923 ne
2892 4885 2994 4923 non
3025 4872 3339 4940 perveniat,
3373 4871 3583 4924 invocat

2003 4963 2259 5018 auxilium
2308 4961 2423 5029 ejus
2450 4962 2539 5031 qui
2580 4970 2664 5017 est
2693 4962 2774 5015 via
2804 4961 2928 5016 illnc
2951 5003 2966 5027 ,
2999 4965 3192 5017 ductor
3220 4974 3273 5016 et
3314 4964 3423 5032 ipsa
3473 4962 3581 5014 ine-

2000 5057 2201 5113 reditas
2227 5054 2405 5129 (Joan.
2436 5054 2567 5124 xw).

2080 5147 2247 5203 Verba
2280 5164 2392 5201 mea
2424 5145 2641 5199 auribus
2671 5145 2896 5215 percipe,
2926 5144 3255 5201 Domine.Ut
3297 5143 3486 5211 dignus
3518 5143 3587 5195 sit

2000 5242 2244 5299 exaudiri
2276 5248 2395 5293 orat
2431 5246 2633 5308 quanto
2664 5236 3010 5292 allectuosius
3057 5240 3215 5293 valet.
3252 5234 3294 5286 0
3327 5232 3543 5285 Dmnine
3571 5273 3584 5297 ,

3308 5324 3424 5358 illan
3469 5339 3581 5358 nunc-
