4026 6468
436 441 538 498 167

1056 432 1315 491 REMIGII
1351 382 2007 510 ANTlSSlODORENSlS
2043 424 2198 483 OPP.
2239 424 2416 481 PARS
2448 424 2485 481 Ι.
2524 455 2595 468 -
2631 421 3044 482 EXEGETICA.

3574 424 3687 484 168

437 534 528 606 qui
558 531 722 589 verba
753 526 948 600 quibus
973 542 1130 582 aures
1156 526 1412 581 adhibent
1437 525 1620 579 auditu
1646 523 1801 594 digna
1832 529 2007 577 osten-
2039 531 2087 590 Α
2116 518 2281 606 dicat:
2325 516 2436 572 Soli
2469 516 2603 586 justi
2649 518 2789 572 hanc
2842 517 3207 572 haereditatem
3264 527 3690 588 consequemur,

437 626 588 682 dunt.
619 621 744 686 Vel,
773 621 987 675 auribus
1014 619 1215 689 percipe
1237 658 1251 681 ,
1280 616 1332 671 id
1361 626 1476 681 est,
1508 625 1559 669 tu
1591 614 1681 685 qui
1710 615 1877 669 habes
1902 612 2008 668 vim

435 716 764 788 percipiendi
809 713 1098 777 seusualia,
1120 710 1302 785 judica
1351 709 1515 764 verba
1547 723 1665 763 mea
1696 723 1762 762 an
1790 708 1898 762 sint
1933 707 2014 761 di-

434 823 541 878 gna
582 805 950 875 cxauditioue,
979 802 1205 873 intelligo
1239 800 1516 855 clamorem
1551 814 1739 853 meum.
1801 796 2013 865 Quanto

438 898 612 968 major
649 905 734 952 est
760 894 967 965 clamor
991 909 1151 963 quam
1179 892 1340 946 verba
1362 929 1378 956 ,
1407 898 1558 962 tanto
1601 887 1774 957 majus
1823 895 1906 944 est
1932 889 2015 943 in-

441 986 681 1059 telligere
704 1002 867 1058 quam
915 984 1133 1040 auribus
1160 982 1454 1052 percipere.
1493 980 1652 1049 Quasi
1686 980 1827 1035 dicat
1854 995 1867 1032 :
1897 977 2037 1043 Mea

437 1080 616 1134 valida
656 1077 947 1149 postulatio
986 1085 1039 1147 te
1069 1076 1135 1131 ad
1174 1074 1600 1130 misericordiam
1632 1072 1880 1138 inclinet,
1910 1070 2017 1127 sci-

439 1169 566 1227 licet
608 1179 669 1224 ut
708 1168 907 1225 ellicias
942 1168 1085 1238 quod
1131 1175 1292 1238 peto,
1340 1165 1466 1236 quia
1517 1173 1667 1219 tuum
1718 1162 2017 1233 intelligere

440 1260 618 1317 facere
648 1268 750 1315 est.
790 1258 983 1314 Adhuc
1005 1258 1181 1330 majus
1207 1255 1441 1328 postulat
1470 1273 1483 1309 :
1510 1254 1727 1309 Intende
1760 1254 1872 1308 voci
1898 1270 2018 1307 ora-

441 1354 597 1408 tionis
636 1369 782 1406 metu.
822 1351 957 1419 Quia
1004 1365 1104 1422 ego
1149 1349 1360 1403 inteuse
1387 1356 1443 1403 et
1469 1347 1586 1403 sine
1617 1346 2016 1402 intermissione

441 1443 651 1508 clamo,
680 1441 800 1496 ideo
825 1449 881 1496 et
914 1448 967 1494 tu
1015 1438 1256 1501 intende,
1289 1436 1341 1492 id
1374 1444 1457 1491 est
1484 1435 1759 1491 irremisse
1798 1435 2011 1489 exaudi.

441 1533 799 1604 Aliter:quia
828 1533 946 1588 sine
972 1538 1063 1587 tuo
1092 1529 1292 1584 auxilio
1334 1528 1468 1584 nihil
1522 1543 1763 1601 possum,
1812 1526 2019 1582 intende

441 1626 554 1682 voci
584 1625 837 1697 orationis
858 1639 1007 1689 mete,
1033 1623 1085 1678 id
1112 1631 1225 1687 est,
1266 1622 1597 1677 irremissam
1641 1622 1725 1674 l‘ac
1756 1627 1812 1674 ut
1856 1627 1911 1674 et
1963 1627 2019 1672 tu

444 1718 722 1775 irremisse
754 1716 1028 1774 exaudias.
1060 1714 1140 1770 Tu
1171 1715 1314 1771 enim
1337 1712 1495 1784 jubes
1539 1713 1679 1783 quod
1714 1712 1814 1777 vis,
1849 1720 1904 1766 et
1940 1709 2020 1765 fa-

444 1813 523 1867 cis
565 1812 706 1882 quod
747 1810 848 1865 vis.
898 1807 1167 1863 Orationis
1200 1821 1367 1871 meae,
1400 1820 1520 1875 quae
1558 1804 1627 1858 sit
1665 1804 1731 1858 de
1779 1799 2018 1873 profectu

2111 604 2236 677 quia
2265 607 2447 677 injusti
2478 609 2830 686 privabuutur
2850 623 2912 663 ea
2941 609 3118 679 (Deut.
3145 625 3233 675 tv;
3262 609 3395 664 Heb.
3422 609 3540 680 xu).
3573 607 3699 664 lla-

2112 697 2313 770 lignus,
2342 700 2394 753 id
2426 710 2508 754 est
2536 700 2843 755 immundus
2873 700 3167 765 detractor,
3192 701 3430 766 odiosus,
3453 700 3506 755 in
3532 699 3697 770 cujus

2112 788 2274 846 corde
2299 789 2413 845 sola
2444 789 2646 843 malitia
2674 787 2900 844 habitat.
2943 788 3066 843 Non
3091 789 3342 843 habitabit
3359 790 3516 860 juxta
3539 799 3587 843 te
3624 797 3696 843 ut

2120 879 2318 936 habeat
2344 881 2731 946 hiereditat'em,
2758 880 2884 952 quia
2920 881 3153 937 tenebrae
3180 896 3285 937 non
3318 889 3540 952 possunt
3571 896 3698 935 ma-

2118 986 2250 1027 nere
2270 970 2421 1041 juxta
2449 971 2644 1027 lucem.
2686 972 2756 1027 Et
2782 986 2903 1028 cum
2934 982 2990 1028 tu
3028 962 3105 1028 Sis
3155 973 3293 1044 ignis
3335 987 3691 1039 consumens,

2117 1078 2224 1119 non
2251 1072 2429 1132 potest
2458 1062 2552 1118 tibi
2585 1063 2879 1118 adhaerere.
2921 1061 2983 1118 Si
3018 1063 3135 1133 quis
3175 1064 3315 1117 enim
3345 1062 3697 1132 aediﬁcaverit

2113 1171 2273 1224 supra
2310 1154 2707 1224 fundamentum
2754 1154 2873 1220 hoc,
2920 1153 3138 1224 lignum,
3189 1154 3390 1225 fenum,
3418 1154 3702 1225 stipulam,

2115 1264 2265 1302 omne
2292 1248 2391 1302 hoc
2410 1245 2564 1318 quale
2589 1247 2655 1302 sit
2690 1248 2823 1318 ignis
2848 1246 3084 1316 probabit
3106 1245 3158 1319 (Ι
3189 1245 3312 1301 Cor.
3344 1248 3428 1318 ιιι)
3447 1290 3460 1303 .
3504 1247 3698 1319 Neque

2115 1341 2319 1413 iujusti,
2366 1341 2419 1396 id
2449 1349 2554 1406 est,
2594 1340 2829 1411 operarii
2877 1340 3196 1410 iniquitatis,
3235 1340 3444 1396 scilicet
3497 1339 3700 1406 Judaei,

2117 1431 2355 1489 haeretici
2408 1440 2465 1487 et
2512 1430 2603 1486 alii
2634 1430 2753 1486 falsi
2798 1429 3113 1497 Christiani,
3155 1431 3529 1502 permanebunt
3572 1441 3702 1485 ante

2117 1524 2294 1580 oculos
2323 1534 2462 1591 tuos,
2501 1524 2627 1595 quia
2654 1539 2840 1581 eorum
2866 1523 3240 1595 paenitentiam
3268 1524 3701 1579 misericorditer

2117 1624 2421 1685 exspectas,
2461 1616 2591 1686 quia
2616 1615 2740 1671 fidei
2769 1623 2824 1671 et
2850 1624 3312 1671 sacramentorum
3336 1631 3473 1677 cum
3517 1615 3699 1672 ﬁdeli-

2117 1705 2219 1761 bus
2252 1704 2357 1761 tuis
2382 1705 2671 1777 participes
2695 1720 2817 1761 esse
2842 1705 3118 1773 concedis,
3157 1706 3252 1762 sed
3277 1721 3384 1762 non
3426 1722 3706 1776 permane-

2119 1796 2266 1851 bunt.
2289 1794 2458 1852 Aliter
2482 1811 2496 1851 :
2526 1811 2623 1866 per
2646 1795 2964 1868 malignum,
2986 1794 3228 1852 Judazum
3250 1797 3391 1853 male
3414 1795 3528 1868 lege
3551 1805 3709 1852 uten-

445 1881 726 1965 virtutum,
769 1909 831 1954 et
869 1914 969 1970 per
1010 1898 1112 1953 hoc
1156 1911 1442 1968 possumus
1485 1894 1729 1964 accipere
1769 1890 2013 1962 superius
2042 1881 2089 1941 Β
2118 1897 2256 1954 ιειιι;
2287 1902 2382 1959 per
2416 1886 2663 1959 injustos,
2704 1886 2868 1943 falsos
2888 1881 3224 1944 Christianos
3245 1902 3529 1959 possumus
3550 1888 3704 1943 acci-

444 2002 498 2048 ct
518 1992 795 2047 clamorem
819 2005 918 2061 pro
946 1988 1167 2060 gemitu,
1211 1988 1336 2058 quia
1387 2001 1481 2040 rex
1509 2000 1660 2039 meus
1698 1998 1775 2049 es,
1805 1982 1929 2061 quia
1962 1992 2019 2038 tu

445 2098 531 2140 me
568 2083 739 2153 regis:
767 2060 872 2147 vel,
904 2080 1029 2150 quia
1062 2079 1222 2135 alium
1249 2093 1428 2149 regem
1456 2076 1582 2132 nolo
1608 2076 1809 2131 habere
1830 2060 2019 2129 volun-

446 2184 555 2231 tate
583 2173 797 2245 propria
829 2172 929 2227 nisi
962 2186 1124 2242 quem
1165 2172 1336 2227 habeo
1382 2171 1550 2225 Deum
1579 2176 1772 2223 natura
1796 2208 1811 2233 ,
1839 2182 1906 2223 ne
1930 2167 2020 2223 de-

445 2268 614 2331 vium,
644 2282 674 2321 a
700 2266 781 2320 via
802 2264 1043 2333 justitiee,
1062 2273 1108 2319 et
1128 2263 1269 2318 Deus
1289 2279 1455 2327 meus,
1480 2261 1533 2316 id
1558 2260 1847 2328 est,virtus
1869 2272 2019 2315 mea:

446 2362 588 2417 Deus
616 2359 788 2414 virtus
817 2369 920 2423 est,
945 2368 997 2415 ct
1023 2358 1113 2428 qui
1134 2364 1285 2423 orat,
1327 2357 1380 2411 id
1423 2365 1529 2423 εει,
1550 2356 1780 2411 virtutes
1807 2355 2018 2425 quaerit,

448 2451 615 2507 Deum
640 2448 831 2519 quaerit
852 2457 907 2504 et
935 2447 1128 2503 merito
1151 2446 1294 2501 illius
1317 2446 1458 2501 Deus
1480 2444 1676 2501 dicitur
1693 2441 1823 2508 δέος,
1845 2443 2022 2509 timor,

447 2543 571 2598 inde
595 2541 754 2606 Deus,
769 2541 893 2611 quia
912 2540 1071 2597 timor
1085 2539 1251 2595 Deum
1273 2551 1598 2608 cognoscere
1621 2526 1768 2591 facit.
1789 2534 1906 2599 Vel,
1931 2549 2027 2589 rex

447 2651 614 2699 meus,
639 2633 870 2699 Christe,
892 2632 1031 2687 Deus
1046 2648 1189 2687 meus
1211 2631 1394 2697 Pater,
1414 2630 1467 2686 id
1490 2638 1591 2693 est,
1609 2628 1834 2685 Creator
1849 2643 2020 2683 meus.

447 2723 515 2780 Et
558 2740 747 2779 revera
794 2723 1040 2780 intendes
1065 2763 1081 2789 ,
1118 2723 1372 2792 quoniam
1411 2730 1467 2775 et
1510 2719 1736 2775 clamavi
1784 2726 1839 2773 ει
1879 2732 2022 2773 sem-

457 2833 555 2888 per
586 2818 828 2873 clamabo
853 2818 905 2873 in
932 2832 1019 2873 me
1048 2825 1103 2872 et
1132 2816 1185 2871 in
1216 2812 1625 2886 posteritatibus
1671 2812 1806 2867 meis
1855 2826 2025 2881 usque

449 2911 515 2965 ad
538 2892 1002 2967 consumationem
1034 2907 1236 2973 saeculi,
1276 2916 1330 2963 et
1357 2908 1459 2963 hoc
1487 2916 1595 2974 est,
1622 2907 1870 2977 quoniam
1906 2920 2024 2958 ora-

450 2999 535 3065 bo,
575 3018 605 3055 o
633 3000 873 3066 Domine,
904 3006 959 3055 et
988 2998 1058 3052 ad
1086 3008 1156 3064 te,
1190 3005 1250 3052 ut
1281 3005 1393 3052 tota
1420 3011 1538 3050 mea
1565 2994 1738 3051 oratio
1766 2994 1832 3048 ad
1867 3002 1917 3047 te
1946 2991 2028 3045 di—

450 3098 677 3169 rigatur,
712 3104 774 3150 ut
803 3103 857 3150 tu
888 3095 962 3149 sis
984 3093 1173 3149 modus
1202 3091 1479 3162 petitionis
1503 3105 1656 3154 mem,
1684 3096 1739 3143 et
1760 3087 1884 3158 quia
1900 3094 1952 3141 te
1972 3093 2028 3140 et

449 3190 518 3244 ad
548 3198 595 3242 te
625 3187 805 3250 orabo,
833 3184 1080 3240 exaudiet:
1126 3199 1296 3238 vocem
1337 3197 1506 3236 meant
1552 3196 1655 3235 non
1698 3186 1870 3240 nocte.
1930 3175 2025 3233 sed

442 3297 621 3345 mane.
663 3278 797 3334 Tota
828 3277 946 3333 haec
973 3277 1083 3331 vita
1109 3274 1263 3345 quasi
1294 3290 1399 3329 nox
1430 3280 1532 3339 est,
1570 3272 1694 3342 quia
1743 3269 1927 3325 multis
1971 3276 2027 3324 et
2052 3238 2099 3303 ο

451 3369 659 3441 magnis
689 3366 1006 3440 ignorantiae
1045 3376 1100 3421 et
1135 3365 1389 3420 vitiorum
1435 3362 1669 3418 tenebris
1715 3360 2024 3416 involvitur.

452 3445 748 3519 Transacta
778 3461 893 3516 haec
918 3458 1252 3531 corruptibili
1278 3458 1413 3524 vita,
1441 3472 1558 3511 cum
1583 3454 1803 3510 mortale
1820 3452 1917 3509 hoc
1940 3453 2025 3509 itt-

451 3553 571 3607 duet
597 3552 1040 3606 immortalitatem
1082 3549 1135 3620 (1
1162 3548 1287 3605 Cor.
1310 3547 1428 3622 xv),
1453 3549 1635 3603 veniet
1675 3561 1853 3611 mane,
1872 3545 1923 3601 id
1945 3553 2029 3601 est

453 3644 663 3699 initium
695 3642 799 3698 diei
827 3657 1100 3713 nunquam
1131 3641 1448 3697 deﬁcientis.
1496 3639 1641 3693 Tunc
1688 3639 1831 3695 enim
1860 3637 2030 3709 fulge-

454 3734 577 3787 bunt
592 3733 727 3803 justi
742 3733 876 3786 sicut
898 3732 974 3786 sol
994 3732 1050 3786 in
1074 3748 1229 3802 regno
1242 3729 1422 3785 Patris
1438 3746 1616 3784 eorum
1639 3729 1852 3801 (Mattlt.
1878 3728 2025 3801 xm),

454 3821 702 3877 claritate
745 3821 1001 3875 virtutum
1029 3819 1310 3890 splendidi,
1362 3820 1563 3875 nullam
1602 3819 1866 3874 maculam
1904 3835 2027 3876 cor—

454 3912 718 3986 ruptionis
735 3913 1015 3969 habentes.
1059 3912 1171 3968 lloc
1200 3912 1357 3968 modo
1388 3913 1666 3978 exaudies,
1702 3913 1825 3982 quia
1854 3929 2025 3980 mane,

458 4004 509 4059 id
539 4012 641 4068 est,
683 4003 905 4057 remotis
930 4002 1251 4073 ignorantiae
1275 4012 1330 4058 et
1359 4003 1522 4059 totius
1557 4004 1922 4074 corruptionis
1948 4013 2032 4059 te-

456 4095 657 4161 nebris,
688 4093 809 4149 luce
831 4095 1087 4149 virtutum
1126 4101 1183 4149 et
1232 4095 1650 4152 immortalitatis
1693 4095 2026 4167 splendidus,

458 4187 638 4242 astabo
660 4188 774 4251 tibi,
807 4187 1022 4242 assidue
1045 4195 1222 4242 tecum
1252 4188 1426 4243 stabo.
1468 4188 1621 4255 Quod
1656 4189 1744 4245 hic
1782 4206 1886 4245 non
1921 4199 2024 4246 est.

459 4278 677 4332 Stamus
697 4276 839 4331 enim
879 4277 968 4332 hic
1002 4293 1126 4332 cum
1152 4276 1285 4344 Deo,
1313 4277 1406 4333 sed
1450 4294 1556 4334 non
1597 4287 1859 4347 astamus,
1901 4281 2027 4350 quia

438 4367 949 4439 _appropinquamus
970 4367 1108 4424 bene
1131 4368 1380 4434 vivendo,
1422 4369 1561 4425 male
1590 4379 1768 4427 autem
1797 4373 2028 4427 vivendo

459 4460 525 4516 ab
550 4475 615 4516 eo
640 4460 962 4516 recedimus.
1004 4459 1101 4515 Vel
1127 4461 1309 4519 astabo
1340 4461 1453 4526 tibi,
1483 4462 1535 4517 id
1566 4471 1649 4517 est
1696 4471 1800 4516 tua:
1844 4462 2028 4533 cogni-

459 4550 588 4605 tioni
612 4565 777 4620 prope
815 4551 972 4606 stabo
998 4564 1012 4604 :
1041 4552 1165 4621 quia
1202 4567 1338 4605 nunc
1357 4568 1609 4622 cognosco
1631 4569 1694 4606 ex
1716 4560 1881 4624 parte,
1905 4563 2029 4605 tunc

458 4652 627 4695 autent
649 4657 951 4711 cognoscant
978 4642 1109 4695 sicut
1137 4652 1185 4696 et
1213 4644 1450 4713 cognitus
1502 4659 1615 4698 sunt
1647 4642 1695 4714 (l
1735 4642 1854 4697 Cor.
1886 4644 2029 4714 xm).

459 4732 527 4786 Et
556 4741 682 4786 tunc
707 4747 829 4786 cum
862 4745 957 4787 ero
978 4730 1088 4801 jam
1118 4741 1263 4789 totus
1288 4733 1515 4797 lucidus,
1558 4750 1662 4788 non
1686 4735 1891 4790 habens
1916 4750 2031 4788 ma-

460 4822 634 4877 culam
666 4838 840 4894 neque
856 4838 1065 4896 rugam,
1104 4825 1282 4879 videbo
1303 4825 1734 4896 scilicetaperte.
1782 4826 2031 4882 Videmus

460 4914 596 4970 enim
633 4931 770 4969 nunc
795 4931 887 4985 per
914 4915 1179 4986 speculum
1229 4917 1286 4970 in
1332 4918 1622 4987 wnigmate,
1683 4928 1805 4973 tunc
1857 4929 2029 4973 autem

463 5007 598 5078 facie
624 5007 694 5060 ad
719 5007 906 5078 [aciem
942 5006 994 5079 (1
1018 5005 1139 5062 Cor.
1163 5008 1305 5073 ιιιιι).
1348 5008 1463 5073 Vel,
1491 5026 1664 5077 mane,
1690 5010 1742 5065 id
1764 5018 1867 5075 est,
1899 5018 2031 5065 tem-

462 5099 666 5170 pestive
687 5108 743 5155 et
762 5100 878 5156 sine
908 5099 1163 5156 dilatione
1183 5101 1434 5157 exaudies
1460 5117 1634 5156 vocem
1660 5118 1828 5156 meam
1853 5102 1906 5156 in
1931 5101 2034 5158 hac

462 5191 573 5248 vita
603 5193 886 5264 praeceptis
912 5192 1018 5248 tuis
1039 5193 1386 5257 consulendo,
1413 5204 1467 5249 et
1491 5194 1633 5249 vires
1653 5194 2037 5250 administran-

440 5278 532 5340 do
554 5300 623 5340 ne
651 5283 897 5340 deficiam
945 5284 998 5339 in
1047 5283 1155 5341 via.
1219 5284 1286 5340 Et
1333 5285 1529 5341 met-ito
1581 5300 1667 5341 me
1719 5287 2034 5357 tempestive

463 5376 730 5441 exaudies,
768 5376 892 5445 quia
922 5390 1022 5447 ego
1047 5392 1199 5431 mane
1221 5376 1402 5430 astabo
1436 5377 1549 5442 tibi,
1583 5375 1636 5430 id
1690 5386 1794 5443 est,
1838 5388 2037 5449 tempe-

444 5451 624 5533 'sti\-c,
660 5477 720 5522 ut
750 5467 837 5523 ille
866 5469 957 5538 qui
986 5468 1174 5523 avidus
1208 5476 1291 5523 est
1319 5470 1386 5524 ad
1411 5467 1650 5525 laborem
1682 5485 1893 5525 summo
1923 5488 2034 5527 ma-

466 5573 532 5613 ne
563 5557 767 5628 incipit.
806 5558 964 5615 Mane
991 5558 1240 5629 incipiam
1263 5567 1317 5614 et
1338 5561 1519 5614 astabo
1542 5561 1656 5626 tibi,
1688 5561 1739 5615 id
1769 5569 1872 5625 cst,
1900 5564 2033 5618 assi-
2062 5578 2063 5585 ‘

467 5651 602 5704 duus
636 5664 763 5725 ero.
788 5648 994 5705 Revera
1026 5666 1178 5704 mane
1202 5650 1382 5704 astabo
1405 5650 1518 5717 tibi,
1550 5652 1675 5719 quia
1702 5667 1807 5705 non
1850 5661 2029 5719 nocte,

465 5740 711 5811 quoniam
741 5755 843 5793 non
868 5739 1007 5793 Deus
1037 5740 1213 5795 volens
1234 5741 1556 5811 iniquitatem
1580 5752 1633 5795 tu
1655 5741 1808 5796 es.Et
1832 5743 1932 5796 hoc
1953 5754 2036 5799 est

467 5832 605 5903 quod
633 5832 778 5888 dicit:
822 5830 1001 5901 Neque
1027 5832 1281 5887 habitabit
1296 5833 1453 5903 juxta
1480 5842 1527 5889 te
1564 5834 1844 5905 malignus.
1882 5835 1958 5890 Ac
1988 5836 2033 5892 si

2117 1998 2265 2057 pere.
2304 1981 2397 2039 Vel
2449 1998 2546 2053 per
2581 1983 2894 2056 malignum,
2940 1983 3249 2050 diabolum;
3301 1999 3400 2055 per
3449 1982 3704 2054 iniustos,

2121 2076 2366 2132 membra
2405 2075 2545 2146 ejus.
2585 2074 2654 2130 Et
2683 2092 2750 2131 ue
2777 2075 2901 2146 quis
2932 2076 3053 2132 ideo
3078 2076 3345 2147 desperet,
3385 2077 3510 2146 quia
3545 2078 3727 2151 mali-1

2120 2185 2256 2244 gnos
2277 2180 2332 2253 et
2357 2170 2582 2241 iniustos
2602 2171 2915 2229 haereditate
2936 2173 3191 2244 privavit,
3220 2189 3342 2230 cum
3371 2175 3459 2230 vix
3493 2174 3565 2229 sit
3604 2174 3708 2229 ali-

2120 2265 2246 2336 quis
2267 2265 2358 2335 qui
2400 2266 2614 2336 penitus
2654 2265 2787 2322 vitio
2827 2275 3013 2323 careat
3048 2266 3101 2322 in
3132 2267 3235 2324 hac
3276 2267 3410 2334 vita,
3453 2267 3574 2322 ideo
3610 2267 3705 2321 de-

2125 2355 2381 2410 terminat
2410 2353 2477 2409 de
2512 2354 2709 2425 quibus
2731 2355 2898 2421 dicat,
2937 2355 3267 2412 consolando
3288 2355 3485 2426 justos.
3524 2355 3705 2411 Odisti

2124 2436 2299 2503 omnes
2327 2447 2416 2517 qui
2444 2456 2728 2518 operantur
2748 2446 3094 2517 iniquitatem.
3135 2446 3328 2519 Magna
3358 2447 3452 2504 Dei
3479 2446 3699 2505 miseri-

2123 2538 2307 2596 cordia
2333 2554 2437 2595 non
2460 2538 2573 2593 odit
2595 2538 2713 2593 illos
2752 2540 2845 2609 qui
2871 2540 3091 2609 'operati
3128 2549 3277 2607 sunt,
3319 2540 3412 2597 sed
3452 2541 3543 2611 qui
3576 2556 3704 2609 ope—

2125 2618 2333 2699 rantur,
2370 2632 2422 2687 id
2452 2639 2555 2698 est,
2590 2630 2680 2700 qui
2712 2640 3078 2701 perseverant.
3127 2631 3299 2699 Bene,
3345 2632 3526 2687 odisti:
3577 2631 3708 2702 quia

2126 2724 2219 2794 qui
2245 2723 2357 2780 odit
2398 2722 2599 2792 aliquid
2639 2721 2720 2777 vel
2743 2722 2811 2777 ab
2840 2737 2907 2778 eo
2934 2722 3158 2789 recedit,
3186 2722 3271 2778 vel
3305 2738 3336 2777 a
3362 2738 3419 2778 se
3443 2722 3572 2777 illud
3610 2738 3702 2776 sc-

2125 2823 2299 2888 parat,
2338 2814 2416 2869 sic
2453 2823 2507 2869 et
2534 2814 2678 2869 Deus
2699 2812 2915 2884 impios,
2954 2829 3060 2872 non
3082 2811 3225 2885 quod
3245 2813 3426 2870 odium
3445 2813 3593 2867 sit‘in
3617 2827 3706 2866 eo.

2127 2908 2311 2964 Potest
2360 2916 2413 2964 ει
2452 2908 2532 2962 εἰε
2561 2899 2821 2977 accipi‘ut
2846 2921 2942 2977 per
2989 2908 3285 2980 malignum
3330 2907 3712 2964 universaliter

2128 3001 2459 3072 accipiamus
2482 3014 2697 3055 omnem
2723 2998 2966 3068 iniquum
2995 2998 3109 3054 sive
3135 3012 3423 3070 paganum,
3466 2998 3582 3053 sive
3612 2997 3709 3053 Ju-

2127 3101 2326 3165 daeum,
2356 3101 2471 3156 sive
2522 3098 2715 3156 falsum
2766 3098 3154 3162 Christianum,
3188 3097 3281 3168 qui
3320 3109 3509 3151 omnes
3549 3094 3709 3172 quasi

2129 3208 2269 3249 unus
2293 3193 2502 3246 suntin
2554 3192 2858 3264 iniquitate,
2915 3198 2968 3245 el
3014 3190 3081 3244 ad
3135 3189 3235 3244 hos
3287 3188 3359 3244 sit
3415 3185 3708 3252 redditum,

2132 3282 2323 3339 Omnes
2351 3284 2440 3354 qui
2470 3293 2751 3354 operantur
2781 3282 3129 3351 iniquitatem.
3166 3280 3270 3336 Per
3297 3279 3555 3350 injustos,
3586 3294 3714 3349 pos-

2131 3392 2319 3432 sumus
2345 3379 2593 3434 accioere
2623 3376 2927 3441 luereticos,
2968 3375 3058 3445 qui
3095 3373 3259 3428 etiam
3307 3372 3585 3444 pluraliter
3631 3372 3717 3426 in-

2131 3466 2399 3522 ducuntur
2421 3476 2638 3539 propter
2666 3468 2907 3523 diversas
2933 3475 3129 3521 sectas.
3153 3465 3220 3520 Et
3264 3464 3439 3521 dehis
3468 3463 3667 3519 dicitur
3693 3480 3710 3517 :

2133 3554 2332 3612 Perdes
2362 3574 2539 3612 omnes
2571 3558 2661 3627 qui
2688 3558 2974 3627 loquuntur
2996 3556 3352 3620 mendacium,
3391 3569 3495 3609 non
3519 3555 3612 3624 qui
3639 3554 3714 3608 loc

2135 3648 2247 3703 cuti
2271 3657 2413 3703 sunt.
2454 3648 2664 3717 Quanto
2693 3648 2864 3721 majus
2885 3660 2968 3704 est
2995 3648 3223 3719 perdere
3245 3661 3407 3718 quam
3446 3646 3592 3715 odio.
3610 3647 3712 3700 ha-

2129 3739 2275 3804 bere,
2307 3748 2455 3795 tanto
2484 3741 2658 3812 majus
2680 3748 2761 3797 est
2789 3750 3068 3811 peccatum
3098 3739 3311 3794 mentiri
3358 3753 3519 3809 quam
3563 3736 3705 3793 male

2133 3846 2294 3901 agere
2351 3848 2458 3888 non
2513 3831 2870 3903 qualicunque
2922 3831 3221 3896 mendacio,
3282 3830 3376 3885 sed
3434 3828 3711 3884 mendacio

2128 3912 2280 3989 quod
2306 3936 2521 3993 semper
2547 3922 2600 3976 in
2641 3930 2762 3978 actu
2807 3930 2906 3985 est,
2969 3929 3030 3975 ut
3056 3920 3431 3976 haereticorum
3456 3957 3471 3972 .
3526 3917 3713 3972 Potest

2132 4010 2275 4067 Deus
2316 4010 2548 4081 aliquem
2578 4013 2700 4069 odio
2742 4012 2940 4068 habere
2969 4013 3059 4082 qui
3106 4019 3283 4068 tamen
3315 4011 3481 4064 vivat.
3541 4010 3714 4078 Quem

2130 4116 2262 4157 vero
2287 4103 2462 4172 perdit
2490 4103 2556 4158 ad
2583 4102 2809 4158 nihilum
2836 4088 3115 4172 redigitur.
3144 4101 3280 4157 Sunt
3299 4102 3441 4156 enim
3464 4100 3713 4171 quaedam

2132 4193 2411 4248 mendacia
2443 4193 2574 4248 satis
2600 4194 2850 4259 venialia,
2884 4204 2939 4249 ut
2968 4209 3032 4249 ea
3071 4209 3191 4265 qua:
3237 4192 3371 4246 liuut
3419 4206 3515 4262 pro
3563 4190 3714 4256 ludo,

2131 4299 2230 4355 pro
2254 4284 2482 4339 aliorum
2526 4287 2636 4341 vita
2667 4284 3032 4341 conservanda
3068 4293 3122 4339 et
3144 4282 3263 4338 aliis
3287 4282 3469 4337 multis
3517 4281 3711 4347 modis,

2128 4375 2227 4451 sed
2257 4375 2700 4446 qualitercunque
2728 4374 2819 4429 liat
2847 4384 3092 4445 pecatum
3119 4382 3221 4428 est.
3261 4371 3404 4427 Bene
3424 4371 3575 4435 dicit,
3596 4386 3718 4439 per-

2132 4466 2222 4520 des
2250 4466 2375 4535 quia
2400 4464 2541 4521 Deus
2569 4480 2697 4520 vera
2736 4465 2969 4520 essentia
2998 4472 3098 4520 est.
3156 4463 3256 4532 Qui
3297 4471 3477 4518 autem
3520 4460 3721 4516 menti-

2138 4554 2401 4626 tur,qillud
2428 4555 2559 4610 dicit
2580 4554 2721 4625 quod
2760 4570 2864 4610 non
2896 4563 3000 4622 est,
3039 4563 3233 4611 etesse
3260 4571 3366 4609 non
3405 4568 3525 4609 esse
3563 4554 3720 4623 ρειιί-

2145 4652 2231 4699 ιιιε
2263 4644 2512 4699 destruit.
2551 4644 2724 4712 Quam
2752 4661 3003 4716 magnum
3030 4645 3101 4702 sit
3128 4655 3407 4716 peccatum
3430 4645 3716 4701 haeretico-

2139 4749 2260 4789 rum
2290 4734 2545 4799 ostendit,
2586 4750 2789 4792 vocaus
2818 4736 3130 4792 haereticum
3172 4737 3343 4790 virum
3376 4734 3711 4805 sanguinum.

2138 4824 2348 4890 Merito,
2391 4828 2513 4897 quia
2547 4826 2721 4881 fundit
2749 4828 3061 4898 sanguinem
3090 4827 3406 4893 animarum,
3438 4829 3617 4889 idest,
3655 4826 3714 4880 li-

2126 4915 2261 4969 ‘dem
2290 4930 2395 4985 qua
2427 4917 2610 4972 vivunt
2638 4918 2831 4973 anima:
2851 4918 3139 4988 justorum.
3186 4916 3373 4973 Justus
3402 4917 3535 4973 enim
3567 4933 3714 4971 meus

2137 5024 2203 5062 ea:
2236 5007 2342 5075 [ide
2370 5009 2492 5062 vivit
2546 5007 2725 5080 (Rom.
2759 5026 2774 5064 ι
2804 5026 2818 5076 ;
2849 5009 3012 5065 Hebr.
3042 5010 3125 5084 ιι).
3166 5010 3290 5066 ideo
3338 5010 3714 5066 luereticorum

2139 5098 2474 5153 mendacium
2506 5097 2678 5167 majus
2705 5108 2790 5156 est
2821 5099 2941 5155 aliis
2967 5101 3224 5170 peccatis,
3256 5099 3378 5170 quia
3402 5098 3504 5154 alia
3525 5114 3716 5170 pecca-

2138 5196 2193 5242 ta
2222 5188 2396 5243 solum
2424 5188 2571 5243 illum
2598 5190 2689 5260 qui
2716 5190 2827 5260 agit
2850 5190 3131 5245 occidunt:
3155 5191 3258 5245 hoc
3284 5200 3462 5245 autem
3483 5197 3540 5246 et
3564 5190 3714 5244 illum

2139 5279 2231 5349 qui
2259 5280 2533 5342 mentitur,
2575 5290 2632 5335 et
2693 5296 2882 5336 omnes
2929 5296 3064 5351 quos
3119 5283 3172 5336 in
3230 5296 3471 5336 errorem
3526 5282 3709 5337 mittit.

2139 5369 2307 5436 Quem
2331 5372 2497 5433 virum
2524 5370 2861 5441 sanguinum,
2891 5371 3136 5426 eumdem
3168 5370 3296 5426 dicit
3325 5388 3337 5424 :
3369 5372 3535 5425 virum
3563 5368 3714 5423 dolo-

2138 5479 2253 5515 sum
2288 5464 2495 5518 duabus
2516 5465 2581 5518 de
2606 5465 2815 5519 causis:
2846 5465 2946 5530 vel,
2973 5463 3098 5535 quia
3120 5463 3262 5518 aliud
3286 5464 3447 5519 habet
3472 5463 3524 5517 iu
3551 5464 3711 5518 corde

2137 5565 2191 5610 et
2223 5554 2365 5608 aliud
2410 5556 2461 5609 in
2495 5555 2699 5625 lingua,
2727 5569 2848 5609 cum
2881 5555 3017 5611 sciat
3039 5570 3143 5610 non
3174 5569 3294 5610 esse
3341 5570 3525 5610 verum
3569 5553 3711 5624 quod

2129 5649 2289 5713 dicit,
2330 5656 2383 5701 et
2408 5657 2584 5701 tamen
2616 5648 2846 5718 quadam
2873 5645 3300 5717 praesumptione
3345 5661 3528 5700 verum
3564 5659 3713 5698 asse-

2140 5758 2259 5797 rere
2289 5750 2529 5796 conatur.
2570 5739 2684 5793 Non
2713 5740 2855 5793 enim
2884 5739 3180 5809 ignorantia
3212 5738 3523 5792 hmreticum
3557 5736 3706 5802 facit,

2143 5837 2233 5891 sed
2264 5834 2537 5907 iactantia.
2585 5833 2677 5889 Vel
2706 5833 2824 5889 ideo
2852 5831 3111 5899 dolosum,
3150 5833 3276 5902 quia
3299 5830 3557 5886 admiscet
3584 5843 3707 5884 vera
