4026 6404
233 347 351 402 I09

1386 328 1916 393 ENARRATIONES
1953 327 2020 386 ΙΝ
2062 325 2398 384 PSALMOS.

3397 286 3526 385 no

228 455 486 524 falsis.ut
515 455 824 514 eo.l'acilius
844 451 1029 512 fallere
1050 456 1236 528 possit.
1260 453 1466 510 Aliter:
1490 455 1656 508 virum
1694 468 1819 504 san-
1850 457 1896 514 Α
1925 444 2025 498 bus
2047 441 2306 529 insipidus
2343 441 2422 494 ﬁt.
2467 439 2534 494 Et
2571 439 2720 511 prius
2753 441 3104 497 conversione
3151 441 3495 499 inimicorum

226 552 453 619 guinum
479 559 525 604 et
559 548 798 603 dolosam
834 547 1221 602 abominabitur
1251 545 1528 601 Dominus.
1588 543 1644 599 Si
1670 541 1817 597 volu-

227 658 357 696 mus
413 642 664 713 superius
718 642 961 711 accipere
1007 640 1331 712 generaliter
1382 639 1608 703 dictum,
1663 635 1818 691 odisti

227 751 412 788 omnes
440 735 530 804 qui
560 743 843 805 operantur
862 734 1209 803 iniquitatem,
1228 731 1334 786 erit
1353 731 1597 802 probatio
1624 729 1675 784 in
1699 744 1819 799 par-

236 837 311 890 te,
363 828 494 898 quia
536 837 592 883 et
641 828 809 882 virum
853 827 1190 895 sanguinum,
1218 825 1271 879 id
1323 833 1429 890 est,
1493 823 1815 878 homicidam

226 917 624 971 abominabitur
643 916 1143 987 Dominus:perdes
1189 931 1364 970 omnes
1402 916 1493 987 qui
1537 915 1820 986 loquuntur

226 1008 592 1074 mendacium,
621 1008 745 1078 quia
769 1023 875 1063 non
914 1007 1087 1062 solum
1109 1009 1277 1063 virum
1299 1005 1538 1062 dolosam
1559 1008 1649 1077 qui
1675 1024 1818 1062 men-

227 1100 384 1164 titur,
409 1098 509 1154 sed
561 1099 723 1153 etiam
752 1098 899 1152 illum
947 1098 1041 1169 qui
1095 1099 1380 1154 veritatem
1417 1097 1550 1153 dicit
1588 1108 1646 1152 ut
1675 1098 1818 1152 deci-

223 1191 358 1260 piat,
396 1200 458 1244 ut
515 1191 608 1260 qui
654 1191 870 1261 planam
920 1192 1063 1246 viam
1120 1191 1358 1247 ostendit
1405 1199 1464 1245 ut
1509 1191 1562 1246 in
1606 1193 1817 1247 turbam

223 1282 544 1350 praedonum
589 1283 783 1337 mittat.
823 1281 914 1338 ιειί
949 1297 1140 1338 omnes
1167 1283 1669 1338 exlizeredabuntur.
1704 1283 1817 1355 Ego

223 1382 432 1434 autem,
477 1372 743 1427 catholica
782 1372 1044 1439 Ecclesia,
1070 1373 1291 1428 introibo
1332 1374 1387 1427 in
1435 1375 1818 1429 domumtuam

224 1462 512 1518 caelestem
566 1463 900 1529 Jerusalem,
968 1465 1173 1521 scilicet
1223 1481 1578 1536 supernorum
1619 1468 1816 1523 civium

224 1559 573 1613 societatem.
602 1556 865 1624 Introibo,
906 1568 964 1614 ut
994 1544 1130 1629 lapis
1153 1559 1207 1613 in
1240 1558 1524 1614 (editicium
1551 1577 1564 1613 :
1599 1561 1653 1614 in
1681 1558 1814 1614 mul-

224 1647 459 1702 titudine
487 1649 865 1704 misericordia:
895 1659 1022 1716 tute,
1062 1650 1112 1706 id
1137 1659 1243 1717 est,
1269 1666 1376 1706 non
1408 1651 1461 1705 in
1489 1651 1624 1707 meis
1651 1653 1813 1708 meri-

228 1739 314 1795 tis.
357 1739 491 1796 Ideo
516 1741 569 1794 in
625 1741 982 1808 multitudine,
1007 1743 1132 1814 quia
1180 1759 1436 1814 magnum
1467 1753 1548 1799 est
1591 1743 1816 1800 introire

222 1831 308 1886 vel
330 1847 462 1887 cum
504 1832 689 1888 multis
739 1849 873 1903 quos
915 1834 1284 1890 misericordia
1330 1845 1418 1889 tua
1465 1834 1692 1891 introire
1732 1835 1814 1890 fa-
1843 1855 1889 1915 Β

222 1923 331 1980 εἰει
366 1943 380 1979 :
413 1925 533 1980 ideo
553 1925 802 1991 introibo,
842 1925 968 1996 quia
994 1925 1226 1980 adorabo
1254 1928 1426 1997 prius.
1463 1925 1561 1983 Hic
1589 1929 1813 2000 exponit

224 2017 355 2073 illud
384 2019 641 2086 adorabo,
666 2019 874 2074 scilicet
893 2020 963 2074 ad
990 2019 1236 2090 templum
1271 2031 1513 2074 sanctum
1539 2031 1710 2088 tuum,
1734 2022 1816 2078 vel

223 2120 278 2165 ut
301 2110 625 2180 perveniam
655 2113 710 2164 in
739 2112 925 2165 timore
946 2121 1057 2178 tuo,
1081 2112 1288 2168 scilicet
1311 2123 1486 2180 casto,
1513 2130 1618 2168 non
1646 2114 1813 2170 forni-

223 2205 376 2259 cario
399 2208 560 2274 quem
584 2203 815 2257 charitas
839 2203 986 2273 foras
1010 2204 1164 2259 mittit
1198 2203 1248 2277 (I
1270 2204 1429 2260 Joan.
1457 2208 1557 2277 ιν).
1576 2206 1689 2262 Hoc
1703 2222 1819 2262 mo-

223 2293 291 2348 do
321 2293 490 2347 orabo
519 2307 534 2346 :
565 2292 808 2360 Domine,
841 2293 1009 2348 deduc
1043 2311 1124 2349 me
1152 2295 1211 2348 in
1238 2296 1320 2349 via
1348 2305 1459 2364 tua,
1494 2298 1620 2366 quia
1647 2298 1700 2352 in
1732 2298 1818 2353 via

224 2406 374 2455 sum,
407 2389 461 2444 id
493 2398 596 2455 est,
626 2388 678 2443 in
709 2398 988 2459 provectu,
1031 2388 1116 2445 fac
1166 2406 1253 2445 me
1295 2391 1374 2446 ire
1419 2392 1486 2446 de
1517 2392 1715 2449 virtute
1756 2391 1812 2448 in

227 2482 488 2536 virtutem
521 2499 533 2534 :
562 2481 664 2536 hoc
687 2488 788 2545 est,
812 2479 866 2534 in
887 2480 1098 2549 jastitia
1127 2490 1240 2546 tua,
1271 2496 1376 2536 non
1407 2497 1526 2538 mea
1557 2483 1818 2539 substan-

227 2573 325 2638 tia,
351 2573 526 2644 dirige
554 2572 689 2626 viam
720 2588 912 2638 meam,
963 2572 1016 2626 id
1044 2581 1148 2639 est,
1175 2573 1342 2628 vitam
1380 2590 1555 2630 meam
1597 2577 1652 2632 in
1696 2597 1822 2633 con-

224 2675 406 2733 spectu
439 2674 549 2730 tuo,
576 2671 636 2717 ut
667 2663 771 2718 tuis
794 2663 965 2719 oculis
979 2664 1050 2719 sit
1075 2665 1272 2736 digna:
1304 2665 1386 2720 vel
1407 2667 1548 2721 viam
1567 2675 1731 2733 tuam,
1766 2670 1820 2725 id

227 2768 331 2824 est,
364 2757 622 2812 mandata
654 2767 741 2812 tua
769 2757 871 2820 fac,
904 2767 1050 2814 utea
1096 2767 1242 2814 recte
1281 2759 1596 2832 intelligam.
1639 2763 1705 2818 Et
1733 2763 1820 2822 fac

225 2863 445 2922 propter
495 2852 733 2908 inimicos
765 2869 904 2908 meos
947 2853 1248 2920 haereticos,
1307 2856 1433 2926 quia
1482 2857 1537 2912 in
1597 2857 1688 2912 illa
1735 2859 1820 2914 via

228 2944 369 2997 mihi
400 2942 624 2998 insidias
652 2955 876 3014 ponunt.
901 2943 1025 3000 Ideo
1053 2945 1219 3017 dirige
1247 2947 1356 3000 vias
1379 2964 1541 3014 meas,
1572 2951 1820 3020 quoniam

229 3050 335 3088 non
379 3043 452 3088 est
476 3034 528 3088 in
556 3051 645 3088 ore
665 3051 868 3101 eorum,
910 3035 961 3090 id
983 3046 1085 3103 est,
1119 3035 1173 3090 in
1196 3037 1378 3092 verbis
1399 3053 1585 3093 eorum
1610 3043 1818 3097 veritas.

227 3123 284 3178 In
317 3126 508 3180 verbis
539 3127 658 3182 ideo
684 3142 790 3182 non
816 3137 900 3184 est
927 3129 1140 3194 veritas,
1166 3129 1292 3198 quia
1319 3146 1408 3184 cor
1426 3147 1606 3185 eorum
1629 3149 1820 3186 vanum

1920 536 2162 591 lwtentur
2187 551 2363 590 omnes
2389 536 2477 605 qui
2498 543 2706 606 sperant
2740 536 2796 588 in
2823 546 2889 589 te.
2911 531 3176 590 Ltetentur
3196 536 3283 590 hic
3306 537 3357 590 in
3379 554 3492 608 spe,

1919 637 1973 683 et
2006 636 2126 699 post
2154 629 2208 681 in
2234 639 2484 681 aeternum
2515 626 2868 693 exsultabant,
2899 627 2951 682 id
2972 636 3074 693 est,
3107 627 3346 698 plenaric
3364 644 3496 700 gau-

1919 721 2266 787 debunt,cum
2282 720 2548 790 duplicem
2568 719 2758 776 stolam
2776 721 3197 777 immortalitatis
3208 722 3496 794 accipient.

1919 814 1985 869 Et
2000 816 2136 869 bene
2149 814 2285 870 dixit
2305 814 2474 883 prius,
2489 814 2751 879 lwtentur,
2766 823 2820 869 et
2839 823 2980 885 post,
2999 814 3353 881 exsultabant,
3369 815 3498 884 quia

1919 904 2104 960 laetitia
2136 913 2219 960 est
2254 905 2452 972 animi,
2481 905 2769 961 exsultatio
2811 922 2939 962 vero
2978 908 3241 977 corporis.
3269 905 3317 960 Α
3338 909 3496 970 salta,

1919 995 2043 1050 inde
2070 994 2604 1051 exsulto:etlidelcs
2645 998 2793 1066 prius
2841 996 3090 1052 laetantur
3140 1001 3205 1054 de
3256 1013 3497 1054 resurre-

1919 1084 2097 1140 ctione
2127 1086 2338 1152 animaz,
2367 1101 2484 1156 qua:
2505 1095 2587 1140 est
2614 1087 2790 1156 prima
2833 1088 2997 1154 stola,
3027 1097 3081 1142 et
3105 1097 3226 1159 post
3257 1088 3498 1159 plenaric

1919 1175 2151 1246 gaudent
2177 1177 2243 1231 de
2271 1178 2665 1232 resurrectione
2687 1179 2947 1249 corporis,
2977 1195 3096 1249 quae
3122 1189 3205 1235 est
3259 1181 3495 1235 secunda

1920 1270 2076 1326 stola.
2096 1268 2164 1324 Et
2190 1272 2381 1326 merito
2411 1271 2767 1339 exsultabant,
2796 1274 2922 1343 quia
2950 1283 3004 1326 tu
3029 1273 3288 1326 habitabis
3318 1274 3374 1327 in
3402 1274 3496 1327 eis.

1987 1362 2045 1416 In
2074 1361 2271 1416 malum
2299 1363 2376 1417 sic
2415 1371 2592 1432 potest
2623 1364 2791 1433 accipi
2828 1364 2971 1434 quod
3003 1364 3204 1419 dictum
3245 1372 3350 1428 est,
3388 1363 3501 1416 Ju-

1917 1452 2038 1508 dica
2086 1452 2236 1518 illos,
2291 1453 2450 1508 Deus.
2508 1453 2644 1522 Quia
2692 1454 3087 1525 incorrigibilcs
3127 1465 3254 1510 sunt
3297 1463 3352 1511 et
3393 1457 3500 1511 tuis

1919 1547 2165 1603 ﬁdelibus
2196 1547 2422 1602 multum
2446 1557 2660 1613 nocent,
2683 1563 2716 1602 ο
2744 1547 2908 1613 Deus,
2930 1547 3120 1618 judica
3149 1548 3288 1615 illos,
3315 1549 3367 1604 id
3393 1559 3497 1613 est,

1917 1635 2134 1702 damna,
2168 1652 2358 1708 separa
2384 1637 2568 1708 paleas
2595 1654 2624 1690 a
2652 1638 2854 1708 granis.
2887 1637 2952 1692 Et
2981 1639 3084 1694 hoc
3123 1655 3230 1694 non
3263 1641 3500 1710 optando

1916 1727 2048 1783 dicit
2109 1728 2383 1794 Ecclesia,
2438 1729 2530 1784 sed
2577 1730 3225 1799 prophetando.Judica,
3280 1732 3332 1788 id
3385 1743 3502 1795 est,

1917 1819 2110 1874 damna
2146 1831 2200 1876 et
2226 1821 2313 1875 hic
2342 1827 2396 1875 et
2431 1819 2484 1873 in
2525 1819 2725 1874 futuro.
2753 1819 3013 1874 Decidant
3042 1839 3073 1875 a
3103 1822 3502 1892 cogitationibus

1920 1906 2043 1967 suis'
2069 1913 2122 1967 in
2151 1913 2252 1968 hac
2286 1913 2416 1978 vita,
2448 1911 2501 1966 id
2531 1920 2636 1977 est,
2667 1921 2888 1983 propter
2923 1927 3117 1982 pravas
3144 1915 3503 1983 cogitationes

1922 2023 2048 2064 suas
2077 2007 2130 2062 in
2170 2023 2306 2078 quas
2335 2007 2647 2062 ceciderunt
2688 2007 2871 2076 pravis
2902 2009 3110 2062 meritis
3158 2007 3270 2063 suis
3299 2023 3504 2078 praece-

1921 2099 2191 2154 dentibus.
2224 2097 2480 2152 Decidant
2501 2138 2516 2164 ,
2567 2097 2619 2151 id
2657 2107 2740 2152 est
2762 2139 2778 2164 ,
2811 2098 2864 2152 in
2911 2099 3181 2154 deteriora
3211 2101 3407 2155 cadant
3436 2100 3505 2156 de

1921 2206 2108 2247 errore
2143 2192 2196 2246 in
2230 2205 2474 2245 errorem
2519 2191 2840 2256 corruendo,
2888 2199 2944 2246 et
2983 2191 3036 2245 in
3083 2191 3264 2247 futuro
3296 2191 3505 2262 expelle

1919 2302 2013 2342 eos
2046 2286 2113 2341 ab
2151 2284 2468 2340 haereditate
2502 2299 2598 2339 sua
2647 2283 2931 2338 secundum
2976 2284 3364 2340 multitudinem
3405 2286 3508 2339 im-

1919 2379 2169 2448 pietatum
2196 2393 2372 2430 eorum
2393 2417 2408 2442 ,
2458 2375 2510 2430 id
2538 2384 2638 2441 est,
2668 2375 2893 2430 multum
2922 2375 3141 2447 expelle,
3167 2377 3292 2447 quia
3322 2376 3506 2432 multae

1921 2479 2048 2525 sunt
2100 2470 2407 2539 impietates
2458 2484 2666 2524 eorum.
2719 2467 2982 2534 Quoniam
3023 2470 3388 2538 irritaverant,
3452 2471 3507 2527 id

1921 2569 2031 2625 cst,
2065 2569 2384 2629 spreverunt
2423 2559 2578 2628 quasi
2613 2557 2718 2614 vile
2759 2558 2889 2629 quid
2932 2567 3011 2624 te,
3043 2561 3284 2628 Domine,
3312 2562 3404 2632 qui
3447 2578 3508 2617 es

1926 2652 2184 2706 Dominus
2230 2652 2490 2705 omnium.
2540 2650 2607 2704 Et
2655 2660 2939 2720 postquam
2987 2661 3237 2722 separata
3267 2654 3372 2708 erit
3407 2668 3505 2725 pa-

1922 2743 2002 2799 lea
2034 2759 2064 2797 a
2090 2759 2290 2814 grano,
2326 2743 2562 2797 tenebra:
2592 2759 2623 2796 a
2661 2741 2798 2807 luce,
2835 2741 3076 2797 lwtentur
3102 2745 3296 2814 adepta
3324 2745 3499 2800 beare-

1921 2834 2088 2888 tlitate
2121 2849 2294 2886 omnes
2323 2832 2412 2902 qui
2433 2842 2643 2903 sperant
2672 2835 2725 2888 in
2757 2843 2836 2898 te,
2873 2851 2976 2890 non
3000 2836 3053 2890 in
3076 2836 3199 2900 alio,
3228 2845 3284 2892 ει
3311 2839 3508 2892 merito

1921 2924 2182 2992 lmtenlur,
2220 2926 2344 2995 quia
2373 2926 2428 2978 in
2472 2935 2723 2980 teternum
2768 2925 3134 2992 exsultabant,
3167 2936 3224 2982 ut
3251 2928 3402 2998 prius
3430 2929 3511 2984 di-

1923 3027 2068 3074 ctum
2113 3027 2215 3074 est.
2267 3017 2390 3074 Ideo
2420 3018 2777 3086 exsultabant,
2820 3020 2946 3091 quia
2991 3021 3248 3076 habitabis
3299 3020 3359 3077 in
3398 3024 3509 3091 eis,

1923 3112 2016 3183 qui
2047 3114 2206 3168 modo
2242 3111 2454 3167 habitas
2480 3112 2533 3166 in
2568 3113 2648 3168 eis
2669 3128 2764 3182 per
2791 3123 3107 3184 operantem
3139 3115 3392 3184 gratiam,
3425 3115 3508 3171 in-

226 3224 326 3280 εει,
357 3215 410 3269 Μ
437 3225 539 3280 εει,
579 3232 687 3272 non
721 3217 924 3274 habent
948 3190 1258 3285 verita-mh],
1289 3219 1372 3272 νει
1395 3235 1611 3288 vanum,
1641 3222 1693 3277 id
1715 3232 1818 3290 est,
1849 3235 1893 3298 Ο
1926 3190 2196 3259 habitabis
2217 3213 2358 3298 tunc
2388 3205 2681 3298 secundum
2721 3205 3062 3298 praesentiam
3106 3207 3507 3298 et‘tnanifcsta-

229 3321 330 3375 per
377 3305 668 3363 elationem
720 3309 1109 3377 annihilatum,
1173 3319 1405 3367 tractum
1454 3329 1483 3366 a
1528 3311 1676 3368 fumo
1729 3317 1819 3385 qui

228 3405 442 3466 quanto
456 3397 617 3453 altius
645 3401 1542 3473 ascendittantomagisevanescit.
1577 3404 1645 3461 Ut
1669 3404 1820 3474 illud,

229 3487 480 3544 Dicentes
541 3491 677 3545 enim
727 3509 835 3547 esse
881 3494 1162 3565 sapientes,
1218 3495 1367 3550 stulti
1415 3497 1544 3566 [acti
1606 3507 1726 3551 sunt
1775 3507 1825 3552 et

228 3590 561 3635 evanuerunt
592 3583 646 3636 in
661 3584 1062 3655 cogitationibus
1084 3587 1194 3641 suis
1217 3584 1388 3658 (Rom.
1415 3586 1477 3657 ι).
1515 3585 1824 3658 Sepulcrum

230 3683 308 3728 est
318 3683 506 3744 patens
521 3683 701 3744 guttur
720 3692 920 3743 eorum,
946 3692 1157 3744 eorum,
1179 3677 1230 3733 id
1250 3687 1356 3745 est,
1372 3679 1617 3734 doctrina
1636 3697 1824 3736 eorum

232 3768 438 3824 similis
481 3775 566 3824 est
603 3769 779 3840 amplo
827 3779 883 3826 ει
928 3771 1195 3842 profundo
1225 3773 1493 3844 sepulcro,
1540 3775 1685 3845 quod
1720 3792 1826 3831 uno

232 3861 508 3917 cadavere
542 3870 757 3933 recepto
785 3877 892 3918 non
931 3863 1214 3929 clauditur,
1277 3866 1375 3920 sed
1417 3879 1631 3936 semper
1677 3875 1828 3937 patet

234 3964 294 4008 ut
317 3952 572 4022 devoret,
601 3968 816 4025 semper
836 3953 1065 4010 fetorem
1089 3957 1289 4012 emittit
1311 3973 1564 4012 nocuum.
1610 3957 1826 4029 Linguis

232 4047 349 4101 suis
380 4045 564 4101 dolose
588 4048 832 4118 agebant,
866 4063 974 4103 non
1019 4049 1148 4114 tuis,
1182 4064 1215 4106 0
1245 4049 1406 4115 Deus,
1437 4051 1564 4120 quia
1605 4051 1674 4105 ad
1726 4052 1830 4106 hoc

235 4151 336 4191 cas
359 4136 444 4191 eis
472 4137 667 4192 dedisti
716 4146 775 4191 ut
824 4139 1110 4193 veritatem
1149 4138 1519 4208 loquerentur.
1572 4139 1695 4196 ideo
1719 4143 1828 4196 suis

237 4230 369 4302 quia
413 4229 483 4284 ad
507 4231 848 4286 mendacium
873 4231 953 4286 eis
988 4239 1235 4286 utuntur.
1275 4231 1468 4288 Dolose
1489 4235 1732 4304 agebant,
1776 4235 1829 4290 id

240 4331 354 4388 est,
388 4322 703 4392 deceptorio
730 4323 971 4393 agebant.
1011 4322 1176 4390 Bene,
1217 4324 1460 4394 agebant,
1488 4326 1614 4395 quia
1635 4326 1832 4396 imper-

241 4413 414 4482 fecte,
452 4415 727 4470 interdum
755 4430 906 4481 vera,
939 4415 1209 4471 interdum
1236 4413 1369 4471 falsa
1397 4415 1738 4486 proferendo.
1766 4419 1834 4474 Et

242 4510 380 4581 quia
412 4508 550 4564 tales
573 4517 700 4564 sunt
719 4508 906 4578 judica
927 4507 1067 4575 illos,
1091 4507 1254 4563 Deus.
1279 4507 1393 4564 Hoc
1419 4518 1598 4580 potest
1645 4510 1744 4581 legi
1780 4522 1835 4566 et

1929 3297 2127 3350 tionem
2155 3297 2228 3350 tui
2257 3295 2426 3366 ipsius
2452 3313 2464 3348 :
2494 3295 2583 3361 Et,
2607 3296 2749 3365 quod
2792 3295 2966 3364 majus
2994 3308 3098 3363 est,
3136 3295 3514 3367 gloriabuntur

1925 3387 1978 3439 in
1997 3394 2061 3448 te,
2088 3386 2139 3438 id
2156 3393 2258 3451 est,
2286 3384 2582 3455 perfectam
2600 3385 2824 3456 gloriam
2847 3400 2904 3440 se
2927 3386 3152 3456 adeptos
3173 3387 3432 3442 videbunt
3453 3388 3507 3444 in

1928 3483 1978 3530 te
1999 3490 2268 3530 summum
2294 3474 2514 3530 bonum.
2540 3473 2730 3529 Omnes
2744 3475 2833 3544 qui
2853 3475 3073 3545 diligunt
3097 3475 3302 3531 scilicet
3326 3477 3508 3544 modo,

1926 3583 2112 3621 nomen
2135 3576 2303 3632 tuam,
2329 3567 2381 3622 id
2401 3575 2483 3622 est
2504 3566 2781 3622 Dominus.
2799 3567 3061 3622 Dominus
3085 3583 3279 3622 nomen
3301 3577 3384 3624 est
3408 3569 3506 3624 illi.

1929 3658 2006 3713 Illi
2036 3659 2139 3714 hoc
2163 3676 2356 3714 nomen
2398 3659 2627 3732 diligunt
2651 3661 2744 3732 qui
2773 3660 2884 3716 Deo
2915 3661 3216 3718 voluntarie
3245 3665 3508 3720 serviunt.

1927 3750 2050 3807 Ideo
2077 3750 2462 3822 gloriabuntur,
2490 3751 2740 3823 quoniam
2769 3762 2825 3806 tu
2861 3751 3125 3807 benedices
3151 3753 3320 3823 justo.
3367 3752 3512 3810 Bene

1919 3840 2069 3911 justo
2103 3857 2122 3896 :
2151 3857 2339 3897 omnes
2379 3841 2524 3896 enim
2553 3857 2716 3896 unum
2743 3857 2933 3896 sumus
2955 3841 3008 3895 in
3037 3841 3272 3909 Christo,
3314 3843 3368 3898 id
3393 3852 3509 3909 εει,

1929 3934 2150 4006 augebis
2179 3944 2234 3988 et
2263 3935 2645 4005 multiplicabis
2698 3950 2914 3991 omnem
2963 3937 3194 4009 gratiam
3239 3945 3293 3993 et
3322 3954 3512 3994 omnes

1929 4028 2182 4093 virtutes,
2212 4027 2338 4096 quia
2367 4028 2507 4096 quod
2557 4027 2715 4082 modo
2761 4028 2963 4084 habent
2990 4029 3043 4083 in
3071 4045 3165 4100 spe
3194 4038 3321 4086 tunc
3348 4031 3518 4086 babe-

1930 4118 2065 4172 bunt
2091 4118 2146 4173 in
2179 4133 2264 4183 re,
2306 4133 2450 4173 nunc
2476 4134 2541 4173 ex
2581 4128 2769 4190 parte,
2796 4127 2922 4175 tunc
2965 4119 3224 4190 perfecte.
3265 4121 3515 4190 Revera,

1931 4215 2297 4286 gloriabantur
2319 4215 2372 4269 in
2403 4225 2472 4280 te,
2504 4230 2536 4269 ο
2565 4213 2810 4281 Domine,
2839 4223 2894 4270 et
2923 4230 3028 4269 non
3054 4215 3108 4268 in
3135 4217 3260 4284 alio,
3290 4217 3415 4288 quia
3461 4227 3517 4272 tu

1937 4309 2199 4363 coronasti
2267 4325 2395 4373 nos,
2453 4307 2508 4362 id
2551 4315 2668 4373 est,
2723 4308 3144 4362 circumvallasti
3193 4317 3247 4362 et
3295 4310 3519 4364 munisti

1933 4399 2087 4468 quasi
2119 4416 2317 4456 corona
2375 4398 2657 4464 militiam,
2703 4408 2883 4464 scuto,
2933 4399 2986 4452 id
3044 4407 3128 4453 est
3181 4403 3517 4469 protectione

1935 4490 2084 4544 bona:
2110 4489 2393 4545 voluntatis
2421 4501 2564 4544 tate:
2595 4488 2676 4544 vel
2707 4489 2970 4543 coronasti
3024 4506 3117 4544 nos
3169 4499 3292 4560 post
3343 4492 3517 4547 victo-

242 4597 520 4656 hbonum
544 4598 666 4654 etin
690 4598 911 4653 malum.
934 4598 990 4653 in
1008 4599 1240 4654 bonum:
1266 4598 1830 4670 oDeus,jadicaillos,
1859 4599 1910 4659 D
1939 4583 2108 4648 riam!
2141 4597 2246 4637 ¹¹⁰¹¹
2275 4581 2482 4637 meritis
2508 4582 2742 4647 Ποδίνίδν
2771 4583 2867 4636 sed
2898 4591 2952 4635 αι
2980 4591 3127 4636 “mo
3157 4582 3304 4638 bona?
3334 4586 3521 4640 θοίνη-

244 4693 297 4750 id
319 4700 429 4758 est,
463 4691 659 4746 damna
681 4705 775 4746 eos
804 4691 938 4746 tales
966 4689 1154 4761 quales
1206 4705 1265 4746 se
1302 4690 1569 4760 fecerunt,
1628 4693 1835 4750 scilicet

246 4785 449 4839 damna
482 4783 537 4837 in
586 4783 666 4838 eis
696 4781 826 4837 vitia
850 4797 1062 4848 eorum,
1100 4783 1152 4837 id
1200 4792 1305 4849 est,
1344 4783 1588 4839 decidant
1635 4803 1667 4840 a
1694 4788 1838 4858 cogi-

245 4875 534 4930 tationibus
555 4874 686 4939 suis,
727 4873 779 4928 id
804 4881 907 4940 est,
940 4873 1056 4944 ipsa
1095 4889 1299 4941 eorum,
1323 4876 1652 4931 conscientia
1674 4893 1839 4934 accu-

247 4976 329 5024 set
364 4982 488 5032 eos,
535 4967 617 5022 vel
651 4975 971 5037 separentur
1005 4969 1232 5038 apravis
1254 4970 1672 5042 cogitationibus
1700 4973 1834 5029 suis.

247 5060 563 5117 Secundum
595 5058 984 5114 ntultitudinem
1026 5059 1350 5130 impietatum
1404 5078 1585 5117 eorum
1639 5065 1836 5136 expelle

245 5173 358 5222 eos,
401 5153 653 5225 quoniam
691 5153 1030 5207 irritaverant
1054 5163 1123 5220 te,
1160 5153 1405 5222 Domine,
1443 5156 1496 5212 id
1522 5165 1627 5222 est,
1649 5172 1842 5213 secun-

248 5249 380 5303 dum
439 5242 640 5298 multas
680 5243 1058 5299 miserationes
1110 5253 1228 5301 tuas
1274 5246 1518 5302 deleatur
1543 5249 1838 5306 multitudo

247 5347 606 5412 peccatorum
655 5353 862 5394 eorum.
928 5337 1054 5394 ideo
1105 5341 1308 5395 cadant
1359 5359 1393 5395 a
1432 5343 1838 5414 cogitationibus

248 5434 386 5496 suis,
429 5428 684 5499 quoniam
718 5445 901 5501 pravae
929 5442 1076 5498 sunt,
1100 5431 1346 5503 quoniam
1391 5433 1734 5492 irritaverant
1773 5447 1841 5504 te,

251 5523 508 5586 Domine,
534 5519 588 5575 id
615 5528 716 5585 est,
754 5521 970 5577 irritum
998 5521 1292 5591 duxerunt,
1334 5524 1461 5580 dum
1497 5528 1678 5582 conati
1715 5535 1846 5583 sunt

249 5617 431 5686 legem
460 5620 606 5666 tuam
632 5610 909 5668 destruere
945 5631 959 5667 :
1000 5613 1088 5669 vel
1128 5615 1488 5684 irritaverant,
1520 5617 1573 5672 id
1621 5628 1726 5685 est,
1770 5628 1841 5689 te,

255 5703 638 5763 dulcissimum
669 5704 848 5758 cibum
879 5705 1222 5774 naturaliter,
1247 5709 1348 5763 sibi
1392 5718 1448 5764 et
1488 5709 1610 5766 aliis
1655 5711 1844 5784 insipi-

258 5801 390 5870 dum
417 5796 684 5854 fecerunt.
725 5793 1081 5851 Febricitanti
1104 5799 1303 5855 etenim
1339 5799 1522 5872 palato
1560 5801 1732 5865 dulcis
1769 5806 1847 5865 ci.

227 5929 253 5962 ι,
625 5891 900 5958 Ριτιιοι.
946 5890 1240 5963 CXXXI.

1943 4678 2068 4731 tatis
2113 4687 2218 4731 tua:
2262 4675 2568 4748 praevenisti
2597 4675 2931 4730 voluntatem
2978 4685 3252 4743 nostram,
3289 4679 3414 4748 quia
3465 4689 3523 4735 tu

1945 4769 2138 4824 dedisti
2179 4768 2336 4834 velle,
2368 4768 2562 4824 dedisti
2593 4777 2649 4823 et
2682 4767 2985 4839 perlicere:
3021 4778 3075 4824 tu
3104 4771 3248 4826 enim
3282 4773 3524 4842 operaris

1945 4863 1999 4916 in
2037 4861 2190 4917 nobis
2236 4877 2334 4932 per
2381 4861 2611 4932 gratiam
2658 4869 2839 4929 tuam,
2869 4869 2926 4917 et
2953 4877 3088 4933 opus
3140 4863 3526 4921 misericordia:

1945 4964 2052 5010 tua:
2091 4954 2146 5009 in
2181 4953 2335 5009 nobis
2378 4968 2626 5010 coronas.

2497 5072 2819 5129 PSALMUS
2861 5072 2944 5128 Vl.

1942 5183 1996 5223 IN
2034 5181 2193 5222 FINEK
2231 5181 2282 5220 IN
2319 5179 2642 5221 CARllNlBUS
2668 5180 2770 5220 PRO
2798 5181 3029 5231 OCTAVA,
3069 5181 3301 5222 ΡεΑιιιυε
3337 5181 3518 5220 υΑνιυ.

2023 5279 2041 5311 ι
2088 5259 2346 5324 Domine,
2393 5273 2461 5314 ne
2501 5259 2554 5312 in
2597 5257 2778 5314 furore
2823 5267 2912 5312 tuo
2948 5275 3146 5330 arguas
3184 5275 3302 5324 me,
3349 5274 3526 5329 neque

1952 5368 1973 5403 ‹
2021 5349 2077 5404 in
2115 5351 2198 5405 ira
2230 5359 2322 5404 tua
2350 5350 2614 5420 corripias
2640 5365 2746 5404 me.
2778 5349 3037 5405 Miserere
3067 5349 3202 5413 mei,
3254 5348 3482 5406 Domine
3508 5392 3524 5417 ,

1952 5458 1974 5494 ι
2021 5441 2276 5511 quoniam
2303 5440 2552 5496 inﬁrmus
2574 5457 2692 5497 sum
2723 5459 2736 5496 :
2770 5456 2902 5497 sana
2939 5456 3059 5507 me,
3096 5439 3355 5509 Domine,
3396 5457 3528 5513 quos

1955 5551 1976 5586 ι
2019 5534 2167 5588 niam
2193 5533 2532 5588 conturbata.
2573 5541 2700 5588 sunt
2735 5547 2860 5589 ossa
2911 5546 3053 5586 mea.
3085 5530 3152 5585 Et
3190 5531 3373 5589 anima
3406 5549 3531 5591 mea

1957 5643 1977 5677 ‹
2019 5625 2234 5681 turbata
2261 5634 2345 5679 est
2385 5624 2540 5679 valde
2572 5641 2586 5678 :
2618 5623 2712 5680 sed
2762 5633 2852 5689 tu,
2910 5621 3164 5690 Domine,
3215 5627 3532 5695 usqueqno?

1958 5737 1978 5770 ι
2022 5719 2378 5784 Convertere,
2428 5718 2684 5784 Domine,
2733 5725 2788 5772 et
2837 5717 2988 5787 eripe
3032 5716 3270 5772 animam
3301 5733 3475 5774 meam
3511 5738 3528 5776 :

1959 5829 1979 5878 ᾳ
2022 5811 2228 5868 salvum
2258 5826 2343 5868 me
2366 5809 2452 5868 fac
2475 5818 2696 5884 propter
2729 5809 3156 5869 misericordiam
3192 5821 3361 5870 tuam.
3383 5812 3531 5884 Quo.

3055 5905 3094 5973 6
