3986 5598
501 330 608 400 171'

1129 337 1382 420 REMlGll
1420 329 2077 394 ANTISSIooonENsts
2111 321 2265 392 ore.
2308 334 2487 392 rans
2509 334 2562 390 Δι.
2590 363 2661 376 -
2684 336 3098 393 EXEGETICA.

3665 325 3761 389 ﬁt!

505 480 528 515 ι
574 459 720 522 uiam
746 471 854 524 non
897 463 982 512 est
1022 454 1075 511 in
1115 463 1290 520 morte
1333 454 1422 527 qui
1454 468 1662 518 memor
1691 451 1761 508 sit
1788 451 1863 507 tui
1887 467 1902 507 :
1922 451 1980 507 in
2009 451 2087 507 in—
2113 456 2161 517 Α
2190 460 2271 508 est
2301 451 2487 518 David,
2516 452 2571 508 id
2605 463 2708 519 est,
2737 453 2938 509 Christi
2958 453 3021 508 tin
3054 465 3279 524 corpore
3302 466 3421 508 suo.
3445 450 3620 506 ﬂavid
3649 451 3765 506 dico

503 575 523 610 ε
568 554 723 612 ferno
772 562 953 615 autem
996 551 1117 620 quis
1163 530 1506 608 conﬁtebitur
1558 548 1688 603 tibi?
1717 546 1982 602 Laboravi
2023 545 2085 600 in

510 665 530 699 ς
574 643 776 720 gemitu
809 657 963 718 meo,
1013 641 1205 697 lavabo
1233 657 1331 712 per
1379 640 1619 712 singulas
1667 647 1852 696 noctes
1887 638 2083 702 lectum

503 758 522 791 ‹
564 733 1049 807 meum,1_ac_rymis
1071 735 1204 788 meis
1220 743 1445 787 stratum
1466 747 1640 796 meum
1655 729 1864 802 rigabo.
1880 727 2087 783 Turba-

509 847 529 880 ι
578 839 663 900 tus
676 835 762 886 est
790 841 818 880 a
835 825 890 891 fu
899 810 1018 880 rore
1037 825 1225 879 oculus
1241 839 1413 888 meus,
1425 822 1726 889 inveteravi
1750 822 1890 875 inter
1901 833 2087 875 omnes

502 940 520 974 ι
569 921 819 976 inimicos
832 933 1000 974 meos.
1019 915 1289 974 Discedite
1302 932 1330 970 a
1354 930 1458 982 me,
1477 930 1665 980 omnes
1682 914 1770 985 qui
1790 912 2085 985 operamini

501 1032 520 1066 ‹
563 1013 930 1088 iniquitatem,
947 1011 1198 1086 quoniam
1217 1010 1492 1071 exaudivit
1517 1008 1774 1063 Dominus
1790 1021 1975 1063 vocem
2002 1004 2088 1061 ﬂe-

501 1126 519 1159 ‹
569 1087 810 1160 ιιιέιιιρί.
841 1105 1127 1158 Exaudivit
1147 1103 1405 1158 Dominus
1429 1099 1861 1170 deprecationem
1888 1113 2085 1164 meam,

502 1217 520 1250 ι
571 1199 826 1266 Dominus
882 1197 1182 1250 orationem
1226 1210 1402 1249 meam
1449 1179 1706 1263 suscepit.
1752 1190 2087 1256 Erubescant

503 1311 520 1343 ‹
568 1300 622 1354 ct
650 1291 1040 1358 conturlientur
1085 1289 1436 1348 Vehementer
1475 1270 1662 1341 omnes
1694 1284 1898 1340 inimici
1942 1283 2084 1344 mei:

503 1401 522 1434 ‹
566 1391 956 1439 convertantur
989 1381 1393 1444 etertdiescant
1419 1378 1575 1442 valde
1606 1377 1883 1436 velociter.
1903 1394 1937 1445 ,ι

1068 1468 1530 1534 ,ENABRATIO.

574 1565 819 1623 Psalmus
835 1565 1006 1620 Darid
1027 1582 1121 1636 pro
1145 1574 1324 1618 octava
1347 1564 1402 1617 in
1423 1563 1580 1632 ﬁnem
1598 1561 1650 1615 in
1673 1561 1914 1634 hymnis:
1935 1569 2091 1616 octa-

502 1650 600 1714 vus
640 1657 901 1728 accipitur
938 1655 1049 1710 dies
1099 1653 1310 1724 judicii.
1343 1650 1596 1719 Quidam,
1621 1666 1872 1721 perverse
1893 1648 2090 1712 intelli-

499 1762 705 1832 gentes,
761 1759 964 1830 septem
1017 1748 1183 1804 millia
1223 1763 1488 1814 annorum
1539 1761 1645 1832 pro
1667 1754 1872 1824 septem
1902 1744 2089 1802 diebus

2186 543 2465 616 dirigentis
2487 544 2538 598 in
2561 544 2741 609 ﬁnem,
2763 555 2818 599 et
2839 555 2922 599 est
2943 545 3057 600 hrec
3075 545 3214 600 actio
3233 560 3334 616 pro
3355 555 3571 608 octava,
3585 543 3640 598 id
3663 551 3765 610 est,

2186 651 2284 706 pro
2298 621 2706 710 exspectatione
2714 635 2922 710 judicii,
2947 646 2997 691 et
3021 645 3103 692 est
3119 637 3429 707 accipienda
3454 637 3506 691 in
3526 637 3768 708 hymnis,

2186 727 2307 797 quia
2335 728 2468 784 bene
2485 727 2764 806 hymnizat
2790 729 2900 784 Deo
2922 729 3094 785 fideiis
3111 729 3312 796 anima,
3334 745 3453 784 cunt
3478 745 3577 801 per
3604 729 3772 799 penni-

2189 819 2408 875 tentiam
2451 836 2511 876 se
2551 821 2754 892 aﬂiig‘it.
2789 819 3054 876 Gaudium
3092 822 3290 878 etenim
3333 833 3407 892 est
3441 821 3644 894 angeli:
3678 820 3774 875 Det

2185 926 2340 981 super
2359 927 2462 966 uno
2485 923 2753 982 peccatore
2781 914 3134 983 paenitentiam
3155 924 3332 984 agente
3349 912 3503 984 (Lac.
3533 914 3645 985 xv).
3677 913 3776 969 Est

2187 1012 2366 1059 autem
2389 1003 2442 1058 in
2469 1005 2572 1059 hoc
2587 1003 2797 1073 psalmo
2811 1020 2910 1060 vox
2929 1003 3186 1076 anusque
3208 1006 3405 1060 inﬁrmi
3427 1002 3621 1069 ﬁddis,
3645 1020 3777 1062 con-

2187 1095 2476 1151 siderantis
2494 1085 2738 1150 octavam
2760 1096 2928 1161 illam,
2954 1096 3005 1151 id
3027 1105 3129 1162 est,
3155 1098 3487 1152 tremendam
3523 1097 3666 1152 diem
3683 1095 3775 1168 jn-

2189 1186 2312 1241 dicii
2338 1188 2404 1242 ad
2429 1203 2588 1257 quam
2615 1203 2804 1244 omnes
2826 1188 3352 1257 venientjudicandi,
3386 1190 3470 1244 alii
3498 1191 3567 1244 ad
3601 1191 3780 1246 beati-

2191 1277 2449 1342 tudinem,
2471 1278 2558 1333 alii
2575 1279 2637 1333 ad
2658 1294 2870 1350 poenam
2883 1321 2896 1344 ,
2918 1289 2974 1337 et
2993 1295 3093 1335 suo
3113 1267 3357 1352 exemplo
3369 1281 3504 1349 alios
3521 1283 3587 1337 ad
3603 1283 3779 1353 poeni-

2192 1368 2410 1422 tentiam
2431 1377 2488 1424 et
2506 1370 2844 1425 vocationem
2868 1370 3064 1427 divina:
3082 1372 3466 1440 misericordia:
3485 1373 3777 1429 hortantis.

2260 1461 2504 1528 Domine,
2545 1479 2606 1516 ne
2631 1462 2685 1518 in
2717 1465 2894 1533 furore
2924 1476 3012 1519 tuo
3042 1483 3236 1537 arguas
3257 1483 3359 1533 me,
3396 1484 3566 1538 neque
3603 1469 3657 1523 in
3691 1469 3778 1522 ira

2191 1562 2282 1607 tua
2305 1554 2558 1624 corripias
2581 1571 2679 1609 me.
2704 1555 2781 1611 Te
2805 1557 3011 1623 invoco,
3039 1559 3127 1628 qui
3151 1574 3210 1614 es
3229 1559 3489 1627 ﬂom'inus
3509 1563 3778 1634 omnium,

2193 1645 2318 1703 Scio
2347 1648 2471 1717 quia
2499 1649 2684 1703 venies
2711 1647 3053 1717 iudicaturus
3081 1651 3216 1707 alios
3246 1653 3298 1707 iu
3327 1653 3531 1722 furore,
3564 1662 3620 1710 et
3641 1655 3782 1714 alios

2193 1739 2246 1794 in
2276 1739 2353 1793 ira
2399 1749 2522 1805 tua;
2553 1755 2684 1811 rogo
2715 1749 2788 1807 te,
2818 1750 2878 1795 ut
2909 1741 3002 1797 hic
3033 1757 3119 1798 me
3154 1742 3362 1813 iudices
3400 1745 3526 1813 dum
3570 1754 3780 1832 tempus

496 1821 854 1918 accipiebant.
908 1852 963 1898 et
1017 1851 1181 1914 post,
1231 1839 1383 1912 sequi
1434 1821 1724 1910 octavum,
1774 1840 1824 1895 id
1857 1847 1968 1916 est,
1996 1839 2085 1922 ῥυ.
2115 1821 2270 1884 Best
2302 1829 2688 1922 misericordia:
2722 1839 2788 1922 et
2831 1831 2944 1887 dies
2991 1833 3201 1889 salutis.
3245 1833 3397 1902 Sicut
3426 1834 3578 1891 furor
3603 1821 3781 1910 major

497 1939 620 1997 dicii
681 1939 819 2008 diem
852 1978 867 2005 ,
914 1946 968 1992 et
1015 1937 1093 1992 sic
1151 1936 1296 1991 diem
1340 1934 1530 2004 judieii
1583 1943 1789 1989 certum
1837 1949 1896 1989 se
1937 1927 2099 1990 inve?

502 2033 646 2086 nisse
667 2031 959 2104 putabant.
1002 2027 1207 2102 Quibus
1259 2028 1377 2092 haec
1407 2025 1570 2081 verba
1618 2025 1829 2082 Domini
1869 2034 2086 2082 contra-

500 2125 732 2179 dicunt:
773 2119 896 2175 Non
960 2132 1034 2175 est
1089 2130 1312 2175 vestrum
1372 2134 1520 2186 nosse
1565 2129 1798 2188 tempora
1851 2118 1930 2170 vel
1976 2133 2088 2170 mo-

499 2225 674 2272 menta
719 2230 838 2288 qua:
883 2210 1049 2278 Pater
1092 2211 1263 2282 posuit
1313 2210 1367 2264 in
1414 2227 1510 2263 sua
1539 2219 1786 2280 potestate
1807 2206 1965 2284 .(Act.
1998 2207 2087 2280 1),

499 2322 554 2369 et
581 2311 876 2379 aliamulta
905 2321 1124 2382 :.potest
1145 2320 1322 2374 autem
1346 2311 1424 2374 sic
1450 2309 1670 2381 intelligi
1700 2327 1713 2364 :
1741 2307 1818 2378 Ex
1847 2323 1954 2380 quo
1977 2322 2092 2362 om—

500 2405 588 2460 nia
640 2413 922 2476 cmperunt
962 2420 1082 2473 qua:
1125 2403 1514 2470 variatiouibus
1563 2395 1871 2477 su'lijacent,
1919 2410 2087 2468 totum

499 2492 627 2548 illud
658 2505 869 2574 tempus
898 2501 1104 2563 septem
1134 2493 1322 2548 diebus
1367 2492 1628 2562 volvitur,
1673 2494 1792 2556 ideo
1825 2500 1931 2546 tota
1974 2489 2091 2545 haec

501 2584 616 2640 vita
637 2585 688 2639 in
705 2583 1020 2655 septenario
1039 2593 1216 2655 potest
1235 2583 1431 2664 accipi.
1449 2583 1746 2650 'l’ransacta
1771 2583 1873 2649 hac
1897 2597 2084 2650 rerum

499 2677 784 2750 vertigine,
811 2677 1053 2748 sequitur
1072 2687 1282 2748 octava,
1301 2677 1354 2732 in
1371 2693 1476 2748 qua
1499 2691 1606 2744 non
1628 2676 1736 2744 erit
1759 2690 1894 2746 opus
1916 2672 2091 2728 varie-

495 2777 604 2824 tate
629 2776 956 2839 temporum,
974 2768 1097 2839 quia
1126 2768 1238 2824 dies
1269 2767 1355 2822 illa
1383 2783 1487 2833 non
1510 2767 1823 2838 variabitur,
1853 2779 1953 2820 nec
1973 2779 2096 2826 ver-

496 2871 640 2916 tetur
672 2863 722 2930 in
759 2861 1038 2930 tenebras.
1085 2861 1296 2928 Aliter:
1341 2875 1434 2928 sex
1474 2859 1662 2930 diebus
1705 2866 1959 2930 operatus
2008 2862 2096 2912 est

500 2952 776 3024 Dominus.
823 2951 881 3018 In
919 2960 1178 3012 creatura
1223 2950 1642 3022 uniuscujusque
1689 2955 1872 3018 potest
1921 2945 2093 3016 accipi

498 3042 660 3098 etiam
685 3041 845 3103 unius
862 3039 970 3114 diei
994 3041 1223 3110 spatium
1249 3039 1302 3093 in
1317 3056 1422 3110 qua
1441 3038 1656 3110 operari
1673 3036 1824 3106 licet.
1845 3035 2092 3123 Septima

497 3132 611 3188 dies
638 3132 901 3210 accipitur
927 3131 1160 3202 spatium
1189 3131 1315 3184 illud
1347 3131 1491 3204 quod
1521 3138 1604 3200 est
1636 3128 2094 3194 iutertrausitum

498 3223 655 3294 hujus
683 3209 803 3285 vita!
821 3231 877 3278 et
898 3239 1236 3279 communem
1262 3222 1734 3289 resurrectionem.
1756 3220 1956 3291 Octava
1984 3221 2097 3278 dies

496 3326 582 3372 est
624 3317 1053 3386 resurrectionis.
1092 3317 1262 3373 Aliter
1301 3337 1317 3371 .:
1367 3317 1485 3383 dum
1533 3326 1658 3383 sunt
1693 3315 2092 3394 generationes,

503 3426 609 3464 una
641 3407 891 3476 carnalis,
920 3410 1089 3465 altera
1117 3409 1393 3481 spiritalis.
1419 3409 1664 3477 Carnalis
1687 3410 1966 3482 generatio
1994 3408 2097 3465 fuit

504 3518 534 3557 a
564 3501 738 3574 primo
767 3500 983 3555 homine
1008 3517 1175 3570 usque
1201 3502 1264 3562 ad
1287 3501 1584 3576 Christum.
1610 3498 2090 3584 Ilaeclf‘uit‘priiua,

501 3592 794 3649 carnaliter
826 3590 976 3654 vixit,
1007 3591 1253 3660 quamvis
1280 3591 1331 3644 in
1356 3606 1416 3643 ea
1450 3589 1610 3659 aliqui
1643 3589 2096 3660 spiritualesnfue—

501 3691 660 3760 runt,
715 3688 771 3734 ut
812 3680 1120 3745 Abraham,
1151 3679 1302 3740 Isaac
1342 3690 1394 3734 et
1417 3678 1604 3752 Iacob,
1648 3678 1739 3752 qui
1789 3679 1842 3748 in
1891 3677 2094 3766 Spiritu

503 3784 690 3832 sancto
739 3771 846 3826 Deo
891 3772 1216 3842 servierunt,
1270 3781 1447 3838 tamen
1493 3769 1738 3840 carnales
1767 3769 1894 3841 dicti
1945 3777 2091 3846 sunt,

499 3867 623 3939 quia
661 3863 904 3932 carnales
933 3862 1338 3928 observationes
1370 3869 1715 3934 acceperunt,
1744 3869 1798 3916 et
1825 3860 1876 3915 in
1903 3859 2094 3918 umbra

500 3956 738 4022 luerunt.
790 3952 1059 4022 Spiritalis
1103 3953 1381 4024 generatio
1430 3953 1690 4024 accipitur
1734 3951 1971 4021 fidelium
2019 3951 2094 4022 ab

501 4051 732 4100 adventu
753 4042 960 4108 ⁴(ῼΙινίδιὶ
989 4058 1159 4118 usque
1183 4043 1234 4097 in
1265 4044 1423 4114 linem
1447 4043 1649 4112 saeculi,
1677 4058 1795 4112 qua:
1815 4043 2095 4118 generatio

501 4133 761 4207 spiritalis
786 4133 1003 4199 dicitur,
1033 4134 1157 4203 quia
1187 4133 1318 4189 vivit
1342 4136 1392 4188 in
1419 4135 1635 4208 nomine
1661 4119 1883 4204 spiritus
1907 4143 1963 4188 et
1988 4149 2094 4189 non

502 4234 555 4285 in
591 4234 856 4282 vetustate
904 4212 1098 4281 litterae
1144 4226 1191 4299 (1
1224 4224 1346 4288 Cor.
1373 4226 1487 4304 xv),
1518 4235 1572 4281 et
1598 4225 1712 4281 haec
1737 4235 1822 4304 est
1859 4227 2095 4282 secunda

500 4318 799 4392 generatio.
827 4315 988 4375 Prius
1008 4318 1150 4372 enim
1191 4317 1426 4384 carnale,
1463 4318 1656 4374 deinde
1680 4317 1823 4388 quod
1850 4317 2093 4398 spiritale

501 4414 689 4487 (Rom.
709 4417 826 4485 vn).
863 4417 954 4470 liae
985 4415 1101 4474 diue
1125 4412 1499 4492 generationes
1527 4411 1837 4484 referuntur
1863 4399 1933 4486 ad
1965 4427 2092 4492 sep-

502 4511 764 4563 teuarium
797 4523 1100 4571 numerum,
1119 4487 1215 4576 qui
1244 4487 1548 4560 constatex
1571 4513 1799 4582 quatuor
1819 4514 1873 4559 et
1898 4489 2086 4562 tribus.

500 4599 742 4668 Quatuor
781 4599 1093 4653 referuntur
1135 4597 1200 4650 ad
1235 4597 1467 4674 primum
1493 4598 1924 4674 generationem,
1965 4596 2087 4674 quia

500 4691 791 4746 carnaliter
811 4690 967 4755 vixit,
994 4689 1120 4768 quia
1145 4671 1273 4756 caro
1299 4671 1511 4766 constat
1538 4698 1767 4766 quatuor
1788 4671 2087 4745 elementis.

499 4781 792 4839 Ternan‘us
817 4783 882 4846 ad
912 4773 1020 4837 tres
1043 4781 1236 4835 animae
1259 4782 1527 4850 potentias
1553 4779 1806 4837 refertur.
1829 4781 1924 4838 Est
1944 4783 2090 4837 enim

504 4875 808 4942 rationalis,
846 4873 1154 4938 irascibilis,
1189 4873 1643 4942 concupiscibilis.
1674 4872 1956 4940 Rationem
1992 4875 2092 4929 ba-

498 4969 591 5026 bet
628 4969 697 5024 ad
741 4966 1157 5023 discernendum
1190 4966 1330 5021 inter
1359 4966 1655 5037 appetenda
1697 4978 1750 5022 et
1785 4982 1890 5021 non
1925 4982 2090 5038 appe-

505 5062 697 5128 tenda;
727 5061 920 5118 deinde
948 5058 1460 5130 concupiscentiam,
1491 5067 1552 5113 ut
1573 5059 1708 5113 sciat
1731 5058 1868 5113 bona
1893 5074 2091 5115 concu-

500 5158 745 5229 piscere;
803 5154 961 5219 iram,
1004 5161 1064 5208 ut
1109 5152 1246 5208 sciat
1280 5151 1443 5206 malis
1493 5151 1676 5219 irasci.
1701 5149 1812 5205 Sed
1849 5151 1977 5221 quia
2021 5167 2091 5208 ex

501 5247 758 5305 afﬁnitate
775 5245 1031 5317 corporis
1072 5246 1190 5300 lucc
1229 5259 1369 5314 saepe
1398 5243 1740 5310 hebetantur,
1774 5243 1902 5300 ideo
1929 5245 2090 5301 adhi-

500 5341 660 5395 betur
679 5339 932 5394 doctrina
961 5335 1029 5390 ad
1061 5334 1472 5389 illuminandam
1499 5333 1791 5399 rationem,
1821 5334 1993 5390 virtus
2024 5336 2091 5392 ad

500 5429 880 5487 refrenandum
913 5428 1140 5482 nimiam
1171 5427 1314 5481 iram
1351 5435 1410 5482 et
1439 5427 1670 5482 marium
1698 5427 2092 5497 etmeupiscen-

507 5523 655 5572 tiam.
675 5520 813 5566 Ml
835 5522 986 5562 duum
1013 5517 1378 5568 mouentium
1408 5517 1587 5564 vanis»!
1615 5517 1728 5564 dies
1747 5525 1994 5566 manu.
2035 5520 2086 5558 ill

2118 4556 2168 4616 D

2187 1927 2270 1974 est
2298 1935 2458 1991 quam
2492 1919 2594 1986 ira,
2643 1920 2768 1990 quia
2794 1921 2874 1977 ira
2905 1923 3108 1990 brevis,
3149 1924 3301 1980 furor
3338 1935 3419 1982 est
3443 1926 3668 1997 longus;
3705 1929 3780 1998 ita

2188 2029 2416 2094 arguere
2463 2016 2639 2087 majus
2683 2025 2767 2072 est
2800 2032 2960 2088 quam
3011 2020 3304 2090 corripere.
3341 2021 3499 2092 Sarpe
3537 2007 3638 2094 qui
3688 2038 3780 2079 ar-

2190 2116 2429 2179 guuntur
2441 2117 2795 2165 accusantur:
2811 2101 3464 2184 accusationemsequitur
3477 2097 3778 2180 damnatio,

2192 2202 2457 2257 correctio
2472 2201 2534 2256 ﬁt
2548 2203 2615 2257 ad
2631 2203 3084 2272 emendationem;
3107 2213 3160 2260 et
3172 2190 3304 2276 quia.
3319 2207 3370 2260 in
3385 2204 3782 2290 futurojudicio

2193 2293 2283 2348 alii
2299 2305 2597 2366 arguuntur
2610 2295 2662 2350 in
2679 2295 2861 2352 furore
2876 2299 3004 2369 (non
3018 2299 3160 2368 quod
3183 2298 3330 2354 furor
3341 2300 3501 2355 cadat
3519 2301 3572 2354 in
3587 2298 3777 2365 Deum;

2195 2385 2344 2443 furor
2361 2387 2506 2443 enim
2530 2398 2613 2444 est
2636 2405 2825 2462 magna
2849 2391 3014 2446 animi
3037 2393 3330 2456 commotio
3349 2394 3414 2448 ad
3440 2374 3780 2470 vindictam),

2195 2476 2402 2533 scilicet
2445 2478 2572 2548 quia
2623 2481 2772 2551 gravi
2819 2481 3125 2552 supplicio:
3161 2483 3359 2555 duplici
3402 2484 3547 2550 enim
3582 2483 3783 2552 contri-

2197 2570 2344 2624 tione
2375 2579 2726 2626 contereutur
2753 2571 2886 2644 (θεν.
2919 2574 3052 2645 xvn‘)
3084 2574 3173 2629 alii
3199 2565 3255 2629 in
3279 2575 3383 2641 ira,
3414 2583 3476 2630 ut
3503 2577 3596 2646 qui
3621 2590 3780 2648 supra

2197 2659 2607 2718 fundamentum
2655 2662 2777 2720 fidei
2829 2665 3233 2722 tediliCaverunt
3287 2651 3520 2740 lignum,
3573 2652 3778 2735 fenum,

2197 2753 2472 2822 stipulam,
2509 2754 2893 2822 salvabuntur;
2944 2758 3085 2828 quod
3127 2759 3206 2813 sic
3255 2766 3457 2826 tamen,
3487 2761 3645 2830 quasi
3689 2775 3784 2831 per

2200 2842 2373 2912 ignem
2391 2844 2440 2916 (ι
2457 2842 2577 2899 Cor.
2605 2845 2709 2916 in);
2730 2861 2763 2902 ο
2781 2847 3028 2912 {)omine,
3043 2858 3327 2919 antequam
3350 2851 3415 2905 ad
3431 2838 3781 2921 judicandum

2199 2934 2404 3001 venias,
2434 2936 2563 2990 dum
2597 2943 2807 3008 tempus
2832 2947 2916 2993 est
2945 2938 3352 3005 misericordiae,
3384 2941 3631 3009 miserere
3662 2943 3779 3009 mei,

2201 3027 2252 3081 id
2278 3037 2363 3083 est
2404 3029 2848 3098 misericorditer,
2893 3048 2981 3088 me
3027 3033 3117 3090 liic
3147 3035 3378 3104 corripe,
3421 3044 3476 3092 et
3509 3050 3648 3108 opus
3678 3018 3781 3112 est,

2198 3119 2447 3188 quoniam
2493 3120 2738 3191 inﬁrmus
2779 3139 2916 3178 sunt.
2965 3123 3237 3193 jDelictum
3311 3125 3474 3196 primi
3541 3128 3784 3206 parentis

2202 3227 2415 3293 ptenam
2439 3217 2710 3271 contraxit
2732 3233 2940 3302 magna:
2961 3218 3295 3284 inﬁrmitatis
3319 3222 3371 3276 in
3388 3239 3586 3280 omnes
3600 3232 3786 3309 poste—

2204 3321 2312 3360 ros.
2368 3305 2492 3362 Non
2532 3309 2669 3363 enim
2707 3312 2848 3381 quod
2883 3311 3018 3379 volo,
3060 3313 3157 3368 hoc
3207 3331 3338 3386 ago;
3384 3315 3474 3370 sed
3518 3305 3660 3388 quod
3695 3317 3785 3387 edi

2201 3398 2422 3467 malum,
2453 3400 2587 3455 illud
2617 3401 2757 3472 facio
2785 3403 2963 3474 (Rom.
2991 3406 3113 3476 vn).
3138 3437 3207 3447 —
3228 3405 3484 3477 Inﬁrmus
3514 3425 3656 3472 sum.
3682 3425 3786 3480 neu

2203 3492 2377 3545 solum
2413 3491 2474 3546 in
2507 3507 2752 3564 corpore,
2796 3497 2890 3565 sed
2933 3496 3095 3562 etiam
3136 3497 3190 3560 in
3225 3499 3424 3553 anima.
3453 3499 3524 3566 Et
3567 3500 3674 3570 hoc
3708 3510 3789 3576 est

2199 3582 2344 3653 quod
2387 3582 2566 3639 dicit:
2614 3584 2760 3641 Sana
2796 3605 2904 3656 nte,
2946 3589 3193 3656 Domine,
3239 3591 3330 3662 qui
3376 3606 3438 3662 es
3477 3592 3786 3666 animarum

2203 3674 2463 3742 medicus,
2498 3677 2744 3748 quoniam
2777 3680 3092 3736 conturbata
3127 3668 3256 3737 sunt.
3277 3700 3395 3743 ossa
3433 3700 3569 3752 mea,
3603 3685 3786 3750 idest,

2198 3766 2428 3824 virtutes
2455 3784 2575 3839 qua:
2609 3779 2740 3826 sunt
2761 3771 2953 3828 anima:
2979 3775 3147 3840 robur
3167 3775 3251 3831 vel
3275 3776 3631 3846 carnalitatis,
3659 3793 3788 3844 eon-

2201 3859 2428 3914 turbatm
2457 3869 2603 3926 sunt,
2633 3861 2685 3916 id
2714 3871 2820 3930 est,
2852 3863 3089 3922 confusa!
3130 3876 3185 3923 et
3219 3868 3519 3938 obscuratae
3543 3885 3612 3924 ex
3642 3869 3790 3940 inlir-

2197 3948 2386 4004 mitate
2432 3950 2522 4007 ilia
2561 3967 2721 4023 quam
2751 3969 2781 4009 a
2817 3956 2994 4026 primo
3034 3969 3259 4027 parente
3301 3961 3567 4030 contraxi.
3616 3961 3690 4033 Et
3722 3979 3790 4019 ne

2195 4041 2318 4131 quis
2344 4057 2468 4098 ossa
2505 4058 2764 4115 corporea
2794 4046 3082 4116 acciperet,
3113 4051 3331 4131 exponit
3367 4051 3494 4122 quid
3527 4067 3628 4123 per
3665 4068 3789 4120 ossa

2199 4130 2328 4186 velit
2371 4132 2694 4203 intelligere.
2747 4133 2818 4188 Et
2857 4138 3036 4192 anima
3077 4130 3192 4192 mea
3233 4139 3442 4206 turbata
3488 4133 3562 4196 est
3614 4141 3784 4205 valde.

2193 4223 2372 4280 Aliter
2413 4239 2431 4280 :
2478 4227 2602 4298 quia
2645 4228 2896 4304 infirmus
2941 4245 3058 4298 sum
3109 4231 3162 4285 in
3214 4247 3398 4310 carne,
3440 4228 3689 4310 infirmus
3733 4235 3784 4289 in

2194 4315 2526 4384 virtutibus,
2596 4318 2719 4374 ideo
2779 4319 2958 4376 anima
3021 4337 3140 4390 mea
3213 4309 3424 4390 turbata
3484 4334 3570 4382 est
3633 4327 3786 4397 valde

2196 4407 2264 4460 ad
2337 4410 2810 4478 eompnnctionem
2905 4420 2960 4484 et
3024 4414 3092 4482 ad
3167 4416 3444 4486 gemitum.
3521 4417 3585 4488 Et
3661 4419 3780 4493 quia

2194 4516 2295 4572 ego
2316 4501 2386 4556 ad
2414 4502 2790 4571 paenitentiam
2821 4495 3233 4575 turbatussum,
3263 4518 3320 4563 tu
3340 4552 3355 4576 ,
3391 4509 3614 4566 Domine
3635 4491 3676 4580 ,’
3697 4491 3785 4584 μέμ

2193 4612 2394 4673 queqno
2433 4596 2712 4652 turbaris?
2758 4607 2814 4654 et
2857 4601 3096 4671 quandiu
3141 4585 3590 4666 diﬂ‘ers'sauare?
3620 4583 3785 4674 Medi-,-

2198 4702 2294 4743 cus
2325 4697 2526 4758 πενοιο
2554 4687 2830 4744 conﬁtenti
2857 4705 3010 4756 suam
3055 4691 3425 4757 infirmitatem
3456 4698 3778 4760 medicinam

2195 4795 2394 4852 negare
2439 4795 2547 4836 non
2577 4779 2756 4837 debet.
2795 4781 2878 4839 Ne
2911 4784 3054 4839 ultra
3103 4788 3356 4855 turheris,
3394 4790 3477 4850 .vel
3514 4807 3581 4847 ne
3627 4791 3776 4861 dilic-

2197 4887 2284 4927 ras
2324 4872 2595 4938 misereri,
2628 4876 2806 4944 potius
2827 4887 3144 4944 convertere,
3173 4879 3433 4950 Domine;
3464 4883 3604 4938 sicut
3630 4861 3779 4940 aver-

2197 4982 2289 5022 sus
2313 4964 2461 5020 fuisti
2493 4968 2780 5033 avertenti,
2807 4967 2885 5024 ita
2909 4980 3225 5040 convertere
3251 4977 3607 5030 convertenti.
3641 4976 3776 5052 Deus

2199 5075 2298 5114 nec
2325 5058 2620 5126 avertitur,
2668 5075 2768 5116 nec
2814 5063 3188 5140 convertitur;
3223 5065 3316 5128 sed
3347 5065 3462 5136 ejus
3495 5071 3776 5140 conversio

2197 5151 2564 5207 miserationis
2606 5160 2688 5208 est
2719 5155 2980 5221 ostensio,
3009 5155 3148 5219 sicut
3171 5139 3386 5232 aversio
3411 5136 3532 5232 cum
3565 5135 3776 5233 miseri-

2195 5243 2394 5300 cordia:
2438 5242 2710 5298 subtrahit
2749 5260 2987 5300 manum.
3030 5245 3098 5301 Et
3146 5249 3284 5332 eripe
3311 5231 3772 5336 animam-meam,

2195 5333 2490 5390 hatrentem
2543 5335 2797 5406 vepribus
2857 5336 3152 5392 carnalium
3205 5339 3645 5404 delectationum.
3712 5333 3777 5400 Et

2195 5437 2443 5498 ereptum
2481 5426 2683 5482 salvam
2707 5445 2788 5509 me
2817 5429 2921 5512 fac,
2958 5431 3022 5504 id
3071 5433 3268 5508 est,_d_a
3317 5439 3773 5514 perseverantiam

2193 5517 2252 5562 in
2279 5519 2423 5560 "‘“‘“
2472 5527 2531 5564 1η
2561 5519 2734 5572 bonus
2766 5523 3007 5574 mmilCilS
3038 5524 3126 5570 nni
3177 5535 3425 5568 cunni-nn
3470 5542 3775 5596 nnnscrva‘.
