3986 5566
244 418 347 489 ηδ

1390 402 1923 461 ENAllllATlONES
1961 399 2027 455 IN
2063 397 2400 456 [‘SALMOS.

3412 392 3437 447 l
3450 389 3517 446 74

242 548 454 593 memor
491 532 592 589 sim
625 530 722 594 tui,
757 529 808 584 id
851 536 953 593 est,
986 537 1049 582 ut
1095 524 1306 581 laudem
1341 534 1412 580 te.
1461 524 1594 579 Nam
1650 525 1695 580 si
1726 524 1830 581 hoc
1857 526 1903 585 Α
1933 520 2179 592 lacrymis
2210 518 2336 573 meis
2359 513 2720 573 exterioribus
2756 512 2955 585 rigabo,
3000 511 3145 568 velut
3180 512 3418 578 hortum,
3458 522 3521 567 ⁵ιιι

237 644 347 686 non
397 627 613 692 feceris,
650 642 755 681 non
784 623 1033 679 laudabo.
1069 620 1200 675 Nam
1229 637 1324 675 ero
1372 620 1426 674 in
1473 627 1667 681 morte,
1700 618 1827 687 quia

236 740 346 778 non
366 732 442 777 est
466 722 519 776 in
543 730 705 775 morte
729 720 818 791 qui
846 733 1043 772 memor
1064 717 1130 777 sit
1153 716 1229 769 tui
1255 713 1306 784 (1
1340 714 1480 768 Petr.
1511 712 1593 783 n).
1619 712 1791 767 Aliter
1814 730 1827 766 :

236 813 364 869 Ideo
390 813 560 868 libera
594 810 801 867 scilicet
829 809 1061 863 animam
1104 822 1279 861 meam
1312 821 1342 859 a
1388 804 1697 860 carnalibus
1736 803 1830 858 dc-

237 907 479 970 sideriis,
514 920 633 975 quae
660 904 897 958 militant
943 902 1201 957 adversus
1250 915 1369 954 eam
1395 939 1409 964 ,
1467 898 1749 969 quoniam,
1783 896 1828 969 si

236 1012 348 1055 non
378 996 601 1066 eripias,
655 992 986 1049 interlicient
1034 1006 1143 1055 me,
1176 990 1229 1045 id
1280 998 1385 1053 est,
1434 986 1769 1058 separabunt
1800 1001 1829 1040 a

239 1100 312 1155 te,
346 1090 437 1161 qui
468 1105 527 1144 es
550 1088 657 1143 vita
683 1103 832 1153 mea;
862 1094 917 1141 et
968 1085 1011 1141 si
1046 1094 1315 1147 mortuus,
1350 1098 1456 1139 non
1487 1096 1582 1135 ero
1624 1092 1833 1133 memor

239 1184 343 1248 tui,
370 1192 429 1237 ut
462 1182 679 1255 redeam
729 1181 799 1251 ad
848 1178 1229 1253 paenitentiam
1260 1191 1367 1249 per
1411 1173 1831 1230 confessionem.

236 1274 364 1330 ldeo
407 1281 530 1345 post
585 1258 986 1339 eruditionem,
1048 1270 1101 1325 id
1149 1277 1253 1334 est,
1285 1275 1409 1341 post
1455 1266 1833 1340 paenitentiam

236 1380 537 1437 conserva,
587 1378 657 1420 ne
703 1365 897 1437 iterum
922 1363 1148 1434 lapsus,
1192 1357 1246 1415 in
1303 1358 1629 1431 profundum
1676 1359 1837 1423 vitio-

240 1475 361 1512 rum
417 1458 691 1523 recidam,
726 1457 817 1513 ubi
861 1455 973 1526 jam
1023 1454 1461 1526 desperatioest.
1513 1452 1581 1507 Et
1616 1451 1720 1506 hoc
1755 1458 1839 1519 est

235 1550 384 1621 quod
430 1550 597 1605 dicit:
633 1548 700 1605 In
729 1548 937 1618 inferno
965 1558 1138 1603 autent
1171 1546 1287 1618 quis
1337 1542 1791 1614 conﬁtebiturtibi
1813 1541 1839 1595 2’

234 1641 449 1697 Aliter:
488 1642 628 1713 eripe
670 1640 902 1695 animam
952 1656 1142 1717 meam,
1185 1638 1277 1693 sed
1311 1637 1469 1693 modo
1517 1636 1644 1692 dum
1698 1643 1839 1690 tem-

237 1751 343 1808 pus
389 1743 473 1791 est
503 1733 904 1797 misericordiar,
957 1747 1025 1787 ne
1072 1732 1126 1786 in
1173 1730 1412 1803 peccatis
1463 1726 1688 1791 moriar,
1714 1725 1841 1799 quia

240 1832 297 1886 in
333 1840 505 1885 morte
536 1845 640 1885 non
670 1836 752 1885 est
780 1829 871 1900 qui
902 1842 1111 1885 memor
1142 1826 1214 1883 sit
1240 1824 1315 1879 tui
1347 1824 1414 1879 ad
1440 1821 1837 1897 ptenitentiam.

240 1922 311 1976 In
336 1923 542 1991 inferno
570 1932 741 1977 autem
786 1923 901 1993 quis
933 1919 1267 1988 conﬁtebitur
1297 1918 1410 1983 tibi,
1450 1917 1537 1983 ita
1586 1924 1645 1969 ut
1674 1929 1840 1973 exau-
1868 1902 1916 1963 Β

255 2016 421 2069 dias?
456 2005 663 2069 Nullus.
711 2013 787 2069 lbi
816 2013 959 2067 enim
982 2009 1324 2079 infructuosa
1353 2018 1435 2064 est
1495 2006 1836 2081 poenitentia,

241 2116 299 2161 ut
338 2106 486 2161 illius
524 2106 725 2171 divitis,
762 2105 923 2159 Pater
950 2104 1240 2168 Abraham,
1269 2101 1511 2171 miserere
1554 2097 1656 2153 mei
1686 2096 1839 2169 (Luc.

186 2181 196 2187 ’
241 2202 378 2267 xu).
429 2197 525 2261 Vel
556 2198 914 2267 conﬁtebitur,
963 2196 1015 2251 id
1054 2204 1176 2265 est,
1232 2192 1421 2255 nullus
1470 2189 1709 2259 laudabit
1764 2199 1839 2257 te.

241 2289 456 2345 Aliter:
491 2288 631 2360 eripe
659 2329 673 2353 ,
722 2285 923 2342 salvum
976 2302 1069 2355 me
1112 2284 1246 2361 fac:
1274 2282 1398 2351 quia
1454 2296 1560 2353 non
1610 2295 1733 2355 sum
1776 2277 1840 2353 in

240 2393 442 2451 morte,
481 2382 531 2437 id
573 2391 693 2445 est,
746 2380 801 2436 in
846 2379 1285 2455 perseveratione
1341 2375 1593 2448 peccati,
1644 2382 1706 2447 et
1760 2371 1836 2447 tui

243 2484 577 2546 contemptu.
635 2473 890 2529 Peccator
937 2489 1055 2537 cum
1109 2473 1163 2527 in
1227 2470 1549 2543 profundum
1620 2466 1842 2541 venerit,

243 2570 526 2643 contemnit
558 2565 741 2639 (Prov.
772 2565 953 2639 xvru).
992 2563 1147 2643 Quod
1192 2562 1417 2637 ostendo
1464 2576 1562 2639 per
1580 2558 1691 2631 hoc
1720 2555 1848 2627 quia

243 2680 453 2720 memor
486 2680 605 2721 sum
638 2662 734 2729 tui,
782 2663 833 2718 id
866 2671 968 2733 est,
988 2663 1127 2739 quia
1179 2676 1277 2719 oro
1325 2659 1391 2725 ad
1442 2668 1494 2713 te
1527 2676 1539 2710 :
1571 2654 1714 2725 quod
1746 2665 1850 2723 per

240 2771 553 2827 repugnans
583 2755 810 2810 ostendo
838 2772 853 2809 :
887 2753 1011 2823 Non
1040 2753 1185 2809 enim
1212 2762 1285 2807 est
1323 2751 1376 2813 in
1408 2758 1578 2821 morte
1620 2746 1707 2817 qui
1740 2759 1851 2809 me»

246 2865 362 2901 mor
389 2848 457 2901 sit
508 2848 606 2901 tui.
640 2848 750 2918 Ego
778 2846 900 2903 dico
934 2846 1077 2918 quod
1112 2862 1225 2921 ,non
1282 2843 1383 2909 situ
1416 2842 1688 2917 inmune,
1728 2835 1851 2907 ideo

244 2940 371 3009 quia
411 2954 619 3015 memor
661 2955 780 2995 sum
814 2938 924 3004 τιυὶ,
974 2938 1065 3009 qui
1100 2939 1165 2997 in
1199 2936 1411 3005 inferno
1436 2932 1623 3003 multo
1672 2927 1852 3001 minus

244 3052 364 3091 sum
386 3053 405 3089 :
436 3036 491 3088 in
518 3036 744 3111 inferno,
797 3035 850 3091 id
868 3045 983 3101 ,eSt,
1014 3035 1067 3092 iu
1117 3032 1513 3111 desperatione,
1537 3042 1656 3107 qua:
1682 3021 1854 3085 omni-

244 3131 349 3184 bus
371 3129 618 3200 peccatis
648 3127 871 3187 inferior
896 3137 999 3183 est.
1021 3127 1172 3196 Quod
1192 3125 1428 3201 ostendo
1458 3138 1551 3194 per
1575 3113 1854 3195 homullia

246 3223 514 3278 confiteor
538 3222 629 3276 tibi
675 3221 953 3283 miseriam
1000 3236 1200 3286 meam,
1234 3224 1604 3289 .etpeccatum
1652 3223 1850 3271 meum,

1932 622 2113 683 aptum
2156 613 2251 667 ﬂat
2278 609 2611 666 fructificare
2644 608 2752 663 Deo
2779 626 2790 661 :
2825 606 2910 661 vel
2941 621 3137 677 corpus
3178 614 3407 661 stratum
3438 605 3519 660 di—

1932 706 2092 771 citur,
2122 706 2249 775 quia
2292 706 2359 759 ab
2408 703 2622 758 infirmo
2675 702 2855 765 animo
2893 701 3045 757 varie
3089 709 3356 755 versatur.
3389 696 3521 753 Uni-

1931 814 2133 853 versum
2162 806 2387 850 stratum
2419 795 2532 867 ejus
2558 794 2771 849 versasti
2795 793 2849 846 in
2868 793 3176 862 inﬁrmitate
3205 791 3318 863 ejus
3345 790 3518 850 (Psal.

1932 891 2045 964 ιι).
2123 890 2282 946 Tanti
2325 889 2524 945 laboris
2599 902 2819 957 causam
2857 884 3080 942 subdit:
3140 883 3405 939 Turbatus
3441 893 3519 938 est

1933 985 2117 1043 oculus
2160 1002 2334 1051 meus,
2373 984 2425 1040 id
2470 992 2591 1048 est,
2628 983 2768 1037 ratio
2816 980 2902 1037 vel
2952 994 3143 1035 mens:
3179 968 3269 1033 ille
3309 977 3525 1032 scilicet

1934 1080 2125 1137 oculus
2162 1080 2252 1150 qui
2308 1078 2493 1133 multis
2543 1076 2914 1149 corporalibus
2959 1074 3131 1132 oculis
3162 1074 3376 1147 dignior
3420 1082 3521 1129 est.

1936 1174 2099 1229 Ratio
2143 1173 2288 1229 enim
2332 1172 2642 1227 discernere
2674 1171 2804 1227 facit
2832 1168 2973 1225 mala
3003 1185 3032 1224 a
3076 1168 3525 1235 bonis,'damna-

1937 1266 2137 1321 tionem
2186 1279 2215 1317 a
2268 1262 2582 1319 salvatione.
2640 1261 2736 1317 llla
2785 1262 3065 1327 turbatur,
3115 1276 3239 1317 cum
3286 1259 3524 1314 futuram

1942 1359 2343 1416 damnationem
2380 1355 2662 1427 praevidet,
2703 1363 2758 1410 et
2784 1370 2884 1409 nos
2918 1354 3063 1409 illam
3100 1352 3363 1408 meruisse
3397 1366 3531 1407 con-

1941 1454 2163 1508 siderat.
2194 1452 2239 1523 ᾼ
2272 1452 2477 1524 furore,
2527 1451 2581 1506 id
2629 1460 2741 1517 est,
2774 1468 2803 1507 a
2847 1451 3193 1517 damnatione
3240 1449 3406 1521 futuri
3442 1448 3532 1539 ju-

1941 1546 2067 1600 dicii
2110 1545 2162 1601 in
2189 1552 2421 1600 octava:
2454 1545 2537 1600 vel
2574 1562 2604 1599 a
2648 1544 2845 1614 furore,
2894 1543 2948 1599 id
2994 1552 3111 1609 est,
3155 1557 3314 1615 ptena
3366 1556 3528 1613 quam

1944 1640 2240 1712 accipimus
2267 1641 2317 1694 in
2342 1640 2517 1711 primo
2542 1651 2768 1711 parente
2797 1658 2811 1695 :
2839 1639 2924 1705 vel
2954 1658 2985 1695 a
3019 1640 3220 1710 furore,
3249 1639 3373 1711 quia
3420 1654 3531 1711 non

1944 1734 1997 1789 in
2040 1734 2455 1793 mansuetudine
2485 1742 2538 1788 et
2580 1732 2841 1805 patientia
2866 1732 3050 1804 judico
3080 1743 3135 1787 et
3158 1731 3209 1785 in
3246 1748 3339 1799 me
3371 1739 3425 1785 et
3474 1729 3527 1783 in

1946 1826 2088 1894 aliis,
2139 1827 2233 1883 sed
2266 1827 2316 1881 in
2351 1827 2449 1881 ira.
2485 1826 2609 1881 ldeo
2641 1826 2867 1882 interior
2894 1825 3083 1881 oculus
3140 1826 3389 1893 turbatus
3424 1833 3525 1887 est,

1945 1938 2175 1979 cernens
2222 1922 2470 1989 furorem
2519 1930 2669 1976 tuum
2708 1929 2994 1975 venturum
3041 1920 3092 1973 in
3139 1929 3349 1974 octava.
3395 1916 3531 1997 Quia

1944 2015 2222 2070 inveteravi
2278 2014 2416 2068 inter
2469 2030 2644 2081 omnes
2693 2013 2933 2084 inimicos
2977 2028 3137 2077 meos.
3198 2008 3313 2066 Non
3360 2008 3534 2063 solum

1944 2108 2207 2173 veteravi,
2238 2106 2331 2169 sed
2372 2106 2534 2171 etiam
2584 2105 2897 2171 inveteravi,
2932 2105 2993 2169 id
3022 2112 3146 2172 est,
3201 2102 3354 2158 valde
3382 2088 3535 2173 vetus

1948 2198 2123 2267 factus
2179 2215 2295 2265 sum
2340 2214 2443 2281 per
2480 2197 2929 2259 consuetudinem
2973 2206 3028 2251 et
3062 2196 3531 2269 perseverantiam

1947 2300 2292 2365 peccatorum
2323 2291 2674 2357 interomnes
2702 2290 2956 2357 inimicos
2993 2306 3161 2351 meos.
3189 2288 3260 2344 ita
3312 2299 3369 2343 ut
3420 2304 3535 2357 om-

1948 2384 2095 2453 nium
2131 2391 2485 2463 peccatorum
2536 2397 2723 2449 eorum
2752 2381 3024 2454 particeps
3066 2380 3249 2445 factus
3276 2381 3398 2436 sim.
3439 2379 3533 2447 Vel

1947 2476 2245 2541 inveteravi,
2285 2475 2337 2530 id
2375 2484 2480 2542 est,
2521 2474 2613 2546 qui
2646 2476 2951 2539 membrum
2982 2474 3105 2539 novi
3132 2474 3367 2539 hominis
3414 2488 3535 2539 esse.

1950 2583 2219 2642 coeperam
2242 2582 2347 2639 per
2385 2567 2544 2629 ﬁdem
2586 2576 2640 2623 ct
2693 2568 3082 2639 innocentiam,
3114 2567 3174 2631 in
3232 2567 3534 2635 membrum

1950 2660 2149 2715 veteris
2170 2652 2415 2727 heminis
2440 2660 2694 2731 redactus
2727 2661 2869 2716 inter
2888 2675 3077 2723 omnes
3108 2659 3358 2727 inimicos
3386 2674 3537 2731 meos

1951 2760 2174 2817 utunus
2198 2751 2305 2815 sim
2337 2751 2579 2819 omnium
2632 2760 3024 2829 peccatorum,
3068 2751 3159 2825 qui
3200 2751 3334 2819 mihi
3383 2751 3536 2822 prius

1955 2842 2159 2910 inimici
2198 2841 2444 2913 fuerunt.
2487 2843 2585 2915 Vel
2628 2843 2931 2910 inveteravi,
2962 2844 3013 2900 id
3067 2852 3171 2911 est,
3213 2843 3388 2913 factus
3415 2860 3536 2911 sum

1952 2945 2011 3003 ut
2036 2934 2193 3001 valde
2232 2946 2388 3009 vetus
2418 2935 2845 3003 vestimentum,
2877 2936 3020 3008 quod
3066 2951 3165 2992 nec
3204 2936 3330 3013 lusui
3360 2978 3375 3004 ,
3437 2950 3538 3011 nec

1955 3038 2277 3097 ornamento
2310 3038 2491 3105 aptum
2548 3036 2653 3099 est,
2680 3029 2816 3093 mihi
2873 3030 3009 3099 usui,
3066 3028 3323 3085 Ecclesia:
3376 3044 3539 3083 orna-

1958 3132 2141 3189 mento
2190 3139 2287 3193 per
2310 3123 2643 3187 doctrinam.
2700 3122 2900 3189 Fidelis
2951 3123 3133 3189 anima
3176 3122 3540 3193 considerans

1961 3230 2209 3284 magnam
2260 3214 2355 3281 Dei
2390 3216 2823 3270 misericordiam
2860 3216 2961 3287 qui
2999 3215 3128 3270 dicit
3162 3232 3173 3269 :
3206 3214 3348 3281 Nolo
3401 3231 3541 3297 mor:

248 3332 357 3370 nou
395 3324 566 3369 tuum.
610 3312 747 3369 Nam
794 3314 915 3384 quiis
962 3313 1280 3393 desperatus
1332 3307 1675 3367 conﬁtebitur
1728 3303 1845 3379 tibi,
1878 3277 1921 3338 Ο
1960 3315 2063 3361 tem
2101 3308 2422 3387 peccatoris,
2457 3309 2549 3361 sed
2590 3317 2649 3379 ut
2688 3308 2862 3380 magis
2901 3317 3250 3379 convertatur
3277 3318 3332 3363 et
3363 3290 3541 3389 vivaté

249 3407 303 3462 id
357 3415 462 3477 cst,
494 3406 561 3479 ad
594 3406 853 3461 honorem
889 3414 1060 3479 tuum,
1112 3414 1163 3461 te
1213 3399 1545 3465 removendo
1584 3414 1615 3452 a
1664 3396 1845 3467 culpa,

252 3498 400 3552 sicut
432 3513 531 3569 ego
584 3496 764 3552 facio?
798 3497 851 3552 In
900 3496 1274 3575 desperatione
1314 3492 1460 3549 enim
1487 3489 1672 3573 positi,
1717 3502 1848 3553 con-

252 3589 483 3655 fitentur
512 3588 804 3660 aliquando
830 3598 1052 3665 peccata
1093 3602 1189 3653 sua
1237 3601 1343 3639 non
1396 3582 1515 3647 tibi,
1566 3580 1659 3647 sed
1713 3594 1846 3635 cou-

255 3689 347 3734 tra
383 3689 457 3745 te,
493 3696 614 3735 cum
643 3679 830 3735 dicunt
870 3695 927 3733 se
962 3678 1096 3733 tales
1122 3693 1152 3731 a
1182 3687 1234 3731 te
1264 3675 1436 3731 creari
1465 3673 1738 3735 debuisse,
1789 3677 1849 3725 ut

254 3787 487 3842 peccare
532 3787 642 3827 non
694 3781 936 3841 possent,
966 3778 1020 3825 et
1046 3770 1126 3825 sic
1175 3770 1407 3840 quodam
1466 3766 1624 3821 modo
1670 3778 1727 3819 sc
1758 3761 1849 3847 ‘ju-

253 3864 371 3919 ςωε
390 3863 664 3932 judicent,
688 3870 745 3918 et
768 3870 827 3918 te
872 3869 1151 3916 accusant.
1194 3859 1405 3914 Atliter:
1438 3858 1599 3927 eripe,
1648 3855 1845 3921 libera,

254 3955 385 4026 quia
419 3970 522 4010 non
550 3971 669 4011 sum
698 3955 751 4010 in
800 3963 994 4014 morte.
1038 3955 1094 4009 id
1124 3960 1228 4020 est,
1277 3967 1380 4007 non
1427 3965 1548 4004 sum
1578 3957 1850 4003 mortuum

255 4049 586 4115 membrum,
631 4049 721 4105 cui
757 4065 865 4105 non
910 4056 995 4104 est
1034 4063 1170 4118 opus
1209 4046 1495 4103 medicina.
1539 4043 1675 4111 Quia
1735 4058 1852 4098 me-

257 4160 381 4199 mor
410 4160 530 4199 sum
558 4144 660 4211 tui,
700 4144 751 4200 id
780 4154 882 4221 est,
932 4144 1321 4201 misericordia:
1349 4151 1450 4198 tum
1477 4157 1743 4214 cognosco
1802 4147 1855 4196 le

258 4235 556 4301 medicum,
589 4252 860 4307 cognosco
893 4245 944 4291 te
984 4236 1412 4299 misericordem,
1448 4249 1546 4305 ego
1592 4231 1727 4293 dixi.
1762 4231 1854 4287 Li-

258 4327 412 4393 bera,
441 4326 643 4382 salvum
706 4346 786 4382 me
807 4328 892 4398 fac
959 4338 1167 4399 propter
1209 4328 1625 4381 misericordiam
1669 4336 1847 4391 tuam;

256 4428 312 4473 et
352 4426 534 4473 tamen
566 4419 618 4472 in
671 4414 947 4489 quantum
978 4419 1150 4483 valeo,
1205 4418 1326 4473 volo
1365 4418 1685 4488 promereri.
1718 4416 1855 4484 Quia

258 4506 499 4563 laboravi
519 4509 577 4562 in
600 4512 796 4581 gemitu
827 4527 957 4575 meo,
987 4511 1045 4564 id
1082 4519 1181 4574 est,
1234 4510 1474 4565 studiose
1515 4510 1772 4581 iugcmui,
1802 4520 1857 4565 et

260 4619 369 4659 non
402 4604 578 4659 solum
630 4604 913 4671 laboravi,
970 4603 1153 4659 lavabo
1177 4620 1268 4674 per
1297 4603 1531 4675 singulas
1565 4613 1737 4677 noctes
1781 4604 1855 4659 le-

260 4708 401 4751 ctum
426 4714 597 4751 meum
622 4711 640 4750 :
667 4698 879 4773 lavabo,
906 4697 960 4752 id
999 4705 1104 4762 est,
1144 4696 1440 4765 purificabo
1466 4708 1562 4765 per
1598 4698 1853 4767 gemitum

263 4787 462 4843 lectum
496 4805 704 4853 meum,
732 4789 783 4844 id
815 4798 913 4851 est,
969 4789 1359 4845 conscientiam
1405 4803 1601 4854 meam,
1651 4789 1858 4845 scilicet

263 4883 443 4938 omnia
476 4882 564 4937 illa
598 4882 896 4937 etnendaho
927 4899 1046 4954 (iure
1072 4882 1214 4937 intus
1258 4880 1527 4937 commisi.
1562 4880 1855 4953 Conscien-

266 4975 337 5029 tia
386 4974 658 5045 accipitur
692 4991 788 5046 pro
844 4975 1006 5039 lecto,
1055 4975 1178 5045 quia
1216 4974 1289 5029 ibi
1336 4976 1565 5044 quisque
1605 4974 1856 5044 quiescit,

265 5068 315 5122 id
354 5079 463 5132 est,
500 5070 772 5123 consentit
812 5068 897 5124 vel
920 5068 1028 5139 legi
1068 5067 1183 5135 Dei,
1238 5067 1319 5123 vel
1361 5056 1471 5139 legi.
1494 5069 1699 5138 peccati
1729 5088 1741 5123 :
1776 5067 1857 5124 vel

265 5162 387 5231 quia
422 5162 499 5217 ibi
542 5169 625 5216 est
642 5159 912 5230 justorum
962 5163 1198 5232 requies.
1231 5161 1312 5216 Ad
1352 5162 1453 5215 hoc
1483 5162 1627 5217 enim
1658 5177 1857 5234 purga-

268 5259 354 5307 tur
380 5270 411 5308 a
435 5253 693 5327 sordibus
729 5254 1003 5331 vitiorum,
1053 5264 1113 5308 ut
1142 5254 1213 5309 ibi
1265 5254 1334 5309 sit
1386 5253 1598 5323 placida
1637 5263 1689 5311 et
1727 5244 1861 5325 pura

269 5345 423 5425 quies
460 5344 683 5415 animm.
717 5346 817 5402 Per
844 5346 1079 5418 singulas
1108 5359 1304 5415 noctes,
1346 5335 1410 5401 id
1448 5356 1559 5414 est,
1608 5334 1715 5425 per,
1747 5350 1860 5405 sin-

269 5426 423 5515 gulas
472 5437 651 5509 malas
694 5441 1087 5512 cogitationes;
1122 5441 1205 5496 vel
1236 5441 1427 5496 lectum
1460 5458 1652 5511 meum,
1685 5443 1735 5499 id
1759 5452 1859 5517 est,

1031 5532 1068 5552 n

1117 5550 1126 5560 ι
1152 5534 1380 5566 -ῙυαηιῙηιι
1410 5543 1585 5566 iinnlnn
1656 5536 1704 5566 ἶ..
1757 5547 1835 5566 no!

1954 3409 2045 3453 et:
2078 3382 2131 3465 lu
2179 3415 2504 3473 quacunque
2534 3400 2621 3456 die
2644 3409 2900 3476 peccator
2928 3416 3221 3465 conversus
3272 3382 3548 3477 ingeniine:-

1954 3493 2045 3557 rit,
2077 3480 2258 3563 salvus
2300 3493 2405 3549 erit
2444 3490 2660 3565 (Ezeclt.
2702 3494 2892 3565 xvm);
2942 3502 3064 3563 post
3117 3494 3544 3569 verantpecc’ati

1956 3586 2348 3645 confessionem
2388 3603 2494 3655 non
2528 3587 2739 3642 dubitat
2766 3602 2823 3642 se
2865 3587 3199 3657 exauditam,
3240 3588 3314 3663 ita
3361 3587 3537 3649 exsul-

1959 3679 2119 3747 tando
2149 3679 2335 3745 dicens
2372 3697 2384 3733 :
2412 3679 2703 3751 'Exaudivit
2734 3677 2993 3737 Dominus
3030 3697 3199 3751 vocem
3226 3681 3384 3759 ﬂetus
3422 3680 3543 3753 mei.

1955 3768 2033 3823 lta
2087 3778 2143 3824 et
2178 3784 2296 3835 vos,
2332 3770 2645 3845 quicunque
2680 3770 2919 3835 exaudiri
2961 3769 3152 3835 vultis,
3178 3770 3311 3835 date
3357 3760 3543 3845 vocem

1956 3859 2133 3915 fletus.
2171 3862 2277 3916 Vos
2317 3871 2496 3918 autem
2527 3861 2933 3934 quioperamini
2969 3862 3319 3937 iniquitatem,
3352 3861 3402 3917 id
3437 3871 3540 3939 est,

1957 3955 2333 4025 quiconfiteri
2378 3971 2452 4017 ea
2504 3972 2609 4012 nou
2662 3955 2846 4027 vultis,
2882 3955 2975 4017 sed
3028 3956 3079 4011 in
3110 3956 3190 4019 eis
3218 3972 3548 4028 persevera-

1959 4050 2047 4113 tis,
2078 4048 2342 4119 Discedite
2370 4066 2402 4102 α
2426 4065 2505 4102 me
2534 4049 2622 4119 hic
2661 4047 2967 4117 affectione,
2992 4058 3114 4120 post
3145 4032 3324 4117 autem
3349 4060 3403 4104 et
3427 4064 3549 4125 cor-

1959 4158 2111 4216 pore,
2159 4143 2367 4198 Scilicet
2396 4142 2447 4197 in
2501 4151 2715 4199 octava.
2755 4142 3017 4215 Ostendat
3076 4143 3347 4223 quonion
3382 4158 3548 4207 exau-

1960 4234 2068 4288 dita
2108 4233 2179 4288 sit
2217 4250 2229 4286 :
2264 4230 2549 4287 Exaudivit
2592 4232 2847 4288 Dominus
2891 4235 3307 4307 deprecationem
3350 4250 3548 4313 meam,

1960 4342 2080 4394 quae
2107 4324 2208 4380 fuit
2248 4341 2347 4397 pro
2383 4326 2621 4397 peccatis
2651 4345 2664 4382 :
2694 4335 2752 4391 ut
2780 4327 2933 4397 illud,
2989 4326 3231 4390 Domine,
3268 4344 3329 4380 ne
3363 4328 3415 4379 in
3461 4328 3548 4396 fu-

1962 4437 2075 4485 rore
2105 4430 2214 4489 tuo.
2243 4452 2313 4483 e—
2334 4420 2591 4495 Dominus
2618 4422 2909 4491 orationem
2935 4438 3102 4479 meam
3133 4424 3379 4493 suscepit,
3405 4422 3553 4478 scili-

1961 4521 2045 4567 cet
2084 4527 2203 4582 qua:
2250 4510 2361 4583 fuit
2398 4528 2501 4591 pro
2516 4512 2929 4589 perseverantia
2973 4513 3027 4568 in
3075 4513 3235 4581 bono,
3267 4523 3339 4579 ,ut
3378 4514 3547 4575 illud:

1962 4602 2175 4673 Salvum
2208 4620 2285 4657 me
2306 4603 2632 4675 [acpropter
2671 4604 3085 4669 misericordiam
3110 4615 3290 4679 tuam.
3319 4635 3388 4645 -κ
3409 4606 3553 4669 Eat,-

1965 4695 2172 4749 bescant
2224 4705 2270 4748 et
2326 4694 2699 4765 conturbantur
2746 4696 3068 4763 vehementer
3106 4714 3290 4763 omnes
3342 4698 3551 4769 inimici

1964 4791 2086 4845 mei.
2140 4789 2252 4847 lloc
2278 4799 2462 4862 potest
2500 4791 2611 4867 legi
2662 4793 2793 4849 etin
2828 4794 3065 4861 bonum,
3104 4802 3166 4855 _et
3210 4795 3269 4861 in
3324 4793 3548 4861 malum,

1965 4877 2020 4935 lu
2053 4881 2275 4963 bonum,
2305 4882 2380 4943 ita
2414 4896 2428 4936 :
2460 4885 2586 4955 quia
2616 4900 2721 4961 ego
2752 4901 2855 4957 per
2879 4885 3317 4957 erubescendum
3362 4902 3554 4958 peccas

1969 4982 2143 5043 lorum
2178 4985 2234 5033 et
2278 4975 2494 5053 dignam
2546 4978 3019 5051 coutpuuctitttlcm
3048 4979 3305 5049 exaudiri
3346 4976 3555 5045 ,merui,

1969 5065 2088 5120 ideo
2129 5065 2322 5127 hortor
2363 5083 2551 5139 omnes
2580 5070 2828 5129 inimicos
2850 5085 3028 5137 meos,
3068 5080 3125 5133 ut
3162 5077 3560 5140 recognoscant

1970 5166 2186 5231 peccata
2224 5176 2354 5229 sua,
2408 5159 2479 5229 ad
2541 5177 2699 5239 quem
2730 5161 2899 5229 finem
2940 5161 3191 5225 tendant.
3250 5159 3385 5225 Nam
3433 5157 3557 5223 ﬁnis

1972 5250 2184 5309 illorum
2222 5272 2375 5325 ,mors
2404 5264 2491 5319 est
2535 5255 2713 5328 (Rom.
2757 5254 2858 5329 Vt).
2900 5253 2978 5325 Et
3010 5253 3337 5323 erubescant
3378 5263 3441 5313 ξε
3491 5264 3559 5319 8.8

1970 5354 2336 5427 PCTDQlI‘BSSe,
2378 5357 2435 5417 et
2476 5360 2599 5425 post
2631 5345 3014 5415 uerecundiam
3059 5344 3455 5415 conturbentur
3488 5341 3564 5411 ad

1968 5441 2450 5517 compunctionem
2480 5448 2535 5496 et
2556 5438 2976 5517 paenitentiam;
3008 5442 3410 5505 ραιιυρηααιμη
3456 5433 3565 5501 sci-

1978 5531 2094 5566 "nol
2130 5534 2193 5566 ηιξ
2228 5534 2510 5566 nn|\\:nllm
2540 5553 2552 5566 ο
2587 5543 2637 5566 nl
2674 5533 2972 5566 Διηηιιθερηηθ
3047 5542 3151 5566 nn“
3467 5525 3566 5566 91L
