4026 6416
466 498 571 564 ns

1106 489 1367 553 liliillGll
1405 485 2062 548 aNuss‘tooottEuSIs‘
2101 474 2251 543 Opp.
2288 472 2465 541 rans
2505 485 2643 539 1.-
2677 478 3088 540 EXEGETICA.

3644 472 3748 542 176

466 621 566 687 tio,
596 617 690 674 sed
735 610 1078 687 prophetatio
1126 621 1183 667 et
1225 608 1422 665 divina:
1471 606 1755 663 sententias
1799 611 2053 676 aggratu-
2085 609 2130 666 Α
2161 597 2263 653 nisi
2290 596 2484 667 quibus
2508 595 2766 650 Dominus
2790 598 3025 650 revelare
3049 592 3245 657 voluit;
3272 600 3331 647 ut
3357 590 3524 648 illud:
3552 592 3750 663 Mysteo

467 712 597 768 latio
633 717 735 773 est,
767 722 892 762 cum
932 703 1168 760 viderint
1202 716 1302 756 nos
1332 714 1458 756 esse
1508 699 1562 752 in
1608 696 1803 769 gloria,
1852 695 2045 750 dicen-

467 815 592 863 tes:
623 803 697 859 Hi
733 812 855 859 sunt
888 816 1020 873 quos
1057 796 1335 864 habuimus
1376 794 1431 848 in
1468 792 1647 849 derisu
1686 789 1836 863 (Sap.
1886 788 1963 861 v),
2000 797 2055 845 et

467 896 938 956 conturbabuntur
960 892 1155 947 timore
1183 901 1400 959 magno,
1449 885 1503 942 id
1527 892 1614 941 est
1649 884 2005 940 vehementer
2036 898 2050 935 :

467 997 839 1048 convertantur
864 994 1055 1059 postea
1105 983 1174 1039 ad
1195 979 1488 1037 videndum
1529 992 1629 1034 sua
1672 984 1966 1042 tormenta,
2000 983 2049 1029 et

470 1090 601 1141 unc
643 1079 952 1136 erubescant
979 1059 1181 1134 {eterna
1205 1071 1624 1139 erubescentia;
1674 1077 1733 1126 et
1780 1069 1885 1126 hoc
1904 1067 2055 1123 valde

497 1171 737 1238 eiociter,
767 1169 823 1227 id
851 1177 956 1234 est,
987 1167 1108 1225 sine
1134 1164 1411 1223 dilatione.

1023 1278 1346 1339 PSALMUS
1394 1279 1505 1335 Ἧι.

469 1394 526 1445 ,κ
570 1391 735 1438 "REI
790 1390 1029 1433 ηΑιιυε
1078 1388 1269 1440 Μνιι),
1321 1385 1465 1436 ρυιειι
1521 1384 1790 1426 (ΞΑΝΤΑἮΤ
1856 1382 2056 1425 υοιωο

810 1462 914 1504 PRO
948 1460 1138 1502 VERBIS
1173 1459 1325 1500 CHUSI
1363 1456 1493 1497 ῖιιιιι
1529 1455 1727 1496 JEIINI.

547 1561 569 1597 s
612 1539 844 1598 Domine
869 1538 1016 1596 Deus
1043 1552 1219 1603 meus,
1261 1536 1315 1591 in
1350 1543 1404 1590 te
1445 1533 1689 1605 speravi;
1722 1530 1932 1588 salvum
1966 1545 2054 1585 mc

476 1655 497 1691 s
544 1634 632 1693 fac
669 1650 737 1692 ex
784 1632 1040 1690 omnibus
1090 1625 1543 1702 persequentibus
1606 1639 1723 1691 me,
1776 1632 1833 1679 et
1882 1622 2054 1678 libera

477 1745 500 1782 s
541 1742 651 1784 me.
683 1723 981 1797 Nequando
1006 1722 1183 1794 rapiat
1223 1729 1284 1775 ut
1311 1717 1397 1774 leo
1421 1716 1660 1772 animam
1701 1730 1900 1782 meam,
1928 1714 2055 1770 dum

480 1838 501 1875 ι
549 1834 657 1899 non
692 1827 778 1873 est
820 1817 914 1888 qui
961 1814 1213 1879 redimat,
1265 1827 1441 1882 neque
1479 1809 1571 1882 qui
1608 1807 1818 1865 salvum
1867 1805 2052 1861 faciat.

478 1929 500 1967 ι
545 1897 775 1970 Domine
800 1909 945 1965 Deus
991 1923 1165 1974 meus,
1192 1906 1239 1963 si
1268 1904 1373 1962 feci
1414 1904 1579 1970 istud,
1611 1902 1656 1958 si
1686 1909 1771 1957 est
1797 1897 2057 1969 iniquitas

2158 692 2295 745 rium
2325 707 2358 744 a
2402 688 2608 745 saxulis
2653 687 3013 741 absconditum
3050 683 3295 756 apostolis
3338 683 3574 738 revelavit
3606 683 3752 739 Deus

2154 801 2247 857 per
2272 782 2474 838 Filium
2495 800 2650 838 suum
2684 779 2823 853 (Col.
2849 797 2886 847 ι,
2913 778 3051 851 Eph.
3071 779 3180 846 In),
3207 779 3308 834 hoc
3330 786 3413 834 est
3437 777 3563 831 illud
3584 776 3755 832 silen-

2161 878 2317 944 tium,
2360 875 2503 947 quod
2548 875 2764 931 caecitas
2803 889 2868 930 ex
2921 880 3076 944 parte
3117 870 3341 943 contigit
3383 871 3438 925 in
3474 869 3662 933 Israel,
3692 874 3758 926 nt

2162 969 2442 1042 plenitudo
2470 968 2709 1040 gentium
2749 967 2975 1021 intraret
2999 962 3294 1036 (Ronan),
3320 973 3375 1019 et
3410 963 3556 1034 quod
3586 960 3760 1020 ludas

2157 1071 2214 1118 et
2234 1061 2377 1132 quod
2401 1058 2661 1115 Iudaicus
2682 1057 2908 1130 populus
2930 1055 3148 1112 molitus
3169 1063 3255 1111 est
3273 1055 3341 1110 ad
3362 1054 3572 1109 ruinam
3595 1053 3759 1110 unius

2156 1151 2259 1207 hoc
2288 1151 2441 1206 ﬁeret
2460 1151 2528 1205 ad
2551 1148 2905 1204 salvationem
2929 1145 3238 1200 multorum.
3264 1142 3460 1200 Jemini
3488 1143 3761 1212 interpre-

2158 1250 2303 1298 tatur
2336 1242 2540 1307 dexter,
2570 1237 2884 1312 signiﬁcans
2910 1237 3180 1302 dextrum,
3222 1236 3276 1292 id
3316 1243 3419 1303 est,
3459 1233 3761 1306 propitium

2156 1334 2325 1391 Deum
2352 1334 2456 1389 hoc
2480 1332 2755 1388 silentium
2785 1345 2906 1387 esse
2936 1337 3241 1401 operatum.

2226 1425 2500 1495 Psalmus,
2527 1426 2582 1481 id
2607 1434 2692 1482 est
2718 1425 2860 1481 bona
2882 1424 3151 1495 operatio,
3176 1422 3243 1478 de
3264 1436 3370 1492 qua
3396 1421 3487 1477 hic
3512 1420 3760 1493 psalmus

2158 1520 2291 1591 agit,
2319 1528 2404 1575 est
2428 1518 2621 1583 David,
2653 1517 2707 1572 id
2733 1525 2817 1572 est
2839 1514 3067 1587 perfecti
3093 1515 3287 1582 ﬁdelis,
3313 1515 3405 1586 qui
3436 1523 3520 1571 est
3546 1515 3613 1571 de
3640 1530 3764 1569 cor-

2156 1628 2288 1685 pore
2313 1611 2481 1667 David
2502 1610 2709 1667 scilicet
2733 1609 3004 1665 tendentis
3027 1608 3079 1662 in
3108 1605 3293 1673 ﬁnem,
3325 1607 3379 1661 id
3399 1616 3484 1662 est
3508 1606 3561 1660 in
3601 1603 3765 1660 Chri-

2158 1713 2323 1763 stum.
2357 1703 2526 1771 Quem
2567 1702 2849 1774 psalmum,
2880 1701 2936 1756 id
2958 1709 3230 1771 estquam
3261 1700 3458 1754 bonam
3486 1697 3765 1768 operatio-

2163 1812 2309 1863 nem,
2346 1808 2403 1851 et
2446 1795 2602 1865 quasi
2633 1794 2926 1865 gratiarum
2971 1792 3239 1848 actionem
3279 1790 3531 1855 cantavit,
3564 1789 3621 1844 id
3658 1797 3765 1855 est,

2159 1886 2499 1945 exsultanter
2519 1893 2775 1956 operatus
2796 1891 2900 1951 est,
2924 1882 3175 1949 Domino,
3204 1882 3255 1937 id
3277 1890 3380 1951 est,
3405 1879 3471 1934 ad
3496 1880 3764 1936 honorem

478 2022 503 2062 ο
546 2004 605 2062 in
654 2001 904 2058 manibus
944 1999 1115 2066 meis,
1150 1970 1211 2054 si
1254 1995 1460 2053 reddidi
1504 1989 1927 2050 retribuentibus
1957 1987 2060 2043 mi-

2179 1977 2398 2044 Domini,
2427 1994 2520 2049 pro
2552 1977 2742 2042 verbis,
2774 1976 2827 2031 id
2852 1982 2955 2041 est,
2998 1972 3347 2039 revelatione,
3378 1970 3560 2038 Chusi,
3601 1971 3658 2027 id
3685 1978 3771 2027 est

480 2115 501 2151 s
548 2097 604 2153 hi
650 2094 817 2161 mala,
854 2092 1103 2149 decidam
1146 2088 1343 2144 merito
1382 2087 1450 2142 ab
1501 2082 1737 2140 inimicis
1773 2081 1911 2136 meis
1944 2080 2060 2135 ina-

479 2206 502 2243 s
544 2188 651 2245 nis.
681 2187 1050 2257 Persequatur
1074 2180 1326 2237 inimicus
1357 2178 1599 2234 animam
1638 2189 1814 2231 meam
1839 2180 1896 2228 et
1916 2186 2059 2227 com.

481 2298 503 2334 ι
547 2277 882 2351 prehendat,
928 2282 986 2331 et
1031 2270 1312 2328 conculcet
1360 2269 1416 2324 in
1461 2278 1607 2323 terra
1652 2264 1819 2319 vitam
1862 2276 2059 2323 meam,

482 2388 504 2424 s
546 2377 605 2427 et
628 2367 854 2440 gloriam
885 2378 1064 2421 meam
1093 2361 1149 2417 in
1194 2358 1470 2432 pulverem
1497 2356 1748 2412 deducat.
1796 2351 2061 2422 Exsurge,

481 2479 504 2518 α
551 2462 798 2528 Domine,
827 2460 881 2516 in
908 2459 988 2515 ira
1014 2467 1127 2523 tua,
1161 2463 1218 2511 et
1240 2454 1485 2511 exaltare
1509 2453 1563 2507 in
1590 2450 1790 2506 ﬁnibus
1818 2446 2064 2503 inimico-

485 2571 507 2609 s
552 2571 672 2611 rum
712 2567 976 2610 meorum.
1022 2550 1090 2605 Et
1133 2560 1365 2619 exsurge
1389 2586 1405 2613 ,
1459 2544 1688 2602 Domine
1722 2543 1864 2598 Deus
1890 2554 2061 2604 meus,

484 2668 506 2706 ι
550 2647 606 2704 in
648 2652 920 2718 pmcepto
944 2642 1088 2713 quod
1129 2637 1419 2705 mandasti,
1459 2644 1514 2693 et
1546 2648 1817 2706 synagoga
1844 2629 2068 2704 populo-

484 2760 507 2798 s
550 2755 673 2800 rum
709 2733 1069 2796 circumdabit
1096 2740 1166 2790 te.
1199 2730 1267 2787 Et
1292 2737 1512 2802 propter
1538 2727 1680 2781 hanc
1708 2724 1763 2780 in
1789 2723 1959 2778 altum
1987 2737 2067 2777 re-

485 2853 507 2890 s
551 2828 1109 2906 gredere:Dominus
1144 2822 1385 2895 iudicat
1416 2819 1661 2894 populos.
1706 2816 1899 2874 Judica
1956 2830 2067 2880 me,

483 2946 508 2984 ι
552 2925 803 2991 Domine,
845 2919 1143 2979 secundum
1164 2915 1434 2987 justitiam
1462 2926 1660 2977 meam,
1687 2917 1743 2966 et
1769 2906 2067 2965 secundum

487 3040 510 3076 s
552 3016 921 3078 innocentiam
985 3026 1164 3069 meam
1203 3023 1368 3080 super
1414 3020 1522 3062 me.
1565 3003 1927 3061 Consumetur
1971 3012 2069 3053 ne-

488 3132 511 3169 s
554 3112 724 3185 quitia
744 3115 1113 3182 peccatorum,
1140 3110 1196 3159 et
1216 3097 1652 3174 dirigesjustum,
1680 3101 1933 3152 scrutatis
1953 3105 2070 3148 cor-

489 3226 512 3263 s
555 3206 624 3264 da
645 3214 702 3261 et
735 3216 894 3260 renes
924 3200 1087 3257 Deus.
1108 3195 1323 3253 Justum
1362 3191 1686 3261 adjutorium
1710 3202 1890 3245 meum
1910 3201 1943 3241 a
1964 3186 2072 3241 Do-

2161 2070 2383 2136 silentii,
2412 2069 2536 2141 quia
2576 2069 2830 2140 dignatus
2867 2074 2953 2123 est
2987 2065 3039 2122 ei
3068 2065 3312 2121 revelare
3349 2063 3627 2145 qupmodo
3670 2077 3765 2135 per

2162 2162 2541 2227 humilitatem,
2582 2167 2638 2216 et
2682 2159 3046 2215 obedientiam
3087 2155 3395 2228 superbiam
3442 2154 3588 2210 illius
3630 2170 3766 2211 con-

2165 2255 2347 2321 trivit,
2402 2252 2494 2323 qui
2551 2266 2650 2323 per
2700 2249 3011 2322 superbiam
3068 2248 3303 2319 primum
3358 2255 3646 2318 parentem
3703 2244 3769 2301 de

2164 2347 2413 2420 paradiso
2438 2342 2635 2414 dejecit
2657 2383 2673 2410 ,
2713 2343 2983 2413 quomodo
3002 2350 3218 2409 cantet,
3254 2340 3523 2413 quomodo
3564 2341 3771 2411 gratias

2165 2445 2290 2511 agat
2311 2452 2410 2508 pro
2437 2435 2539 2490 hac
2574 2433 3015 2489 manifestatione
3042 2432 3324 2503 sequentia
3361 2430 3557 2503 psalmi
3583 2439 3771 2486 osten—

2166 2531 2320 2595 dunt,
2349 2530 2441 2586 ubi
2466 2528 2705 2585 ostendit
2732 2544 2791 2585 se
2819 2528 2938 2600 ejus
2975 2528 3337 2585 humilitatem
3364 2537 3419 2584 ct
3445 2527 3767 2598 patientiam

2170 2625 2394 2693 imitari,
2429 2625 2614 2681 dicens
2643 2641 2656 2678 :
2690 2622 2756 2681 Si
2785 2623 2885 2693 feci
2927 2622 3090 2690 istud,
3126 2618 3430 2690 etc.'Quod
3458 2621 3631 2677 Chusi
3672 2618 3771 2676 fuit

2170 2717 2316 2772 ﬁlius
2340 2714 2559 2781 Jemini,
2594 2713 2648 2769 id
2669 2725 2773 2779 est,
2807 2716 2949 2782 quod
2973 2713 3250 2770 silentium
3288 2715 3556 2787 processit
3585 2733 3617 2770 a
3648 2731 3771 2787 pro-

2170 2808 2303 2881 pitio
2340 2807 2476 2875 Deo,
2520 2807 2644 2862 ideo
2676 2804 2766 2872 illi~
2798 2806 2993 2860 merito
3038 2807 3245 2878 gratias
3290 2808 3421 2878 agit.
3454 2807 3551 2863 Est
3588 2819 3772 2863 autem

2172 2899 2401 2956 intentio
2437 2897 2722 2969 Propheta:
2749 2896 2804 2951 in
2845 2896 2949 2952 hoc
2979 2896 3188 2968 psalmo
3213 2900 3504 2954 ostendere
3535 2899 3774 2970 qualiter

2174 2994 2405 3064 quisque
2431 2990 2706 3063 perfectus
2736 3003 2795 3044 se
2819 2989 3101 3045 custodire
3133 2990 3347 3047 debeat.
3381 2990 3597 3059 Quanto
3626 2991 3771 3048 enim

2174 3084 2404 3155 quisque
2433 3079 2743 3153 perfectior,
2786 3086 2933 3135 tanto
2959 3080 3172 3135 cautior
3201 3080 3362 3137 debet
3386 3096 3525 3145 esse,
3564 3082 3774 3137 scilicet

2177 3188 2452 3245 nunquam
2482 3170 2707 3227 remisse
2737 3182 2919 3241 agere,
2951 3171 3077 3242 quia
3115 3172 3217 3228 etsi
3256 3172 3559 3228 exteriores
3591 3173 3775 3229 hostes

492 3318 513 3356 ι
560 3299 731 3365 mino,
759 3295 851 3368 qui
896 3293 1076 3351 salvos
1121 3288 1255 3345 facit
1295 3295 1473 3343 rectos
1514 3282 1696 3341 corde.
1731 3281 1874 3336 Deus
1905 3277 2071 3349 judex
2108 3356 2146 3368 Α
2172 3266 2284 3340 jam
2320 3265 2470 3332 vicit,
2517 3266 2586 3321 ab
2619 3265 2872 3322 interiori
2911 3266 3067 3320 hoste
3112 3271 3292 3320 tamen
3332 3264 3637 3319 cavendum
3674 3273 3773 3329 est,

492 3413 514 3450 ι
552 3356 965 3468 ἱιιειιιέ,’ΐοι-ιίε
1001 3395 1057 3443 et
1099 3383 1345 3458 patiens,
1394 3377 1636 3450 nunquid
1682 3376 1947 3431 irascetur
1980 3385 2076 3441 per
2102 3356 2148 3419 C
2179 3381 2248 3421 ne
2289 3379 2385 3436 per
2433 3363 2741 3436 superbiam
2789 3359 3024 3432 dejiciat.
3072 3358 3227 3428 Quod
3275 3360 3461 3415 vitium
3509 3358 3680 3415 etiam
3724 3358 3773 3412 in

490 3507 513 3545 s
552 3450 798 3559 singulos
854 3481 1008 3539 dies?
1059 3450 1172 3535 Nisi
1224 3473 1476 3533 conversi
1533 3468 1780 3534 fueritis,
1839 3463 2076 3537 gladium
2181 3456 2481 3513 benefactis
2524 3454 2811 3513 :avendum
2849 3462 2953 3520 est,
2992 3461 3048 3508 et
3081 3451 3316 3523 qualiter
3344 3450 3464 3506 aliis
3495 3466 3555 3506 se
3587 3465 3774 3506 exem-

492 3543 514 3636 i
748 3574 987 3631 viirabit
1015 3590 1029 3626 :
1062 3584 1248 3626 arcum
1287 3581 1445 3623 suum
1492 3561 1739 3625 tetendit,
1779 3566 1836 3613 et
1871 3555 2080 3627 paravit
2180 3547 2325 3619 plum
2356 3547 2592 3617 prazbeat
2616 3545 2889 3618 patientia:
2910 3553 2966 3599 et
2995 3543 3337 3608 humilitatis,
3366 3543 3666 3599 imocando
3687 3559 3778 3599 au-

494 3688 515 3724 s
559 3669 729 3725 illum.
760 3666 833 3722 Et
858 3665 914 3721 in
948 3679 1015 3719 eo
1040 3660 1253 3735 paravit
1282 3673 1411 3713 vasa
1450 3654 1666 3720 mortis,
1701 3652 1927 3722 sagittas
1956 3663 2083 3705 suas

495 3781 518 3818 s
565 3759 884 3817 ardentibus
908 3754 1109 3812 effecit.
1135 3753 1277 3808 Ecce
1305 3747 1542 3822 parturit
1575 3743 1917 3815 injustitiam,
1953 3755 2085 3797 con-

498 3872 519 3908 s
561 3852 705 3923 cepit
759 3850 1001 3907 dolorem
1030 3887 1048 3915 ,
1100 3853 1156 3902 et
1208 3842 1419 3915 peperit
1467 3838 1827 3910 iniquitatem.
1879 3834 2081 3890 Lacmn

499 3963 521 4000 s
562 3942 774 4017 aperuit
799 3949 857 3998 et
887 3937 1072 3996 etl‘odit
1101 3951 1246 4002 eum,
1286 3943 1342 3990 et
1378 3932 1567 3988 incidit
1599 3930 1651 3986 in
1679 3927 1893 3985 foveam
1921 3940 2083 3997 quam

503 4056 524 4093 s
568 4037 716 4095 fecit.
757 4035 1114 4091 Convertetur
1147 4028 1300 4086 dolor
1334 4024 1450 4097 ejus
1478 4026 1531 4080 in
1577 4032 1741 4094 caput
1768 4022 1907 4092 ejus,
1945 4028 2000 4075 et
2028 4019 2082 4073 in

501 4149 523 4187 ι
567 4130 829 4187 verticem
851 4126 1021 4199 ipsius
1042 4122 1297 4194 iniquitas
1317 4119 1434 4190 ejus
1448 4115 1757 4175 descendet.
1777 4113 2085 4169 Conﬁtebor

502 4243 524 4279 s
566 4221 799 4280 Domino
818 4216 1116 4276 secundum
1130 4213 1398 4286 justitiam
1411 4211 1546 4283 ejus,
1571 4218 1625 4264 et
1637 4207 1865 4281 psallam
1882 4205 2085 4262 nomini

503 4333 524 4369 ι
565 4310 781 4371 Domini
805 4306 1076 4366 altissimi.
1111 4326 1130 4360 ι

1067 4393 1516 4454 ENARRATIO.

570 4496 638 4551 In
683 4496 839 4566 ﬁnem
885 4491 1119 4565 psalmus
1156 4489 1350 4556 David,
1398 4505 1550 4563 quem
1599 4487 1826 4543 cantavit
1862 4484 2090 4540 Domino

498 4604 595 4659 pro
620 4586 784 4642 verbis
810 4584 972 4640 Chusi
994 4582 1093 4653 ﬁlii
1112 4580 1306 4637 Jemini
1335 4578 1422 4653 (II
1437 4577 1565 4652 Reg.
1595 4596 1683 4636 xvr
1703 4588 1750 4634 et
1779 4577 1933 4650 xvii).
1957 4576 2091 4633 Cum

2183 3636 2370 3692 xilium
2393 3636 2513 3702 Dei,
2538 3645 2593 3691 et
2615 3634 2977 3691 humilitatem
3004 3642 3058 3689 et
3075 3631 3341 3703 justitiam
3374 3633 3466 3689 Dei
3490 3632 3774 3690 imitando.

2456 3747 2576 3804 Vox
2608 3749 2822 3820 perfecti
2848 3759 2970 3804 ante
2996 3748 3276 3803 adventum
3297 3746 3515 3804 Christi.

2255 3861 2498 3928 Domine,
2539 3860 2692 3931 cujus
2733 3876 2951 3917 servum
2979 3876 3066 3917 me
3095 3861 3350 3928 exhibeo,
3378 3860 3434 3916 in
3463 3871 3514 3916 te
3552 3862 3775 3934 sperari,

2185 3970 2294 4011 non
2333 3954 2388 4009 in
2430 3968 2537 4019 me,
2578 3968 2686 4007 non
2726 3951 2779 4007 in
2820 3950 2923 4007 alia
2962 3966 3022 4007 re
3049 3966 3065 4005 :
3092 3950 3236 4019 ideo,
3272 3952 3400 4022 quia
3435 3961 3492 4007 tu
3533 3965 3594 4008 es
3636 3951 3777 4007 Deus

2184 4062 2351 4110 meus,
2380 4060 2487 4101 non
2514 4059 2638 4116 ego,
2669 4053 2730 4099 ut
2757 4042 2941 4098 infelix
2972 4042 3062 4098 ille
3082 4043 3290 4113 primus
3319 4058 3536 4114 parens,
3569 4050 3632 4098 et
3651 4042 3777 4112 quia

2187 4137 2239 4192 in
2265 4146 2317 4192 te
2334 4134 2569 4205 speravi,
2590 4133 2791 4188 salvum
2812 4149 2893 4187 me
2912 4132 3000 4203 fac
3013 4149 3078 4187 ea:
3097 4134 3336 4188 omnibus
3353 4132 3778 4204 persequentibus

2187 4242 2292 4281 me.
2324 4222 2609 4295 Superatis
2632 4222 2778 4277 vitiis
2805 4220 3079 4288 omnibus,
3105 4220 3310 4276 salvum
3340 4238 3419 4277 me
3449 4222 3558 4292 fac,
3591 4222 3648 4278 id
3674 4230 3777 4288 est,

2188 4316 2396 4372 custodi
2428 4330 2515 4370 me
2540 4313 2596 4369 in
2617 4328 2746 4368 arce
2774 4312 3031 4367 virtutum
3052 4312 3168 4383 jam
3205 4312 3462 4369 locatum.
3495 4311 3778 4382 Superatis

2188 4408 2440 4465 omnibus
2488 4406 2634 4462 vitiis
2683 4404 2994 4461 carnalibus
3019 4444 3036 4471 ,
3089 4384 3259 4459 mente
3297 4405 3465 4461 servio
3502 4404 3606 4477 legi
3648 4404 3777 4473 Dei,

2190 4515 2346 4554 carne
2386 4509 2561 4553 autem
2603 4496 2703 4567 legi
2747 4498 2945 4568 peccati
2985 4494 3173 4567 (Rom.
3217 4496 3351 4568 vn).
3403 4495 3625 4566 Semper
3654 4511 3777 4552 caro

2192 4592 2508 4664 concupiscit
2540 4590 2788 4645 adversus
2818 4590 3076 4661 spiritum,
3121 4588 3334 4659 spiritus
3369 4589 3622 4653 adversus
3658 4605 3778 4644 car-

499 4676 756 4734 Absalom
785 4681 1201 4747 persequeretur
1234 4670 1423 4737 David,
1461 4678 1580 4726 erat
1616 4670 1834 4741 quidam
1859 4667 2073 4723 Achilo-

2194 4701 2311 4740 nem
2360 4681 2504 4757 (Gal.
2550 4683 2626 4754 v).
2681 4681 2964 4753 Nunquam
3021 4680 3175 4737 bonis
3217 4679 3356 4737 bella
3394 4680 3608 4737 desunt.
3654 4680 3780 4736 ideo

500 4765 628 4837 phel
649 4763 800 4834 cujus
819 4762 958 4820 dolis
976 4761 1596 4817 instruebaturadomne
1615 4757 2084 4827 malum.Quidam
2117 4757 2223 4832 νο
2272 4776 2519 4842 nomine,
2563 4792 2668 4831 non
2727 4789 2856 4846 meo
2900 4783 2960 4829 ιη
2988 4790 3096 4829 mm
3141 4774 3214 4830 εει
3250 4772 3423 4831 fomes
3456 4775 3669 4845 peccati
3726 4775 3776 4830 in

504 4867 687 4914 autem
711 4855 898 4921 Chusi,
925 4853 1131 4909 amicus
1158 4851 1347 4918 David,
1374 4852 1604 4908 contulit
1625 4867 1683 4907 se
1711 4849 1777 4906 ad
1807 4850 2083 4916 Absalom,

503 4958 566 5007 ut
584 4948 765 5007 omnia
782 4946 1005 5004 consilia
1023 4945 1342 5017 Achitophel
1365 4945 1733 5017 investigaret,
1755 4954 1810 4999 et
1828 4959 1891 4999 ea
1915 4943 2086 4998 David

501 5043 777 5116 proderet,
826 5048 886 5095 ut
924 5053 1048 5095 eum
1091 5045 1310 5093 cautum
1346 5035 1555 5093 faceret
1599 5036 1666 5091 de
1694 5034 1785 5090 illa
1827 5049 2087 5104 persecu-

507 5137 673 5193 tione.
722 5133 803 5190 De
848 5131 953 5189 illis
1003 5130 1244 5188 consiliis
1292 5144 1400 5186 non
1454 5129 1667 5184 videtur
1715 5128 1805 5184 hic
1850 5126 2089 5198 psalmus

509 5246 667 5303 agere
692 5247 706 5285 :
735 5236 792 5287 et
815 5227 938 5284 ideo
960 5228 1028 5283 ab
1051 5225 1279 5282 historia
1303 5225 1371 5280 ad
1396 5223 1716 5296 mysterium
1743 5231 2086 5279 revocantur.

508 5319 828 5394 Achitophel
873 5319 1260 5391 interpretatur
1309 5316 1492 5387 fratris
1552 5316 1711 5370 ruina
1750 5330 1769 5370 :
1822 5313 2092 5385 signiﬁcat

507 5420 688 5467 autem
727 5410 941 5478 ludam,
968 5409 1061 5480 qui
1102 5407 1303 5465 Christi
1345 5407 1579 5473 ruinam,
1624 5406 1677 5462 id
1718 5412 1802 5462 est
1840 5415 2090 5472 mortem,

507 5501 799 5557 meditatus
822 5509 927 5567 est,
967 5499 1061 5571 qui
1098 5499 1338 5554 omnium
1367 5496 1730 5568 apostolorum
1771 5494 1996 5551 fratrem
2036 5510 2095 5551 se

508 5593 810 5651 nominavit
848 5611 863 5648 :
913 5591 1091 5660 Vade,
1132 5593 1218 5647 dic
1259 5590 1512 5663 fratribus
1552 5590 1678 5644 meis
1715 5589 1911 5662 (Joan.
1964 5589 2091 5660 xx).

510 5683 677 5742 Chusi
715 5683 979 5739 silentium
1017 5686 1424 5755 interpretatur,
1466 5682 1778 5755 signiﬁcans
1820 5683 2094 5752 dispenso-

511 5777 711 5833 tionem
752 5774 918 5842 illam,
948 5790 1052 5845 qua
1091 5791 1219 5831 usus
1261 5785 1345 5832 est
1384 5776 1527 5831 Deus
1566 5774 1725 5830 Pater
1764 5791 1861 5845 per
1898 5773 2093 5831 Filium

513 5882 670 5924 suum
699 5866 766 5922 ad
800 5865 1221 5936 redemptionem
1260 5867 1472 5937 generis
1511 5867 1750 5921 humani.
1789 5867 1941 5933 Quod
1968 5884 2091 5925 cum

515 5957 689 6028 ﬁeret,
736 5955 1067 6032 incognitum
1105 5971 1226 6018 erat
1267 5977 1279 6015 :
1318 5966 1374 6017 et
1412 5958 1586 6016 adhuc
1619 5967 1702 6016 est
1739 5961 2087 6038 incognitum,

2085 6068 2093 6076 ι

912 6111 938 6130 δ

2192 4885 2420 4942 corpore
2455 4883 2595 4935 meo,
2639 4869 2735 4924 sed
2784 4883 2977 4939 precor
3022 4876 3082 4922 ut
3115 4883 3223 4922 non
3256 4876 3443 4939 regnet
3471 4867 3544 4923 ibi
3583 4882 3778 4939 pecca-

2194 4973 2326 5018 tum.
2366 4960 2582 5016 Salvum
2604 4977 2685 5015 me
2706 4960 2811 5031 fac,
2846 4968 2906 5015 ut
2943 4959 3161 5015 animus
3189 4974 3341 5015 meus
3369 4958 3618 5029 imperet,
3649 4971 3779 5013 caro

2193 5057 2397 5112 serviat
2420 5074 2435 5110 :
2459 5053 2545 5110 vel
2568 5053 2769 5109 salvum
2788 5070 2872 5108 me
2892 5052 2978 5124 fac
2997 5068 3063 5107 ea:
3092 5052 3331 5107 omnibus
3350 5050 3778 5122 persequentibus

2193 5166 2295 5205 me.
2324 5148 2516 5205 Omnes
2543 5148 2632 5219 qui
2660 5146 2835 5202 volunt
2857 5147 2940 5217 pie
2966 5146 3135 5200 vivere
3170 5146 3225 5199 in
3255 5141 3464 5198 Christo
3496 5142 3626 5198 Iesu
3664 5156 3780 5213 per-

2194 5243 2514 5298 secutionem
2559 5243 2835 5312 patiuntur
2864 5238 2952 5311 (II
2982 5237 3116 5292 Tim.
3146 5237 3265 5310 in);
3296 5238 3417 5294 ideo
3457 5234 3661 5291 salvum
3699 5249 3779 5289 me

2194 5333 2301 5404 fac,
2338 5334 2393 5390 id
2418 5341 2525 5399 est,
2556 5331 2642 5388 fac
2667 5346 2754 5388 me
2787 5338 3126 5387 constantem
3153 5330 3209 5385 in
3260 5328 3575 5393 virtutibus,
3605 5335 3665 5382 ut
3686 5339 3778 5383 eo-

2197 5440 2319 5480 rum
2342 5433 2397 5480 et
2425 5424 2600 5479 minas
2641 5431 2698 5479 et
2742 5421 3034 5477 blanditias
3061 5427 3415 5476 contemnere
3444 5417 3673 5474 valeam.
3707 5413 3777 5470 Et

2197 5512 2362 5569 libera
2400 5530 2504 5579 me,
2531 5529 2639 5568 non
2669 5514 2737 5569 ab
2784 5513 2889 5569 illis
2919 5526 3057 5582 quos
3086 5510 3201 5582 jam
3231 5508 3529 5581 superavit,
3563 5506 3660 5564 sed
3689 5521 3775 5561 ne-

2197 5604 2409 5676 quando
2447 5605 2618 5675 rapiat
2675 5614 2730 5658 ut
2775 5603 2855 5658 leo
2899 5602 3132 5656 animam
3177 5616 3368 5655 nteant.
3429 5598 3615 5655 Oratio
3662 5597 3778 5651 hac

2197 5696 2559 5766 perfectorum
2590 5705 2694 5761 est,
2726 5696 2816 5765 qui
2843 5693 3007 5749 solius
3030 5692 3229 5747 diaboli
3254 5691 3478 5746 insidias
3509 5693 3775 5750 metuunt,

2197 5787 2309 5858 qui,
2345 5787 2616 5857 superatis
2656 5785 2906 5840 omnibus
2947 5784 3114 5849 vitiis,
3152 5782 3315 5837 etiam
3346 5782 3398 5836 in
3437 5782 3577 5836 bene
3619 5774 3777 5833 factis

2199 5879 2469 5933 timendus
2492 5887 2594 5944 est,
2624 5894 2693 5932 ne
2726 5893 2825 5946 per
2857 5875 3164 5947 superbiam
3191 5891 3222 5929 a
3246 5873 3480 5929 culmine
3517 5872 3775 5925 virtutum

2196 5970 2415 6045 dejiciat
2441 5987 2455 6026 :
2487 5970 2759 6045 nequando
2789 5969 2957 6041 rapiat
2997 5968 3226 6022 animum
3250 5981 3439 6033 nteant,
3468 5962 3620 6040 quasi
3648 5958 3777 6023 alie-

2104 6057 2261 6099 L33“.
2282 6062 2357 6099 ηδε

1944 6069 2015 6099 ‹;·
2035 6069 2261 6108 ὲ,,τλε“⁷ἵ’¹“ι

2020 6110 2028 6121 ⁸
2190 6113 2203 6128 ι
