4026 6382
291 357 411 418 177

1435 362 1963 423 ENARRATIONES
2002 365 2067 421 IN
2102 364 2437 423 PSALMOS.

3475 355 3578 421 478

291 496 441 536 nam
498 490 551 538 et
598 496 702 537 non
755 496 926 546 snam,
969 482 1060 537 sed
1098 490 1241 538 tuam
1285 499 1467 547 ovem,
1501 486 1589 540 ille
1616 486 1706 555 qui
1738 494 1904 539 estut
1936 490 1980 547 Α
2010 485 2064 538 in
2109 485 2299 553 ﬁnibus
2344 486 2673 540 inimicorum
2720 500 2973 547 meorum,
3020 481 3071 537 id
3117 489 3217 545 εει,
3256 480 3311 536 in
3351 479 3457 535 illis
3487 479 3576 548 qui

291 570 414 635 leo,
456 574 671 629 scilicet
716 572 872 630 fortis
915 585 969 629 et
1005 575 1386 645 insuperabilis
1422 577 1522 630 nisi
1572 592 1601 630 a
1652 587 1719 631 te.
1751 577 1905 632 Unde

291 660 447 715 illud
480 681 495 717 :
526 662 785 719 Inimicus
817 676 980 719 vester
1016 666 1257 720 diabolus
1300 676 1549 735 tauquam
1578 669 1655 720 leo
1697 669 1904 737 rugiens

290 752 532 818 circuit,
561 772 800 827 qutrrens
839 773 987 827 quem
1031 758 1236 812 devoret
1268 757 1321 827 (Ι
1352 755 1496 811 Petr.
1526 760 1599 828 v).
1638 758 1771 812 Dum
1800 776 1902 813 non

287 852 381 897 est
403 847 511 914 qui
538 848 759 901 redimat
787 849 887 903 nisi
922 858 997 913 tu,
1027 850 1092 904 ad
1116 851 1215 905 hoc
1236 850 1377 920 quod
1408 851 1771 914 dixit,Libera
1802 871 1902 908 me.

294 934 511 1005 Neque
556 938 647 1007 qui
691 938 894 994 salvum
924 940 1106 1008 faciat,
1146 942 1212 995 ad
1258 941 1410 1008 illud,
1454 941 1654 996 salvum
1683 960 1766 997 me
1796 945 1901 1013 fac.

290 1023 547 1081 Domine
578 1028 716 1083 Deus
743 1046 908 1084 meus.
959 1030 1083 1086 Hice
1132 1032 1379 1101 repetitio
1430 1048 1497 1087 ex
1540 1048 1731 1104 magna
1774 1033 1905 1090 affe-

292 1118 505 1175 ctione
552 1129 657 1175 est.
689 1120 747 1177 Si
793 1123 892 1192 feci
915 1124 1075 1177 istud.
1116 1123 1192 1178 Ac
1225 1124 1267 1179 si
1298 1124 1438 1179 dicat
1471 1139 1485 1178 :
1518 1124 1597 1179 Tu
1625 1126 1788 1180 debes
1818 1143 1905 1182 me

294 1212 613 1278 redimere,
661 1223 716 1268 tu
749 1216 912 1270 debes
948 1215 1153 1270 salvum
1202 1216 1397 1280 facere,
1432 1218 1557 1289 quia
1603 1219 1746 1273 sensi
1778 1219 1901 1273 illud

293 1305 463 1374 quod
513 1305 648 1361 mihi
701 1307 972 1373 revelasti,
1021 1316 1075 1363 et
1111 1309 1428 1379 inquantum
1478 1310 1649 1374 valeo,
1703 1311 1902 1365 imitari

293 1394 530 1449 studeo.
571 1394 649 1449 Tu
676 1397 933 1453 obediens
985 1398 1129 1454 Patri
1170 1399 1340 1465 fuisti,
1368 1412 1744 1470 persecutores
1785 1413 1903 1457 tuos

294 1484 600 1540 humiliter
641 1487 902 1555 tolerasti,
945 1490 1083 1545 bona
1128 1507 1228 1561 pro
1272 1493 1430 1548 malis
1480 1494 1759 1549 reddidisti
1794 1513 1806 1549 :
1849 1502 1904 1549 et

296 1593 413 1650 ego
465 1582 663 1637 si'btec
708 1584 888 1637 omnia
942 1600 1049 1639 non
1086 1586 1388 1651 observavi,
1423 1602 1527 1641 non
1576 1588 1675 1642 sim
1710 1588 1904 1659 dignus

298 1685 483 1740 quem
510 1672 766 1726 redimas.
800 1672 1022 1728 Domine
1059 1674 1201 1731 Deus
1237 1694 1403 1745 meus,
1446 1681 1490 1732 si
1518 1678 1619 1747 feci
1649 1679 1812 1744 istud,
1856 1679 1905 1733 si

301 1770 386 1813 est
420 1760 535 1813 ulla
566 1762 813 1831 iniquitas
835 1764 889 1817 in
921 1766 1161 1821 manibus
1185 1768 1333 1834 meis,
1366 1769 1417 1823 id
1440 1777 1523 1824 est
1550 1770 1601 1823 in
1625 1770 1899 1839 operibus,

307 1852 366 1906 id
401 1862 510 1919 est,
548 1854 589 1908 si
614 1854 718 1909 ulla
746 1870 865 1910 mea
910 1857 1191 1927 iniquitate
1232 1858 1351 1914 illos
1382 1860 1446 1913 ad
1474 1861 1901 1930 persequendum

305 1944 637 2011 provocavi,
662 1944 705 1999 si
734 1945 938 2001 scilicet
964 1945 1067 2002 feci
1100 1948 1244 2017 quod
1267 1963 1371 2002 non
1404 1948 1593 2015 debui;
1633 1950 1679 2003 si
1700 1950 1903 2005 reddidi

308 2033 466 2087 mala
496 2035 898 2091 retribuentibus
933 2039 1062 2092 mihi
1100 2039 1242 2093 mala
1271 2055 1369 2109 pro
1406 2040 1594 2107 bonis;
1626 2041 1678 2095 id
1717 2048 1822 2106 εει,
1859 2041 1903 2096 si

310 2122 425 2178 feci
457 2126 600 2193 quod
645 2126 810 2180 etiam
852 2126 1059 2195 justum
1106 2127 1321 2183 videtur
1359 2131 1500 2200 apud
1540 2130 1819 2197 mortales,
1844 2138 1905 2183 ut

310 2216 603 2271 redderem
664 2217 804 2271 mala
841 2234 940 2289 pro
968 2220 1144 2275 malis.
1174 2220 1252 2275 Ac
1296 2221 1341 2275 si
1369 2222 1515 2277 dicat
1545 2242 1557 2277 :
1592 2222 1648 2278 Si
1673 2223 1777 2278 illis
1808 2221 1904 2294 qui

314 2308 440 2362 sine
480 2309 804 2379 praecedenti
838 2310 995 2382 culpa
1025 2327 1111 2367 me
1137 2315 1607 2383 persequebantur
1643 2332 1748 2371 non
1782 2319 1905 2373 red-

315 2400 438 2456 didi
484 2404 707 2469 malum,
738 2406 879 2473 quod
928 2420 1137 2477 magnae
1168 2404 1268 2460 fuit
1292 2406 1587 2477 patientiae,
1620 2408 1670 2462 id
1718 2417 1818 2474 est,
1858 2412 1901 2465 si

317 2506 430 2545 non
477 2491 578 2547 feci
622 2494 763 2564 quod
809 2494 987 2550 debui.
1021 2494 1077 2550 Si
1107 2510 1207 2567 ego
1238 2496 1398 2552 homo
1434 2497 1702 2555 hominem
1738 2501 1791 2554 in
1824 2501 1903 2556 ira

318 2584 595 2654 superavi,
626 2586 864 2640 decidam
890 2587 1093 2653 inanis,
1121 2588 1173 2641 id
1205 2597 1287 2643 est
1317 2604 1518 2644 vacuus
1538 2605 1568 2643 a
1602 2591 1771 2661 gloria
1798 2600 1853 2647 et
1874 2608 1904 2647 a

318 2673 574 2737 victoria,
604 2684 887 2744 superatus
924 2676 987 2729 ab
1023 2676 1253 2731 inimicis
1278 2679 1409 2732 meis
1440 2679 1807 2736 interioribus.
1836 2681 1906 2737 Ut

325 2763 471 2817 enim
503 2764 579 2817 ait
606 2764 795 2819 beatus
814 2762 1109 2835 Gregorius
1144 2784 1157 2820 :
1191 2766 1327 2821 Dum
1376 2769 1507 2824 foris
1538 2770 1720 2827 ulcisci
1759 2788 1906 2843 qna:-

320 2856 516 2919 rimns,
566 2854 711 2910 intus
764 2856 1003 2926 graviter
1049 2855 1293 2913 ferimur.
1333 2860 1520 2917 Omnis
1566 2863 1709 2917 enim
1758 2866 1907 2934 prius

318 2954 510 3015 peccat
538 2946 591 3000 in
616 2961 673 3002 se
719 2962 879 3016 quam
907 2948 961 3001 in
994 2948 1225 3005 alterum
1252 2969 1265 3004 :
1294 2950 1407 3020 jam
1438 2954 1581 3008 enim
1614 2966 1903 3027 antequam

320 3031 459 3089 foris
507 3034 598 3089 alii
642 3045 856 3102 noceat,
890 3037 1254 3095 innocentiam
1293 3041 1440 3098 intus
1467 3045 1717 3113 perdidit,
1747 3056 1802 3101 et
1826 3048 1905 3102 sic

320 3127 445 3181 dum
500 3128 777 3183 victoriam
826 3129 959 3186 foris
997 3133 1245 3189 obtinere
1290 3136 1483 3201 credit,
1512 3140 1653 3208 quod
1685 3142 1906 3209 gravius

2008 578 2167 630 modo
2229 585 2351 631 sunt
2403 576 2678 647 possessio
2734 576 3060 639 daunonum,
3113 573 3198 629 vel
3249 573 3300 628 in
3344 571 3449 626 illis
3486 568 3577 640 qui

2006 677 2133 721 sunt
2181 667 2332 729 ﬁnes,
2368 667 2422 722 id
2476 676 2577 734 εει,
2629 669 2683 722 in
2744 682 2871 722 arce
2916 666 3155 722 omnium
3212 664 3577 728 inimicorum,
3634 716 3637 724 λ

2008 759 2212 814 scilicet
2253 759 2304 813 in
2352 759 2623 829 pessimis,
2667 757 3116 828 quemadmodum
3165 756 3219 811 in
3269 752 3456 810 Paulo.
3512 751 3583 808 Et
3630 826 3631 829 η

2007 859 2067 904 ιιι
2110 850 2365 905 exalteris
2407 851 2459 905 in
2514 849 2706 905 ﬁnibus
2755 849 3121 915 inimicorum,
3182 862 3421 917 exsurge,
3470 844 3583 899 Do-

2005 946 2144 999 mine
2169 944 2311 998 Deus
2337 960 2505 1008 meus,
2532 945 2586 998 in
2616 952 2871 1014 praecepto
2910 943 3050 1014 quod
3078 939 3358 1003 mandasti,
3393 938 3446 993 id
3474 943 3577 1001 est,

2005 1052 2206 1108 appare
2230 1047 2284 1091 et
2316 1036 2662 1092 manifestare
2710 1036 2762 1091 in
2806 1044 3075 1106 praecepto
3108 1033 3251 1105 quod
3273 1029 3536 1088 mandasti
3562 1045 3579 1083 :

2005 1129 2211 1183 scilicet
2247 1129 2437 1198 primis
2476 1129 2811 1199 parentibus,
2855 1127 3062 1183 scilicet
3098 1127 3150 1182 in
3188 1123 3492 1183 obedientia
3527 1127 3583 1173 et

2007 1219 2335 1284 humilitate,
2386 1227 2446 1272 ut
2488 1234 2584 1288 per
2631 1218 2777 1273 illam
2819 1225 3105 1273 convertas
3154 1231 3249 1271 eos
3275 1213 3340 1269 ad
3388 1219 3473 1277 te;
3523 1217 3584 1264 ut

2009 1311 2218 1365 discant
2265 1326 2363 1381 per
2402 1310 2762 1365 humilitatem
2811 1325 2933 1365 eum
2972 1309 3189 1363 vincere
3229 1306 3321 1377 qui
3370 1320 3469 1376 per
3494 1319 3585 1358 su-

2005 1402 2246 1471 perbiam
2286 1401 2521 1471 primum
2559 1410 2836 1471 parentem
2884 1400 3175 1472 superavit.
3218 1398 3306 1463 Et,
3337 1412 3459 1453 cum
3503 1394 3584 1450 sic

2005 1491 2340 1562 apparueris,
2353 1508 2615 1562 synagoga
2637 1491 2946 1563 populorum
2968 1489 3306 1546 circumdabit
3321 1497 3388 1552 te,
3405 1487 3454 1541 id
3478 1493 3581 1550 est,

2008 1584 2356 1655 congregatio
2391 1583 2627 1639 ﬁdelium
2662 1592 2717 1638 ει
2756 1582 3052 1639 inﬁdelium
3098 1579 3453 1638 circumdabit
3484 1586 3535 1632 te
3563 1589 3582 1630 :

2006 1674 2084 1730 illi
2129 1675 2195 1729 ad
2240 1674 2586 1739 imitandum,
2637 1673 2725 1729 isti
2771 1675 2836 1729 ad
2886 1672 3241 1742 perdendum.
3285 1670 3354 1725 Et
3379 1677 3587 1739 propter

2008 1767 2163 1832 hanc,
2235 1766 2440 1822 scilicet
2484 1782 2813 1838 synagogam
2868 1765 3102 1820 ﬁdelium
3153 1773 3209 1819 et
3263 1761 3584 1825 inﬁdelium,

2008 1859 2276 1929 regredere
2325 1858 2380 1913 in
2435 1858 2622 1923 altum,
2655 1857 2709 1912 id
2748 1866 2857 1922 est,
2888 1856 3002 1911 redi
3044 1855 3099 1910 in
3142 1854 3332 1910 altum.
3358 1852 3587 1923 Propter

2008 1962 2335 2019 synagOgam
2367 1947 2605 2002 ﬁdelium
2635 1946 2750 2003 redi
2793 1947 2845 2002 in
2876 1945 3092 2011 caelum,
3121 1955 3181 2000 ut
3229 1954 3280 1999 te
3318 1943 3429 2013 jam
3478 1956 3583 1997 non

2008 2039 2278 2093 hominem
2308 2046 2517 2093 tantum
2546 2046 2859 2108 cognoscat,
2883 2046 2939 2093 et
2964 2046 3024 2092 ut
3046 2035 3305 2107 Spiritum
3337 2042 3583 2090 sanctum

2009 2131 2193 2185 mittas
2219 2131 2311 2201 qui
2350 2147 2470 2187 eam
2499 2131 2800 2196 conﬁrmet,
2841 2139 2900 2185 ut
2930 2131 3123 2186 Petrus
3164 2129 3256 2199 qui
3288 2136 3445 2182 antea
3480 2126 3585 2180 Do-

2010 2224 2212 2278 minum
2247 2238 2427 2279 coram
2458 2223 2651 2279 ancilla
2679 2223 2914 2295 negavit,
2938 2232 3061 2295 post
3088 2222 3377 2277 adventum
3408 2219 3582 2274 sancti

2011 2314 2246 2385 Spiritus
2280 2316 2652 2383 conﬁrmatus,
2677 2331 2858 2371 coram
2882 2330 3010 2386 rege
3048 2330 3169 2369 eum
3205 2312 3448 2368 conﬁteri
3478 2326 3583 2365 non

2010 2407 2210 2462 timuit.
2245 2406 2474 2480 Propter
2502 2407 2798 2464 inﬁdelium
2825 2421 3153 2480 synagogam
3205 2405 3257 2459 in
3297 2404 3461 2459 altum
3495 2416 3584 2457 re-

2009 2500 2260 2570 gredere,
2293 2509 2352 2554 ut
2384 2510 2646 2570 augeatur
2664 2515 2853 2555 eorum
2884 2498 3098 2555 caecitas
3126 2514 3142 2553 :
3169 2497 3412 2552 videntes
3441 2494 3584 2549 enim

2008 2606 2105 2662 per
2143 2591 2372 2661 plurima
2428 2592 2577 2661 signa
2629 2591 2771 2662 quod
2823 2591 2964 2646 Deus
3000 2596 3165 2655 esset,
3220 2601 3380 2659 quem
3425 2584 3583 2640 morti

2011 2683 2382 2746 tradiderunt,
2412 2697 2518 2737 non
2550 2682 2667 2737 ausi
2698 2692 2825 2737 sunt
2848 2680 3115 2745 conﬁteri,
3147 2693 3216 2734 ne
3247 2678 3467 2750 sanguis
3504 2676 3582 2730 in—

2010 2772 2205 2826 noxius
2228 2772 2605 2841 exquireretur
2633 2771 2700 2827 ab
2734 2772 2813 2826 eis
2848 2788 2862 2825 :
2900 2772 3004 2826 hoc
3041 2770 3200 2825 modo
3239 2776 3419 2839 potest
3458 2765 3582 2837 legi,

2010 2860 2216 2915 scilicet
2268 2861 2319 2915 in
2364 2861 2558 2914 bonam
2591 2866 2823 2929 partem,
2854 2859 2922 2913 ab
2954 2859 3215 2928 Exsurge,
3257 2855 3497 2918 Domine,
3532 2854 3581 2907 in

2007 2952 2208 3008 virtute
2246 2960 2334 3007 tua
2370 2970 2383 3006 :
2413 2967 2604 3021 usque,
2643 2950 2839 3005 Judica
2886 2966 2986 3014 me,
3019 2948 3263 3012 Domine,
3303 2944 3582 3000 secundum

1999 3043 2265 3113 justitiam
2289 3058 2478 3096 meam.
2509 3040 2692 3096 Potest
2720 3049 2774 3095 et
2816 3040 2869 3094 in
2906 3037 3103 3094 malam
3144 3044 3350 3108 partem
3393 3032 3582 3103 accipi,

2012 3134 2085 3188 ita
2109 3151 2121 3187 :
2146 3133 2479 3187 continuatio
2500 3132 2686 3188 eadem
2711 3145 2832 3201 quae
2856 3144 3037 3200 supra.
3056 3129 3314 3198 Exsurge,
3345 3125 3582 3187 Domine,

318 3227 423 3283 εει,
460 3218 606 3275 intus
653 3229 938 3290 superatus
967 3232 1067 3288 est,
1111 3234 1167 3279 et
1202 3225 1303 3281 hoc
1343 3199 1550 3282 merito:
1583 3199 1721 3297 Quid
1756 3232 1903 3287 enim
1934 3199 1979 3261 C
2014 3225 2066 3279 id
2095 3233 2199 3289 est,
2239 3239 2273 3279 o
2317 3222 2557 3289 Christe,
2590 3224 2644 3278 in
2680 3222 2847 3277 altum
2900 3221 3160 3286 ascende,
3208 3235 3240 3274 a
3283 3218 3582 3289 cognitione

318 3312 420 3366 sibi
455 3312 875 3382 arrogathomo,
906 3316 997 3385 qui
1022 3316 1147 3369 dum
1179 3316 1249 3371 ab
1269 3318 1484 3374 homine
1519 3322 1683 3375 sumit
1725 3322 1904 3376 vindi-

319 3410 467 3455 ctam
509 3401 626 3471 ipse
659 3418 689 3457 a
718 3404 932 3458 diabolo
962 3405 1235 3462 vincitur?
1262 3408 1340 3463 Ita
1378 3410 1555 3479 potius
1576 3412 1898 3467 vindicanda

319 3500 402 3547 εει
431 3508 597 3563 quam
643 3493 825 3549 homo.
859 3493 1079 3551 Scilicet
1115 3509 1460 3569 persequatur
1495 3500 1738 3556 inimicus
1784 3504 1905 3557 ani-

318 3601 463 3637 mam
510 3601 702 3650 meam,
733 3588 1071 3656 suggerendo
1097 3589 1262 3655 mala,
1293 3600 1341 3644 et
1369 3595 1802 3662 comprehendat;
1827 3597 1905 3651 al-

319 3674 541 3744 ligando
569 3690 685 3730 eam
716 3691 814 3747 per
843 3692 1193 3747 consensum,
1211 3691 1259 3734 et
1288 3682 1366 3736 sic
1397 3684 1661 3738 conculeet
1688 3686 1741 3737 in
1766 3695 1908 3741 terra

318 3767 477 3819 vitam
506 3782 699 3831 meam,
732 3766 784 3820 id
811 3778 915 3831 est,
962 3771 1332 3826 conculcando
1359 3782 1413 3827 et
1439 3774 1539 3830 sibi
1569 3774 1905 3844 subiiciendo

320 3857 486 3913 faciat
515 3859 679 3913 vitam
727 3873 919 3915 meam'
943 3869 1239 3931 terrenam,
1272 3876 1335 3919 ut
1376 3866 1577 3935 possim
1605 3882 1726 3923 esse
1754 3870 1907 3925 cibus

317 3968 469 4008 suus.
500 3951 713 4008 Dictum
737 3962 820 4009 est
841 3955 983 4009 enim
1008 3957 1073 4010 ad
1103 3965 1445 4026 peccatorem
1474 3977 1485 4012 :
1518 3958 1679 4013 Terra
1700 3978 1753 4016 es
1774 3971 1820 4016 et
1849 3963 1906 4017 in

316 4052 518 4098 terram
567 4043 666 4098 ibis
714 4043 868 4109 (Gen.
924 4044 1029 4116 ιιι),
1082 4055 1138 4101 ει
1188 4047 1255 4101 ad
1300 4058 1603 4118 serpentem
1643 4050 1904 4107 :Terram

316 4135 661 4189 manducabis
685 4133 894 4207 (Ibid.).
917 4166 987 4176 —
1020 4135 1086 4190 Et
1122 4137 1347 4208 gloriam
1369 4156 1536 4194 meam
1559 4142 1612 4196 in
1635 4142 1899 4212 pulverem

316 4222 567 4290 deducat,
600 4225 652 4279 id
683 4234 786 4290 est,
818 4227 1184 4282 testimonium
1220 4230 1566 4286 conscientia)
1592 4248 1746 4288 meae.
1778 4232 1906 4288 Glo-

319 4317 401 4372 ria
446 4326 628 4372 nostra
664 4319 774 4373 lucc
815 4328 911 4384 est,
940 4320 1296 4375 testimonium
1342 4323 1672 4379 conscientia:
1712 4334 1905 4380 nostra:

322 4408 372 4478 (Ι
396 4407 523 4463 Cor.
557 4409 620 4481 ι).
666 4408 927 4474 Deducat,
957 4410 1009 4465 id
1040 4420 1145 4477 est,
1189 4412 1256 4467 de
1285 4414 1616 4469 conscientia
1660 4415 1821 4470 ducat
1848 4416 1902 4471 in

320 4501 594 4573 pulverem
618 4503 757 4573 apud
782 4518 877 4559 eos
902 4505 991 4573 qui
1014 4513 1141 4560 sunt
1161 4505 1359 4574 pulvis,
1390 4515 1448 4561 ut
1468 4507 1605 4563 foris
1634 4509 1776 4579 apud
1807 4510 1901 4566 ho-

320 4594 494 4648 mines
540 4608 777 4663 quazram
819 4594 1037 4664 gloriari
1068 4613 1082 4649 :
1109 4596 1197 4650 vel
1235 4597 1290 4650 in
1328 4596 1608 4665 pulverem,
1638 4599 1690 4653 id
1730 4608 1814 4654 est
1848 4601 1899 4655 in

321 4692 538 4739 terrena
572 4700 692 4754 quae
734 4694 861 4741 sunt
908 4686 1106 4755 pulvis,
1149 4695 1209 4741 ut
1246 4702 1353 4742 non
1391 4704 1630 4758 quaeram
1677 4690 1902 4759 gloriam

320 4777 419 4831 nisi
477 4776 532 4830 in
577 4775 703 4832 illis.
749 4776 850 4833 llic
901 4787 1013 4833 tota
1062 4778 1144 4835 vis
1184 4780 1467 4835 sententias
1507 4790 1611 4836 est.
1644 4782 1788 4837 Istud
1821 4793 1905 4839 est

319 4866 637 4920 maximum.
683 4866 847 4934 Quasi
889 4867 1078 4922 dicat:
1122 4867 1229 4924 Sed
1276 4883 1382 4922 non
1431 4878 1513 4925 est
1557 4870 1816 4940 iniquitas
1846 4873 1901 4927 in

319 4957 569 5011 manibus
592 4958 750 5022 meis,
778 4972 877 5013 nec
904 4958 1109 5013 reddidi
1137 4959 1559 5015 retribuentibns
1585 4962 1714 5016 mihi
1740 4964 1901 5030 mala,

319 5056 373 5103 et
419 5047 543 5102 ideo
588 5064 827 5119 exsurge,
868 5047 1110 5114 Domine,
1142 5049 1197 5103 in
1236 5050 1317 5103 ira
1347 5058 1439 5103 tua
1468 5050 1631 5115 bona,
1664 5052 1904 5108 vindicta

319 5138 481 5209 digna
518 5138 759 5209 perfecto
805 5140 941 5194 viro.
982 5140 1147 5208 Quasi
1176 5141 1357 5197 dicat:
1384 5139 1497 5198 Non
1544 5158 1645 5214 ego
1681 5160 1906 5215 superer

318 5232 387 5285 ab
434 5231 679 5298 inimico,
714 5232 821 5288 imo
873 5232 1123 5289 inimicus
1164 5249 1194 5287 a
1228 5243 1279 5289 te
1316 5246 1618 5305 superetur,
1651 5248 1706 5292 et
1732 5238 1901 5308 spolia

317 5328 436 5397 ejus
489 5325 727 5382 auferas.
780 5325 1042 5399 Exsurge,
1092 5328 1333 5393 Domine,
1391 5346 1487 5400 per
1518 5331 1898 5400 cognitionem,

319 5419 409 5487 qui
461 5419 621 5473 modo
649 5419 804 5488 quasi
833 5417 983 5487 iaces
1032 5420 1171 5488 apud
1210 5431 1587 5490 persecutores
1617 5438 1768 5477 meos
1807 5438 1903 5493 per

321 5508 685 5577 ignorantiam
720 5525 733 5560 :
760 5507 843 5563 fac
872 5517 930 5562 ut
961 5517 1013 5564 te
1038 5518 1389 5578 cognoscant,
1413 5518 1471 5563 ut
1498 5519 1550 5564 te
1581 5521 1897 5579 sequantur.

321 5598 386 5652 Et
418 5600 521 5653 hoc
548 5599 636 5653 lac
674 5600 729 5652 in
764 5599 847 5652 ira
886 5609 998 5664 tua,
1044 5600 1374 5654 ostendendo
1405 5600 1507 5655 illis
1548 5602 1683 5655 iram
1732 5612 1899 5667 tuam,

321 5690 375 5744 id
427 5698 511 5745 est
552 5691 950 5745 damnationem
995 5699 1047 5743 ct
1089 5706 1304 5759 pronam
1348 5706 1457 5744 sua:
1495 5692 1783 5761 impietatis
1813 5691 1897 5745 fuv

322 5787 520 5836 turam.
559 5777 632 5834 Et
670 5780 921 5846 exaltare,
973 5781 1025 5835 id
1063 5790 1145 5836 est
1182 5780 1510 5852 gloriﬁcare;
1554 5789 1613 5838 ut
1665 5784 1899 5839 lauderis

1929 4562 1981 4621 D

2009 3333 2196 3373 eorum
2227 3326 2279 3372 te
2308 3332 2544 3372 remove.
2594 3315 2739 3371 Pone
2784 3317 3034 3370 tenebras
3081 3312 3365 3367 latibulum
3411 3320 3582 3373 tuum,

2008 3419 2064 3464 et
2092 3410 2193 3465 hoc
2220 3410 2273 3463 in
2300 3409 2377 3463 ira
2412 3418 2521 3473 tua,
2542 3407 2750 3462 scilicet
2773 3420 2961 3461 eorum
2983 3402 3361 3459 incorrectioni
3392 3400 3581 3454 iratus.

2010 3499 2077 3554 Et
2104 3500 2335 3554 exaltare
2358 3499 2414 3553 in
2440 3498 2633 3567 ﬁnibus
2659 3496 2989 3551 inimicorum
3017 3509 3269 3549 meorum.
3294 3490 3580 3561 Repetitio.

2010 3589 2105 3646 Vel
2127 3590 2382 3654 exaltare,
2406 3590 2577 3657 idest,
2601 3586 3021 3658 magnitudinem
3044 3593 3098 3641 et
3118 3583 3411 3655 potentiam
3438 3590 3583 3637 tuam

2010 3680 2172 3736 etiam
2202 3678 2256 3733 in
2286 3680 2391 3735 illis
2416 3693 2636 3747 exerce,
2665 3679 2748 3733 fac
2791 3692 2884 3733 eos
2928 3677 3197 3748 ﬂagellum
3231 3683 3400 3739 tuum,
3433 3683 3586 3728 utere

2009 3771 2088 3825 eis
2113 3771 2178 3825 ad
2211 3779 2423 3824 tuorum
2455 3769 2691 3824 ﬁdelium
2721 3767 2973 3833 salutem,
3012 3775 3063 3821 et
3106 3781 3256 3822 suam
3286 3764 3582 3821 damnatio-

2011 3876 2155 3917 nem.
2194 3858 2350 3932 Virga
2377 3860 2577 3915 furoris
2608 3861 2712 3915 mei
2760 3860 2952 3925 Assur,
2981 3860 3097 3929 ipse
3125 3866 3303 3912 autem
3336 3870 3438 3911 non
3488 3868 3582 3910 co.

2008 3950 2349 4024 gnovit(lsa.
2388 3950 2468 4023 ιι).
2493 3951 2751 4021 Exsurge,
2808 3950 3042 4014 Domine,
3084 3949 3135 4004 id
3182 3955 3284 4013 est,
3314 3944 3481 4001 altum
3529 3950 3585 4000 et

2006 4043 2411 4101 inscrutabilem
2437 4052 2491 4097 et
2521 4040 2997 4114 incognoscibilem
3025 4040 3129 4095 illis
3154 4050 3206 4096 te
3229 4039 3333 4094 fac.
3363 4037 3428 4091 In
3448 4052 3586 4108 prte~

2005 4151 2149 4213 cepto
2171 4140 2313 4211 quod
2342 4140 2629 4205 mandasti,
2662 4138 2714 4192 id
2741 4145 2844 4203 est,
2871 4137 2925 4191 in
2950 4135 3253 4192 humilitate
3286 4133 3503 4189 videant
3532 4140 3584 4187 te

2005 4236 2287 4301 humilem,
2318 4243 2373 4291 et
2400 4249 2506 4290 non
2538 4243 2870 4306 cognoscant
2898 4234 3087 4288 Deum.
3124 4230 3181 4286 Si
3224 4230 3358 4287 enim
3388 4245 3582 4299 cogno-

2004 4329 2215 4393 vissent,
2276 4342 2545 4398 nunquam
2618 4326 2901 4381 Dominum
2958 4324 3139 4395 gloriae
3203 4321 3583 4390 cruci/ixissent

2005 4417 2060 4489 (Ι
2088 4415 2212 4473 Cor.
2245 4419 2328 4489 ιι).
2370 4417 2434 4471 Et
2457 4433 2723 4488 synagoga
2766 4415 3076 4488 populorum
3125 4413 3467 4467 circumdabit
3513 4420 3580 4465 te.

2006 4508 2151 4564 Istud
2179 4509 2468 4579 exponitur
2489 4516 2549 4561 ut
2574 4523 2757 4577 supra.
2790 4506 3044 4561 Dominus
3085 4504 3294 4575 judicat
3340 4500 3579 4574 populos.

2008 4602 2122 4656 lloc
2146 4602 2353 4657 duobus
2382 4601 2556 4656 modis
2584 4600 2753 4671 accipi
2784 4607 2979 4670 potest.
3012 4596 3132 4653 Uno
3162 4596 3234 4651 ita
3264 4614 3280 4652 :
3307 4595 3419 4668 Ego
3448 4594 3580 4659 dixi,

2009 4691 2294 4763 Regredere
2322 4694 2377 4747 in
2400 4692 2584 4755 altum,
2614 4693 2665 4746 id
2692 4699 2792 4753 εει,
2820 4691 3050 4746 ascende
3090 4688 3155 4745 ad
3198 4688 3415 4744 Patrem
3443 4686 3583 4742 unde

2009 4781 2234 4841 venisti;
2264 4783 2357 4837 sed
2394 4798 2513 4853 ego,
2538 4782 2623 4836 cui
2645 4779 2753 4850 iam
2778 4781 3027 4836 revelasti
3056 4788 3265 4836 secreta
3295 4777 3582 4845 tua,video

2009 4872 2151 4941 quod
2177 4871 2297 4926 aliis
2324 4871 2387 4926 ad
2410 4872 2638 4927 salutem
2666 4881 2749 4927 est
2776 4871 2895 4927 aliis
2918 4887 3038 4927 esse
3062 4872 3127 4927 ad
3157 4870 3578 4927 damnationem.

2008 4960 2132 5015 ldeo
2165 4961 2305 5027 dico,
2337 4961 2595 5017 Dominus
2616 4962 2829 5033 judicat
2852 4961 3069 5033 populos
3096 4960 3309 5017 occulto
3331 4958 3534 5029 judicio
3564 4974 3578 5011 :

2010 5053 2130 5109 ideo
2153 5069 2283 5126 rogo
2311 5062 2362 5109 te
2390 5063 2449 5109 ut
2489 5071 2574 5110 me
2597 5054 2810 5125 iudices
2855 5055 2921 5110 ad
2966 5054 3217 5111 salutem.
3261 5053 3381 5108 Alio
3422 5050 3581 5106 modo

2010 5146 2081 5200 ita
2117 5162 2130 5199 :
2163 5146 2375 5216 Appare
2402 5147 2454 5200 in
2495 5146 2822 5211 humilitate,
2851 5155 2908 5201 et
2957 5154 3230 5200 revertere
3274 5144 3328 5198 in
3358 5142 3576 5203 coelum,

2008 5247 2065 5293 et
2088 5246 2210 5307 post
2232 5254 2338 5294 non
2368 5239 2551 5293 venies
2578 5238 2679 5293 nisi
2707 5239 2773 5292 ad
2790 5236 3144 5307 iudicandum
3166 5233 3449 5289 manifeste
3482 5250 3495 5287 :
3525 5241 3583 5288 et

2008 5328 2109 5382 hoc
2134 5338 2238 5393 est,
2265 5328 2517 5382 Dominus
2539 5327 2745 5398 judicat
2780 5325 3021 5397 papulas,
3067 5324 3120 5379 id
3167 5330 3269 5388 est,
3294 5321 3577 5390 iudicabit.

2006 5416 2308 5472 Notandum
2335 5418 2478 5486 quod
2506 5416 2659 5480 dicit,
2681 5426 2956 5470 revertere.
2987 5412 3273 5479 Divinitas,
3302 5427 3424 5482 qua:
3466 5410 3584 5467 ubi-

2009 5523 2112 5578 que
2136 5516 2238 5574 est,
2276 5523 2446 5577 neque
2475 5508 2772 5569 descendit,
2803 5522 2978 5577 neque
3017 5504 3275 5559 ascendit.
3319 5503 3580 5559 Humani-

2011 5611 2093 5655 tas
2119 5616 2223 5655 nou
2265 5599 2565 5663 descendit,
2609 5599 2735 5669 quia
2782 5602 2847 5652 de
2892 5597 3110 5666 Virgine
3156 5606 3427 5667 assumpta
3475 5606 3578 5657 est,

2009 5701 2331 5746 cumtamen
2362 5692 2614 5745 dicatur:
2652 5687 2819 5742 Nemo
2868 5687 3100 5742 ascendit
3151 5689 3208 5742 in
3250 5688 3451 5751 caelum,
3478 5686 3579 5740 nisi

2004 5783 2093 5843 qui
2125 5783 2384 5837 descendit
2424 5783 2486 5835 de
2509 5780 2633 5835 cwlo
2660 5780 2838 5850 (Joan.
2863 5780 2967 5849 ιιι).
3015 5778 3122 5835 Sed
3164 5787 3248 5837 est
3294 5778 3581 5833 dicendum
