4026 6424
524 482 627 545 I83

1165 480 1428 542 REMIGII
1463 475 2122 540 ANTISSIODORENSIS
2156 475 2305 533 OPP.
2345 477 2524 536 PARS
2565 480 2603 536 I.
2636 513 2706 523 —
2733 480 3142 542 EXEGETICA.

3676 484 3778 546 lSl

513 613 628 676 pter
653 604 810 669 hanc,
841 617 946 658 non
989 616 1159 658 so.um
1186 613 1406 673 propter
1429 613 1750 672 synagogam
1777 607 2098 667 persequen-
2124 592 2174 651 A
2205 602 2281 648 tot
2327 597 2618 666 prophetiae
2678 600 2744 654 de
2801 602 3018 657 Christo
3075 602 3212 657 datae
3266 608 3409 658 sunt.
3463 601 3723 674 Sequitur
3761 619 3777 657 :

518 699 670 760 tium,
694 698 748 750 in
798 697 961 749 altum
1004 695 1301 766 regredere,
1363 694 1552 748 recede
1603 693 1671 746 ab
1719 692 1836 746 eis:
1872 691 1973 744 hoc
2014 699 2096 745 est

517 789 660 857 quod
689 787 976 858 Apostolus
999 788 1162 842 dicit:
1199 787 1263 841 In
1290 786 1395 840 illis
1425 787 1606 840 diebus
1636 786 1843 839 stabunt
1864 795 2094 853 tenuiora

515 883 840 952 periculosa,
903 889 950 935 et
1005 890 1154 935 erunt
1200 881 1430 934 homines
1473 880 1667 950 seipsos
1712 891 1944 933 amantes
1996 876 2095 949 (11

518 970 651 1026 Tim.
697 970 785 1042 v),
831 979 970 1036 etc.;
1018 979 1073 1026 et
1118 989 1130 1024 :
1187 971 1482 1040 refrigescet
1533 970 1763 1024 charitas
1812 970 2093 1024 multorum

515 1062 730 1130 (Matth.
761 1063 942 1133 XXIV).
978 1062 1058 1118 Ad
1089 1063 1216 1133 quid
1251 1063 1338 1117 illa
1367 1065 1546 1118 omnia
1581 1062 1743 1127 ﬁant,
1792 1063 2091 1134 subjungit.

512 1155 769 1212 Dominus
789 1157 999 1227 judicat
1043 1157 1292 1228 populos,
1335 1158 1620 1213 salvandos
1650 1167 1704 1213 et
1747 1175 1852 1213 non
1881 1158 2094 1213 salvan-

513 1247 612 1301 dos
657 1265 670 1300 :
721 1263 826 1301 non
877 1247 1197 1313 salvaudos,
1271 1249 1698 1318 praecedentibus
1741 1249 1950 1304 meritis
2008 1248 2095 1304 hic

512 1347 765 1401 excaecat,
802 1349 860 1394 ut
889 1341 942 1395 in
978 1339 1159 1396 futuro
1182 1342 1527 1397 damnentur.
1563 1341 1863 1397 Salvandos
1887 1342 2094 1413 judicat

511 1429 881 1501 justiﬁeando,
933 1440 992 1484 ut
1035 1433 1088 1486 in
1139 1431 1319 1487 futuro
1360 1442 1705 1487 coronentur.
1748 1433 1813 1488 Et
1842 1434 1965 1504 quia
2002 1445 2090 1499 tu,

512 1522 736 1577 Domine
763 1523 945 1589 Pater,
969 1525 1179 1595 jmlicas
1202 1525 1426 1596 populos
1449 1568 1461 1587 .
1493 1527 1594 1581 hos
1623 1528 1689 1581 ad
1737 1526 2050 1581 salvandum
2074 1567 2088 1593 ,

510 1613 630 1667 illos
654 1614 720 1668 ad
747 1615 1096 1684 perdendum,
1117 1617 1305 1686 judico
1331 1635 1411 1672 me
1442 1618 1492 1671 in
1520 1618 1652 1673 meis
1691 1619 1977 1672 secundum
1998 1618 2094 1688 ju-

508 1704 708 1760 stitiam
737 1722 907 1761 meam
928 1748 943 1774 ,
974 1716 1031 1762 et
1057 1717 1252 1763 czetera
1283 1725 1451 1780 usque
1481 1710 1531 1763 in
1565 1713 1723 1765 linem
1750 1751 1764 1776 ,
1811 1722 1870 1764 ut
1903 1726 2085 1782 supra.

1063 1798 1383 1856 l‘SALMUS
1422 1801 1551 1856 VIII.

651 1907 707 1947 IN
738 1907 899 1947 FINEM
937 1909 1037 1949 ι)ηο
1077 1910 1478 1951 TORCULARIBUS
1514 1911 1747 1952 PSALMUS
1785 1911 1966 1950 DAVID.

2273 691 2491 748 Domine
2516 695 2769 750 Dominus
2814 707 3019 753 noster:
3052 707 3106 752 tu
3135 699 3222 769 qui
3246 715 3343 769 per
3375 709 3618 756 naturam
3655 719 3778 755 om-

2198 802 2344 840 nuuu
2375 803 2433 842 es
2460 787 2618 852 Deus,
2671 790 2844 845 factus
2883 801 3069 847 noster
3093 807 3187 862 per
3215 795 3465 863 gratiam,
3499 795 3623 864 quia
3649 811 3776 850 cum

2197 878 2526 934 voluntatem
2568 896 2720 935 suam
2764 883 3013 952 dignatus
3058 891 3141 938 est
3185 883 3405 939 .Iudaico
3448 885 3642 956 popqu
3680 900 3782 954 per

2197 969 2369 1042 legem
2400 973 2632 1041 aperire,
2665 974 2815 1044 quasi
2846 976 3199 1045 spiritualiter
3236 993 3335 1047 per
3378 978 3605 1049 gratiam
3633 979 3782 1033 Deus

2197 1080 2382 1121 eorum
2411 1064 2584 1120 factus
2618 1076 2732 1134 est;
2774 1085 2932 1138 quam
2969 1069 3274 1126 admirabile
3302 1080 3376 1124 est
3404 1088 3588 1125 nomen
3627 1082 3778 1125 tuum

2198 1157 2363 1229 (fama
2404 1160 2517 1229 tua)
2557 1160 2612 1212 in
2649 1160 2887 1215 universa
2935 1172 3093 1228 terra,
3141 1163 3230 1232 qui
3277 1164 3428 1232 prius
3474 1173 3682 1219 tantum
3727 1165 3779 1220 in

2195 1247 2376 1304 Judaaa
2413 1259 2574 1306 notus
2611 1267 2731 1306 eras
2767 1251 2938 1323 (Psal.
2983 1254 3166 1325 uxv).
3209 1255 3385 1321 Bene,
3428 1257 3480 1311 in
3525 1259 3781 1313 universa

2196 1351 2339 1396 terra
2366 1359 2380 1396 :
2405 1343 2529 1413 quia
2558 1359 2662 1398 non
2710 1354 2794 1398 est
2823 1361 2952 1416 gens
2988 1345 3185 1416 aliqua,
3233 1348 3297 1403 de
3335 1364 3440 1420 qua
3473 1350 3634 1420 aliqui
3671 1367 3779 1404 non

2194 1432 2302 1487 sint
2328 1434 2378 1487 in
2404 1433 2664 1490 Ecclesia.
2692 1435 2790 1491 llic
2821 1437 3005 1492 titulus
3033 1440 3270 1510 aperitur
3289 1457 3381 1510 pro
3404 1441 3779 1507 torcularibus,

2195 1526 2246 1581 id
2295 1536 2375 1582 est
2422 1527 2474 1582 in
2523 1528 2796 1584 Ecclesiis.
2850 1531 2990 1585 Vere
3031 1532 3360 1593 admirabile,
3405 1533 3454 1587 id
3494 1546 3579 1589 est
3623 1534 3781 1590 valde

2192 1615 2475 1682 laudabile,
2505 1619 2752 1689 quoniam
2773 1620 2968 1675 elevata
2996 1632 3069 1676 est
3094 1623 3478 1693 magniﬁcentia
3505 1633 3595 1677 tua
3623 1641 3782 1693 super

2192 1706 2365 1762 cazlos.
2397 1706 2590 1762 Tribus
2621 1709 2792 1764 modis
2832 1718 3007 1780 potest
3048 1712 3150 1766 hoc
3193 1712 3336 1766 dici:
3382 1711 3777 1783 Magniﬁcentia

2192 1808 2315 1865 tua,
2345 1799 2397 1853 id
2426 1807 2511 1854 est
2548 1801 2868 1870 magniﬁcus
2899 1811 3021 1856 tuus
3047 1802 3295 1858 Christus
3337 1803 3427 1872 qui
3471 1803 3780 1873 emphatice

2195 1889 2309 1960 ipsa
2342 1891 2738 1962 magnificentia
2769 1892 2874 1948 dici
2906 1901 3081 1964 potest
3113 1909 3129 1946 :
3161 1892 3358 1947 elevata
3387 1901 3460 1946 est
3495 1909 3649 1963 super
3671 1908 3776 1946 ca:-

585 2001 605 2034 ‹
648 1983 875 2038 Domine
913 1984 1174 2040 Dominus
1216 1995 1422 2051 noster,
1469 2003 1629 2056 quam
1663 1987 1980 2041 admirabile
2005 1995 2090 2042 est
2117 1973 2170 2038 Β
2197 1981 2273 2036 los
2301 2000 2320 2039 :
2347 1979 2450 2037 lioc
2474 1981 2850 2047 materialiter,
2881 1983 3005 2054 quia
3038 1983 3280 2038 ascendit
3313 1997 3484 2053 usque
3525 1983 3590 2036 ad
3630 1989 3780 2037 octa-

511 2091 530 2123 ‹
579 2088 773 2129 nomen
808 2083 956 2128 tuum
992 2076 1045 2130 in
1079 2076 1330 2131 universa
1362 2080 1541 2131 terra!
1575 2078 1840 2145 Quoniam
1877 2077 2083 2133 elevata

511 2179 529 2210 ι
577 2170 661 2216 est
703 2163 1105 2234 magnificentia
1149 2175 1237 2220 tua
1260 2181 1422 2236 super
1448 2167 1633 2222 ctelos.
1689 2167 1766 2221 Ex
1792 2182 1887 2222 ore
1911 2166 2084 2222 inlan-

509 2271 528 2302 ι
575 2251 706 2305 tium
737 2261 791 2308 et
818 2253 1127 2309 lactentium
1156 2255 1428 2326 perfecisti
1459 2256 1670 2311 laudem
1716 2267 1936 2328 propter
1983 2258 2089 2312 ini-

509 2363 528 2394 ι
575 2345 744 2401 micos
793 2355 948 2412 tuos,
1001 2357 1060 2403 ut
1109 2350 1355 2407 destruas
1403 2351 1679 2406 inimicum
1731 2363 1785 2408 et
1829 2352 2082 2408 ultorem.

509 2455 528 2488 ε
575 2437 839 2505 Quoniam
869 2440 1062 2497 videbo
1091 2444 1258 2499 caelos
1288 2452 1408 2500 tuos
1452 2461 1615 2516 opera
1647 2447 1935 2516 digitorum
1967 2457 2084 2503 tuo-

508 2545 527 2580 α
578 2544 731 2590 rum.
777 2529 958 2586 lunam
1001 2541 1058 2587 et
1082 2533 1268 2589 stellas
1298 2551 1416 2604 qua:
1454 2545 1508 2589 tu
1542 2536 1799 2592 fundasti.
1833 2537 1971 2604 Quid
2004 2546 2088 2592 est

507 2639 527 2670 ι
576 2621 735 2678 homo
763 2624 905 2693 quod
936 2641 1141 2681 memor
1182 2643 1240 2682 es
1282 2628 1442 2700 ejus?
1492 2640 1586 2684 aut
1629 2631 1772 2686 filius
1817 2632 2083 2697 hominis,

507 2734 528 2765 ι
573 2718 830 2787 quoniam
859 2721 1050 2776 visitas
1077 2723 1242 2777 eum?
1288 2723 1525 2778 Minuisti
1574 2740 1694 2779 eum
1743 2725 2087 2794 paulominus

505 2824 525 2856 ι
573 2807 640 2861 ab
671 2809 905 2878 angelis,
956 2809 1124 2882 gloria
1173 2820 1227 2867 et
1275 2814 1480 2870 honore
1508 2818 1780 2870 eoronasti
1829 2832 1985 2880 eum,
2035 2825 2088 2871 et

508 2917 528 2949 ‹
573 2901 894 2958 constituisti
954 2918 1075 2957 eum
1121 2920 1283 2979 super
1326 2920 1488 2976 opera
1544 2922 1799 2961 manuum
1847 2917 2084 2962 tuarum.

506 3007 525 3039 ι
572 2990 765 3045 Omnia
795 2989 1066 3058 subjecisti
1098 2995 1198 3048 sub
1242 2995 1468 3065 pedibus
1497 2998 1644 3067 ejus,
1677 3011 1806 3052 oves
1843 3007 1899 3052 et
1922 2998 2089 3053 boves

507 3100 524 3131 ι
571 3081 870 3148 universas,
905 3083 1124 3154 insuper
1145 3094 1199 3138 et
1228 3100 1423 3154 pecora
1452 3087 1648 3157 ca’mpi.
1674 3085 1937 3142 Volucres
1965 3088 2088 3143 caeli

508 3193 527 3223 ε
571 3182 624 3227 et
657 3175 832 3243 pisces
859 3177 1026 3231 maris
1048 3218 1062 3242 ,
1109 3177 1199 3248 qui
1229 3178 1606 3246 perambulant
1643 3179 1865 3234 semitas
1898 3177 2084 3233 maris.

510 3285 529 3316 ι
573 3267 800 3322 Domine
823 3267 1081 3326 Dominus
1110 3281 1314 3336 noster,
1343 3287 1503 3342 quam
1527 3270 1846 3327 admirabile
1874 3279 1959 3327 est
1992 3286 2090 3326 no-

507 3377 526 3410 s
573 3373 696 3413 men
729 3365 877 3413 tuum
906 3358 960 3414 in
988 3360 1241 3417 universa
1269 3370 1414 3418 terra
1443 3364 1457 3416 ε
1505 3381 1525 3415 ι

1081 3473 1535 3530 ENARRATIO.

571 3542 818 3598 Psalmus
846 3545 1017 3602 David
1043 3563 1138 3618 pro
1166 3547 1537 3602 torcularibus.
1577 3546 1718 3602 Nihil
1759 3546 1827 3602 de
1857 3546 2097 3602 torcula-

500 3633 651 3688 ribus
680 3635 789 3704 agit
815 3636 903 3690 hic
927 3637 1189 3706 psalmus,
1219 3647 1274 3692 et
1300 3638 1389 3692 hic
1417 3637 1603 3692 titulus
1632 3639 1753 3692 ideo
1797 3654 1905 3692 non
1953 3638 2091 3692 acci-

500 3726 646 3795 pitur
672 3728 739 3781 ad
763 3727 1017 3783 litteram.
1043 3728 1150 3784 Pro
1183 3729 1540 3784 torcularibus
1576 3730 1758 3802 igitur,
1800 3730 1852 3784 id
1882 3740 1966 3785 est
1993 3745 2092 3800 pro

503 3817 784 3884 Ee'clesiis,
811 3821 864 3875 in
887 3821 1083 3891 quibus
1111 3838 1253 3878 nunc
1293 3823 1488 3893 agitur,
1519 3831 1579 3877 ut
1623 3822 1814 3878 allecto
1850 3833 1905 3878 et
1927 3839 2093 3894 opere

503 3915 653 3982 probi
681 3925 1000 3985 separentur
1026 3917 1094 3971 ab
1124 3917 1403 3987 improbis,
1428 3917 1698 3987 quomodo
1726 3918 1777 3971 in
1810 3917 2094 3972 torculari-

504 4005 604 4059 bus
626 4005 753 4060 viua
779 4022 808 4059 a
840 4006 1100 4072 vinaceis,
1128 4007 1180 4061 in
1207 4023 1337 4063 area
1378 4024 1543 4079 grana
1589 4024 1619 4063 a
1662 4009 1832 4078 paleis
1851 4050 1865 4072 ,
1889 4018 1944 4063 et
1969 4009 2093 4063 vino

505 4105 685 4150 tamen
711 4104 762 4150 et
789 4098 992 4166 granis,
1021 4107 1081 4153 ut
1102 4100 1168 4153 ad
1195 4099 1561 4154 maturitatem
1589 4101 1866 4166 venirent,
1903 4117 2093 4158 neces-

502 4185 645 4240 saria
677 4197 836 4244 erant
875 4188 1180 4257 bujusmodi
1223 4191 1609 4264 integumenta.
1643 4194 1786 4247 Vivit
1817 4195 1958 4248 enim
1991 4195 2094 4248 im-

503 4277 622 4344 pius
652 4277 760 4348 pio.
789 4277 961 4333 Aliter
987 4297 999 4333 :
1027 4278 1132 4333 Pro
1160 4280 1534 4347 torcularibus,
1558 4282 1609 4336 id
1632 4292 1712 4337 est
1741 4283 2091 4353 martyribus,

501 4383 733 4437 quorum
774 4371 952 4425 anima
984 4380 1066 4426 est
1105 4373 1258 4441 quasi
1303 4373 1505 4437 vinum,
1538 4389 1736 4444 corpus
1767 4374 1918 4444 quasi
1945 4375 2096 4429 vina-

508 4473 634 4524 cea;
668 4469 722 4513 et
751 4461 890 4515 sicut
925 4463 978 4516 in
1009 4463 1366 4518 torcularibus
1400 4464 1584 4518 viuum
1622 4474 1905 4535 separatur
1947 4481 1978 4519 a
2015 4467 2094 4521 vi-

509 4551 713 4615 naceis,
745 4558 800 4604 et
827 4552 1006 4606 vinum
1036 4564 1282 4624 portatur
1307 4555 1359 4609 in
1390 4555 1605 4610 cellaria
1645 4558 1710 4610 ad
1737 4557 2093 4622 servandum,

510 4644 729 4697 vinacea
787 4643 1143 4712 projiciunlur
1208 4648 1388 4716 porcis
1441 4647 1769 4703 comedenda
1818 4667 1830 4702 :
1883 4649 1955 4702 ita
2009 4648 2098 4704 hic

2189 2086 2314 2125 vum
2338 2071 2556 2127 etelum.
2588 2070 2758 2127 Aliter
2786 2090 2799 2126 :
2832 2088 2994 2143 super
3020 2087 3208 2128 omnes
3253 2073 3546 2144 prophetas
3575 2080 3631 2127 et
3650 2087 3780 2142 apo—

2190 2163 2391 2224 stolos.
2437 2166 2528 2236 qui
2570 2165 2749 2237 magni
2794 2165 3011 2236 quidem
3050 2174 3190 2231 sunt,
3235 2166 3328 2223 sed
3368 2166 3620 2221 onmibus
3672 2165 3779 2221 illis

2184 2249 2362 2324 major
2379 2262 2462 2309 est
2488 2251 2755 2310 Christus.
2781 2254 2916 2322 Quia
2943 2255 3092 2310 unxit
3122 2270 3247 2309 eum
3282 2254 3418 2308 Deus
3442 2255 3554 2308 oleo
3574 2253 3776 2307 la'tititz

2183 2357 2292 2410 pro:
2313 2341 2664 2412 participibus
2687 2345 2799 2400 suis
2821 2343 2993 2414 (Psal.
3020 2344 3192 2413 κων),
3215 2344 3305 2413 qui
3331 2343 3450 2397 εαξιί
3474 2343 3603 2396 dicti
3626 2349 3775 2404 sunt,

2191 2447 2248 2491 ut
2272 2437 2400 2492 illud
2427 2455 2442 2492 :
2472 2436 2600 2493 lei
2623 2448 2873 2493 enarrant
2901 2439 3121 2509 gloriam
3144 2437 3242 2491 Dei
3273 2433 3444 2508 (Psal.
3481 2435 3636 2507 xvn).
3661 2435 3778 2491 Ali-

2192 2539 2312 2586 ter:
2349 2532 2518 2601 Super
2556 2531 2728 2597 caelos,
2772 2531 2824 2586 id
2867 2540 2950 2586 est
2982 2530 3248 2600 praeconia
3285 2529 3586 2584 divinarum
3626 2525 3784 2581 Scri-

2191 2632 2492 2695 pturarum,
2525 2638 2643 2693 quae
2670 2640 2919 2695 magnum
2949 2632 3000 2678 te
3023 2623 3351 2694 praedicant,
3375 2622 3467 2677 sed
3499 2620 3672 2692 major
3697 2630 3784 2675 est

2193 2715 2362 2785 gloria
2385 2725 2472 2770 tua
2498 2732 2658 2786 quam
2688 2715 2862 2770 fama:
2891 2733 3012 2787 quae
3039 2714 3331 2787 Scriptura:
3359 2715 3477 2772 οωιί
3502 2715 3779 2778 dicuntur,

2193 2806 2318 2875 quia
2350 2806 2540 2861 caelant
2566 2807 2748 2876 divina
2777 2809 3052 2879 mysteria,
3085 2807 3168 2860 vel
3197 2806 3319 2877 quia
3353 2807 3519 2875 digito
3565 2804 3696 2869 Dei,
3730 2805 3781 2859 id

2193 2906 2278 2954 est
2323 2897 2524 2967 Spiritu
2573 2907 2756 2954 sancto
2792 2898 2861 2952 ibi
2893 2897 3170 2968 insculpta:
3216 2907 3341 2952 sunt
3385 2898 3548 2951 varia:
3593 2895 3782 2951 formae

2197 3008 2476 3048 sacrorum
2521 2991 2910 3057 intellectuum,
2940 2991 3181 3046 bistorim
3215 2989 3536 3044 moralitatis
3575 2997 3630 3043 et
3667 3004 3783 3060 my-

2197 3086 2371 3141 sterii.
2404 3085 2608 3140 (Icelum
2640 3085 2802 3141 etiam
2848 3093 2932 3140 est
2965 3085 3381 3140 instrumentum
3433 3081 3669 3137 ferreum
3716 3081 3782 3134 ad

2198 3178 2514 3243 caelandum,
2546 3177 2596 3232 id
2625 3187 2707 3231 est
2735 3177 2802 3231 ad
2843 3176 3194 3246 sculpendum
3221 3182 3402 3246 aptum
3421 3214 3437 3241 ,
3466 3171 3550 3227 vel
3577 3170 3702 3242 quia
3731 3170 3781 3224 in

2199 3270 2279 3324 eis
2304 3269 2542 3322 omnium
2579 3268 2856 3322 hominum
2899 3267 3024 3321 vitae
3065 3263 3240 3320 forma
3289 3265 3547 3334 impressa
3579 3270 3664 3318 est
3688 3278 3703 3316 :
3731 3269 3783 3316 et

2122 3373 2170 3438 ο
2201 3361 2303 3417 hoc
2331 3361 2491 3416 modo
2519 3375 2802 3430 possumus
2817 3356 3437 3429 dicerezMagniIiccntia
3461 3364 3549 3410 tua
3572 3354 3782 3410 elevata

2198 3461 2279 3510 est
2304 3469 2465 3523 super
2483 3452 2653 3507 coelos
2683 3468 2698 3506 :
2729 3451 2852 3522 quia
2875 3451 3134 3522 quidquid
3161 3451 3214 3505 in
3239 3449 3342 3504 illis
3371 3447 3667 3518 Scripturis
3689 3462 3784 3516 per

2196 3547 2522 3617 sculpturam
2547 3545 2781 3616 Spiritus
2818 3545 2988 3600 sancti
3020 3545 3284 3600 elevatum
3309 3553 3394 3599 est
3431 3551 3487 3597 et
3522 3542 3784 3598 informa-

2199 3638 2517 3704 tum,multo
2558 3638 2737 3692 minus
2765 3644 2989 3708 apparet
3025 3651 3186 3707 quam
3218 3635 3271 3690 in
3305 3633 3542 3698 Christo,
3573 3633 3666 3703 qui
3700 3640 3783 3687 est

2196 3732 2436 3788 omnium
2468 3731 2872 3802 Scripturarum
2918 3729 3118 3784 veritas
3141 3735 3196 3783 et
3223 3726 3367 3781 ﬁnis.
3392 3725 3451 3780 In
3483 3725 3586 3780 hoc
3614 3723 3780 3795 gloria

2196 3840 2338 3887 mea,
2382 3839 2416 3879 ο
2455 3823 2688 3888 Christe,
2719 3819 2890 3890 major
2913 3828 3018 3884 est,
3047 3833 3209 3890 quam
3241 3817 3508 3887 praeconia
3538 3813 3785 3884 Scriptu-

2197 3934 2379 3974 rarum
2425 3918 2490 3972 de
2528 3926 2600 3971 te.
2647 3915 2781 3981 Quia
2833 3930 2897 3969 ex
2944 3929 3031 3968 ore
3067 3911 3352 3981 infantium
3390 3917 3440 3963 et
3480 3907 3781 3962 lactentium

2195 4009 2454 4080 perfecisti
2500 4006 2741 4071 laudem,
2791 4006 2842 4060 id
2890 4013 2975 4058 est
3018 4001 3313 4072 perfectam
3355 3998 3527 4054 fecisti
3574 3996 3781 4052 laudem

2198 4110 2367 4164 tuam,
2415 4100 2466 4152 in
2511 4099 2613 4152 hoc
2657 4097 2797 4168 quod
2848 4096 2914 4151 ad
2955 4093 3354 4166 praedicandum
3395 4105 3590 4146 nomen
3634 4097 3782 4144 tuum

2198 4207 2303 4246 non
2331 4198 2574 4262 potentes
2601 4188 2757 4257 hujus
2777 4187 2978 4250 saeculi,
3007 4201 3112 4240 non
3134 4184 3354 4248 divites,
3379 4199 3483 4238 non
3512 4182 3784 4252 sapientes

2198 4282 2428 4354 elegisti,
2465 4284 2556 4337 sed
2583 4279 2862 4349 ignobiles,
2889 4292 3154 4348 pauperes
3183 4275 3234 4348 (Ι
3262 4273 3384 4329 Cor.
3421 4274 3458 4343 ι)
3485 4316 3499 4330 .
3523 4282 3578 4328 et
3601 4272 3780 4328 infan-

2202 4380 2301 4438 tes,
2350 4373 2402 4427 id
2451 4380 2554 4436 est,
2598 4371 2986 4439 iucloqueutes,
3034 4377 3294 4438 quantum
3343 4367 3409 4421 ad
3455 4365 3780 4420 mundanam

2198 4465 2582 4535 eloquentiam,
2611 4471 2671 4516 ut
2708 4463 2838 4517 ﬁdes
2864 4460 3197 4516 credentium
3225 4474 3358 4528 pure
3383 4465 3639 4529 appareat
3664 4471 3782 4512 esse

2200 4557 2254 4611 in
2307 4556 2505 4610 virtute
2553 4563 2665 4617 tua,
2721 4569 2826 4607 non
2875 4553 2930 4606 in
2982 4552 3312 4607 sublimitate
3359 4550 3645 4608 sermonis.
3697 4550 3779 4615 Et,

2201 4649 2527 4713 lactentium,
2558 4649 2691 4701 adeo
2737 4645 3046 4709 infantium,
3077 4653 3132 4699 ut
3177 4645 3258 4700 lac
3295 4652 3571 4715 sugerent,
3610 4643 3661 4698 id
3700 4652 3781 4698 est

508 4742 803 4803 martyrum
851 4737 1043 4788 animae
1094 4751 1348 4804 pressura
1399 4739 1643 4808 martyrii
1698 4748 2016 4808 separantur
2061 4755 2090 4793 a
2121 4741 2494 4808 Dsimplicem
2522 4738 2823 4793 doctrinam
2848 4745 3011 4799 tuam,
3043 4737 3279 4790 nondum
3327 4735 3566 4788 valentes
3593 4747 3782 4801 capere

505 4838 751 4892 corpore,
785 4837 840 4880 et
870 4828 1153 4882 mittuntur
1177 4829 1229 4882 in
1256 4839 1512 4885 atternam
1558 4832 1831 4901 requiem;
1865 4847 2093 4902 corpora

508 4934 635 4972 mro
670 4919 1042 4990 projiciuntur,
1090 4923 1422 4978 comedenda
1449 4938 1479 4977 a
1506 4933 1668 4978 terra.
1702 4925 1876 4981 Aliter
1907 4943 1920 4979 :
1957 4923 2094 4979 Ver-

509 5027 629 5068 'uun
659 5015 749 5068 Dei
775 5025 856 5070 est
881 5017 1033 5085 quasi
1061 5032 1163 5070 uva
1189 5035 1201 5070 :
1230 5017 1374 5087 quod
1406 5017 1531 5073 dum
1567 5020 1814 5089 pervenit
1847 5019 1911 5073 ad
1938 5033 2096 5073 aures

563 5109 783 5160 minam
832 5123 930 5176 per
961 5108 1339 5177 praedicatores
1361 5149 1375 5174 ,
1404 5110 1556 5179 quasi
1607 5125 1710 5164 uva
1760 5110 1825 5164 ad
1861 5111 2098 5165 torcular

641 5211 674 5255 ι.
708 5199 778 5250 ibi
807 5195 1041 5251 Verbum
1072 5199 1225 5267 quasi
1259 5199 1681 5270 integumentum
1718 5211 1983 5262 remanet,
2011 5200 2096 5254 in-

551 5302 756 5345 :u.‘CI.IlS
785 5300 965 5344 autem
998 5291 1138 5346 sicut
1179 5292 1364 5346 vinum
1408 5294 1722 5348 reconditur
1749 5294 1800 5347 in
1837 5294 2097 5350 memoria

510 5396 561 5434 .-ι
591 5399 696 5436 non
723 5385 946 5448 acescit,
979 5383 1075 5438 sed
1099 5382 1413 5440 dill‘unditur
1441 5385 1493 5440 in
1518 5386 1852 5457 disciplinam
1884 5400 2095 5440 morum

509 5481 562 5526 et
591 5474 831 5529 habitum
865 5476 1079 5531 mentis.
1110 5475 1382 5549 Pr0pheta
1419 5478 1657 5549 loquitur
1683 5480 1737 5536 in
1764 5479 1867 5533 hoc
1891 5479 2098 5550 psalmo

512 5567 812 5634 przevidens
839 5568 1035 5625 Filium
1090 5570 1186 5628 Dei
1237 5571 1289 5626 in
1346 5572 1491 5628 hunc
1526 5573 1784 5630 mundum
1810 5580 2097 5627 venturum

513 5657 565 5710 in
603 5655 775 5712 forma
821 5658 1055 5714 humana
1112 5661 1178 5715 ad
1220 5663 1641 5732 redemptionem
1692 5663 2001 5727 hominum,
2044 5669 2100 5716 et

514 5749 579 5801 ad
629 5749 1043 5806 aediﬁcationem
1091 5752 1343 5810 Ecclesiae
1407 5769 1554 5819 suae,
1620 5754 1722 5810 hac
1769 5755 2090 5819 intentione,

511 5842 637 5913 quia
687 5843 959 5900 credimus
1020 5845 1162 5916 quod
1217 5861 1322 5902 non
1377 5847 1646 5912 vidimus,
1699 5848 1818 5902 ideo
1856 5847 2096 5918 pluribus

515 5936 949 5996 attestationibus
1001 5953 1139 6009 opus
1189 5947 1272 5994 est
1324 5941 1393 5995 ad
1465 5940 1671 6008 ﬁdem;
1738 5941 1859 5996 ideo
1921 5941 2084 5996 etiam

2202 4834 2430 4889 solidum
2460 4833 2637 4888 cibum
2685 4829 2982 4885 divinitatis
3028 4838 3157 4891 tum,
3212 4837 3498 4898 antequam
3547 4825 3780 4896 Spiritus

2202 4926 2372 4980 sancti
2425 4925 2726 4980 eruditione
2778 4930 3085 4978 crescerent
3144 4921 3196 4975 in
3245 4921 3418 4974 virum
3464 4916 3778 4989 perfectum.

2201 5016 2392 5080 Aliter,
2438 5014 2766 5078 lactentium,
2799 5014 2852 5069 id
2892 5021 2976 5068 est
3011 5026 3316 5082 quanquam
3344 5018 3526 5065 essent
3551 5006 3782 5063 infantes

2203 5118 2462 5178 quantum
2493 5106 2559 5162 ad
2601 5107 2891 5161 humanam
2943 5103 3336 5174 eloquentiam,
3385 5109 3563 5156 tamen
3606 5107 3782 5154 essent

2206 5205 2489 5267 lactantes,
2520 5201 2574 5257 id
2604 5208 2684 5256 est
2710 5200 2816 5268 apti
2843 5199 2909 5253 ad
2935 5197 3281 5252 nutriendum
3309 5193 3560 5266 parvulos
3594 5191 3779 5248 Eccle-

2204 5296 2316 5350 siue.
2350 5295 2415 5348 Et
2441 5293 2586 5364 quod
2627 5291 2759 5346 tales
2787 5289 3015 5360 elegisti,
3039 5298 3249 5360 propter
3291 5287 3525 5342 inimicos
3561 5295 3678 5339 tuos
3703 5283 3782 5340 fe-

2203 5385 2346 5440 cisti.
2371 5382 2574 5439 Inimici
2604 5383 2698 5437 Dei
2726 5391 2852 5435 sunt
2871 5395 3061 5437 omnes
3085 5381 3176 5450 qui
3207 5393 3359 5434 suam
3383 5377 3607 5450 gloriam
3639 5392 3780 5448 qua:-

2202 5488 2349 5543 runt,
2376 5493 2483 5533 non
2525 5476 2642 5530 Dei.
2686 5473 2917 5544 Exponit
2943 5473 3088 5543 quod
3117 5472 3254 5528 dixit
3292 5480 3512 5543 propter
3538 5469 3780 5527 inimicos

2204 5580 2326 5626 tuos
2355 5588 2367 5624 :
2395 5568 2463 5623 Ut
2487 5569 2726 5623 destruas
2764 5568 3049 5621 imimicum
3091 5565 3299 5622 scilicet
3328 5579 3431 5620 tum
3472 5573 3521 5618 et
3563 5565 3778 5618 ultorem

2206 5676 2318 5718 suae
2349 5659 2542 5724 laudis,
2568 5658 2775 5714 scilicet
2803 5657 3202 5728 philosophum,
3223 5653 3464 5711 Judaeum
3495 5653 3781 5710 carnaliter

2204 5753 2598 5824 sapientem,et
2642 5750 2976 5805 haereticum.
3022 5746 3160 5813 Quia
3205 5745 3354 5816 elegit
3393 5744 3536 5800 Deus
3572 5744 3779 5814 inﬁrma

2203 5846 2406 5909 mundi,
2430 5854 2486 5897 ut
2511 5843 2796 5911 confundat
2825 5841 2984 5911 fortia
3007 5854 3025 5892 .·
3051 5848 3100 5894 et
3121 5839 3389 5910 ignobilia,
3421 5848 3476 5892 ut
3497 5837 3778 5907 confundat

2194 5937 2430 5993 nobiles:
2457 5945 2504 5992 et
2547 5951 2664 6006 qua:
2707 5932 2868 5988 stulta
2914 5941 3033 5989 sunt
3063 5931 3247 6003 elegit,
3280 5941 3337 5988 ut
3367 5929 3656 6004 confundat
3696 5947 3777 5986 sa-
