4026 6470
187 490 265 549 l89
1228 478 1766 541 ENARBATIONES

1804 480 1871 537 ΙΝ
1902 482 2244 541 ΡδΔῐιΜοὩ.
3274 478 3405 540 ιοοδ

181 613 257 673 cio,
279 616 316 662 et
337 605 428 675 ipse
456 602 621 673 faciet,
649 610 694 655 et
719 600 924 671 majora
954 599 1141 654 horum
1165 598 1320 668 faciet
1349 600 1529 667 (Joan.
1556 597 1678 668 ιη).
1708 600 1987 670 Λνίιιιηοιιῑ
2004 603 2166 658 Pater
2193 611 2249 658 et
2277 601 2537 672 Spiritus,
2551 600 2644 655 sed
2666 598 2987 657 attribuitur
2998 597 3257 667 judicium
3276 600 3379 657 Ilo.

182 699 326 761 Omnia
353 713 455 767 quae
482 696 614 750 Deus
641 691 802 749 Pater
847 693 1107 763 disposuit
1138 693 1251 747 ﬁeri
1284 692 1350 747 ad
1383 690 1686 761 reparatio-

179 809 269 851 nem
292 788 475 867 generis
497 787 727 849 humani,
755 801 849 855 per
871 786 1065 839 Filium
1091 802 1246 840 suum
1264 786 1499 841 ostendit
1525 805 1536 839 :
1565 784 1691 839 ideo

178 886 283 942 bene
316 882 461 938 Filius
498 880 644 943 dicit,
677 877 921 933 Narrabo
958 878 1131 931 omnia
1159 876 1422 930 mirabilia
1464 885 1576 929 tua.
1622 875 1689 929 Et

178 986 216 1030 te
234 966 474 1034 laudando,
501 963 731 1040 perlecte
760 967 1033 1038 gaudebo;
1077 967 1202 1037 quia
1230 977 1284 1021 et
1323 967 1374 1021 iu
1406 965 1611 1030 anima,
1638 972 1694 1019 et
1724 1008 1725 1015 η

178 1067 216 1120 in
233 1062 437 1135 coipore,
458 1059 667 1114 (relabor
687 1059 738 1112 in
762 1058 962 1122 anima,
989 1065 1043 1112 et
1071 1056 1341 1111 exsultabo
1364 1057 1417 1110 in
1442 1070 1692 1125 corpore,

176 1157 219 1209 in
242 1163 296 1215 te,
318 1150 408 1207 non
439 1150 486 1206 in
530 1150 634 1215 me,
662 1165 766 1204 non
811 1149 863 1203 in
894 1149 997 1202 alia
1026 1163 1102 1203 re.
1128 1148 1193 1203 Et
1232 1158 1291 1203 ut
1317 1150 1420 1205 hoc
1466 1147 1694 1218 possim,

175 1242 385 1313 psallam:
416 1232 606 1297 l‘aciatn'
636 1255 723 1295 me
762 1238 1097 1311 psalterium,
1137 1248 1192 1294 et
1231 1237 1500 1293 inferioris
1528 1237 1695 1307 partis

175 1332 509 1405 percussionem
539 1343 816 1406 gratanter
838 1333 1199 1403 suscipiendo,
1230 1332 1461 1400 desuper
1499 1331 1553 1385 in
1587 1330 1695 1400 spi-

177 1429 253 1481 ritu
282 1426 564 1482 humilitatis
591 1425 744 1481 dulce
774 1424 943 1479 melos
973 1414 1234 1479 resonabo
1262 1441 1274 1477 :
1299 1432 1353 1479 et
1377 1423 1481 1478 hoc
1499 1421 1695 1477 faciam

176 1524 240 1574 tuo
258 1521 441 1586 nomini,
469 1520 523 1574 id
541 1516 629 1574 est
649 1510 713 1572 ad
732 1517 941 1572 laudem
972 1525 1141 1581 tuam,
1171 1524 1229 1569 ut
1254 1530 1350 1585 per
1376 1531 1462 1570 me
1490 1521 1700 1569 crescat

177 1612 260 1665 laus
284 1622 376 1674 tua,
412 1602 684 1689 Altissimc.
725 1600 853 1675 Quis
892 1608 1030 1661 enim
1071 1607 1304 1676 cognovit
1335 1621 1543 1660 sensum
1592 1588 1701 1656 Do-

178 1703 270 1755 mini
289 1701 434 1771 (Rom.
466 1700 581 1772 x1)?
610 1698 704 1756 Vel
732 1698 783 1753 in
813 1698 934 1762 hoc,
959 1692 1254 1761 Altissime,
1282 1697 1335 1750 in
1359 1694 1699 1750 convertenda

177 1795 390 1847 inimicum
412 1811 573 1846 meum
592 1788 896 1853 retrorsum,
920 1788 1151 1843 laudabo
1166 1798 1216 1843 te
1240 1797 1292 1843 et
1307 1788 1509 1858 gratias
1523 1800 1699 1857 agam,

176 1898 252 1936 unn
280 1883 321 1937 in
345 1884 603 1956 praeterito
632 1881 714 1936 vel
743 1881 793 1935 in
826 1876 1081 1951 praesenti
1113 1888 1343 1943 tantum,
1367 1879 1462 1933 sed
1490 1892 1703 1946 semper

176 1975 213 2027 in
238 1975 307 2029 ine
325 1975 372 2029 et
403 1977 450 2029 iu
480 1974 637 2039 meis,
669 1975 721 2029 in
766 1974 1131 2029 convertendo
1187 1971 1462 2026 inimicum
1523 1984 1697 2023 meum
1734 1963 1779 2020 1)

176 2075 432 2119 retrorsum.
459 2065 582 2120 lude
609 2066 703 2119 tibi
737 2066 936 2137 gratias
967 2074 1066 2134 ago
1097 2080 1326 2133 semper.
1361 2063 1485 2132 quia
1516 2061 1697 2115 inimi-

175 2172 243 2210 cus
268 2156 449 2225 generis
478 2158 697 2212 immani
728 2158 815 2228 qui
848 2157 1080 2227 primum
1112 2155 1385 2210 hominem
1409 2154 1701 2224 superavit,

174 2256 212 2300 et
231 2252 326 2316 past
358 2264 408 2302 se
435 2248 581 2303 abire
611 2247 759 2313 fecit,
793 2248 1044 2318 princeps
1073 2240 1234 2315 hujus
1281 2245 1455 2301 factus
1495 2243 1700 2307 tnuudi,

176 2354 237 2393 me
256 2340 390 2394 etiam
417 2336 673 2395 tentando
698 2339 850 2409 (venit
891 2340 1027 2392 enim
1052 2339 1289 2410 princeps
1306 2334 1486 2390 mundi
1516 2334 1700 2404 hujus,
1732 2386 1733 2389 η

176 2442 206 2483 et
226 2431 265 2484 in
287 2434 353 2485 me
380 2450 475 2489 non
501 2432 656 2487 habet
680 2433 968 2503 quidquam
994 2430 1177 2504 [Joan.
1213 2430 1373 2504 Xtv]),
1408 2439 1705 2485 retrorsum

175 2520 405 2587 datus'est,
438 2526 494 2577 ut
524 2522 577 2577 in
612 2516 719 2579 illis
741 2522 1081 2577 solummodo
1102 2523 1408 2577 dominetur
1443 2522 1532 2592 qui
1557 2530 1705 2576 retro

178 2622 270 2666 sunt
294 2606 337 2668 in
360 2612 599 2681 terrenis,
630 2614 875 2670 nolentes
916 2629 975 2669 se
1020 2613 1072 2667 in
1118 2613 1386 2668 anteriora
1417 2610 1710 2666 extendere

177 2694 301 2777 (Phil.
332 2707 428 2778 ιιι).
458 2706 590 2776 Quia
622 2707 707 2762 ille
740 2708 831 2777 qui
862 2704 1100 2761 humano
1145 2704 1326 2776 generi
1378 2696 1485 2758 dux
1522 2703 1710 2758 mortis

178 2798 278 2860 erat,
299 2797 438 2853 modo
460 2800 758 2854 retrorsum
789 2797 922 2852 abiit
953 2795 1619 2866 tentando,persequendo
1651 2803 1711 2849 ut

178 2887 306 2942 canis.
336 2888 496 2944 Aliter
522 2909 533 2944 :
566 2888 708 2957 Quia
732 2889 1001 2943 inimicum
1031 2905 1202 2942 meum
1232 2903 1501 2958 quemque
1526 2886 1715 2940 inﬁde-

150 2977 272 3039 -lem,
294 2979 369 3048 qui
402 2981 602 3051 primus
637 2986 743 3036 non
774 2994 1108 3049 cognoscens
1133 2979 1499 3033 inﬁrmitatem
1537 2994 1712 3045 suam,

180 3068 359 3135 putabat
384 3082 436 3123 se
482 3079 589 3125 nOn
625 3070 786 3138 egere
816 3066 1047 3134 medico,
1096 3078 1376 3124 convertes
1408 3077 1713 3135 retrorsum,

181 3158 223 3208 ut
241 3158 339 3227 pan
360 3168 437 3215 me
459 3158 640 3227 abeat,
666 3174 751 3215 me
775 3159 1040 3215 medicum
1069 3169 1295 3229 quaerat.
1322 3156 1391 3214 Et
1419 3159 1714 3214 secundum

181 3247 285 3305 hanc
308 3253 619 3307 sententiam
651 3252 799 3306 recte
830 3251 1095 3321 sequitur,
1124 3250 1553 3319 inﬁrmabuntur.
1591 3250 1714 3305 Ideo

181 3339 422 3398 rélfof'Sthn
450 3339 992 3413 convertentttr‘qma
1036 3339 1461 3410 inﬁr’mabu’ntur,
1516 3340 1567 3395 id
1610 3348 1713 3406 cst,
1744 3328 1790 3391 Ο

182 3432 246 3502 qui
270 3434 355 3489 sibi
380 3437 521 3508 prius
569 3434 749 3491 fortes
774 3432 1095 3490 videbantur
1142 3433 1385 3488 inﬁrmos
1431 3447 1489 3488 se
1521 3448 1717 3504 cogno-

182 3526 299 3582 scent
336 3540 383 3584 et
412 3531 487 3586 sic
520 3520 775 3601 periliunt'
798 3528 941 3599 quod
980 3527 1214 3582 fuerunt.
1248 3512 1321 3581 Ut
1365 3525 1493 3579 illud
1526 3544 1540 3581 :
1590 3518 1716 3581 Vivo

175 3620 501 3695 jau‘tnon'c'g'o,
536 3624 661 3679 vivit
701 3622 817 3678 vero
862 3623 915 3675 in
959 3620 1039 3675 me
1081 3614 1320 3675 Christus
1351 3614 1490 3692 (Cal.
1548 3624 1630 3691 ιι).
1674 3619 1719 3671 Α

180 3714 399 3782 (arietari,
430 3717 481 3773 id
507 3717 595 3773 est
630 3733 659 3771 a
688 3712 994 3786 cognitione
1025 3723 1138 3781 tua,
1163 3719 1450 3784 postquam
1475 3721 1526 3767 te
1550 3713 1719 3768 Deum

181 3806 431 3865 creatorem
466 3812 629 3866 suum
657 3806 1002 3879 Cognoscent.
1030 3800 1165 3875 Quia
1193 3796 1444 3862 inimicus
1472 3806 1558 3861 ille
1584 3821 1721 3862 unus

180 3896 301 3951 estin
324 3900 396 3964 se,
435 3900 487 3954 et
513 3898 673 3955 multi
710 3900 761 3975 in
803 3890 1059 3955 membris
1086 3898 1216 3963 suis,
1251 3897 1370 3952 ideo
1396 3906 1516 3968 post
1542 3898 1725 3969 singu-

180 3984 267 4041 lare
292 3988 469 4077 plurali
504 3988 699 4047 utitur.
727 3982 1033 4047 secundum
1062 3991 1269 4058 priores
1302 3989 1600 4044 sententias
1644 3989 1723 4044 sic

180 4074 295 4135 istud
310 4094 515 4154 aptatur
538 4088 567 4139 :'
610 4082 1031 4153 Inﬁrmabuntur
1061 4074 1162 4139 hoc
1213 4072 1371 4137 modo
1400 4100 1413 4136 :
1448 4082 1724 4136 inimicum

181 4186 304 4243 caput
323 4186 371 4232 et
397 4180 644 4235 membra
665 4178 949 4234 convertes
976 4187 1296 4242 retrorsum,
1323 4177 1447 4246 quia
1479 4176 1723 4230 inﬁrma-

178 4263 357 4333 bantur,
388 4266 694 4326 ineﬁ'iCaces
725 4268 857 4324 ﬁent
892 4271 995 4333 hic,
1032 4277 1086 4323 et
1129 4278 1316 4340 postea
1363 4268 1627 4335 peribunt,
1675 4256 1726 4321 id

179 4369 240 4411 est
262 4364 452 4431 penitus
479 4354 759 4428 recedent,
789 4381 821 4417 a
845 4350 979 4434 facie
1010 4373 1125 4429 tua,
1154 4363 1206 4418 id
1238 4372 1320 4418 est
1361 4378 1390 4416 a
1442 4362 1726 4432 praesentia

178 4455 263 4504 tua.
286 4450 516 4509 Tollatur
543 4453 743 4523 impius
765 4470 831 4509 ne
860 4438 1036 4508 videat
1065 4453 1256 4509 faciem
1282 4453 1375 4508 Dei
1402 4452 1535 4524 (Isa.
1555 4452 1725 4523 XXVI).

178 4539 274 4597 ideo
296 4542 554 4615 peribunt,
596 4548 847 4618 quoniam
870 4546 1059 4616 fecisti,
1076 4547 1127 4602 id
1152 4556 1254 4612 est,
1273 4546 1462 4613 facies,
1492 4562 1523 4602 0
1547 4546 1729 4611 Pater,

172 4632 414 4705 judicium,
471 4641 621 4710 quod
672 4639 771 4709 ipsi
820 4638 1079 4709 putabant
1135 4654 1315 4705 suum,
1371 4640 1500 4694 illud
1560 4638 1724 4693 facies

180 4741 334 4813 meum.
366 4731 431 4788 Ut
476 4731 615 4787 illud
645 4750 660 4786 :
694 4730 917 4801 Expedit
950 4740 1004 4784 ut
1046 4748 1179 4785 unus
1213 4732 1471 4807 moriatur
1501 4747 1593 4798 pro
1633 4746 1726 4800 po-

176 4812 292 4886 pulo,
320 4832 362 4876 et
393 4841 495 4879 non
522 4834 640 4878 tota
675 4839 798 4894 gens
833 4831 1003 4892 pereat
1033 4819 1212 4893 (Joan.
1243 4819 1341 4891 χι).
1385 4806 1536 4874 Sicut
1565 4828 1727 4874 nauta

177 4920 361 4966 ventum
390 4906 519 4969 dicit
550 4930 710 4969 suum
756 4918 862 4984 q‘uo
902 4912 1086 4978 utitur,
1132 4922 1180 4966 et
1234 4928 1472 4975 causam,
1526 4911 1733 4966 scilicet

174 4997 346 5089 iudicii,
372 5021 533 5077 quam
558 5010 715 5061 su‘am
738 5005 1012 5076 putabant,
1040 4996 1214 5060 fecisti
1238 5004 1425 5058 meam‘.
1453 5002 1580 5072 Quae
1598 4990 1731 5058 fuit?

179 5108 229 5147 ne
248 5082 371 5154 forte
395 5102 638 5155 mundus
658 5108 776 5171 post
799 5114 921 5154 eum
951 5099 1123 5154 abeat.
1143 5082 1282 5154 Etut
1312 5094 1439 5152 illud
1466 5084 1728 5165 judicium

180 5200 325 5245 meum
360 5192 535 5261 ﬁeret,
587 5194 768 5248 sedisti
802 5210 957 5264 super
991 5194 1256 5257 thronum,
1313 5191 1368 5247 id
1421 5202 1524 5256 est,
1585 5204 1731 5249 recte

173 5275 408 5343 iudicasti.
433 5286 690 5341 Thronus
717 5296 800 5341 est
840 5286 1126 5355 iudiciaria
1175 5270 1347 5341 sedes.
1382 5267 1531 5340 Tunc
1564 5285 1731 5354 judex

179 5370 346 5430 dicitur
365 5378 557 5459 sedere
588 5378 641 5431 in
669 5378 883 5442 throno,
911 5394 1030 5431 cum
1057 5376 1145 5431 illa
1180 5377 1306 5432 sede
1330 5393 1434 5432 nou
1466 5377 1727 5432 abutitur.
1757 5433 1763 5437 ,

176 5464 353 5525 Aliter:
393 5456 596 5525 sedisti
632 5486 788 5541 super
828 5471 1070 5523 thronum
1101 5470 1188 5539 qui
1207 5469 1418 5539 judicas
1443 5468 1731 5538 justitiam,

178 5553 330 5625 idest,
361 5538 758 5615 humanitatem
792 5547 989 5626 meam,
1030 5538 1231 5630 parasti
1264 5561 1359 5614 tibi
1382 5560 1562 5615 sedem
1585 5558 1733 5627 judi-
1766 5538 1771 5629 λ

178 5653 375 5729 Cariam,
427 5666 488 5710 ut
537 5671 605 5709 ex
657 5655 740 5709 illa
787 5655 1044 5710 mundum
1093 5634 1386 5724 judicares.
1446 5653 1513 5709 Ut
1563 5653 1729 5707 illud:

178 5736 427 5825 Deusverat
448 5746 504 5827 in
519 5738 726 5800 Christo
747 5747 999 5800 mundum
1024 5744 1365 5798 reconcilians
1388 5744 1485 5797 sibi
1504 5743 1587 5814 (11
1609 5742 1731 5798 Cor.

176 5832 237 5903 δ’).
266 5824 327 5890 Et
353 5824 521 5894 illud:
562 5824 721 5893 Pater
747 5857 849 5893 non
869 5826 1077 5908 judicat
1108 5853 1439 5908 quemquam,
1469 5836 1558 5889 sed
1587 5851 1735 5888 omne

173 5922 408 5995 judicium
435 5922 585 5987 dedit
616 5929 752 5989 Filio
777 5933 956 6005 (Joan.
989 5935 1064 6004 v).
1098 5930 1251 5999 Quod
1294 5928 1501 5999 judicat
1545 5926 1734 5995 Filius,

1791 695 1990 749 minico
2032 694 2256 757 homini,
2287 694 2411 761 quia
2444 692 2491 747 si
2531 707 2597 747 ex
2629 691 2741 747 sola
2787 691 3028 761 potentia
3080 690 3377 746 divinitatis

1789 786 2035 840 homines
2073 786 2359 855 judicaret,
2413 783 2811 854 quodammodo
2854 800 2921 838 ex
2970 782 3289 838 inﬁrmitate
3323 791 3380 838 et

1790 878 2105 947 impotentia
2133 893 2192 933 se
2214 886 2431 947 possent
2459 894 2740 933 excusare.
2784 878 2938 933 Nunc
2964 885 3147 932 autem
3184 879 3381 933 huma-

1792 971 1963 1025 nitate
1990 971 2108 1025 Filii
2138 972 2292 1026 nobis
2319 970 2617 1039 proposita,-
2660 971 2751 1040 φῦ
2802 972 2937 1025 bona
2970 970 3058 1024 ille
3104 969 3235 1025 fecit
3260 982 3381 1039 qua

1792 1078 1822 1115 a
1850 1060 2004 1115 nobis
2032 1062 2411 1129 exquiruntur,
2449 1069 2504 1115 et
2551 1060 2693 1117 mala
2736 1060 2946 1124 vitavit,
2976 1060 3047 1115 ad
3072 1059 3383 1129 exemplum

1796 1152 1935 1206 illius
1963 1166 2151 1206 omnes
2193 1149 2603 1218 iudicabuntur.
2643 1148 2889 1205 Ostendit
2936 1148 3211 1219 quomodo
3258 1160 3383 1219 pet-

1794 1246 1963 1301 ibuut.
1985 1244 2231 1299 Sedendo
2246 1260 2400 1313 super
2416 1244 2657 1296 thronum
2683 1250 2855 1305 tuum,
2879 1243 3158 1311 inerepasti
3184 1252 3387 1312 gentes,»

1795 1337 2018 1409 argnisti
2040 1351 2133 1391 eas
2163 1336 2228 1390 de
2266 1336 2640 1407 incredulitate
2664 1342 2719 1389 et
2753 1336 3030 1404 impietate
3061 1350 3159 1405 per
3196 1349 3282 1390 me
3325 1338 3385 1388 et

1800 1444 1947 1486 meos
1971 1428 2259 1499 apostolos.
2290 1426 2357 1481 Et
2398 1429 2549 1499 periit
2580 1418 2790 1495 impius,
2842 1427 3019 1481 factus
3068 1426 3267 1481 ﬁdelis.
3320 1427 3393 1480 Et

1798 1523 1901 1577 hoc
1933 1536 2041 1576 non
2068 1521 2137 1575 ad
2165 1529 2397 1588 tempus,
2426 1520 2523 1574 sed
2567 1518 2750 1573 delesti
2780 1534 2967 1573 nomen
3006 1524 3206 1583 earum,
3258 1518 3386 1573 illud

1799 1629 1994 1669 nomen
2029 1613 2169 1683 quod
2208 1611 2305 1682 ipsi
2336 1612 2437 1667 sibi
2470 1612 2893 1682 acquisiverunt,
2935 1611 2993 1665 in
3030 1622 3304 1675 reternum,
3334 1609 3387 1664 id

1799 1714 1903 1770 est,
1930 1706 1983 1758 in
2010 1704 2282 1767 sicanium,
2317 1703 2372 1756 id
2399 1711 2501 1765 est,
2533 1702 2899 1756 aeternitatem
2923 1708 2978 1755 et
3025 1700 3183 1754 ﬁnem
3231 1698 3390 1766 huius

1801 1797 2000 1861 sa'cuti,
2026 1796 2171 1865 quod
2198 1803 2421 1849 vocatur
2465 1802 2698 1863 tempus,
2751 1793 2803 1847 id
2834 1802 2939 1857 est,
2982 1793 3143 1863 hujus
3185 1791 3392 1847 volubi-

1804 1891 1989 1945 litatis.
2018 1889 2082 1943 Et
2112 1903 2218 1942 non
2255 1887 2453 1940 mirum
2491 1886 2534 1939 si
2583 1885 2745 1955 periit
2786 1885 3005 1954 impius,
3038 1884 3161 1953 quia
3192 1882 3391 1936 inimici

1806 1985 2041 2053 fremere,
2098 1980 2151 2036 id
2197 1978 2597 2048 ostopiniones
2637 1978 2840 2033 erroris
2870 1976 2953 2031 vel
3006 1982 3393 2046 persequentes

1804 2075 2101 2139 Christum,
2123 2072 2423 2144 defecerunt
2451 2081 2645 2126 contra
2670 2070 2907 2139 gladium
2932 2070 3030 2123 Dei
3050 2069 3135 2123 bis
3151 2076 3389 2129 acutum,
3484 2070 3494 2081 ‘

1805 2169 2011 2226 scilicet
2053 2177 2239 2222 contra
2270 2164 2867 2222 veridicassententias
2906 2162 3040 2218 Novi
3084 2171 3142 2218 et
3184 2159 3396 2215 Veteris

1805 2258 2158 2316 Testamenti.
2192 2257 2259 2312 In
2283 2257 2465 2326 ﬁnem.
2498 2256 2553 2309 id
2584 2264 2666 2310 est
2717 2254 2775 2309 in
2822 2254 3123 2317 Christum,
3172 2243 3265 2320 qui
3315 2255 3399 2304 est

1807 2350 2012 2421 gladius
2044 2349 2159 2414 Dei,
2202 2347 2409 2403 scilicet
2454 2354 2649 2401 contra
2694 2344 3137 2415 paciﬁcationem
3171 2338 3397 2397 Christi.

1807 2440 1904 2496 Vel
1932 2443 1987 2495 in
2015 2442 2201 2510 ﬁnem,
2230 2438 2287 2493 id
2311 2448 2391 2493 est
2416 2437 2653 2509 penitus.
2701 2436 2769 2491 Et
2798 2444 3084 2506 postquam
3114 2433 3401 2502 opiniones

1808 2531 2010 2588 erroris
2040 2531 2329 2584 destructae
2371 2535 2518 2591 sunt,
2550 2525 2782 2581 civitates
2819 2524 3145 2588 destruzisti,
3195 2522 3249 2577 id
3294 2528 3403 2585 est,

1809 2624 2095 2680 societates
2121 2630 2176 2675 et
2206 2618 2582 2675 conventicula
2612 2617 2903 2683 malorum,
2927 2626 2987 2672 ut
3029 2614 3224 2671 ﬁerent
3268 2614 3401 2669 civi-

1812 2723 1950 2770 tates
1990 2722 2116 2768 tutc.
2161 2710 2257 2767 Vel
2302 2709 2553 2765 civitates
2588 2709 2920 2779 accipiemus
2976 2716 3198 2777 pectora
3251 2704 3405 2760 mali-

1812 2804 2110 2876 gnantium,
2144 2802 2233 2856 ubi
2266 2810 2391 2855 sunt
2431 2808 2487 2854 et
2508 2800 2659 2855 curia
2689 2798 2873 2855 dolosa
2897 2806 2952 2853 et
2973 2796 3218 2852 consilia.
3258 2795 3406 2850 lll'nts

1811 2898 1978 2955 curiae
2002 2897 2258 2967 princeps
2279 2901 2362 2947 est
2391 2893 2639 2948 veritatis
2661 2890 2915 2947 inimicus
2939 2909 2952 2944 :
2988 2890 3106 2959 ejus
3131 2887 3405 2960 pernicio-

1815 2991 2012 3047 sissimi
2044 2989 2317 3055 satellites,
2346 2986 2603 3057 corporis
2632 3000 2824 3041 sensus
2845 2994 2901 3039 et
2925 2983 3167 3039 membra
3193 2996 3208 3035 :
3252 2981 3407 3050 plebs

1817 3099 1965 3149 vero,
2013 3081 2265 3136 carnales
2309 3077 2765 3147 cmtcupiscentia:
2801 3075 2949 3130 varie
2996 3072 3408 3128 tumultuantes.

1818 3174 1929 3231 Has
1951 3174 2198 3228 civitates
2216 3169 2674 3232 destruxisti,cum
2700 3166 2879 3221 omnia
2896 3179 3081 3219 eorum
3106 3161 3327 3218 consilia
3343 3159 3411 3214 ad

1821 3268 2019 3322 bonum
2044 3264 2309 3335 direxisti.
2343 3263 2409 3317 Et
2432 3262 2537 3316 hoc
2566 3260 2723 3314 modo
2744 3257 2900 3331 periit
2927 3255 3180 3309 memoria
3208 3266 3411 3316 eorum,

1820 3356 1879 3410 id
1893 3364 1995 3419 est,
2015 3353 2155 3408 fama
2178 3351 2287 3415 illa,
2311 3366 2474 3420 quam
2497 3349 2598 3403 sibi
2618 3349 2671 3402 in
2696 3346 2927 3401 terrenis
2956 3342 3327 3412 acquisierant
3344 3340 3414 3395 ad

1818 3444 2137 3500 memoriam
2173 3442 2255 3497 sui
2308 3449 2431 3510 post
2470 3441 2612 3495 hanc
2638 3438 2804 3492 vitam
2829 3451 2947 3489 cum
2991 3447 3187 3502 magno
3232 3431 3407 3484 sonitu

1818 3546 1874 3594 et
1898 3550 2090 3607 magno
2137 3532 2389 3597 tumultu,
2415 3538 2700 3601 postquam
2729 3532 3098 3597 cognoverunt
3123 3522 3177 3576 in
3200 3521 3285 3576 his
3308 3534 3415 3575 non

1820 3642 1939 3683 esse
1987 3624 2346 3696 gloriandum.
2379 3621 2472 3679 Vel
2514 3617 2777 3675 memoria
2828 3615 3140 3685 impiormn,
3198 3620 3257 3664 ut
3300 3610 3413 3679 iam

1822 3734 1927 3774 non
1951 3724 2137 3787 regnet
2167 3722 2447 3784 peccatum
2489 3712 2541 3766 in
2578 3722 2806 3779 corpore
2835 3719 3021 3761 eorum
3076 3701 3254 3773 (Rom.
3285 3700 3370 3769 γι)
3399 3715 3415 3754 :

1822 3818 1877 3866 et
1907 3811 2008 3865 hoc
2027 3823 2140 3862 cum
2174 3805 2371 3883 sonitu,
2403 3803 2453 3858 id
2482 3811 2593 3867 est,
2615 3814 2809 3869 magna
2834 3793 3222 3850 reclamatione
3252 3790 3417 3846 totius

1822 3902 1994 3957 orbis.
2024 3898 2121 3954 Vel
2155 3901 2257 3954 hoc
2285 3897 2442 3952 modo
2470 3914 2487 3950 :
2511 3911 2629 3949 cum
2655 3893 2852 3956 sonitu,
2888 3890 3013 3959 quia
3063 3903 3169 3942 non
3224 3894 3417 3956 potue-

1824 4002 1952 4047 runt
1977 4005 2178 4046 exuere
2202 3998 2440 4043 veterem
2472 3985 2747 4039 hominem
2782 3995 2905 4036 cum
2938 3978 3150 4032 actibus
3181 3974 3313 4038 suis,
3361 3981 3419 4027 et

1826 4084 2050 4139 induere
2072 4080 2275 4135 novum
2297 4076 2437 4149 (Col.
2469 4076 2553 4146 ιιι)
2590 4075 2706 4130 sine
2730 4086 2926 4143 magno
2952 4068 3181 4125 tumultu
3210 4074 3263 4121 et
3304 4079 3419 4118 ma-

1827 4192 1931 4247 gno
1953 4158 2225 4230 conﬂictu.
2255 4158 2426 4224 Aliter
2452 4187 2465 4225 :
2492 4162 2559 4222 In
2582 4152 2924 4221 convertenda
2948 4152 3213 4216 inimicum
3246 4173 3419 4211 meum

1829 4242 2136 4329 retrorsum,
2169 4248 2442 4318 diabolum
2475 4258 2705 4321 Scilicet,
2733 4242 2824 4311 cui
2864 4252 3089 4309 tentanti
3119 4249 3417 4312 Christum,

1829 4365 1887 4413 ut
1909 4372 2031 4411 eum
2064 4350 2365 4417 seducerct,
2399 4346 2855 4421 quemadmodum
2905 4343 2959 4398 in
2990 4340 3228 4413 primum
3253 4337 3421 4394 homi-

1832 4458 1953 4507 nem
1978 4448 2104 4505 fecit
2133 4434 2284 4521 (Cen.
2324 4420 2431 4514 ut),
2462 4434 2663 4495 dictum
2716 4436 2801 4521 est
2836 4453 2865 4490 a
2918 4428 3183 4491 Domino:
3254 4420 3421 4493 Vade,

1834 4546 2083 4610 Satanas,
2102 4539 2440 4597 nontentabis
2467 4536 2746 4590 Dominum
2763 4518 2929 4607 Deum
2960 4537 3105 4580 tuum
3133 4522 3314 4594 (Joan.
3341 4517 3421 4590 Χ).

1834 4628 1900 4691 Et
1928 4651 2031 4690 nou
2063 4633 2258 4697 solum,
2290 4622 2393 4684 sed
2430 4628 2589 4680 ctiam
2629 4619 2862 4677 ministri
2912 4612 2995 4674 sui
3029 4613 3200 4670 Judaﬁ
3241 4623 3426 4683 perse-

1832 4739 2060 4800 quentes
2090 4714 2517 4791 inﬁrmabuntur,
2545 4732 2651 4770 non
2677 4712 2918 4768 valentes
2949 4709 3004 4764 in
3031 4722 3118 4761 me
3155 4700 3425 4775 perﬁcere

1832 4819 1974 4890 quod
2024 4815 2351 4871 voluerunt:
2403 4808 2526 4879 quia
2579 4822 2729 4861 nemo
2780 4801 2924 4858 tollet
2984 4798 3017 4853 α
3060 4796 3424 4890 ηιεᾴαηὶιηαιιι

1834 4876 2023 4974 meum,
2065 4904 2153 4961 sed
2181 4920 2274 4975 ego
2304 4876 2439 4974 pono
2464 4915 2578 4954 eam
2603 4916 2634 4952 a
2674 4896 2868 4966 meipso
2906 4888 3116 4963 (Ibid.).
3148 4876 3247 4943 Hic
3274 4885 3425 4955 inﬁr-

1834 5001 2207 5063 mabuntur,et
2236 4986 2419 5065 postea
2443 4992 2495 5046 in
2528 4984 2926 5057 futurojudicio
2950 4982 3191 5053 peribunt
3228 4996 3259 5032 a
3293 4978 3427 5047 facie

1836 5103 1925 5147 tua
1957 5106 2078 5146 etnn
2111 5086 2366 5141 videbunt
2397 5082 2451 5137 in
2485 5096 2644 5152 quem
2695 5074 3105 5138 transﬁxorum,
3139 5069 3265 5139 quia
3297 5075 3425 5120 tunc

1834 5179 1992 5255 plane
2039 5189 2365 5251 cognoscent
2417 5188 2504 5230 me
2549 5172 2654 5225 non
2690 5169 2855 5223 fuisse
2907 5168 3080 5221 solum
3129 5152 3424 5241 hominem.

1837 5244 1959 5330 ideo
1995 5244 2423 5339 inﬁmitabuntur,
2454 5264 2578 5335 quia
2593 5259 2854 5332 judicium
2886 5255 3016 5313 illud
3046 5268 3150 5323 quo
3178 5263 3261 5304 me
3285 5244 3426 5315 judi-
3458 5318 3459 5321 η

1838 5375 2117 5429 caverunt,
2146 5377 2317 5417 meum
2350 5358 2538 5431 fecisti,
2571 5366 2631 5412 ut
2668 5346 2878 5411 occulte
2917 5348 3051 5405 mihi
3102 5342 3426 5427 militarent,

1840 5462 1975 5518 dans
2002 5458 2110 5531 pati
2138 5456 2373 5526 iudicem
2398 5452 2699 5508 hominum.
2726 5448 2862 5515 Quia
2893 5444 2992 5499 etsi
3021 5432 3093 5494 illi
3119 5437 3251 5531 loris
3277 5432 3426 5502 judi-

1842 5564 2028 5612 carent
2059 5556 2110 5608 in
2144 5566 2394 5620 corpore,
2442 5557 2495 5604 ttt
2533 5555 2709 5601 tamen
2753 5540 2931 5596 sedisti
2956 5522 3243 5606 judiciaria
3269 5536 3424 5599 pote-

1839 5656 1980 5705 state
2001 5662 2156 5718 super
2177 5645 2445 5705 thronum,
2468 5639 2521 5694 id
2551 5644 2649 5698 est,
2669 5635 2904 5689 animam
2931 5641 3104 5682 meam
3132 5638 3293 5694 quam
3328 5620 3425 5675 tibi

1842 5740 2011 5795 fecisti
2037 5717 2242 5801 sedem,
2271 5747 2489 5789 carnem
2522 5742 2698 5785 meam
2740 5719 3031 5801 scabellum
3075 5717 3273 5801 pedum
3308 5722 3426 5769 tuo-

1843 5849 1982 5888 rum.
2012 5831 2136 5886 Ideo
2185 5828 2361 5884 anima
2406 5823 2606 5880 Christi
2653 5818 2847 5874 dicitur
2902 5814 3059 5871 sedes
3098 5806 3423 5888 divinitatis,

1843 5927 1969 5996 quia
1995 5924 2093 5980 ctsi
2124 5921 2246 5976 aliis
2275 5915 2561 5974 animabus
2586 5920 2670 5970 est
2690 5894 3062 5976 excellentior,
3089 5912 3277 5961 tamen
3309 5884 3424 5956 dei-
