3978 6418
552 452 652 519 191

1187 443 1447 506 REMlGlI
1483 437 2139 505 ANTISSIODORENSIS
2176 437 2325 496 OPP.
2366 441 2544 501 PARS
2579 445 2617 501 I.
2645 477 2712 487 —
2734 439 3148 506 'EXEGETICA.

3699 454 3783 514 l92

555 583 668 633 tate
699 573 941 630 inferior.
960 569 1081 638 'Qui
1095 569 1310 640 judicas
1336 568 1620 640 justitiam.
1661 566 1739 620 Ac
1773 566 1817 620 si
1843 564 1986 620 dicat
2014 581 2027 616 ε
2058 560 2138 616 Tu
2167 555 2222 616 A
2247 559 2400 616 Unde
2415 561 2666 618 Boethius
2690 579 2704 619 :
2731 584 2748 617 ι
2772 564 2967 621 Noster
2991 567 3098 623 dux
3119 567 3389 624 contrahit
3413 568 3594 641 cupias
3613 586 3724 627 suas
3743 573 3785 627 in

556 672 610 728 in
641 671 820 727 anlma
847 684 964 724 mea
993 668 1178 723 sedisti
1218 682 1322 722 nou
1347 664 1693 736 judicandus,
1725 670 1783 714 ut
1820 675 1919 728 ego
1950 660 2133 722 homo,

557 765 651 820 sed
675 761 1037 834 judicaturus,
1063 759 1151 830 qui
1176 772 1391 826 semper
1413 756 1557 826 juste
1577 755 1808 825 judicas,
1827 753 1946 807 idco
1973 752 2135 805 etiam

559 855 734 915 fecisti
758 854 1022 926 judicium
1049 866 1250 916 meum,
1287 850 1414 920 quia
1437 848 1584 918 juste
1611 846 1885 918 judicatus
1911 860 2051 899 sum.
2083 842 2139 896 In

561 947 906 1003 damnatione
964 943 1154 999 mortis
1201 942 1306 997 hoc
1357 939 1558 1004 fecisti,
1611 946 1799 1008 postea
1850 932 2141 1004 increpasti

563 1050 748 1110 gentes
774 1053 870 1109 per
895 1037 1296 1108 praedicatores,
1319 1033 1579 1089 tnittendo
1608 1030 1870 1102 Spiritum
1895 1036 2144 1084 sanctum

562 1138 686 1202 post
705 1129 1076 1184 ascensionem
1112 1141 1306 1192 meam,
1335 1125 1425 1195 qui
1455 1124 1797 1192 disciplinam
1834 1129 1888 1176 et
1931 1119 2144 1190 sapien-

570 1223 700 1277 tiam
719 1236 812 1275 eos
836 1221 1072 1284 doceret,
1095 1219 1236 1274 sicut
1260 1219 1374 1288 ipse
1411 1216 1520 1272 dixi
1546 1233 1559 1270 :
1596 1214 1706 1285 Ego
1751 1213 1886 1267 dabo
1917 1211 2058 1266 vobis
2091 1226 2146 1264 os

567 1319 616 1365 et
647 1312 974 1382 sapientiam,
1003 1311 1088 1365 cui
1124 1326 1228 1363 non
1246 1317 1484 1378 poterunt
1518 1306 1754 1361 resistere
1769 1319 1944 1357 omnes
1967 1303 2153 1356 adver-

473 1409 478 1414 ’
564 1404 694 1458 sarii
710 1405 862 1458 vestri
881 1402 1031 1472 (Luc.
1048 1400 1186 1471 χιιι).
1202 1400 1492 1469 Increpasti
1507 1409 1696 1469 gentes,
1714 1396 1941 1469 gentiles
1962 1396 2026 1449 de
2040 1394 2155 1449 ido-

565 1497 797 1562 lolatria,
844 1496 1057 1552 Judteos
1084 1497 1150 1551 de
1192 1495 1587 1551 incredulitate.
1640 1493 1711 1548 Et
1755 1493 1907 1564 periit
1937 1492 2150 1560 impius,

569 1590 816 1646 diabolus
843 1589 950 1643 dux
978 1590 1172 1644 mortis
1201 1607 1213 1643 :
1264 1605 1448 1644 nomen
1474 1587 1676 1651 eorum,
1721 1586 1927 1641 scilicet
1966 1584 2156 1639 inlide-

569 1679 759 1745 litatis,
783 1680 965 1735 delesti
988 1681 1053 1735 de
1073 1681 1211 1734 libro
1241 1687 1351 1744 tuo,
1383 1678 1474 1749 qui
1508 1687 1592 1735 est
1621 1678 1760 1734 liber
1782 1679 1904 1734 vitae
1929 1686 1984 1733 et
2011 1693 2157 1733 mor-

573 1771 682 1840 tis(
710 1771 870 1841 Apoc.
902 1768 1022 1844 xx),
1056 1771 1107 1826 id
1132 1779 1238 1835 est,
1266 1770 1332 1826 de
1365 1769 1624 1824 memoria
1648 1780 1768 1824 tua:
1802 1778 1855 1824 et
1891 1769 2155 1840 scripsisti

571 1864 626 1918 in
673 1863 810 1918 libro
841 1863 987 1929 vitae,
1037 1863 1089 1917 id
1138 1873 1238 1924 cst,
1296 1864 1349 1918 in
1394 1863 1649 1919 Christo:
1697 1863 1906 1919 scilicet
1947 1863 1998 1917 in
2054 1861 2158 1916 fide

2242 669 2442 710 arcem.
2486 657 2554 710 At
2578 672 2673 712 nos
2698 659 2926 728 desuper
2952 659 3237 716 irridemus
3277 661 3392 717 illos
3423 663 3566 718 circa
3604 664 3789 721 inutiles

2243 750 2542 805 sarcinulas
2575 761 2884 821 occupatos.
2933 751 3098 819 Bene,
3145 754 3318 811 factus
3365 756 3790 828 refugium:quia

2239 843 2339 896 sua
2378 843 2684 898 humanitas
2706 855 2790 898 est
2821 844 3096 901 humilitas
3138 854 3192 900 et
3215 847 3495 915 patientia.
3523 847 3590 903 Et
3612 863 3675 903 ex
3713 850 3795 904 hu-

2246 933 2474 990 militate
2506 935 2823 1006 gloriﬁcatio
2847 936 3082 992 fidelium
3117 952 3336 994 suorum
3363 953 3377 992 :
3403 939 3457 994 in
3482 939 3796 995 tribulatione

2249 1041 2440 1096 magna
2470 1035 2556 1082 est
2579 1026 2892 1082 consolatio.
2932 1047 2950 1081 ι
2977 1027 3140 1095 Quasi
3172 1027 3320 1084 dicat
3361 1047 3374 1084 :
3420 1027 3477 1084 Si
3508 1029 3619 1101 ipse
3639 1039 3714 1086 est
3735 1030 3798 1086 eis

2250 1117 2511 1190 refugium
2534 1160 2549 1186 ,
2577 1135 2744 1189 quare
2774 1135 2902 1191 ergo
2942 1121 3185 1176 tribulari
3211 1122 3512 1193 permittit?
3539 1122 3619 1177 Ad
3639 1137 3798 1179 eorum

2251 1211 2561 1277 utilitatem,
2594 1221 2653 1267 ιιι
2693 1213 2867 1269 bonus
2907 1214 3169 1278 medicus,
3205 1214 3340 1269 alios
3367 1222 3546 1278 curat,
3577 1213 3702 1269 alios
3725 1229 3801 1270 cn-

2252 1311 2404 1360 ratos
2427 1313 2732 1359 conservat.
2765 1305 2831 1360 Et
2866 1305 2970 1362 hoc
2999 1316 3081 1361 est
3111 1307 3251 1375 quod
3277 1307 3407 1362 dicit
3441 1324 3455 1360 :
3485 1306 3703 1377 Adjutor
3735 1316 3803 1364 est

2252 1394 2309 1448 in
2353 1394 2814 1462 tribulationibus,
2856 1410 2962 1451 non
3009 1397 3298 1453 destitutor
3333 1397 3386 1451 in
3423 1397 3804 1468 opportunitati-

2254 1487 2386 1552 bus;
2433 1489 2693 1557 permittit
2735 1504 2932 1559 corpus
2969 1488 3102 1545 foris
3137 1489 3406 1555 tribulari,
3437 1489 3580 1560 quod
3605 1488 3728 1545 solet
3753 1505 3804 1544 ex

2256 1578 2471 1634 licentia
2514 1581 2754 1636 animum
2797 1596 3088 1654 aggravare
3111 1581 3261 1653 (Sap.
3294 1579 3393 1647 tx).
3423 1579 3531 1636 Sed
3556 1581 3655 1636 hoc
3676 1581 3807 1635 modo

2259 1672 2496 1726 animum
2526 1673 2671 1728 intus
2702 1671 2938 1741 adjuvat,
2985 1682 3041 1729 et
3085 1673 3188 1728 hoc
3214 1674 3281 1729 ad
3316 1673 3645 1738 custodiam;
3671 1681 3724 1726 ut
3753 1671 3804 1726 il-

2260 1761 2349 1815 lud
2391 1780 2402 1815 :
2443 1763 2613 1817 Datus
2642 1771 2717 1816 est
2756 1763 2885 1817 mihi
2929 1762 3174 1816 stimulus
3213 1764 3387 1817 carnis
3427 1778 3589 1827 mete,
3629 1760 3808 1830 angelus

2267 1852 2502 1918 Satana’,
2526 1862 2581 1906 ut
2611 1870 2692 1908 me
2715 1853 3001 1923 colaphiset
3035 1851 3085 1920 (1
3110 1850 3233 1907 Cor.
3268 1851 3388 1922 xu).
3413 1850 3482 1907 Et
3509 1861 3664 1922 post:
3694 1847 3808 1904 Nam

573 1955 796 2020 Christi,
819 1963 878 2008 ut
908 1955 1089 2010 fideles
1127 1965 1181 2011 et
1211 1955 1504 2010 Christiani
1533 1957 1787 2011 dicantur
1827 1957 1883 2010 in
1908 1966 2158 2010 wternum
2190 1922 2240 1984 Β
2265 1945 2426 1998 virtus
2474 1945 2526 1998 in
2573 1922 2879 2014 inﬁrmitate
2919 1943 3192 2014 perﬁcitur
3223 1941 3434 2014 (Ibid.).
3469 1941 3638 1996 Aliter
3665 1957 3678 1994 :
3705 1954 3811 2010 pau-

571 2057 620 2102 et
651 2047 706 2100 in
736 2048 982 2108 strculum
1002 2048 1195 2105 steculi.
1237 2045 1369 2101 Cum
1399 2049 1641 2102 averterit
1669 2065 1723 2102 se
1748 2049 1940 2117 impius
1965 2047 2028 2100 ab
2056 2049 2159 2101 im-

572 2142 760 2210 pietate
791 2159 886 2195 sua
915 2156 1071 2205 quam
1121 2151 1361 2210 operatus
1410 2150 1505 2202 est,
1553 2142 1780 2194 omnium
1835 2139 2162 2209 iniquitatum

575 2234 687 2305 ejus
717 2225 820 2288 non
846 2234 1147 2294 recordabar
1172 2233 1395 2303 amplius
1419 2232 1633 2304 (Επειδὴ.
1667 2231 1821 2302 xvtn)
1852 2247 1866 2286 :
1901 2241 1956 2286 et
1985 2232 2064 2286 sic
2089 2230 2162 2285 illi

576 2328 667 2400 qui
695 2328 846 2398 prius
879 2337 1036 2382 erant
1072 2327 1288 2397 frameae
1313 2327 1532 2391 inimici,
1579 2327 1631 2381 id
1679 2334 1765 2380 est
1790 2324 2009 2389 diaboli,
2067 2337 2166 2392 per

578 2441 714 2497 quos
734 2424 1016 2496 jugulahat
1041 2423 1315 2479 Christum
1358 2431 1411 2476 et
1455 2436 1600 2487 suos,
1641 2421 1937 2490 defecerunt
1968 2420 2035 2474 ab
2064 2417 2167 2472 ini-

578 2521 743 2586 mico,
796 2519 922 2590 quia
965 2533 1089 2573 eum
1131 2518 1487 2572 deseruerunt
1518 2515 1572 2568 in
1621 2515 1819 2583 ﬁnem,
1876 2511 1927 2567 id
1977 2520 2061 2567 est
2111 2511 2165 2565 in

581 2612 879 2667 Christum.
911 2609 990 2663 Ad
1032 2610 1134 2663 hoc
1164 2607 1312 2662 illum
1369 2607 1745 2669 deseruerunt,
1787 2611 1846 2656 ut
1892 2601 2166 2657 Christum

581 2711 954 2772 sequerentur.
992 2699 1061 2753 Et
1092 2699 1321 2752 civitates
1365 2697 1686 2759 destruxisti,
1726 2695 1778 2750 id
1832 2703 1936 2759 est,
1982 2709 2171 2748 omnes

582 2794 781 2848 turbati
811 2791 974 2846 animi
1016 2800 1214 2845 motus.
1242 2789 1355 2845 Non
1387 2789 1559 2844 solum
1591 2790 1878 2843 destructas
1907 2794 2031 2841 sunt
2056 2800 2172 2840 om-

583 2901 700 2947 nes,
729 2884 822 2939 sed
845 2883 1006 2938 etiam
1029 2882 1281 2936 memoria
1299 2893 1481 2935 eorum
1501 2881 1675 2950 periit,
1701 2889 1760 2933 ut
1781 2893 1883 2934 nec
1906 2891 2173 2932 memores

587 2977 699 3032 sint
728 2976 866 3030 ultra
897 2973 1213 3029 idololatriae
1233 2981 1289 3027 et
1315 2971 1610 3041 impietatis
1641 2984 1751 3024 suae
1780 2987 1793 3022 :
1829 2984 1946 3022 cum
1977 2966 2171 3030 sonitu,

585 3067 792 3132 idest,
845 3063 1196 3119 irrationabili
1253 3061 1515 3126 tumultu,
1574 3059 1658 3114 vel
1704 3075 1822 3113 cum
1874 3058 2074 3121 sonitu,
2122 3055 2175 3109 id

587 3170 691 3226 est,
743 3175 936 3230 magna
966 3157 1107 3214 fama
1161 3155 1326 3211 totius
1366 3155 1516 3210 orbis
1566 3161 1618 3208 et
1647 3152 2027 3207 admiratione.
2069 3148 2176 3203 lni-

599 3252 776 3308 micus
805 3250 1028 3306 humani
1055 3248 1289 3321 generis,
1325 3246 1416 3316 qui
1447 3261 1554 3300 non
1601 3252 1720 3299 erat
1768 3243 2051 3306 Dominus,
2081 3241 2174 3296 sed
2203 3279 2246 3321 ρ

592 3351 854 3412 tyrannus
875 3341 1073 3411 periit:
1107 3339 1231 3408 quia
1261 3352 1450 3394 servus
1481 3351 1586 3392 non
1619 3344 1802 3390 manet
1834 3335 1887 3389 in
1905 3334 2082 3389 domo.
2107 3331 2174 3386 Et

589 3432 847 3488 Dominus
870 3433 968 3487 fuit
990 3431 1265 3501 judicatus
1287 3431 1354 3485 ad
1384 3439 1640 3494 mortem,
1662 3437 1953 3500 permanet,
1986 3427 2037 3481 id
2069 3435 2174 3490 est,

591 3524 742 3589 vivit,
766 3525 892 3592 quia
922 3523 1064 3578 ﬁlius
1089 3532 1270 3578 manet
1294 3523 1346 3577 in
1388 3523 1547 3577 domo
1584 3523 1641 3575 in
1667 3530 1939 3582 internum,
1987 3526 2042 3574 et
2070 3533 2175 3572 non

592 3615 764 3670 solum
803 3622 1103 3685 permanet,
1134 3614 1228 3669 sed
1255 3613 1418 3668 etiam
1446 3613 1649 3682 paravit
1690 3612 1745 3664 in
1785 3609 1993 3680 judicio
2037 3610 2180 3661 thro-

593 3723 717 3762 num
743 3720 917 3771 suum,
948 3705 999 3760 id
1032 3712 1134 3770 est,
1159 3705 1212 3758 in
1235 3717 1300 3758 eo
1323 3703 1480 3774 quod
1512 3701 1788 3770 judicatus
1809 3707 1862 3754 et
1891 3700 2179 3754 damnatus

593 3815 712 3856 sum
743 3799 811 3854 ab
841 3798 1171 3862 hominibus,
1200 3796 1527 3851 constitutus
1553 3791 1850 3861 sumjudex
1874 3808 1902 3845 a
1931 3789 2176 3845 Domino.

593 3892 691 3948 Vel
717 3893 770 3947 in
798 3892 1012 3948 occulto
1053 3889 1259 3961 judicio
1291 3890 1494 3960 paravit
1521 3889 1769 3942 thronum
1795 3903 1972 3950 suum,
2006 3885 2058 3941 id
2099 3893 2182 3939 est

593 3985 869 4040 cmlestem
899 3984 1103 4048 sedem,
1121 3984 1242 4052 quia
1259 3998 1354 4053 per
1380 3981 1736 4036 humilitatem
1762 3980 1959 4050 prioris
1986 3981 2183 4035 adven-

594 4091 681 4137 tus
696 4082 854 4136 homo
873 4080 962 4136 ille
991 4079 1190 4135 meruit
1217 4077 1413 4135 caelum
1434 4096 1445 4132 :
1463 4077 1547 4134 vel
1575 4078 1818 4131 thronum
1837 4090 2013 4138 suum,
2029 4074 2080 4129 id
2099 4083 2185 4128 est

594 4174 891 4230 Ecclesiam
921 4187 1096 4235 suam,
1113 4173 1178 4228 de
1201 4187 1306 4242 qua
1324 4169 1532 4240 judicat
1555 4179 1763 4241 gentes.
1779 4168 1870 4232 Et,
1887 4167 2182 4238 quiajudex

595 4267 919 4322 constitutus
944 4275 1048 4332 est,
1077 4266 1208 4335 ipse,
1232 4264 1439 4320 scilicet
1461 4274 1568 4318 tam
1599 4260 1838 4325 humilis,
1858 4268 1963 4315 tam
1983 4259 2182 4329 justus,

597 4359 849 4422 iudicabit
882 4360 1054 4414 orbem
1091 4368 1262 4423 teme,
1295 4357 1348 4412 id
1388 4365 1490 4421 est,
1517 4354 1787 4428 perfectos
1816 4353 2071 4408 Ecclesiae
2093 4351 2184 4423 qui

597 4466 654 4507 se
667 4453 852 4506 orbem
880 4451 1144 4516 fecerunt,
1174 4451 1264 4522 qui
1290 4450 1612 4520 principium
1645 4449 1734 4503 lini
1760 4446 2097 4517 junxerunt:
2131 4446 2186 4499 in

600 4544 863 4613 a’quitate,
892 4541 945 4597 id
967 4550 1068 4606 est,
1093 4541 1146 4596 in
1178 4557 1238 4597 se
1256 4541 1346 4611 qui
1372 4549 1452 4596 est
1474 4540 1724 4610 tequitas,
1741 4539 1791 4593 id
1805 4534 2186 4606 estperfeetio,

2263 2049 2422 2104 peres
2445 2033 2644 2090 Christi
2685 2043 2747 2089 ut
2784 2033 2992 2105 possint
3018 2048 3140 2088 esse
3173 2041 3446 2088 amatores
3488 2031 3612 2096 Dei,
3656 2031 3703 2084 in
3729 2042 3812 2100 quo

2263 2139 2346 2185 est
2389 2145 2660 2185 summum
2706 2129 2927 2193 bonum,
2970 2127 3256 2182 revocandi
3289 2133 3416 2181 sunt
3445 2125 3513 2180 ab
3542 2138 3712 2180 amore
3735 2137 3813 2178 sae-

2264 2224 2389 2280 culi.
2438 2223 2587 2292 Quod
2634 2223 2970 2278 commodius
3014 2237 3121 2277 non
3168 2228 3348 2292 potest
3396 2219 3515 2276 fieri
3548 2235 3697 2290 quam
3737 2233 3814 2289 per

2266 2316 2642 2372 trilutlationes
2692 2330 2708 2370 :
2757 2324 2810 2371 et
2855 2315 2959 2370 hoc
3007 2314 3165 2369 modo
3193 2313 3409 2383 adjutor
3457 2313 3512 2366 in
3551 2311 3812 2382 opportuni-

2267 2409 2500 2470 tatibus,
2589 2407 2644 2461 in
2697 2406 3052 2462 tribulatione.
3143 2403 3408 2473 Flagellat
3468 2405 3605 2459 enim
3649 2418 3813 2457 omnem

2267 2498 2438 2568 ﬁlium
2468 2515 2619 2569 quem
2654 2498 2834 2566 recipit
2888 2495 3074 2568 (Hebr.
3103 2497 3225 2567 xu).
3249 2495 3317 2551 Et
3342 2496 3470 2567 quia
3501 2509 3742 2567 pauperes
3772 2508 3815 2548 se

2270 2588 2540 2655 fecerunt,
2576 2589 2701 2659 quia
2735 2604 2853 2659 qua:
2885 2605 2991 2644 non
3035 2597 3160 2644 sunt
3189 2589 3568 2654 deseruerunt,
3595 2603 3718 2659 Opus
3752 2594 3817 2641 est

2269 2689 2330 2735 ut
2377 2682 2432 2735 in
2478 2692 2548 2745 te,
2574 2681 2625 2736 id
2659 2690 2766 2747 est,
2800 2681 2852 2735 in
2880 2681 2983 2735 hoc
3008 2681 3152 2750 quod
3182 2688 3288 2746 est,
3326 2689 3532 2752 sperent
3571 2678 3656 2751 qui
3697 2693 3815 2732 nore-

2274 2785 2393 2829 runt
2438 2791 2621 2828 nomen
2664 2784 2830 2828 tuum.
2857 2772 2971 2828 Non
3011 2773 3120 2826 alii.
3157 2772 3249 2826 Isti
3281 2781 3408 2827 sunt
3435 2772 3544 2828 veri
3575 2782 3814 2841 pauperes.

2277 2867 2390 2938 Ego
2428 2884 2542 2922 sum
2566 2869 2653 2936 qui
2676 2877 2791 2922 sum
2819 2866 3015 2937 (Exod.
3044 2866 3161 2938 tu);
3198 2877 3252 2922 et
3281 2881 3296 2921 :
3323 2865 3431 2934 Qui
3467 2877 3561 2931 est,
3601 2865 3726 2919 misit
3755 2877 3815 2916 me
3863 2919 3865 2922 ι

2276 2959 2345 3012 ad
2385 2974 2470 3012 vos
2507 2957 2698 3029 (Ibid)
2732 2975 2748 3024 ;
2807 2958 2912 3013 hoc
2966 2971 3161 3012 nomen
3189 2956 3288 3011 soli
3326 2956 3400 3011 illi
3450 2956 3706 3027 diligunt,
3744 2949 3813 3021 qui

2278 3067 2341 3105 ea
2376 3067 2496 3120 quae
2535 3066 2639 3106 non
2684 3059 2811 3105 sunt
2839 3057 3122 3121 spernunt.
3155 3048 3364 3104 Aliter:
3393 3047 3642 3102 Dominus
3667 3058 3816 3098 nomen

2279 3153 2352 3198 est
2393 3142 2488 3196 illi.
2524 3141 2675 3209 Quod
2704 3157 2898 3197 nomen
2931 3156 3035 3196 non
3067 3141 3240 3204 novit,
3271 3139 3362 3209 qui
3389 3140 3441 3194 ei
3476 3138 3709 3194 meritum
3735 3148 3815 3188 non

2283 3237 2502 3292 exhibet
2531 3235 2870 3290 famulatum.
2924 3235 3048 3289 Ideo
3078 3231 3590 3305 sperent,.quoniam
3611 3237 3660 3282 et
3681 3227 3720 3282 si
3743 3223 3818 3278 tri-

2279 3327 2560 3392 bulentur,
2593 3343 2697 3381 non
2737 3324 3063 3396 dereliquisti
3096 3334 3382 3395 quwrentes
3426 3332 3499 3386 te,
3529 3320 3818 3375 Domine:te

2275 3419 2418 3484 dico,
2450 3435 2554 3473 non
2593 3417 2826 3489 fugacia,
2855 3432 2959 3472 non
2987 3415 3322 3470 transitoria.
3354 3414 3422 3469 Et
3449 3414 3570 3482 quia
3596 3426 3690 3465 non
3715 3404 3818 3462 estis

2277 3511 2538 3574 derelicti,
2563 3507 2785 3564 Psallite
2814 3509 3038 3563 Domino
3066 3508 3154 3577 qui
3185 3506 3386 3560 habitat
3415 3506 3472 3560 in
3502 3503 3650 3565 Sion,
3675 3499 3816 3558 idest.

2278 3603 2370 3673 qui
2394 3603 2460 3657 de
2487 3601 2836 3657 inhabitando
2861 3599 2992 3655 facit
3016 3613 3112 3654 vos
3141 3596 3414 3668 speculam
3435 3637 3452 3664 ,
3479 3604 3538 3651 ut
3561 3595 3624 3650 de
3641 3586 3818 3664 specula

2278 3694 2531 3756 veniatis,
2569 3693 2637 3748 ad
2668 3693 2949 3747 visionem.
2985 3689 3215 3761 Specula
3240 3689 3332 3745 hic
3357 3704 3564 3752 sumus,
3593 3685 3642 3740 id
3671 3689 3758 3744 est,
3778 3678 3818 3732 in

2280 3801 2374 3858 spe
2413 3785 2669 3840 vivimus.
2717 3781 2842 3838 Non
2877 3782 3012 3838 enim
3054 3782 3139 3837 hic
3173 3781 3422 3835 habemus
3451 3785 3725 3833 manentem
3748 3782 3820 3840 pa.

2281 3879 2464 3944 triam,
2482 3879 2577 3934 sed
2608 3894 2636 3931 a
2664 3876 2822 3947 longe
2851 3889 2971 3930 eam
2997 3873 3242 3928 videmus
3269 3879 3325 3927 et
3357 3870 3651 3926 salutamus
3671 3860 3819 3932 (Hebr-

2282 3972 2402 4042 χιιι)
2428 3990 2440 4026 :
2467 3981 2521 4027 et
2549 3971 2671 4026 ideo
2699 3984 2807 4024 non
2830 3969 3028 4022 mirum
3054 3967 3098 4022 si
3125 3967 3177 4021 in
3207 3966 3312 4021 hac
3335 3964 3535 4035 patria,
3555 3975 3664 4032 qua:
3683 3954 3820 4010 aliena

2283 4074 2385 4129 est,
2414 4063 2752 4119 tribulamur.
2801 4059 2869 4116 Et
2896 4060 3015 4116 ideo
3059 4067 3119 4113 ut
3147 4057 3480 4130 perveniatis
3527 4055 3592 4109 ad
3633 4045 3820 4122 patriam

2283 4155 2490 4228 psallite
2516 4155 2764 4218 Domino,
2793 4153 2844 4206 id
2875 4160 2979 4216 est,
3007 4151 3144 4206 bene
3170 4147 3495 4220 operamini.
3513 4146 3590 4202 Ac
3616 4143 3655 4198 si
3679 4139 3820 4194 dicat:

2287 4247 2499 4303 Servite
2529 4245 2785 4311 Domino;
2813 4252 2868 4299 et
2893 4258 3000 4298 non
3027 4241 3200 4296 solum
3228 4239 3548 4311 operemini,
3582 4234 3669 4291 sed
3691 4229 3820 4286 etiam

2287 4336 2592 4393 annuntiate
2621 4350 2727 4390 non
2772 4334 2825 4388 in
2857 4347 2962 4386 uno
2990 4332 3132 4396 loco,
3166 4329 3260 4386 sed
3290 4330 3427 4385 inter
3452 4337 3641 4399 gentes,
3673 4321 3716 4376 id
3740 4323 3821 4379 est,

2288 4428 2341 4483 in
2366 4427 2542 4482 medio
2580 4424 2814 4480 nationis
2857 4437 3036 4493 pravae
3076 4421 3348 4476 neminem
3385 4416 3647 4478 timentis,
3684 4405 3823 4465 studia

2289 4519 2422 4590 ejus,
2453 4517 2504 4572 id
2544 4525 2626 4571 est
2665 4514 2987 4577 voluntates,
3026 4512 3296 4582 quomodo
3334 4525 3434 4581 pro
3482 4507 3647 4564 salute
3685 4495 3824 4590 homi-

604 4587 863 4613 νν-,π---ην
895 4587 945 4597 -ι-
969 4587 1068 4606 νυ,
1179 4587 1237 4597 ην
1258 4587 1346 4611 γη
1375 4587 1452 4596 νυ-
1474 4587 1724 4610 mrum,
1742 4587 1791 4593 --
1810 4587 2047 4606 ν-ττ-η-

604 4641 748 4688 totus
770 4641 914 4687 teres
942 4641 1104 4702 atque
1126 4631 1403 4696 rotundus,
1436 4632 1488 4686 in
1507 4647 1665 4701 quem
1683 4630 1791 4684 ruit
1815 4628 2025 4683 fortuna
2049 4643 2173 4683 sem-

2293 4629 2419 4668 num
2446 4611 2605 4666 homo
2637 4608 2753 4664 fieri
2780 4607 2986 4671 voluit,
3017 4605 3125 4674 pati
3156 4645 3170 4670 ,
3202 4603 3339 4658 mori
3367 4611 3422 4657 et
3447 4607 3728 4668 resurgere.
3772 4587 3822 4688 [ξι

599 4740 696 4796 per
719 4741 931 4790 manca,
962 4725 1169 4780 scilicet
1192 4724 1342 4779 dabit
1367 4725 1447 4780 eis
1467 4723 1759 4794 perfectam
1775 4721 2184 4779 beatitudinem.

605 4815 758 4870 Nunc
787 4832 1039 4886 cognosco
1055 4831 1119 4870 ea:
1142 4825 1308 4886 parte,
1327 4826 1448 4870 tunc
1473 4824 1644 4869 autem
1669 4825 1972 4886 agnoscam
1991 4815 2124 4868 sicut
2140 4821 2187 4867 et

603 4907 837 4976 cognitus
854 4923 970 4960 sum
1002 4905 1053 4976 (l
1070 4905 1192 4960 Cor.
1211 4906 1349 4975 xm).
1374 4905 1600 4977 Populos
1619 4914 1820 4970 autem,
1839 4905 1892 4959 id
1911 4914 1996 4959 est
2014 4904 2189 4958 incre-

601 4995 775 5062 dulos,
805 4995 1066 5065 jutlicabit
1095 4996 1151 5050 in
1173 4996 1405 5066 justitia,
1435 4997 1740 5051 damnando
1770 5010 1865 5050 eos
1894 4993 2188 5049 secundum

601 5087 794 5142 merita
825 5103 940 5142 sua.
972 5087 1068 5142 Vel
1095 5088 1268 5143 orbem
1289 5098 1464 5154 terrte,
1491 5088 1544 5143 id
1576 5097 1660 5144 est
1703 5095 1872 5143 totum
1907 5086 2187 5151 mundum,

603 5177 858 5242 iudicabit
899 5179 955 5234 in
1003 5180 1266 5250 tequitate,
1310 5179 1528 5234 reddens
1576 5179 1854 5249 unicuique
1907 5178 2193 5232 secundum

603 5285 759 5339 opera
781 5288 880 5326 sua
909 5269 1130 5341 (Matth.
1161 5269 1281 5342 xvt)
1308 5289 1320 5325 :
1349 5271 1469 5326 ideo
1495 5274 1550 5325 in
1573 5271 1846 5342 (equitate,
1876 5269 2004 5340 quia
2035 5269 2086 5323 iu
2106 5267 2199 5337 ju-

607 5361 775 5424 stitia,
821 5378 925 5416 non
963 5363 1015 5416 in
1050 5361 1417 5417 misericordia
1445 5379 1458 5415 :
1484 5362 1609 5431 quia
1656 5362 1814 5416 modo
1854 5369 2064 5414 tantum
2110 5368 2194 5414 est

608 5460 820 5523 tempus
865 5453 1270 5519 misericordiae,
1325 5461 1452 5508 tunc
1487 5451 1730 5521 justitize.
1787 5450 1854 5504 Et
1903 5451 2075 5519 factus
2119 5459 2193 5504 est

610 5543 858 5598 Dominus
902 5545 1160 5615 refugium
1192 5545 1430 5614 pauperi.
1467 5544 1630 5612 Quasi
1661 5543 1804 5598 dicat
1837 5560 1850 5596 :
1880 5541 1946 5596 Et
1977 5541 2194 5596 interim

609 5637 736 5691 dum
769 5636 947 5690 veniat
973 5637 1040 5690 ad
1073 5634 1360 5703 judicium,
1396 5636 1634 5706 pauperi,
1669 5635 1719 5690 id
1757 5643 1860 5700 est,
1894 5633 1968 5689 illi
2006 5633 2096 5705 qui
2139 5632 2192 5688 in

611 5729 715 5783 hac
743 5727 850 5782 vita
883 5728 1015 5782 nihil
1057 5728 1256 5785 habere
1287 5729 1452 5800 cupit,
1486 5728 1628 5800 quod
1662 5727 1745 5784 vel
1777 5728 2042 5782 viventem
2069 5725 2194 5781 des-

609 5827 748 5885 erat,
780 5819 862 5874 vel
903 5819 971 5877 ab
999 5834 1065 5875 eo
1095 5821 1360 5878 moriente
1389 5823 1692 5889 deseratur,
1721 5820 1896 5877 factus
1931 5829 2013 5876 est
2043 5817 2197 5886 adju-

611 5918 699 5969 tor
722 5929 735 5969 :
761 5910 889 5984 quia
913 5919 998 5969 est
1021 5910 1098 5969 illi
1117 5912 1273 5983 quasi
1300 5927 1397 5968 arx
1419 5914 1486 5969 ad
1507 5929 1670 5984 quam
1695 5921 1875 5970 mente
1895 5911 2193 5982 confugiat.

2294 4706 2451 4760 nolite
2490 4704 2668 4756 timere
2712 4701 2801 4772 qui
2847 4697 3085 4754 occidunt
3122 4711 3311 4764 corpus
3359 4692 3572 4765 (Matth.
3622 4687 3694 4756 ι),
3729 4678 3824 4749 quia

2293 4812 2398 4851 non
2429 4795 2547 4850 sine
2581 4808 2774 4864 magna
2816 4789 3065 4846 mercede
3107 4789 3223 4843 haec
3264 4785 3562 4858 patiemini.
3609 4774 3824 4864 Quoniam

2294 4889 2552 4945 Dominus
2581 4885 2733 4954 cujus
2762 4883 2939 4939 studia
2975 4881 3332 4944 annuutiatis,
3363 4877 3618 4947 requirens
3652 4860 3826 4932 sangui-

2295 4998 2411 5036 nem
2439 4995 2621 5034 eorum
2652 4978 2703 5032 in
2721 4975 2946 5046 judicio,
2975 4973 3040 5028 ad
3069 4973 3170 5027 hoc
3199 4980 3259 5025 ut
3289 4969 3543 5033 vindicet,
3570 4956 3825 5018 martial“

2294 5080 2370 5126 est
2393 5069 2550 5139 :quia
2575 5067 2754 5123 dill‘ert
2781 5082 2952 5136 usque
2972 5063 3038 5118 ad
3063 5064 3299 5118 futurum
3323 5061 3580 5132 judicium
3605 5050 3827 5125 patientes

2297 5177 2578 5227 coronare,
2634 5159 2929 5216 inferentes
2977 5173 3104 5212 vero
3144 5158 3440 5220 damnare,
3493 5151 3690 5204 videtur
3735 5147 3827 5192 esse

2297 5255 2524 5311 oblitus:
2551 5253 2670 5309 ideo
2691 5251 2840 5315 dicit,
2865 5248 3166 5303 recordatus
3189 5255 3287 5310 est,
3302 5243 3355 5299 id
3381 5254 3460 5298 est
3486 5230 3824 5296 recordahitur.

2299 5348 2392 5404 sed
2423 5347 2548 5417 quia
2580 5361 2685 5400 non
2713 5352 2798 5400 est
2826 5341 3048 5404 oblitus,
3093 5339 3213 5394 ideo
3245 5337 3485 5407 corrigit.
3533 5333 3637 5386 lmo
3665 5339 3749 5417 non
3771 5321 3826 5371 εει

2299 5414 2488 5498 oblitus
2519 5441 2799 5495 clamorem
2828 5450 3136 5508 pauperum.
3165 5431 3374 5486 Aliter:
3403 5423 3704 5482 Anuuntiate
3725 5414 3828 5510 inid!

2299 5546 2474 5609 gentes
2508 5533 2683 5587 studia
2719 5531 2834 5601 ejus
2863 5543 2882 5582 :
2909 5527 3162 5599 quoniam
3193 5524 3236 5579 si
3270 5537 3375 5578 non
3407 5503 3827 5609 annuntiavcriliiv

2298 5601 2404 5684 erit
2442 5625 2704 5697 requirens
2749 5622 3090 5694 sanguinem;
3131 5617 3184 5673 id
3223 5624 3338 5681 est,
3380 5610 3643 5670 interitum
3678 5601 3826 5700 θίξΐυω

2301 5724 2369 5778 de
2394 5736 2556 5776 manu
2590 5727 2787 5774 vestra.
2817 5715 2959 5772 Dicit
2997 5712 3294 5769 Dominus:
3322 5707 3383 5764 Si
3411 5723 3512 5761 non
3535 5697 3828 5785 annuntitwf'

2299 5818 2375 5872 ris
2412 5816 2568 5886 impio
2598 5811 2898 5882 iniquitates
2927 5823 3070 5872 suas,
3096 5804 3272 5876 ipsein
3301 5798 3520 5870 peccatis
3554 5788 3654 5848 suis
3680 5787 3829 5886 me”:

2301 5918 2412 5974 tur,
2475 5905 2780 5975 sanguinem
2831 5915 2948 5955 vero
2993 5897 3108 5967 ejus
3147 5895 3212 5949 de
3256 5907 3415 5947 manu
3481 5899 3568 5941 tua
3614 5875 3828 5945 τεᾳαιταα
