3930 5372
109 498 213 561 193

1222 495 1754 557 ΕΝΑΙὶίὶΑΊΙΟΝΕΞ
1789 495 1854 552 ΙΝ
1893 490 2227 553 PSALMOS.

3290 491 3389 551 194

109 616 335 690 (Ezech.
372 630 469 681 ιιι,
497 614 710 685 xum).
736 610 793 669 Si
828 623 1006 669 autem
1033 628 1062 667 a
1090 613 1291 667 mundo
1315 612 1556 683 patimini
1588 626 1710 681 pro-
1738 619 1783 674 Α
1805 608 2018 678 judices
2047 610 2216 665 solent
2239 650 2253 675 ,
2283 610 2375 665 sed
2402 618 2605 665 tantum
2635 608 3004 667 subtrahendo
3039 609 3142 665 illis
3174 626 3392 667 manum

109 722 232 781 pter
268 709 540 779 justitiam
564 748 580 773 ,
608 709 751 764 beati
782 707 933 763 eritis
960 706 1010 777 (l
1050 703 1189 760 Petr.
1224 706 1305 775 ιιι)
1333 747 1346 770 ,
1379 705 1501 775 quia
1531 720 1705 759 recor-

109 803 271 856 datus
294 811 395 867 est,
423 817 527 855 non
551 810 626 854 est
649 799 838 853 oblitus
861 797 1140 852 clamorem
1160 813 1469 867 pauperum.
1496 796 1665 849 Aliter
1689 813 1702 849 :

110 892 456 947 Annuntiate
499 891 639 945 inter
674 897 860 960 gentes
901 889 1081 945 studia
1133 886 1268 957 ejus,
1304 888 1418 943 haec
1462 888 1705 943 scilicet:

110 980 384 1048 Quoniam
408 980 693 1051 requirens
712 979 1028 1051 sanguinem
1052 994 1240 1034 eorum
1261 978 1572 1034 recordatus
1602 984 1705 1041 est,

110 1080 169 1126 et
200 1087 309 1127 non
339 1080 425 1128 est
442 1071 645 1127 oblitus
670 1071 962 1126 clamorem
989 1085 1310 1141 pauperum,
1340 1068 1596 1123 subaudis
1629 1068 1710 1122 di-

110 1164 357 1220 centium
386 1182 400 1218 :
428 1162 676 1219 Miserere
706 1163 807 1217 mei
828 1204 843 1229 ,
878 1162 1097 1217 Domine
1118 1204 1134 1229 ,
1188 1163 1240 1217 id
1268 1170 1371 1228 est,
1400 1160 1486 1216 fac
1508 1170 1568 1215 ut
1592 1161 1710 1216 haec

109 1255 322 1327 ﬂagella
351 1270 459 1310 non
496 1256 604 1310 sint
626 1255 691 1310 ad
717 1269 955 1325 poenam,
983 1254 1075 1308 sed
1102 1253 1168 1307 ad
1190 1252 1584 1324 probationem.
1612 1249 1708 1306 Vel

113 1348 219 1403 hoc
247 1349 412 1404 modo
440 1348 735 1403 miserere:
766 1345 895 1401 Vide
918 1345 1269 1400 humilitatem
1297 1361 1465 1399 meam
1488 1385 1502 1409 ,
1530 1344 1583 1399 id
1605 1351 1705 1408 est,

112 1438 529 1494 devocationem
561 1448 617 1493 et
636 1438 1060 1508 oppressionem,
1091 1434 1144 1490 id
1173 1443 1276 1499 est,
1303 1434 1527 1489 ostende
1550 1442 1602 1487 te
1632 1432 1712 1485 vi-

112 1529 287 1593 dere,
340 1527 627 1583 tribuendo
673 1526 805 1582 mihi
854 1526 1155 1596 praemium,
1209 1524 1314 1580 illis
1354 1538 1594 1595 paruam,
1627 1522 1713 1578 vel

114 1618 506 1683 humilitatem,
558 1617 611 1671 id
661 1626 762 1681 est,
796 1615 1151 1685 dejectionem
1187 1630 1383 1678 meam,
1415 1629 1536 1683 qua:
1564 1613 1714 1668 venit

115 1709 172 1762 in
224 1724 312 1764 me
352 1708 417 1763 de
464 1708 689 1763 inimicis
736 1708 865 1762 meis
912 1714 1163 1777 serpente
1210 1713 1267 1761 et
1317 1704 1449 1758 Eva.
1494 1703 1709 1757 Aliter:

126 1798 260 1857 Vide
302 1799 653 1854 humilitatem
691 1816 883 1865 meam,
914 1799 969 1853 id
1009 1807 1113 1862 est,
1151 1796 1490 1852 devotionem
1535 1810 1711 1850 meam

116 1890 438 1943 devocatam
486 1888 555 1942 ab
580 1888 812 1943 inimicis
839 1889 995 1943 meis.
1016 1887 1363 1943 Continuatio
1387 1885 1492 1941 alio
1515 1886 1674 1939 modo
1693 1924 1709 1947 ,

1810 702 2195 757 misericordia:
2219 718 2347 766 suae,
2378 718 2481 757 non
2505 703 2846 771 corripiendo
2865 718 2980 767 eos,
3006 704 3127 757 inde
3150 702 3391 758 Ecclesia

1810 794 2234 865 conyatttlando
2280 795 2440 849 dicit:
2494 794 2845 867 Cognoscetur
2888 796 3145 850 Dominus
3181 796 3394 866 judicia

1810 885 2045 955 faciens:
2095 887 2295 941 faciens
2329 884 2530 956 judicia
2577 888 2783 943 scilicet
2824 886 3151 957 hujusmodi.
3186 886 3397 957 Cogno-

1811 986 1994 1032 scetur
2024 978 2283 1033 Dominus
2328 995 2432 1034 non
2479 979 2865 1050 qualiscunque
2885 1020 2898 1045 ,
2935 979 3028 1034 sed
3056 977 3393 1048 simpliciter,

1812 1067 2021 1123 scilicet
2039 1068 2298 1125 Dominus
2320 1070 2731 1125 dominantium.
2750 1069 2991 1125 Tandem
3017 1079 3391 1140 cognoscetur,

1813 1174 1934 1215 cum
1964 1171 2221 1231 peccator
2259 1161 2368 1216 luet
2406 1162 2595 1217 nolens
2631 1162 2773 1233 quod
2820 1161 3153 1232 perpetravit
3187 1160 3391 1216 volens.

1814 1252 2061 1310 Ostendit
2087 1270 2206 1324 qua:
2233 1253 2453 1323 judicia.
2498 1254 2566 1309 In
2603 1255 2842 1325 operibus
2883 1270 3136 1308 manuum
3177 1268 3396 1308 suarum

1814 1345 2211 1412 comprehensus
2249 1355 2323 1399 est
2350 1353 2613 1415 peccator,
2644 1345 2697 1399 id
2737 1353 2850 1410 est,
2881 1354 3073 1414 captus
3103 1353 3162 1397 ut
3190 1358 3312 1397 mus
3341 1342 3396 1395 in

1814 1433 2131 1504 muscipula.
2166 1435 2234 1489 Et
2259 1435 2382 1505 quia
2410 1450 2600 1491 eorum
2643 1435 2782 1490 mala
2808 1451 2969 1507 opera
3000 1445 3263 1491 eteorum
3290 1432 3398 1490 doli

1818 1524 1938 1579 illos
1963 1525 2212 1595 capiunt,
2248 1542 2353 1581 non
2395 1541 2583 1582 servos
2620 1536 2772 1582 tuos:
2809 1534 3176 1581 convertantur
3216 1542 3399 1596 pecca-

1815 1627 1950 1672 tores
1998 1617 2052 1671 in
2104 1618 2402 1687 infernum,
2449 1619 2505 1673 id
2551 1628 2666 1685 est,
2717 1633 2905 1675 omnes
2954 1617 3399 1689 praevaricatores

1816 1707 1969 1779 legis,
1998 1709 2065 1763 de
2091 1719 2315 1779 peccato
2345 1710 2396 1764 in
2421 1720 2701 1781 peccatum
2732 1719 2970 1775 ruentes,
2994 1709 3323 1765 descendant
3345 1723 3401 1763 ιιι

1816 1799 2139 1871 profundum
2192 1812 2558 1872 peccatorum.
2611 1803 2986 1874 Aggratulatio
3026 1803 3223 1858 divinze
3273 1819 3400 1857 sen-

1819 1891 2030 1956 tentias,
2068 1906 2173 1946 non
2220 1893 2447 1962 optatio.
2477 1893 2543 1946 Et
2572 1909 2676 1948 non
2730 1893 2902 1948 solum
2956 1893 3402 1964 prmvaricatores

117 1981 330 2035 scilicet
354 1980 410 2034 in
442 1995 576 2035 voce
605 1980 817 2049 capitis,
848 1979 913 2034 ad
944 1979 996 2034 id
1027 1979 1169 2048 quod
1200 1994 1360 2048 supra
1388 1977 1544 2042 dixit,
1569 1976 1714 2041 Quo—
1740 1986 1789 2045 Β
1816 1978 1983 2049 legis,
2036 1981 2131 2035 sed
2166 1981 2329 2035 etiam
2377 1997 2565 2036 omnes
2616 1992 2789 2052 gentes
2846 1998 2963 2052 qua:
3024 1981 3401 2035 obliviscuntur

119 2072 265 2125 niam
294 2088 398 2124 non
425 2068 746 2140 dereliquisti
770 2080 1058 2140 quwrentes
1085 2080 1157 2135 te,
1182 2068 1494 2134 Domine,et
1522 2077 1579 2122 ut
1606 2082 1713 2121 non

118 2166 498 2235 derelinquas,
543 2166 784 2220 miserere
821 2165 961 2231 mei,
1006 2163 1257 2226 Domine,
1302 2165 1354 2218 in
1383 2164 1553 2227 meis,
1588 2162 1714 2233 quia

118 2257 367 2311 membra
397 2266 556 2322 sunt,
587 2253 807 2310 Psallite
830 2254 1078 2309 Domino.
1113 2254 1475 2324 lnterpositio.
1509 2254 1587 2307 'l‘u
1618 2253 1716 2307 mi-

120 2346 455 2417 serere,quia
473 2354 659 2416 potes:
683 2345 771 2417 qui
790 2344 1016 2409 exultas,
1036 2344 1088 2399 id
1111 2352 1196 2399 est
1224 2344 1405 2399 elevas
1416 2342 1681 2399 etliberas
1698 2382 1714 2409 ,

120 2454 201 2491 me
228 2438 294 2491 de
322 2438 488 2505 portis
522 2438 736 2499 mortis,
765 2436 819 2492 id
852 2444 935 2491 est
971 2436 1153 2507 pravis
1183 2435 1592 2505 cupiditatibus,
1620 2448 1717 2505 per

120 2544 259 2600 quas
287 2540 371 2584 est
399 2530 654 2585 introitus
692 2529 759 2584 ad
788 2537 1040 2583 mortem.
1071 2527 1169 2583 Vel
1192 2528 1258 2583 de
1286 2527 1457 2597 portis
1491 2526 1716 2591 mortis,

123 2622 176 2677 id
207 2630 326 2686 est,
361 2623 605 2691 quinque
641 2621 889 2677 sensibus
926 2619 1190 2690 corporis,
1220 2636 1318 2691 per
1358 2635 1496 2690 quos
1536 2620 1717 2673 anima

122 2715 189 2768 ad
220 2714 501 2769 interitum
526 2714 643 2768 exit
668 2713 1055 2769 couseutiendo
1081 2712 1189 2767 eis:
1211 2711 1297 2767 vel
1321 2711 1387 2766 de
1410 2710 1559 2767 falsis
1583 2726 1719 2782 pra:-

125 2806 485 2871 dicatoribus,
498 2805 584 2861 vel
599 2806 665 2861 de
692 2805 943 2860 humanis
958 2802 1200 2872 judiciis,
1214 2819 1334 2873 qua:
1354 2818 1495 2874 saepe
1520 2804 1719 2873 injusta

124 2907 269 2952 sunt.
288 2897 416 2951 lnde
431 2906 726 2966 sumptum,
742 2895 868 2966 quia
891 2894 1097 2965 antiqui
1111 2892 1323 2962 judices
1340 2893 1392 2947 in
1412 2902 1565 2965 porta
1581 2890 1723 2961 judi-

123 2991 359 3055 cabant,
388 2989 454 3043 ad
483 2997 779 3053 terrorem,
809 2995 871 3042 ut
891 2986 1257 3058 ingredientes
1281 2993 1339 3041 et
1378 2984 1721 3056 egredientes

128 3080 255 3135 mali
284 3095 502 3151 pinnam
532 3087 848 3142 cernerent,
866 3077 992 3133 boni
1016 3076 1317 3149 prazmium.
1346 3075 1427 3130 Ad
1449 3076 1550 3131 hoc
1574 3074 1725 3131 exal-

128 3183 234 3237 tas,
264 3181 322 3225 ut
350 3173 659 3225 annuntiem
681 3187 856 3225 omnes
872 3170 1203 3225 laudationes
1223 3179 1373 3235 tuas,
1402 3168 1642 3224 visibiles
1667 3176 1724 3223 ει

127 3264 435 3321 invisibiles
456 3305 473 3330 ,
506 3262 667 3328 Sion,
695 3264 749 3319 id
776 3271 860 3320 est
906 3262 1190 3327 Ecclesiae,
1226 3261 1365 3325 ςιεω,
1404 3260 1609 3316 scilicet
1635 3260 1723 3315 cui

1818 2070 2022 2137 Deum,
2064 2071 2115 2125 id
2144 2082 2265 2137 est,
2316 2088 2436 2142 qua:
2468 2072 2636 2127 Deum
2685 2087 2796 2141 prae
2847 2072 3016 2127 oculis
3051 2071 3245 2127 mentis
3294 2088 3400 2125 non

1818 2163 2048 2230 habent,
2083 2180 2273 2220 secure
2295 2174 2603 2235 peccantes,
2622 2174 2676 2219 et
2706 2174 3109 2221 convertentur.
3139 2164 3402 2230 Quoniam

1824 2273 1929 2311 non
1964 2258 2018 2311 in
2057 2258 2216 2327 ﬁnem
2255 2258 2441 2311 oblivio
2480 2258 2576 2311 erit
2618 2259 2882 2327 pauperis,
2913 2257 3038 2326 quia
3067 2257 3230 2311 etiam
3277 2263 3403 2309 ante

1820 2348 1982 2402 linem
2008 2387 2024 2411 ,
2052 2347 2105 2401 id
2138 2355 2254 2412 est,
2290 2356 2416 2402 ante
2465 2346 2811 2402 manifestum
2841 2346 3104 2415 judicium
3127 2387 3140 2412 ,
3176 2345 3319 2415 quod
3348 2345 3401 2398 in

1820 2437 1925 2493 line
1953 2438 2055 2493 erit
2074 2478 2089 2503 ,
2120 2439 2329 2493 occulte
2345 2436 2613 2507 judicabit
2644 2440 2871 2509 impios,
2901 2438 3080 2493 dando
3104 2454 3199 2493 eos
3232 2442 3288 2492 in
3317 2452 3404 2491 re-

1820 2530 2045 2600 probum
2077 2545 2314 2586 sensum.
2335 2531 2542 2586 Aliter:
2566 2530 2689 2585 Non
2719 2531 2817 2585 erit
2840 2529 3025 2585 oblivio
3053 2530 3317 2600 pauperis,
3351 2529 3403 2583 id

1822 2632 1907 2679 est
1947 2622 2179 2689 Christi,
2211 2623 2304 2693 qui
2335 2639 2459 2678 cum
2486 2624 2639 2679 dives
2666 2632 2839 2689 esset,
2872 2624 3048 2679 factus
3087 2632 3170 2679 est
3202 2639 3406 2693 pauper

1822 2731 1921 2786 pro
1949 2716 2104 2770 nobis
2143 2715 2226 2785 (II
2257 2715 2379 2769 Cor.
2406 2716 2557 2786 vni):
2590 2716 2645 2771 in
2669 2716 2859 2785 ﬁnem,
2881 2717 2935 2771 id
2962 2726 3046 2771 est
3071 2731 3241 2786 usque
3273 2717 3401 2771 dum

1823 2809 2063 2875 ﬁniatur,
2096 2810 2148 2864 id
2192 2818 2308 2875 est,
2342 2810 2408 2864 ad
2442 2809 2671 2863 nihilum
2716 2809 2966 2864 deveniat
2993 2808 3109 2877 ejus
3152 2808 3303 2864 labor
3350 2816 3407 2863 et

1824 2901 2106 2971 patientia.
2142 2900 2248 2956 Sed
2278 2900 2403 2971 quia
2428 2900 2583 2955 multi
2606 2907 2732 2954 sunt
2762 2898 2817 2953 in
2848 2914 3077 2969 corpore
3092 2898 3234 2954 illius
3263 2913 3400 2969 pau-

1823 2994 1997 3067 peris,
2050 2994 2169 3050 ideo
2212 2994 2374 3049 dicit:
2421 2992 2702 3063 patientia,
2751 2992 2803 3047 id
2845 3001 2960 3058 est,
3004 2990 3408 3062 perSeverantia

1822 3102 2113 3157 pauperum
2146 3086 2198 3140 in
2246 3084 2589 3140 tribulatione
2609 3125 2623 3151 ,
2654 3099 2774 3153 quae
2802 3084 2863 3138 lit
2887 3083 2954 3137 ad
2997 3082 3406 3139 interfectorum

1824 3176 2055 3247 palmam
2102 3187 2157 3231 et
2202 3176 2643 3232 interﬁcientium
2678 3176 3104 3241 damnationem,
3149 3192 3252 3230 non
3292 3191 3409 3244 per-

1825 3268 1916 3323 ibit
1964 3270 2020 3322 in
2067 3268 2244 3338 ﬁnem.
2293 3268 2361 3323 Et
2398 3276 2458 3322 ut
2504 3282 2693 3322 eorum
2742 3267 3002 3337 patientia
3044 3283 3148 3322 non
3193 3275 3406 3337 pereat,

131 3356 302 3411 multa
330 3356 609 3426 diligentia
640 3354 943 3411 adhibenda
976 3362 1061 3410 est
1098 3355 1167 3409 ad
1200 3353 1505 3410 custodiam
1558 3352 1720 3407 casti-
1747 3370 1794 3435 ο
1824 3374 2075 3428 exsurge,
2116 3356 2372 3422 Domine,
2420 3356 2627 3412 scilicet
2666 3355 2753 3411 fer
2800 3371 2989 3426 opem,
3035 3357 3129 3425 qui
3177 3357 3280 3412 illis
3326 3357 3411 3411 vi-

132 3447 279 3509 tatis,
315 3456 371 3500 et
412 3445 560 3499 illam
598 3444 1061 3499 annuntiationem
1097 3442 1294 3500 faciam
1338 3444 1392 3498 in
1430 3443 1621 3514 portis,
1666 3442 1723 3499 id

128 3550 212 3594 est
262 3539 318 3593 in
344 3538 656 3602 virtutibus,
687 3546 749 3592 ut
791 3552 1098 3593 sermonem
1129 3536 1371 3609 doctoris
1400 3539 1523 3593 vitae
1566 3538 1722 3595 bona

130 3628 443 3697 exemplum
470 3627 759 3697 praecedat.
787 3626 991 3683 Aliter:
1020 3628 1076 3681 in
1110 3628 1275 3699 portis
1319 3626 1440 3682 ilia:
1470 3626 1637 3693 Sion,
1668 3627 1723 3681 id

130 3730 248 3787 est,
284 3721 340 3775 in
385 3718 770 3775 ecclesiasticis
808 3719 1185 3784 sacramentis,
1230 3718 1316 3775 vel
1363 3719 1723 3774 initiamentis

137 3814 265 3869 fidei
285 3855 301 3877 ,
334 3813 417 3867 vel
448 3813 500 3867 in
526 3812 679 3882 puris
708 3812 976 3878 sensibus,
1000 3812 1084 3867 vel
1113 3812 1166 3868 in
1196 3812 1501 3868 manifesto.
1528 3814 1596 3869 Et
1620 3814 1725 3868 hoc

133 3902 495 3958 confidenter.
527 3901 665 3970 Quia
710 3903 816 3957 etsi
874 3903 1007 3958 foris
1053 3902 1304 3969 tribuler,
1341 3904 1612 3958 exsultabo
1644 3903 1725 3958 in-

136 4006 254 4050 tus:
290 3994 483 4049 dedisti
526 3993 671 4048 enim
712 3992 951 4047 laetitiam
993 3994 1050 4047 in
1079 3994 1234 4048 corde
1258 4010 1371 4048 meo
1419 3992 1591 4065 (Psal.
1623 3994 1722 4066 tv).

135 4086 205 4140 In
245 4084 477 4140 salutari
517 4094 644 4149 tuo,
691 4084 746 4139 id
796 4093 911 4151 est,
959 4084 1014 4139 in
1060 4086 1362 4141 salvatione
1419 4096 1531 4141 tua.
1584 4085 1724 4154 Quia

135 4189 295 4249 pater
321 4193 485 4246 quem
505 4176 697 4247 diligit,
716 4177 942 4247 corripit
965 4175 1151 4249 (Prov.
1181 4176 1285 4248 ιιι).
1313 4178 1485 4233 Aliter
1515 4179 1568 4233 itt
1594 4193 1728 4234 voce

135 4270 365 4340 capitis:
399 4267 621 4334 Sperent
646 4268 805 4335 inte,
831 4269 1081 4339 quoniam
1103 4286 1207 4323 non
1237 4268 1559 4341 dereliquisti
1585 4286 1730 4342 qua:-

139 4371 314 4416 rentes
346 4371 416 4428 te,
445 4360 689 4415 Domine.
722 4361 788 4415 Et
814 4362 915 4416 hoc
944 4360 1147 4416 faciant
1169 4376 1289 4417 meo
1310 4362 1577 4431 exemplo,
1603 4363 1731 4433 quia

136 4472 237 4527 ego
265 4463 434 4527 caput
486 4454 589 4510 etsi
632 4453 852 4509 tribuler
878 4454 1034 4522 foris,
1063 4455 1346 4511 exsultabo
1370 4456 1517 4512 intus
1558 4457 1613 4511 in
1637 4475 1729 4512 sa-

137 4548 301 4602 lutari
329 4557 442 4612 tuo,
477 4546 532 4601 id
564 4555 677 4612 est,
718 4547 1018 4603 salvatione
1060 4548 1151 4603 hic
1183 4547 1394 4603 occulta
1415 4588 1429 4613 ,
1462 4548 1515 4602 in
1548 4546 1732 4606 futuro

144 4641 470 4708 manifeSta;
501 4651 556 4696 et
583 4641 807 4696 merito:
831 4650 1018 4713 gentes
1042 4641 1186 4695 enim
1217 4655 1325 4695 non
1354 4640 1528 4696 solum
1559 4641 1613 4695 in
1642 4641 1730 4696 fu-

1826 3448 1971 3503 deris
1992 3447 2176 3516 jacere
2218 3454 2274 3501 et
2310 3454 2594 3514 superatus
2620 3460 2740 3501 esse
2780 3445 2836 3499 in
2890 3446 3012 3500 tuis.
3043 3445 3100 3498 ln
3152 3445 3252 3499 hoc
3291 3444 3407 3515 ipso

1825 3538 1968 3608 quod
1997 3544 2188 3607 putant
2228 3551 2327 3591 nos
2374 3543 2673 3607 superatos,
2708 3533 2886 3605 potius
2919 3533 3017 3603 ipsi
3060 3541 3403 3604 superentur.

1828 3630 1953 3686 Non
1975 3631 2298 3701 confortetur
2312 3629 2488 3683 homo:
2503 3636 2658 3683 vetus
2680 3626 2916 3692 scilicet;
2940 3626 3051 3681 imo
3069 3624 3407 3682 conforletur

1828 3738 2021 3788 novus,
2047 3721 2257 3778 scilicet
2276 3720 2420 3776 ﬁlius
2441 3718 2695 3776 hominis.
2721 3717 2834 3773 Hoc
2854 3719 3015 3773 modo
3035 3732 3284 3787 exsurge.
3308 3716 3407 3771 Ju-

1826 3820 2066 3874 dicentur
2086 3827 2260 3889 gentes
2282 3818 2336 3871 in
2354 3824 2629 3886 conspectu
2649 3823 2757 3880 tuo,
2775 3814 2827 3869 id
2841 3822 2945 3879 est,
2963 3813 3107 3868 intus
3130 3810 3182 3866 in
3206 3811 3408 3875 anima,

1829 3913 1916 3967 ubi
1946 3921 2001 3966 tu
2032 3910 2177 3966 solus
2206 3910 2395 3964 vides:
2435 3907 2562 3963 dum
2602 3907 2703 3978 ipsi
2734 3905 2868 3961 foris
2890 3902 3412 3975 judicant,judiceu-

1830 4010 1919 4055 tur
1941 4001 2101 4056 intus.
2128 3998 2337 4054 Aliter:
2378 3995 2445 4051 Ut
2476 4013 2579 4050 non
2607 4005 2780 4066 pereat
2804 3996 3057 4064 patientia
3092 4010 3412 4063 pauperum,

1828 4109 2068 4162 exsurge,
2092 4089 2335 4156 Domine,
2370 4089 2423 4143 in
2450 4085 2736 4142 manifesto
2752 4084 2976 4155 judicio.
3008 4084 3131 4139 Non
3157 4084 3417 4153 conferte-

1829 4193 1916 4238 tur
1948 4183 2101 4237 homo
2142 4190 2397 4252 peccator
2424 4179 2533 4245 ille,
2563 4180 2655 4250 qui
2696 4179 2854 4234 modo
2884 4178 3218 4233 confortatur
3248 4176 3417 4231 tribu-

1830 4274 1991 4329 lando
2017 4287 2280 4344 pauperes
2309 4280 2467 4337 tuos;
2509 4271 2634 4325 dum
2677 4269 2887 4339 ignorat
2927 4284 2987 4324 se
3023 4269 3125 4323 hoc
3162 4267 3321 4321 modo
3359 4266 3413 4320 in

1831 4363 2041 4420 occulto
2070 4363 2267 4432 puniri,
2300 4370 2483 4431 aperte
2526 4359 2662 4414 sciat
2706 4373 2764 4413 se
2808 4358 2986 4428 puniri
3021 4358 3148 4412 dum
3179 4356 3293 4417 luat
3320 4370 3418 4409 no—

1833 4458 1972 4523 lens,
1996 4458 2136 4526 quod
2168 4453 2499 4526 perpetravit
2527 4450 2745 4506 volens:
2770 4458 2825 4504 et
2853 4458 3030 4503 tamen
3059 4447 3282 4501 interius
3309 4462 3417 4499 non

1834 4553 1905 4608 sit
1928 4551 2044 4606 sine
2075 4564 2254 4619 pinna.
2279 4546 2592 4602 Judicentur
2613 4552 2785 4614 gentes
2806 4542 2859 4596 in
2886 4548 3159 4610 conspectu
3184 4548 3296 4604 tuo,
3315 4537 3417 4592 hoc

1836 4644 2033 4697 modo:
2072 4640 2373 4705 Conslitue,
2406 4635 2659 4700 Domine,
2712 4632 3060 4704 legislatorem
3106 4647 3262 4700 super
3309 4646 3416 4684 eos.

142 4747 264 4791 turo
296 4734 585 4791 manifeste
620 4734 1037 4800 damnabuntur,
1063 4734 1157 4789 sed
1184 4733 1347 4788 etiam
1386 4733 1547 4788 modo
1584 4733 1737 4788 dam-
1762 4731 1812 4790 D
1838 4735 1985 4789 Bono
2012 4732 2202 4787 ordine
2232 4731 2442 4784 videtur
2468 4726 2759 4798 procedere
2784 4743 2795 4777 :
2819 4722 3113 4794 prretnissis
3139 4722 3417 4787 membris,

142 4841 282 4885 nata:
324 4837 451 4885 sunt
484 4829 537 4883 in
581 4827 793 4882 occulto
827 4827 1051 4898 judicio.
1085 4825 1277 4895 Inﬁxae
1333 4836 1488 4889 sunt,
1534 4825 1586 4880 id
1616 4833 1732 4892 est,

144 4921 292 4976 intus
324 4920 447 4974 lixae
477 4919 533 4973 in
565 4917 761 4984 corde,
792 4926 989 4988 gentes,
1018 4930 1209 4971 omnes
1236 4914 1517 4970 increduli.
1549 4913 1617 4970 In
1647 4916 1733 4971 in-

141 5015 301 5067 teritu
329 5028 483 5085 quem
513 5010 772 5081 fecerunt,
810 5009 1017 5065 scilicet
1045 5008 1176 5065 foris
1206 5007 1580 5063 interﬁciendo
1608 5024 1734 5065 cor—

143 5122 240 5177 pus
267 5115 522 5160 nostrum
542 5143 557 5168 ,
592 5102 982 5158 interfecerunt
1006 5102 1245 5156 animam
1275 5118 1453 5157 suam.
1486 5101 1734 5158 Ostendit

144 5195 416 5267 quomodo
465 5192 649 5249 inﬁxae
692 5201 835 5248 sunt.
885 5189 954 5245 In
994 5190 1179 5262 laqueo
1226 5192 1361 5257 isto,
1411 5191 1465 5246 id
1510 5201 1629 5259 est,
1678 5192 1734 5247 in

198 5286 622 5341 .1ι-ι.ηηηαί1ἶηξ
655 5301 802 5326 nsum
851 5283 1229 5326 ἰΙιιρηηιΙηο--ικο
1295 5285 1346 5324 id
1390 5293 1484 5332 00'.
1524 5286 1734 5330 nontiltn

1840 4824 2047 4881 inducit
2073 4830 2249 4893 caput.
2282 4820 2363 4875 Ad
2393 4828 2596 4875 tantam
2638 4818 2783 4873 enim
2818 4815 3160 4885 iniquitatum
3199 4828 3417 4868 suarum

1840 4916 2357 4976 consummationem
2384 4912 2701 4984 pervenient
2724 4917 2803 4975 ut,
2826 4915 3135 4979 contempto
3170 4905 3305 4960 Filio
3325 4904 3422 4959 Dei

1840 5012 2090 5075 Christo,
2140 5008 2340 5078 eligunt
2384 5003 2787 5065 antichristum,
2820 5010 2879 5054 ut
2919 5014 2986 5055 eo
3030 5000 3167 5054 duce
3206 5003 3333 5051 eant
3369 4995 3423 5048 in

1840 5112 2097 5158 aeternam
2128 5112 2361 5171 poenam.
2388 5094 2521 5162 Quia
2546 5093 2834 5148 noluerunt
2864 5091 3063 5145 habere
3092 5102 3177 5142 me
3200 5086 3422 5139 latorem

1844 5202 1949 5249 tua:
1976 5192 2129 5264 legis,
2158 5203 2320 5260 super
2345 5200 2404 5242 se
2430 5184 2665 5241 habeant
2699 5184 2926 5237 latorem
2955 5197 3069 5237 suae
3104 5177 3253 5249 legis,
3280 5174 3426 5229 scili-

1844 5293 1925 5324 ρρι
1961 5297 2139 5322 nrraan
2203 5276 2579 5316 nulinhriclnm
2610 5284 2665 5322 et
2701 5272 2980 5318 ιηίηίαίνηα
3012 5284 3137 5302 nune-
