3978 6404
515 370 623 441 ιω

1156 365 1416 425 BEMICll
1455 356 2115 423 ANTISSIODORENSIS
2152 352 2303 413 OPP.
2350 354 2527 415 PARS
2560 354 2601 413 Ι.
2629 387 2697 398 -
2729 351 3140 413 EXEGETICA.

3683 347 3792 409 900

520 508 543 545 ι
584 493 900 546 struxerunt
930 502 943 539 :
967 484 1146 556 justus
1183 490 1361 537 autem
1390 478 1517 549 quid
1564 477 1727 533 fecit?
1756 473 2016 529 Dominus
2046 473 2098 527 in
2130 478 2177 532 Λ
2208 472 2604 529 luereticorum.
2636 472 2692 527 In
2720 488 2950 542 persona
2974 470 3271 542 prophetae,
3298 469 3405 526 hoc
3434 469 3594 525 modo
3620 486 3635 523 :
3664 471 3795 541 quia

523 599 543 635 ι
587 579 789 651 templo
814 585 1004 633 sancto
1031 590 1129 631 suo
1159 573 1465 630 :.Dominus
1507 572 1560 625 in
1589 568 1727 624 coelo
1770 567 1926 622 sedes
1963 564 2100 633 ejus.

522 694 542 728 ι
588 672 741 731 Oculi
771 671 889 741 ejus
914 671 967 726 in
995 683 1283 740 pauperem
1326 665 1660 737 respiciunt,
1689 661 1958 733 palpebra:
1987 658 2105 728 ejus

523 787 544 822 ι
589 768 926 837 interrogant
972 762 1110 819 ﬁlios
1156 760 1455 817 hominum.
1503 757 1761 813 Dominus
1810 756 2107 824 interrogat

525 877 546 912 ι
582 859 791 930 justum
816 866 872 914 et
901 855 1122 928 impium
1153 873 1167 909 :
1200 854 1290 925 qui
1321 861 1498 907 autem
1534 851 1707 922 diligit
1744 849 2104 918 iniquitatem,

525 969 547 1003 ι
587 950 705 1006 odit
723 950 959 1006 animam
981 962 1154 1003 suam.
1174 944 1315 1000 Pluit
1334 960 1495 1015 super
1511 952 1825 1015 peccatores
1853 941 2104 1010 laqueos:

525 1061 546 1096 ι
594 1042 735 1114 ignis
765 1050 820 1098 et
850 1039 1074 1111 sulphur
1094 1046 1149 1095 et
1181 1037 1405 1109 spiritus
1439 1035 1822 1107 procellarum,
1861 1049 1988 1104 pars
2014 1046 2108 1085 ca-

528 1152 548 1188 r
588 1133 709 1190 licis
734 1148 944 1190 eorum.
972 1129 1240 1199 Quoniam
1272 1129 1452 1198 justus
1483 1128 1738 1183 Dominus
1781 1135 1836 1182 ct
1869 1124 2110 1194 justitias

526 1244 548 1280 ι
591 1224 817 1283 dilexit:
849 1223 1157 1296 aequitatem
1185 1221 1320 1276 vidit
1352 1221 1530 1275 vultus
1569 1218 1704 1289 ejus.
1746 1236 1765 1271 ι

1094 1328 1551 1386 ENARRATIO.

593 1406 844 1464 Psannus
890 1404 1060 1460 David
1090 1405 1143 1458 in
1180 1403 1360 1473 ﬁnem.
1406 1400 1689 1465 Psalmus,
1734 1399 1785 1454 id
1831 1407 1945 1465 est,
1979 1398 2113 1452 bona

523 1498 818 1554 exhortatio
838 1536 851 1563 ,
881 1494 1147 1565 accipitur
1171 1493 1225 1547 in
1258 1494 1360 1548 hoc
1388 1492 1595 1564 psalmo
1622 1492 1808 1557 David,
1840 1491 2116 1562 pr0phcta:

525 1589 734 1646 scilicet
761 1585 1045 1658 dirigentis
1090 1585 1143 1638 in
1193 1584 1374 1653 ﬁnem,
1412 1583 1464 1638 id
1498 1591 1581 1638 est
1627 1582 1681 1636 in
1730 1579 2027 1645 Christum,
2062 1581 2114 1634 in

524 1695 633 1753 quo
656 1686 740 1735 est
764 1678 1007 1735 omnium
1052 1681 1320 1733 bonorum
1349 1674 1637 1744 perfectio;
1672 1680 1757 1727 est
1787 1681 1967 1729 autem
2004 1673 2117 1727 haec

526 1771 688 1842 hujus
742 1769 934 1842 psalmi
992 1770 1243 1827 intentio.
1293 1769 1460 1825 David
1502 1771 1766 1841 propheta
1815 1766 2117 1839 praevidens

2209 567 2277 619 ad
2323 565 2732 619 instructionem
2758 562 3106 634 parvulorum
3136 562 3398 632 loquitur,
3424 562 3546 616 ideo
3570 576 3799 617 conver-

2216 660 2276 713 tit
2311 674 2368 713 se
2395 660 2460 714 ad
2483 675 2576 714 eos
2604 667 2656 713 et
2677 658 2809 712 dicit
2832 674 2845 711 :
2871 657 2948 711 illi
2976 655 3180 721 dicunt,
3208 654 3548 725 Transmigra
3572 656 3637 709 ad
3664 668 3798 721 nos;

2214 752 2308 805 sed
2367 766 2472 804 non
2528 758 2612 803 est
2658 748 2783 802 illuc
2831 747 3346 817 transmigrandum.
3378 745 3557 802 Causa
3608 758 3802 817 quare.

2217 843 2478 909 Quoniam
2514 858 2646 905 ecce,
2679 841 2733 895 id
2781 849 2886 907 est,
2912 839 3034 895 vide
3073 839 3217 909 quod
3259 853 3365 895 non
3407 848 3491 897 est
3524 839 3673 895 aliud
3700 836 3805 895 nisi

2216 935 2499 1005 deceptio;
2530 944 2825 1004 peccatores
2856 932 2946 1002 qui
2979 947 3039 986 se
3061 930 3236 1000 juslos
3258 930 3486 997 faciunt,
3516 940 3568 987 et
3594 938 3807 988 montes

2217 1027 2521 1091 nominant,
2574 1024 2902 1080 intenderunt
2944 1039 3126 1078 arcum
3151 1041 3169 1077 :
3201 1021 3495 1092 Scriptura:
3535 1037 3711 1078 sacra:
3741 1021 3810 1077 ri-

2219 1133 2425 1191 gorem,
2479 1118 2716 1174 sinistra:
2780 1103 3244 1186 interpretationis
3281 1129 3450 1169 nervo
3488 1114 3812 1168 incurvave-

2223 1221 2368 1267 runt.
2402 1210 2637 1281 Sagittas
2662 1226 2813 1275 suas,
2840 1209 2894 1264 id
2927 1218 3032 1273 est,
3076 1207 3340 1263 toxicatas
3368 1207 3700 1271 sententias,
3719 1223 3813 1276 pa—

2223 1312 2466 1357 raverunt
2509 1316 2763 1372 perverso
2811 1298 3087 1355 intellectu
3133 1300 3190 1352 in
3234 1299 3503 1368 pharetra,
3546 1297 3600 1353 id
3647 1306 3733 1351 est
3759 1296 3811 1351 iu

2224 1397 2405 1460 corde,
2442 1396 2508 1449 ad
2538 1394 2641 1450 hoc
2675 1404 2731 1448 ut
2775 1393 3020 1464 sagittent
3053 1400 3219 1446 rectos
3247 1389 3423 1457 corde,
3453 1389 3506 1443 id
3547 1399 3657 1454 est,
3689 1389 3815 1444 sim-

2225 1490 2391 1559 plices
2419 1497 2473 1544 et
2505 1487 2573 1542 ad
2600 1485 2840 1557 regulam
2875 1484 2997 1540 lidei
3041 1485 3297 1549 directos,
3324 1484 3379 1538 in
3425 1483 3650 1538 obscuro
3676 1480 3816 1553 posi-

2229 1590 2334 1648 tos,
2380 1572 2432 1637 id
2475 1581 2647 1637 estin
2692 1579 3019 1652 ignorantia,
3066 1593 3172 1633 non
3223 1576 3462 1632 valentes
3509 1577 3697 1631 adhuc
3729 1574 3816 1629 illa

2227 1674 2419 1727 altiora
2458 1671 2749 1727 discutere.
2785 1670 2995 1726 Revera
3023 1669 3138 1725 scio
3172 1669 3315 1738 quod
3360 1668 3426 1722 ad
3456 1667 3561 1723 hoc
3590 1681 3812 1737 parare.

2228 1774 2356 1819 runt
2381 1764 2632 1834 sagittas,
2661 1763 2713 1817 id
2751 1770 2859 1825 est,
2888 1760 3187 1817 sententias
3214 1752 3430 1830 pravas,
3461 1769 3520 1814 ut
3558 1759 3818 1830 sagittcnt

526 1881 625 1938 per
667 1866 918 1937 spiritum
947 1865 1214 1935 quosdam
1271 1865 1482 1921 futuros
1537 1866 1590 1920 in
1641 1864 1908 1928 Ecclesia,
1961 1861 2117 1932 quasi
2148 1855 2198 1915 Β
2229 1869 2404 1914 rectos
2444 1858 2629 1912 corde.
2668 1854 2932 1922 Quoniam
2963 1870 3080 1925 qua:
3107 1853 3390 1925 perfecisli,
3421 1853 3816 1918 destruxerunt,

529 1967 714 2014 tauros
741 1957 1047 2014 cervicosos
1068 1971 1166 2027 per
1194 1957 1528 2026 superbiam,
1567 1955 1817 2010 nolentes
1843 1951 2120 2008 catholicae

528 2050 655 2107 ﬁdei
681 2050 945 2106 unitatem
990 2065 1115 2105 cum
1141 2048 1354 2104 caeteris
1402 2047 1653 2103 fidelibus
1681 2061 1922 2110 scrvare,
1959 2058 2059 2100 nec
2089 2059 2121 2097 a

531 2142 644 2198 Deo
670 2142 948 2213 postulare
979 2138 1391 2208 intelligentiam
1439 2137 1867 2206 Scripturarum,
1897 2136 1991 2191 sed
2019 2132 2122 2189 sibi

531 2234 718 2291 omnia
764 2231 1113 2288 attribuenda
1162 2230 1384 2286 sinistra
1433 2229 1880 2299 interpretatione
1935 2242 2124 2283 earum

533 2326 601 2382 ad
640 2326 745 2382 hoc
788 2324 909 2392 niti,
940 2331 1002 2379 ut
1032 2322 1131 2379 soli
1159 2322 1302 2378 scire
1331 2361 1346 2386 ,
1377 2321 1477 2377 soli
1503 2322 1635 2392 justi
1671 2336 1792 2377 esse
1816 2320 2123 2387 videantur,

533 2426 590 2474 et
612 2417 740 2474 dum
780 2431 933 2472 suam
963 2415 1188 2488 gloriam
1218 2421 1483 2484 quaerant,
1510 2427 1617 2467 non
1644 2411 1761 2478 Dei,
1792 2410 2043 2482 parvulos
2070 2410 2125 2465 in

537 2509 643 2566 fide
672 2509 741 2564 ab
769 2506 1027 2563 uberibus
1069 2505 1262 2561 matris
1289 2504 1548 2561 Ecclesia:
1589 2518 1903 2575 segregare,
1941 2510 1997 2557 et
2043 2500 2127 2556 sui

537 2600 747 2658 erroris
776 2598 1004 2671 vestigia
1034 2597 1186 2668 sequi
1211 2606 1480 2669 satagere,
1496 2611 1646 2666 spem
1672 2596 1890 2665 quidem
1916 2593 2130 2665 religio-

536 2696 623 2750 nis
667 2694 723 2749 in
776 2690 956 2747 verbis
986 2689 1417 2762 praetendentes,
1480 2686 1638 2743 factis
1686 2695 1868 2742 autem
1914 2686 2131 2755 penitus

535 2782 868 2854 abnegantes
898 2797 913 2836 :
944 2779 1266 2835 existimans
1289 2777 1529 2850 parvulis
1565 2775 1765 2832 Christi
1809 2773 2132 2830 subvenien-

535 2874 696 2938 dum,
727 2870 965 2944 qualiter
1011 2885 1181 2926 sacraa
1209 2868 1333 2925 ﬁdei
1382 2866 1851 2939 impugnatoribus
1895 2867 1967 2922 sit
1998 2865 2134 2921 resi-

534 2964 810 3029 stendum,
839 2977 938 3019 suo
971 2960 1220 3031 exemplo
1254 2960 1516 3025 ostendit,
1546 2960 1731 3014 dicens
1762 2977 1774 3012 :

606 3057 678 3111 In
708 3055 930 3110 Domino
957 3052 1187 3122 conﬁdo.
1218 3051 1355 3107 Tota
1386 3050 1520 3106 ﬁdes
1546 3064 1664 3106 mea
1695 3050 1750 3105 in
1774 3048 1992 3105 Christo
2018 3057 2133 3114 est;

539 3162 638 3221 per
665 3146 817 3202 illum
846 3144 1021 3201 solum
1045 3143 1210 3199 credo
1232 3158 1321 3198 me
1349 3141 1639 3212 justiﬁcari
1675 3149 1730 3197 et
1774 3140 2007 3206 salvari;
2040 3139 2129 3194 ille

2226 1968 2347 2022 qua:
2387 1958 2658 2021 praecepta
2704 1949 2793 2003 illa
2825 1965 2944 2019 qua:
2984 1960 3064 2013 tu,
3097 1963 3132 2003 ο
3163 1948 3406 2013 Domine,
3450 1945 3743 2018 perfecisti,
3770 1945 3819 2000 id

2225 2052 2328 2108 est,
2370 2043 2537 2112 digito
2583 2051 2675 2095 tuo
2725 2039 2993 2111 scripsisti
3046 2022 3400 2093 immutabilis
3431 2045 3487 2093 et
3523 2035 3817 2092 indissolu-

2225 2133 2376 2199 bilia,
2407 2147 2534 2202 quia
2565 2131 2708 2202 quod
2735 2130 2899 2186 semel
2924 2128 3129 2199 justum
3154 2137 3238 2184 est
3261 2127 3401 2198 apud
3434 2135 3505 2191 te,
3541 2141 3818 2197 nunquam

2226 2225 2333 2280 erit
2380 2222 2663 2293 iujustum,
2697 2230 2750 2278 et
2779 2236 2810 2275 e
2831 2234 3133 2277 converso:
3170 2219 3258 2275 illa
3281 2220 3679 2283 destruxerunt,
3714 2233 3817 2274 non

2227 2326 2485 2387 quantum
2514 2315 2581 2370 ad
2609 2329 2696 2379 ea,
2725 2313 2853 2383 quia
2891 2312 3101 2379 dixisti,
3141 2308 3308 2366 Verba
3353 2319 3529 2364 autem
3567 2325 3690 2365 mea
3722 2325 3821 2363 nos

2227 2404 2565 2476 prieteribunt
2593 2402 2759 2476 (Luc.
2789 2403 2948 2473 xm),
2990 2402 3082 2456 sed
3114 2409 3376 2470 quantum
3420 2399 3489 2454 ad
3533 2416 3697 2455 suum
3739 2413 3821 2454 er-

2229 2513 2408 2553 rorem
2444 2506 2501 2553 et
2542 2512 2767 2566 pravum
2801 2494 3155 2550 intellectum.
3183 2492 3239 2547 in
3265 2506 3495 2563 persona
3539 2491 3821 2547 haeretico-

2232 2606 2373 2655 rum,
2403 2589 2511 2643 ita:
2544 2586 2883 2657 Transmigra
2905 2586 2972 2641 ad
2999 2599 3117 2651 nos,
3150 2584 3318 2640 transi
3344 2584 3450 2639 huc
3474 2583 3566 2638 ubi
3594 2582 3822 2639 altitudo

2233 2692 2338 2749 est,
2374 2682 2464 2738 ubi
2496 2679 2595 2737 soli
2643 2678 2871 2750 perfecti
2900 2686 3047 2744 sunt,
3094 2676 3194 2733 soli
3218 2674 3375 2745 justi.
3424 2674 3573 2730 Sicut
3606 2688 3822 2745 passer:

2234 2777 2374 2842 ideo,
2405 2775 2532 2846 quia
2559 2773 2862 2845 periculose
2887 2772 3121 2827 moraris
3148 2770 3394 2834 inferius,
3421 2768 3659 2825 vivendo
3695 2768 3825 2822 inter

2234 2879 2570 2941 peccatores,
2596 2868 2688 2938 qui
2716 2866 3058 2938 Scripturam
3103 2880 3317 2920 sacram
3347 2864 3443 2920 tibi
3475 2862 3618 2918 male
3660 2863 3824 2919 inter-

2238 2971 2541 3033 pretantur,
2571 2970 2624 3016 et
2651 2961 2754 3016 hoc
2776 2963 2935 3015 modo
2962 2958 3365 3030 simplicitatem
3395 2968 3542 3012 tuam
3573 2956 3825 3027 decipere

2238 3051 2446 3106 volunt.
2488 3051 2688 3107 lterum
2730 3050 3032 3121 propheta:
3084 3047 3189 3120 ipsi
3235 3048 3336 3105 sub
3381 3047 3565 3120 specie
3612 3047 3827 3118 pietatis

2243 3145 2359 3200 hate
2406 3145 2584 3201 dicere
2614 3145 2887 3211 videntur,
2927 3143 3021 3200 sed
3064 3157 3172 3199 non
3210 3150 3294 3199 est
3336 3141 3446 3198 illis
3478 3141 3825 3198 credendum.

539 3210 624 3296 est
651 3237 789 3294 mihi
832 3249 1010 3300 mons,
1056 3232 1145 3290 ille
1171 3210 1459 3305 refugium.
1490 3233 1628 3301 Quia
1680 3233 1938 3289 Dominus
1976 3244 2130 3286 meus
2158 3210 2205 3275 ο
2236 3235 2380 3301 Ideo,
2425 3234 2678 3304 quoniam
2724 3250 2842 3306 quae
2873 3233 3158 3305 perfecisti,
3207 3247 3241 3289 ο
3282 3231 3530 3296 Domine,
3563 3231 3830 3287 destruxe-

539 3336 645 3396 est,
677 3328 877 3401 quiest
919 3325 1065 3382 Deus
1104 3341 1202 3397 per
1229 3332 1501 3380 naturam.
1546 3324 1656 3382 Vos
1694 3333 1874 3380 autem
1898 3322 1992 3393 qui
2036 3323 2135 3378 ho-
2237 3337 2378 3382 runt.
2423 3327 2502 3382 Tu
2542 3328 2816 3398 perfecisti
2857 3328 3071 3384 Iaudem
3116 3336 3264 3383 tuam
3313 3327 3369 3383 in
3413 3325 3701 3398 parvulis:
3743 3324 3829 3381 sed

542 3423 720 3478 mines
742 3420 878 3477 estis
907 3419 1110 3475 inﬁrmi
1153 3425 1216 3473 ιιι
1258 3432 1359 3488 ego
1381 3455 1397 3483 ,
1426 3417 1687 3488 quomodo
1729 3415 1903 3469 dicitis
1942 3415 2167 3489 animat.
2237 3420 2338 3490 ipsi
2363 3420 2752 3476 destruxerunt
2780 3435 2895 3486 eos,
2929 3420 3228 3476 avertendo
3262 3436 3292 3476 a
3324 3429 3395 3483 te,
3428 3419 3665 3476 dicendo
3695 3418 3829 3475 solos

542 3530 671 3570 mea:
692 3526 713 3567 :
730 3511 1075 3584 Transmigra
1102 3511 1161 3565 in
1185 3509 1454 3566 montem?
1478 3525 1544 3565 ac
1567 3508 1613 3565 si
1644 3509 1788 3564 dicat
1814 3527 1826 3563 :
1856 3506 2137 3575 Quomodo

545 3605 758 3662 audetis
791 3604 1121 3675 persuadere
1149 3604 1346 3659 anima:
1374 3618 1537 3669 mete,
1586 3618 1707 3673 quae
1734 3611 1844 3657 tam
1881 3603 2016 3658 bene
2059 3601 2139 3658 lo-

546 3704 667 3751 cata
689 3702 792 3761 est,
815 3702 871 3750 et
894 3709 1016 3765 qua:
1041 3694 1095 3749 in
1121 3694 1269 3750 nullo
1290 3693 1396 3749 alio
1422 3693 1649 3749 conﬁdit
1669 3694 1771 3749 nisi
1798 3693 1850 3748 iu
1875 3694 2133 3749 Domino:

548 3787 868 3858 tranmigra
893 3786 949 3841 in
990 3794 1242 3853 montem,
1272 3785 1326 3840 id
1350 3794 1457 3853 est,
1484 3785 1655 3842 transi
1679 3785 1748 3840 ad
1776 3801 1897 3851 nos,
1934 3785 2023 3841 ubi
2054 3795 2141 3842 est

550 3892 730 3945 mons,
762 3877 854 3933 ubi
881 3884 966 3933 est
989 3875 1258 3943 Christus,
1293 3877 1449 3948 quasi
1480 3878 1549 3934 de
1592 3877 1732 3934 valle
1760 3878 1904 3933 etde
1949 3878 2140 3933 humili

550 3968 694 4035 loco,
718 3968 788 4025 de
827 3967 1173 4038 simplicitate
1200 3968 1321 4023 lidei
1365 3965 1511 4024 illius
1549 3983 1712 4038 quam
1759 3978 1911 4024 tenes
1946 3968 2001 4022 in
2034 3982 2141 4038 qua

551 4061 710 4118 facile
732 4070 889 4133 potes
930 4059 1148 4131 decipi?
1175 4060 1333 4131 Apud
1376 4075 1477 4117 nos
1519 4061 1657 4117 bene
1695 4061 2013 4128 instruxeris,
2051 4062 2142 4116 ubi

552 4161 637 4209 est
669 4167 850 4219 mons,
872 4152 926 4209 id
948 4160 1054 4218 est,
1088 4151 1350 4208 celsitudo
1378 4153 1637 4209 virtutum
1660 4163 1716 4209 et
1739 4154 1981 4225 perfecta
2008 4155 2142 4223 vita,

555 4245 648 4302 ubi
675 4258 835 4301 nemo
858 4244 1003 4300 valet
1030 4252 1084 4300 te
1121 4244 1400 4300 seducere.
1445 4243 1562 4300 Non
1591 4247 1831 4301 omnium
1861 4256 1945 4303 est
1987 4246 2142 4316 ﬁdes,

555 4352 656 4394 nos
701 4336 803 4393 soli
833 4336 1099 4392 habemus
1130 4350 1284 4401 eam;
1330 4335 1431 4393 soli
1470 4335 1771 4406 justiﬁcare
1818 4353 2143 4409 possumus,

556 4430 682 4500 quia
704 4429 837 4501 justi
882 4443 1091 4486 sumus.
1133 4427 1474 4500 Transmigra
1510 4429 1630 4485 dico
1655 4469 1670 4496 ,
1700 4431 1832 4484 sicut
1860 4447 2061 4501 passer,
2092 4430 2148 4486 id

558 4531 665 4589 est,
694 4522 838 4579 sicut
860 4537 1027 4594 parva
1048 4522 1183 4589 avis,
1213 4537 1335 4592 qua:
1357 4537 1464 4578 non
1504 4522 1691 4579 valens
1717 4523 2023 4595 raptoribus
2063 4539 2148 4579 re-

562 4614 782 4681 sistere,
815 4613 984 4668 ardua
1014 4613 1329 4669 conscendit
1355 4622 1405 4669 et
1445 4614 1520 4670 ibi
1551 4614 1794 4671 nidificat
1822 4631 1836 4669 :
1877 4614 1959 4670 vel
1981 4614 2143 4670 etiam

562 4718 764 4760 cavens
793 4703 898 4760 sibi
932 4702 988 4757 in
1034 4702 1194 4775 plano
1228 4718 1260 4759 a
1304 4703 1512 4775 laqueis
1549 4715 1605 4761 et
1642 4721 1675 4761 a
1705 4705 2005 4778 frequentia
2051 4707 2150 4762 ho-

564 4795 790 4852 minum.
840 4793 911 4850 Et
946 4794 1023 4849 ita
1071 4803 1127 4849 tu
1175 4803 1337 4852 caute
1386 4796 1557 4852 transi
1598 4798 1665 4854 ad
1707 4813 1846 4864 nos,
1895 4798 1988 4868 qui
2037 4797 2151 4853 eri-

565 4901 691 4941 mus
738 4884 839 4941 tibi
883 4883 1072 4939 tutela.
1118 4883 1477 4957 Hieronymus
1520 4901 1712 4943 omnes
1756 4904 1954 4959 parvas
2000 4904 2147 4954 aves,

565 4989 818 5048 passeres
867 4974 1000 5031 dicit
1042 4974 1332 5031 nominari.
1380 4976 1551 5033 Aliter
1589 4996 1601 5031 :
1656 4976 1935 5046 Quomodo
1974 4979 2153 5034 dicitis

567 5068 763 5126 anima:
808 5082 943 5124 meae
983 5076 1043 5123 ut
1092 5069 1443 5139 trausmigret
1491 5069 1557 5125 ad
1604 5085 1728 5136 vos,
1778 5070 1933 5141 quasi
1973 5080 2034 5126 ut
2081 5070 2156 5127 ibi

568 5169 815 5220 assumat
851 5174 1061 5233 pennas
1087 5174 1212 5216 cum
1263 5158 1335 5216 sit
1374 5160 1508 5215 sicut
1547 5177 1748 5231 passer,
1791 5161 1997 5218 scilicet
2040 5162 2160 5235 plu-

569 5262 714 5311 mata
766 5251 960 5325 pennis
1008 5251 1294 5318 virtutum,
1342 5260 1403 5306 ut
1448 5260 1574 5321 apta
1619 5252 1689 5306 sit
1742 5252 1922 5310 volare
1958 5254 2027 5309 ad
2068 5269 2157 5310 re-

572 5364 735 5420 gnum
787 5345 1091 5403 caelorum?
1136 5344 1361 5400 Aliter:
1413 5342 1688 5410 Quomodo
1741 5347 1915 5401 dicitis
1968 5348 2160 5403 anima:

573 5453 724 5505 mete,
748 5436 1092 5509 Transmigra
1116 5437 1185 5493 ad
1199 5452 1297 5492 nos
1315 5453 1328 5491 :
1354 5445 1410 5492 et
1430 5436 1546 5493 haec
1566 5438 1697 5493 mihi
1716 5453 1822 5494 non
1849 5439 1918 5494 ad
1937 5439 2158 5506 bonum,

576 5532 671 5588 sei!
697 5538 760 5586 nt
802 5531 904 5587 sim
946 5532 1083 5586 sicut
1136 5547 1337 5601 passer,
1370 5530 1424 5585 id
1452 5541 1554 5599 est,
1589 5547 1759 5604 vagus
1802 5540 1857 5588 et
1895 5531 2163 5588 instabilis

576 5623 632 5679 in
670 5621 772 5677 fide
797 5622 864 5676 ad
904 5637 1076 5677 meam
1106 5622 1497 5693 perditionem?
1526 5622 1789 5689 Quoniam
1827 5640 1943 5678 ecce
1977 5641 2162 5695 pecca-

576 5723 714 5769 tores
765 5712 1099 5767 intenderunt
1149 5730 1352 5768 arcum.
1405 5712 1518 5769 Hoc
1564 5722 1744 5784 potest
1790 5714 2000 5772 duobus
2052 5734 2166 5772 mo—

577 5805 663 5866 dis
703 5805 805 5881 legi
835 5805 985 5886 :“vel
1027 5804 1080 5862 in
1126 5820 1358 5880 persona
1392 5808 1688 5881 prophetae,
1724 5809 1810 5866 vel
1844 5810 1899 5867 in
1935 5810 2166 5885 persona

2232 3509 2409 3581 justos
2455 3525 2574 3566 esse
2620 3511 2672 3566 in
2725 3509 2991 3567 Ecclesia.
3040 3509 3234 3565 Justus
3275 3519 3452 3565 autem
3491 3509 3621 3581 quid
3670 3507 3829 3581 fecit?

2238 3600 2283 3658 Ο
2313 3602 2585 3667 haeretice,
2619 3602 2712 3672 qui
2752 3602 2888 3658 dicis
2935 3617 3036 3657 nos
3080 3615 3201 3661 esse
3246 3610 3585 3672 peccatores,
3630 3608 3691 3656 et
3717 3598 3831 3655 ideo

2239 3711 2347 3751 non
2377 3710 2497 3751 esse
2531 3694 2599 3750 de
2634 3709 2861 3766 corpore
2893 3694 3119 3761 Christi,
3150 3708 3251 3750 nec
3300 3709 3461 3765 posse
3504 3707 3827 3763 quemquam

2240 3804 2339 3861 per
2380 3797 2623 3844 nostrum
2674 3787 3038 3844 ministerium
3079 3786 3416 3858 incorporari
3461 3786 3710 3854 Christo,
3753 3785 3831 3842 die

2243 3881 2413 3937 mihi:
2468 3878 2658 3936 Justus
2710 3888 2914 3946 autem,
2971 3876 3178 3936 scilicet
3236 3876 3506 3944 Christus,
3552 3871 3648 3949 qui
3694 3878 3832 3935 solus

2236 3972 2418 4043 justus
2451 3982 2555 4037 est,
2601 3971 2908 4044 justiﬁcans
2952 3986 3164 4038 omnes,
3211 3970 3340 4042 quid
3399 3970 3547 4026 fecit.
3575 3969 3720 4036 Quid
3765 3967 3833 4023 illi

2245 4065 2544 4135 imputatis,
2575 4064 2718 4134 quod
2762 4078 2957 4133 corpus
2988 4061 3106 4132 ejus
3134 4061 3381 4119 scinditis
3408 4071 3466 4118 et
3493 4062 3561 4117 ab
3586 4076 3658 4117 eo
3684 4075 3833 4132 sepa-

2246 4156 2400 4223 ratis,
2447 4170 2571 4212 cmn
2626 4153 2807 4211 nullus
2846 4154 3177 4226 justiﬁcetur
3217 4153 3321 4210 nisi
3352 4168 3452 4224 per
3479 4152 3683 4225 ipsum,
3729 4152 3834 4208 sive

2248 4266 2344 4322 per
2392 4247 2750 4304 ministerium
2794 4248 3096 4317 peccatoris
3141 4254 3482 4302 sacramenta
3529 4244 3657 4300 fidei
3702 4243 3836 4301 acci-

2248 4342 2381 4413 piat,
2413 4341 2526 4395 sirc
2550 4353 2648 4411 per
2676 4338 3033 4393 ministerium
3063 4337 3197 4409 justi
3225 4335 3501 4393 hominis?
3529 4333 3642 4391 Vos
3664 4345 3833 4391 autem

2251 4431 2455 4493 dicitis,
2491 4429 2694 4483 nullum
2728 4442 2889 4498 posse
2920 4426 3209 4498 justificari
3236 4426 3337 4482 nisi
3360 4442 3458 4497 per
3477 4425 3834 4482 ministerium

2245 4522 2375 4593 justi
2399 4520 2644 4591 alicujus.
2676 4519 2863 4576 Nonne
2886 4535 3084 4590 corpus
3120 4518 3319 4575 Christi
3357 4519 3625 4590 separatis
3652 4520 3723 4573 ab
3756 4531 3835 4579 eo,

2252 4624 2307 4670 et
2349 4613 2646 4686 potentiam
2685 4609 2803 4680 ejus
2847 4611 3001 4667 vobis
3048 4610 3365 4682 usurpatis?
3409 4609 3617 4666 Aliter:
3659 4608 3836 4664 Justus

2254 4716 2429 4759 autem
2455 4703 2579 4776 quid
2610 4703 2780 4774 fecit?
2806 4702 2974 4770 Quasi
3009 4702 3191 4757 dicat:
3233 4701 3344 4759 Vos
3373 4709 3692 4772 peccatores
3719 4712 3839 4753 con-

2257 4798 2517 4862 temnitis,
2554 4805 2609 4851 et
2659 4811 2689 4849 a
2729 4809 2957 4865 corpore
3003 4794 3201 4850 Christi
3231 4791 3546 4865 segregatis.
3590 4785 3836 4860 Nunquid

2256 4889 2531 4945 Christum
2560 4888 2614 4942 in
2645 4887 2749 4942 hoc
2790 4885 3114 4941 imitamini?
3138 4882 3326 4941 Nonne
3350 4886 3465 4955 ipse
3499 4898 3623 4938 cum
3657 4894 3838 4953 pecca—

2260 4980 2469 5036 toribus
2507 4986 2859 5034 conversatus
2902 4977 3027 5032 est?
3070 4973 3262 5031 Nonne
3302 4973 3508 5030 sciebat
3535 4972 3730 5028 Judam
3764 4968 3840 5024 fu-

2262 5090 2378 5131 rem
2407 5088 2527 5129 esse
2552 5082 2608 5128 et
2633 5070 2839 5128 loculos
2867 5069 3108 5125 habere?
3134 5076 3189 5124 et
3223 5077 3403 5124 tamen
3443 5067 3508 5122 ad
3551 5065 3840 5139 praedican-

2263 5167 2390 5221 dum
2429 5179 2551 5219 eum
2602 5161 2749 5218 misit
2775 5177 2899 5217 cum
2928 5158 3470 5230 caeterisapostolis;
3501 5166 3556 5213 et
3589 5157 3648 5211 in
3691 5168 3836 5212 caena

2263 5258 2350 5315 illa
2381 5276 2484 5330 qua
2514 5273 2640 5314 eum
2669 5255 2907 5321 tradidit,
2938 5253 3327 5311 eucharistiam
3355 5252 3602 5324 corporis
3633 5260 3691 5307 et
3725 5264 3839 5305 san-

2264 5355 2442 5427 guinis
2484 5352 2588 5419 sui,
2618 5351 2869 5406 manibus
2908 5350 3020 5405 suis
3064 5346 3389 5411 confectam,
3436 5360 3532 5400 ore
3564 5357 3664 5400 suo
3702 5354 3841 5397 com-

2267 5445 2596 5509 mendatam,
2628 5442 2678 5497 ei
2701 5458 2821 5497 cum
2852 5441 3064 5498 caeteris
3092 5436 3333 5495 tradidit.
3373 5436 3486 5493 Hoc
3513 5442 3694 5490 autem
3728 5430 3840 5487 ideo

2267 5534 2415 5601 fecit,
2441 5544 2497 5590 ut
2548 5533 2857 5590 ostenderet
2887 5534 3084 5589 donum
3127 5531 3222 5587 Dei
3269 5546 3375 5587 non
3405 5545 3528 5586 esse
3565 5543 3633 5584 ex
3662 5523 3841 5582 merito

2269 5628 2468 5693 dantis,
2512 5626 2606 5683 sed
2647 5641 2711 5681 ex
2756 5624 2860 5681 ﬁde
2907 5623 3273 5695 accipientis:
3318 5638 3419 5679 nec
3467 5620 3678 5676 irritum
3709 5613 3839 5678 ﬁeri.

2269 5720 2481 5774 etiamsi
2533 5734 2696 5789 super
2745 5717 2905 5774 talem
2942 5716 3353 5773 administretur
3402 5714 3579 5786 qualis
3618 5718 3734 5768 erat
3757 5705 3842 5762 Ju-

2270 5815 2388 5871 das.
2438 5813 2646 5870 Revera
2687 5811 3011 5881 mentimini,
3038 5805 3175 5886 quia
3190 5807 3370 5867 dicitis
3394 5805 3539 5885 apud
3582 5819 3676 5865 vos
3709 5797 3843 5860 εοιω

2317 5994 2347 6012 αδ
2366 5993 2421 6013 λ’,κ
