3930 5576
198 410 299 467 201

1298 395 1832 454 ENAIlllATlONES
1872 395 1937 449 IN
1975 393 2313 451 PSALMOS.

3349 388 3461 447 $02

198 540 321 580 esse
378 523 535 575 ﬁdem
595 517 817 582 Christi,
864 530 961 586 per
1005 531 1099 569 vos
1153 515 1295 569 solos
1335 514 1581 569 homines
1628 524 1786 580 posse
1814 515 1858 572 Α
1888 526 1985 580 per
2022 510 2243 565 calicem
2270 508 2374 564 illis
2405 510 2621 573 dantur,
2650 508 2700 563 id
2739 515 2844 573 est,
2870 506 2936 561 ad
2964 521 3303 563 mensuram:
3334 511 3463 580 quia

199 618 425 672 Christo
452 611 806 682 iucorporari.
837 600 971 676 Quia
1000 607 1280 666 Dominus,
1309 606 1513 660 scilicet
1541 605 1779 657 omnium

203 707 373 769 Deus,
403 711 488 757 est
519 700 799 763 Dominus,
843 712 949 752 non
988 711 1102 750 vos.
1142 695 1207 749 In
1247 695 1433 764 templo
1480 703 1660 747 sancto
1690 708 1785 745 suo

204 813 315 851 non
341 793 690 864 vcstro,quia
719 791 866 847 solus
890 789 976 843 ille
996 797 1078 842 est
1101 789 1190 857 qui
1207 787 1485 857 justiticat.
1517 784 1784 853 Templum

202 888 345 940 enim
375 884 470 938 Dei
503 892 740 937 sanctum
779 890 896 935 est:
921 880 1061 949 quod
1104 879 1226 932 estis
1258 894 1344 931 vos
1388 875 1489 945 (11
1510 873 1633 929 Cor.
1680 874 1783 945 ιιι).

206 975 267 1031 Si
316 976 443 1045 quis
478 984 658 1028 autem
708 970 991 1025 violaverit
1037 968 1293 1038 templum
1341 968 1466 1029 hoc,
1514 962 1794 1033 disperdet

206 1066 359 1120 illum
402 1066 563 1119 Deus.
608 1062 795 1116 Justus
853 1071 1049 1125 autem,
1099 1058 1304 1113 scilicet
1352 1055 1619 1120 Christus,
1666 1054 1792 1125 quid

206 1159 333 1226 fecit
360 1157 385 1209 ?
418 1156 475 1210 In
508 1170 614 1224 quo
642 1169 740 1208 vos
779 1150 1022 1210 otl‘eudit,
1062 1150 1203 1219 quod
1228 1148 1345 1216 ejus
1373 1162 1567 1217 corpus
1596 1145 1794 1200 scindi-

208 1249 326 1303 tis?
355 1247 471 1301 Non
521 1248 737 1315 impune
768 1245 869 1299 hoc
910 1242 1107 1296 facitis.
1140 1239 1405 1307 Quoniam
1444 1237 1700 1291 Dominus
1740 1237 1795 1288 in

209 1338 406 1408 templo
446 1345 627 1391 sancto
671 1352 787 1389 suo.
848 1332 904 1388 Si
959 1333 1080 1401 quis
1127 1342 1305 1387 autem
1356 1328 1641 1384 violaverit
1692 1328 1797 1381 hoc

211 1429 498 1498 templum,
516 1427 785 1496 disperdct
811 1425 957 1479 illum
979 1426 1137 1479 Deus.
1162 1422 1226 1477 In
1247 1421 1371 1476 cmlo
1396 1430 1468 1475 est
1494 1420 1638 1474 sedes
1662 1419 1796 1488 ejus,

212 1521 268 1573 id
308 1528 420 1584 est,
466 1521 517 1572 in
548 1518 631 1572 his
660 1531 794 1587 quos
836 1515 1004 1570 cmlos
1036 1514 1163 1569 fecit
1190 1523 1413 1583 propter
1449 1510 1797 1565 eminentiam

210 1610 501 1662 virtutum.
535 1607 746 1661 Fideles
784 1614 941 1661 vocat
967 1613 1019 1659 et
1065 1603 1320 1673 templum
1370 1610 1426 1656 et
1458 1599 1657 1664 oculos;
1708 1600 1800 1654 sed

214 1700 461 1753 minores
490 1707 718 1768 possunt
738 1696 842 1750 dici
877 1695 1162 1764 templum:
1198 1690 1451 1760 majores,
1478 1690 1620 1745 cmli.
1647 1689 1802 1743 Oculi

210 1790 337 1860 ejus
370 1791 423 1842 in
448 1803 728 1857 pauperem
758 1787 1060 1855 respicitml.
1086 1786 1164 1838 Ac
1198 1784 1241 1837 si
1278 1784 1451 1837 dicat:
1488 1779 1652 1835 Sedet
1687 1779 1805 1847 qui-

1888 603 2028 656 sicut
2050 602 2200 671 probi
2230 600 2511 670 praemium
2542 598 2608 653 ad
2635 612 2947 654 mensuram
2982 598 3275 667 accipient,
3304 611 3466 667 prout

1885 695 2112 763 quisque
2133 693 2353 756 meruit,
2386 693 2456 747 ita
2481 700 2532 747 et
2570 688 2795 760 improbi
2818 704 3051 762 pmnam.
3069 689 3470 748 Aliter:Justus

1887 793 2059 837 autem
2084 784 2208 852 quid
2237 783 2393 852 fecit?
2418 782 2581 849 Quasi
2615 783 2793 837 dicat:
2834 782 3143 837 seductores
3183 781 3256 837 illi
3306 800 3469 852 para-

1888 886 2069 929 verunt
2102 876 2205 930 illis
2234 876 2450 945 sagittas
2470 892 2631 939 suas,.
2648 875 2701 930 id
2728 884 2826 939 est,
2856 874 3100 930 fecerunt
3122 885 3182 930 ut
3210 876 3472 947 sagittent

1891 976 2069 1021 rectos
2107 967 2295 1029 corde,
2333 976 2388 1021 et
2424 968 2525 1022 hoc
2556 969 2695 1031 ideo,
2721 968 2845 1037 quia
2891 968 3261 1022 destruxerunt
3302 968 3469 1023 verba

1891 1075 2008 1128 qua:
2034 1068 2088 1111 tu
2113 1057 2391 1127 perfecisti,
2416 1074 2556 1125 qum,
2589 1068 2848 1128 quantum
2890 1058 2958 1112 ad
2990 1066 3135 1111 tuam
3162 1059 3473 1122 veritatem,

1896 1161 2021 1207 sunt
2052 1151 2578 1215 indissolubilia,‘illa
2620 1153 3005 1207 destruxerunt
3026 1159 3288 1221 quantum
3316 1153 3382 1207 ad
3415 1166 3476 1208 se

1896 1258 2118 1315 pravum
2140 1243 2494 1298 intellectum.
2519 1244 2703 1298 Justus
2733 1245 3000 1309 autem,id
3021 1254 3123 1307 est,
3154 1244 3297 1300 [ilius
3329 1254 3478 1311 tuus,

1896 1334 1983 1389 cui
2023 1349 2183 1389 omne
2223 1333 2483 1402 judicium
2515 1335 2741 1400 dedisti,
2779 1344 2833 1391 et
2863 1337 2953 1404 qui
3000 1337 3179 1391 omnia
3209 1336 3357 1406 juste
3384 1336 3476 1406 ju-

1899 1424 2073 1486 dicat,
2123 1423 2250 1492 quid
2296 1423 2454 1492 fecit?
2498 1423 2646 1478 lianc
2698 1424 3181 1495 interrogationem
3234 1425 3366 1480 facit
3412 1426 3479 1479 ad

1902 1515 2325 1571 consolationem
2385 1516 2650 1570 bonorum
2702 1514 3016 1582 justorum,
3072 1525 3128 1572 et
3181 1516 3248 1570 ad
3303 1526 3482 1571 terro-

1902 1620 2015 1663 rem
2038 1607 2324 1661 malorum.
2372 1606 2525 1661 Fecit
2566 1615 2625 1661 ut
2665 1608 2755 1676 qui
2794 1607 2931 1677 justi
2966 1616 3085 1661 sunt
3125 1606 3487 1676 justiﬁcentur

1840 1731 1858 1752 .
1904 1699 2117 1753 adhuc:
2174 1709 2221 1751 et
2278 1699 2367 1769 qui
2432 1700 2487 1751 in
2563 1698 2846 1763 sordibus,
2935 1698 3239 1753 sordesctmt
3309 1698 3483 1751 adhuc

1907 1790 2090 1860 (Apoc.
2122 1792 2259 1854 xxu)
2292 1808 2304 1843 :
2336 1789 2409 1843 illi
2454 1790 2522 1843 ad
2553 1790 2722 1859 majus
2761 1790 3073 1859 praemium,
3117 1789 3204 1844 isti
3257 1790 3327 1844 ad
3369 1805 3484 1843 ma-

216 1884 343 1935 nem
372 1882 423 1933 iu
452 1881 610 1943 caelo,
637 1880 737 1933 hoc
768 1879 922 1931 estin
952 1876 1299 1942 sanctis,sed
1337 1890 1471 1945 quos
1499 1874 1611 1943 ipse
1638 1872 1803 1927 caelos
1834 1878 1878 1936 Β
1901 1881 2072 1950 iorem
2132 1882 2551 1936 damnationem,
2621 1881 2686 1935 Et
2744 1881 2847 1936 hoc
2899 1890 2982 1936 εει
3038 1881 3180 1949 quod
3240 1879 3374 1935 dicit
3433 1881 3487 1934 ίη

214 1972 352 2026 fecit
398 1979 643 2039 respectu
682 1968 1065 2037 misericordia:
1102 1982 1214 2022 sua:
1238 2005 1252 2030 ,
1286 1980 1391 2019 non
1441 1963 1635 2017 merito
1685 1961 1803 2015 illo-

218 2077 381 2125 rum,
430 2078 534 2116 non
581 2073 781 2114 vestro.
835 2039 930 2113 Vel
980 2059 1273 2128 respiciunt
1318 2056 1386 2111 ad
1428 2052 1806 2109 vindicandqu

218 2169 539 2225 pauperem,
560 2153 609 2206 id
635 2160 746 2217 est,
771 2152 1023 2205 humilem
1047 2150 1178 2204 nihil
1202 2149 1267 2203 de
1290 2163 1347 2203 se
1372 2152 1806 2217 praesumentem.

226 2250 291 2304 Et
338 2264 444 2302 non
494 2248 665 2303 solum
718 2247 769 2298 in
811 2260 1098 2314 pauperem
1150 2242 1291 2297 oculi
1338 2239 1667 2309 respiciunt,
1713 2234 1810 2291 sed

220 2342 389 2396 etiam
416 2338 676 2409 palpebra'
698 2338 810 2407 ejus
848 2337 1168 2405 interrogant
1203 2334 1338 2403 ﬁlios
1366 2332 1653 2385 hominum.
1684 2328 1813 2382 Pal-

225 2433 411 2503 pebrzc
449 2429 597 2498 ejus,
626 2430 678 2483 id
716 2438 830 2491 est,
869 2428 1078 2503 apertio
1113 2426 1196 2480 vel
1226 2423 1437 2494 apertio
1465 2435 1634 2477 sacra:
1667 2417 1815 2473 Scri—

225 2536 401 2597 ptura:
430 2541 560 2579 suae.
582 2525 663 2577 Ad
694 2521 1101 2577 similitudinem
1130 2520 1354 2580 dictum,
1391 2516 1515 2585 quia
1546 2510 1815 2581 palpebra:

223 2616 520 2685 aliquando
549 2612 801 2682 aperiunt
840 2609 1057 2674 oculos,
1082 2607 1367 2677 aliquando
1404 2603 1678 2658 claudunt.
1720 2598 1819 2652 In-

224 2714 494 2774 terrogant
535 2704 676 2772 ﬁlios
715 2701 1017 2764 hominum,
1049 2698 1100 2752 id
1141 2706 1224 2752 εει
1257 2700 1599 2766 regeneratos
1631 2698 1686 2744 et
1735 2689 1817 2742 in-

229 2806 461 2852 novatos
491 2811 522 2849 a
568 2802 834 2849 vetustate
872 2791 1172 2861 primorum
1220 2786 1517 2841 hominum.
1575 2781 1815 2835 Interro-

227 2899 356 2960 gunt
376 2929 391 2951 ,
428 2888 481 2941 id
513 2894 629 2949 est,
660 2883 941 2951 inquirunt
965 2890 1019 2936 et
1047 2877 1342 2933 discutiunt
1364 2874 1455 2944 qui
1485 2872 1558 2926 illi
1586 2872 1696 2925 sint
1723 2868 1816 2938 qui

232 2981 584 3049 impatienter
636 2976 896 3032 accedant
921 2982 977 3027 et
1004 2976 1389 3032 contemnant,
1417 2974 1473 3020 et
1514 2962 1818 3019 obscurita-

235 3073 379 3126 tibus
401 3060 721 3136 fatigentur,
746 3068 1330 3121 nouexerceanturmt
1363 3057 1453 3127 qui
1481 3055 1557 3110 illi
1592 3054 1702 3108 sint
1725 3052 1819 3122 qui

232 3162 504 3229 patienter
529 3158 811 3219 accedant;
839 3164 895 3210 et
918 3149 1342 3209 obscuritatibus
1368 3161 1473 3201 non
1500 3144 1817 3214 fatigentur,

234 3251 333 3306 sed
364 3257 725 3305 exerceantur
759 3257 816 3301 ut
847 3245 1155 3308 inveniant,
1186 3251 1241 3296 et
1260 3242 1598 3307 interrogant
1624 3235 1818 3288 iterum
1849 3232 1894 3295 C

208 3343 329 3413 ἰυιί
354 3342 435 3395 illi
464 3342 573 3395 sint
615 3339 707 3409 qui
735 3337 1012 3407 apertione
1055 3332 1332 3393 inﬂantur,
1357 3343 1465 3383 non
1508 3325 1820 3379 illuminan-

236 3444 362 3487 tur:
421 3442 475 3485 et
519 3428 613 3499 qui
674 3427 745 3481 illi
780 3427 871 3495 qui
923 3424 1047 3479 inde
1093 3437 1199 3476 non
1239 3417 1520 3481 inﬂantur,
1578 3414 1674 3469 sed
1723 3427 1824 3466 nu-

234 3524 499 3577 triuntur.
532 3518 771 3588 Exponit
806 3516 947 3584 quod
977 3512 1152 3568 dixit:
1194 3509 1449 3564 Dominus
1498 3506 1822 3572 interrogat,

236 3610 453 3667 scilicet
479 3623 576 3677 per
601 3605 906 3677 palpebras,
926 3602 1132 3671 justum
1160 3608 1207 3653 et
1231 3597 1447 3667 impium
1480 3611 1493 3647 :
1531 3600 1590 3646 ut
1623 3591 1823 3646 dictum

235 3712 349 3760 est.
382 3702 567 3755 Justus
594 3700 644 3755 ei
675 3698 962 3766 respondet
980 3708 1076 3763 pro
1099 3688 1456 3760 competentia
1477 3700 1593 3750 sua,
1620 3681 1829 3739 scilicet

236 3801 531 3849 exercetur
552 3788 827 3844 humiliter
848 3801 970 3840 cum
992 3782 1345 3839 clauduntur:
1373 3775 1708 3830 illuminatur
1726 3786 1826 3824 au-

238 3896 354 3937 tem
383 3897 505 3937 cum
535 3878 882 3949 aperiuntur;
913 3883 968 3929 et
1008 3872 1130 3927 ideo
1157 3868 1472 3926 salvahitur.
1509 3864 1614 3929 Qui
1654 3871 1828 3915 autem

239 3972 423 4042 diligit
463 3969 784 4038 iniquitatem
803 4007 818 4029 ,
848 3964 1055 4020 scilicet
1082 3975 1205 4017 cum
1233 3957 1557 4013 clauduntur
1585 3953 1633 4006 ei
1660 3963 1830 4006 sacra:

241 4066 573 4133 Scripturaa,
604 4056 929 4123 contemnit';
975 4070 1097 4111 cum
1124 4052 1462 4122 aperiuntur,
1494 4044 1744 4101 inﬂatur:
1769 4050 1831 4133 ut

241 4132 538 4213 haereticus
560 4151 956 4224 possetdicere,
979 4144 1348 4201 damnabitur.
1376 4138 1484 4193 Sed
1503 4136 1675 4204 magis
1701 4132 1832 4188 dicit

242 4250 373 4319 quia
406 4246 642 4301 ostendit
667 4242 884 4314 proprio
914 4238 1091 4308 gladio
1122 4249 1243 4289 eum
1274 4231 1384 4300 jam
1407 4227 1715 4300 jugulatum
1736 4237 1834 4293 per

242 4341 563 4413 apolopasin
594 4339 811 4392 dicens:
846 4333 971 4388 Odit
999 4330 1229 4384 animam
1252 4340 1423 4378 suam.
1452 4320 1615 4413 Quasi
1648 4319 1829 4373 dicat:

246 4412 318 4487 Et
348 4433 419 4486 ab
470 4426 777 4497 huiusmodi
806 4423 1061 4479 Ecclesim
1101 4416 1338 4489 parvulis
1386 4412 1685 4469 cavendum
1717 4416 1830 4463 est:

244 4523 376 4594 quia
426 4520 603 4574 taliter
649 4515 782 4586 pluit
827 4528 984 4582 super
1031 4518 1324 4580 peccatores
1373 4504 1606 4594 laqueos.
1653 4500 1829 4594 Dene,

245 4576 385 4685 ptuit
406 4628 425 4665 :
467 4613 591 4680 quia
626 4576 1011 4680 praedicatores
1031 4576 1286 4656 dicuntur
1318 4596 1507 4659 nubes,
1530 4593 1648 4685 sive
1676 4582 1835 4651 boni,
1868 4576 1917 4634 D

247 4684 367 4759 sive
396 4702 556 4758 mali:
598 4709 659 4752 ut
688 4697 848 4759 illud,
882 4691 1148 4747 Mandabo
1176 4688 1407 4742 nubibus
1437 4684 1605 4747 meis,
1638 4688 1696 4734 ut
1732 4694 1835 4733 non

246 4799 442 4868 pluant
470 4792 742 4850 meretrici
772 4789 845 4843 illi
861 4786 994 4859 (Isa.
1022 4785 1091 4855 v).
1116 4782 1254 4835 Pluit
1280 4794 1435 4848 super
1449 4783 1740 4846 peccatores
1763 4772 1835 4825 la-

249 4905 434 4959 queos,
464 4888 516 4941 id
544 4895 627 4941 est
653 4882 957 4939 doctrinam
986 4876 1189 4933 erroris
1241 4872 1323 4927 sui
1375 4869 1567 4931 mittit,
1598 4882 1701 4921 non
1728 4880 1842 4959 su-

253 4958 352 5051 per
377 4980 538 5035 corda
563 4976 830 5044 justorum
861 4985 998 5041 quos
1028 4967 1211 5022 fallere
1249 4980 1353 5018 non
1404 4968 1615 5030 potest,
1648 4958 1844 5051 quibus

256 5047 517 5125 Dominus
540 5067 675 5138 pluit
706 5063 932 5119 imbrem
957 5058 1279 5113 matutinum
1305 5062 1359 5109 et
1386 5051 1703 5107 seretinum.
1736 5047 1844 5103 Sed

256 5142 755 5231 super‘peccatores,
778 5156 830 5210 id
850 5161 953 5217 est,
981 5164 1142 5219 super
1158 5163 1250 5203 eos
1267 5158 1494 5216 quorum
1510 5142 1671 5197 corda
1694 5140 1846 5196 arida

259 5261 388 5307 sunt
418 5251 587 5303 imbre
615 5247 766 5301 verbi
795 5244 914 5297 Dei.
948 5241 1015 5294 Et
1040 5240 1158 5293 ideo
1180 5246 1233 5291 et
1253 5234 1457 5292 erroris
1485 5232 1763 5303 magister,
1791 5236 1849 5283 ct

261 5347 379 5415 ejus
406 5343 679 5398 erroribus
715 5334 1021 5407 illaqueati,
1058 5330 1455 5385 damnabuntur
1491 5334 1545 5379 et
1576 5326 1665 5380 hic
1704 5324 1845 5381 etin

264 5440 467 5491 futuro.
502 5434 596 5488 llic
626 5434 779 5502 ignis,
814 5430 870 5483 id
922 5433 1007 5479 est
1052 5421 1230 5476 fervor
1281 5417 1846 5486 concupiscentiarum

266 5546 359 5566 an:
406 5542 723 5566 non-nguenan
782 5533 826 5556 θ’
876 5517 1096 5558 ευΙωΙιιηρ
1160 5514 1209 5546 :1.
1244 5525 1317 5546 nr‘

1906 1973 2096 2044 primis
2123 1972 2189 2027 de
2206 1972 2389 2042 justis,
2433 1972 2688 2026 Dominus
2718 1973 2771 2026 in
2802 1972 2989 2042 templo
3029 1982 3210 2025 sancto
3234 1988 3350 2025 suo.
3386 1972 3491 2025 Do-

1909 2064 2086 2117 minus
2130 2061 2217 2115 ille
2238 2103 2252 2126 ,
2279 2062 2369 2130 qui
2397 2071 2485 2117 est
2512 2063 2753 2116 omnium
2783 2063 3039 2117 Dominus
3068 2077 3164 2131 per
3207 2072 3486 2124 naturam,

1912 2154 1964 2206 in
1994 2152 2098 2206 illis
2124 2166 2260 2221 quos
2282 2166 2312 2205 a
2337 2152 2588 2206 sordibus
2608 2152 2864 2206 vitiorum
2883 2151 3125 2216 mundat,
3153 2161 3212 2206 ut
3231 2150 3489 2222 templum

1908 2252 2159 2303 sanctum
2186 2260 2342 2299 suum
2368 2284 2383 2309 ,
2428 2253 2512 2299 est
2540 2243 2798 2299 Dominus
2834 2244 3048 2314 proprie
3077 2258 3174 2314 per
3219 2245 3448 2314 gratiam
3477 2284 3494 2306 ,

1913 2336 2037 2404 quia
2062 2334 2303 2405 possidet
2332 2350 2456 2391 eos:
2491 2348 2547 2389 et
2569 2335 2697 2389 colit
2721 2376 2735 2400 ,
2782 2346 2841 2389 ut
2876 2344 3140 2405 augeatur
3179 2335 3234 2389 in
3263 2335 3343 2389 eis
3370 2349 3495 2405 gra-

1917 2428 2010 2481 tia.
2038 2426 2092 2480 ln
2132 2427 2239 2481 illis
2264 2435 2346 2482 est
2384 2428 2643 2483 Dominus
2668 2428 2758 2497 qui
2790 2436 2917 2482 sunt
2943 2427 3200 2496 templum
3231 2442 3410 2493 suum,
3442 2427 3495 2481 id

1915 2527 2030 2581 est,
2061 2517 2113 2571 in
2143 2519 2462 2580 minoribus,
2489 2519 2578 2588 qui
2600 2518 2825 2572 audiunt
2856 2519 3106 2572 mandata
3142 2518 3257 2583 Dei,
3290 2527 3345 2573 et
3376 2532 3496 2573 ser-

1918 2618 2045 2663 vaut
2070 2624 2133 2663 ea
2170 2610 2225 2662 in
2285 2610 2524 2663 sacrario
2561 2610 2759 2664 cordis.
2802 2608 2870 2663 In
2910 2609 3036 2663 caelo
3067 2618 3150 2664 est
3190 2609 3334 2664 sedes
3358 2609 3497 2679 ejus,

1920 2701 1973 2755 id
2001 2708 2113 2763 est,
2156 2699 2210 2753 in
2240 2698 2347 2753 illis
2390 2715 2527 2769 quos
2559 2715 2653 2769 per
2684 2700 3031 2755 eminentiam
3066 2699 3324 2754 virtutum
3368 2699 3496 2754 fecit

1921 2794 2086 2849 caelos
2112 2793 2295 2855 sedet,
2328 2801 2385 2846 ut
2412 2808 2510 2862 per
2540 2792 2658 2846 illos
2679 2791 2887 2859 judicct
2907 2833 2920 2856 ,
2942 2792 3026 2845 vel
3065 2792 3117 2845 in
3157 2792 3237 2847 eis
3267 2792 3502 2847 delecte-

1924 2893 2040 2937 tur:
2074 2883 2211 2937 oculi
2237 2883 2349 2952 ejus
2383 2883 2435 2935 in
2465 2899 2744 2952 pauperem
2776 2883 3093 2952 respiciunt:
3140 2883 3211 2935 illi
3255 2883 3344 2951 qui
3375 2892 3506 2938 sunt

1924 2974 2079 3036 coeli,
2111 2975 2161 3029 id
2209 2983 2293 3029 cst
2334 2973 2583 3027 doctores
2624 2988 2722 3042 per
2774 2988 2899 3027 cum
2943 2972 3231 3027 illuminati
3277 2982 3332 3027 et
3373 2972 3505 3027 facti

1922 3067 2062 3123 oculi
2100 3066 2237 3137 ejus,
2282 3074 2339 3120 ut
2382 3065 2542 3121 illud:
2588 3064 2647 3120 Si
2698 3065 2883 3121 oculus
2924 3075 3045 3120 tuus
3078 3066 3405 3121 scandalizat
3457 3076 3505 3120 te
3548 3056 3553 3061 ’

1928 3158 2143 3231 (Matth.
2167 3158 2242 3228 v),
2270 3166 2376 3212 etc.
2406 3157 2473 3211 In
2494 3174 2771 3227 pauperem
2795 3156 3167 3227 respiciunt,id
3192 3165 3275 3211 est
3301 3156 3354 3210 in
3380 3155 3511 3210 sim-

1927 3248 2121 3317 plicem
2147 3247 2383 3306 ﬁdelem.
2408 3248 2645 3301 nondum
2669 3247 2888 3302 divitem
2907 3247 2961 3300 in
2989 3246 3237 3301 scientia.
3263 3245 3347 3300 Ad
3369 3247 3470 3300 hoc
3492 3286 3509 3307 ,

1928 3345 1986 3390 ut
2018 3352 2139 3391 eum
2172 3336 2444 3391 instruant
2481 3337 2715 3406 qualiter
2760 3337 2864 3392 sibi
2893 3345 3082 3391 caveat
3124 3352 3155 3391 a
3185 3335 3392 3405 laqueis
3419 3337 3499 3390 vi-

1926 3427 2187 3481 ventium.
2235 3425 2508 3495 Palpebrte
2536 3427 2667 3496 ejus,
2703 3437 2761 3481 ut
2783 3441 2965 3495 supra.
3009 3425 3343 3498 Interrogant
3370 3427 3515 3497 ﬁlios

1927 3520 2235 3583 hominum,
2293 3521 2343 3574 id
2394 3530 2476 3574 est
2529 3534 2718 3575 omnes
2770 3520 3037 3574 homines.
3087 3518 3251 3585 Quasi
3308 3519 3505 3574 dicat:

1929 3612 2043 3683 Ego
2064 3612 2198 3676 dixi,
2223 3611 2500 3682 palpebrae.
2529 3612 2641 3667 lmo
2667 3612 2922 3666 Dominus
2951 3613 3237 3682 interrogat
3264 3627 3362 3682 per
3384 3611 3509 3667 illas

1927 3702 2214 3773 palpebras
2258 3703 2465 3772 justum
2507 3714 2555 3759 et
2595 3705 2845 3775 impium,
2884 3705 2936 3759 id
2975 3714 3100 3770 est,
3151 3705 3377 3775 inquirit
3418 3720 3517 3777 per

1928 3807 2021 3847 eas
2046 3793 2138 3862 qui
2163 3792 2232 3846 sit
2254 3792 2431 3860 justus
2446 3802 2500 3847 et
2521 3794 2610 3863 qui
2636 3793 2936 3863 sitimpius.
2962 3794 3043 3848 Ad
3066 3795 3169 3849 hoc
3191 3794 3436 3865 inquirit,
3457 3802 3519 3848 ut

1929 3883 2074 3937 hunc
2096 3891 2426 3949 remuneret,
2441 3892 2497 3939 et
2516 3884 2664 3938 illum
2684 3885 2923 3939 damnet.
2941 3884 3045 3950 Qui
3057 3894 3231 3938 autem
3252 3883 3443 3954 diligit,
3463 3885 3518 3939 id

1930 3985 2015 4031 εει
2036 3977 2101 4032 de
2127 3976 2377 4031 omnibus
2398 3976 2525 4047 legit
2543 4017 2558 4042 ,
2575 3978 2924 4048 iniquitatem,
2950 3978 3058 4032 odit
3077 3980 3307 4032 animam
3332 3994 3483 4031 suam
3500 4019 3516 4041 ,

1931 4078 2184 4138 utsupra.
2213 4069 2499 4125 Utdictum
2534 4071 2757 4135 est,hoc
2781 4070 2910 4125 fecit
2936 4069 3133 4139 justus.
3162 4069 3422 4125 Dominus
3464 4072 3519 4124 in

1934 4162 2132 4232 templo
2160 4172 2348 4217 sancto
2377 4178 2474 4217 suo
2502 4171 2604 4227 est,
2628 4171 2681 4218 et
2705 4163 2844 4218 oculi
2867 4161 2986 4232 ejus
3031 4162 3084 4215 in
3110 4176 3404 4233 pauperem
3435 4177 3522 4216 re-

1934 4256 2187 4323 spiciunt.
2212 4256 2279 4309 Et
2298 4257 2400 4311 hoc
2421 4257 2578 4310 modo
2602 4257 2737 4326 pluit
2759 4271 2921 4326 super
2942 4272 3069 4311 suos
3090 4257 3522 4311 misericordiam

1935 4361 2109 4399 suam.
2141 4344 2287 4399 Pluit
2310 4354 2659 4416 autemsuper
2686 4356 3001 4416 peccatores,
3029 4346 3080 4399 id
3104 4353 3210 4410 est,
3234 4346 3285 4398 in
3311 4345 3518 4399 malitia

1936 4447 2344 4509 perseverantes
2371 4448 2425 4493 et
2471 4440 2768 4494 doctrinam
2798 4439 2915 4507 ejus
2960 4452 3127 4506 prave
3170 4438 3522 4507 accipientes.

1944 4531 2097 4586 Sicut
2139 4531 2280 4584 cnim
2312 4544 2377 4583 ex
2422 4530 2610 4585 eadem
2655 4539 2793 4583 terra
2842 4529 3212 4596 producuntur
3255 4544 3420 4599 grana
3456 4530 3525 4582 ad

1948 4623 2346 4692 similaginem,
2383 4631 2438 4677 ct
2481 4620 2629 4689 palea
2682 4622 2748 4674 ad
2797 4621 3264 4686 comburendum;
3331 4622 3409 4675 sic
3460 4638 3527 4675 ex

1949 4715 2134 4769 eadem
2163 4713 2407 4767 doctrina
2438 4713 2527 4766 alii
2556 4727 2687 4766 sane
2714 4711 3075 4781 iutelligentes
3104 4712 3401 4777 salvantur,
3437 4714 3529 4766 alii

1950 4821 2112 4876 prave
2149 4804 2511 4873 intelligentes
2554 4804 2912 4867 damnantur;
2957 4803 3190 4874 laqueos,
3220 4803 3271 4858 id
3301 4812 3407 4867 est,
3445 4820 3533 4858 er-

1952 4913 2101 4953 rores
2131 4897 2325 4967 quibus
2351 4896 2636 4949 trahantur
2662 4895 2726 4949 ad
2753 4894 3154 4949 damnationem
3180 4908 3195 4947 :
3228 4902 3283 4948 et
3308 4894 3431 4962 quia
3456 4894 3534 4946 la-

1954 4991 2107 5061 queis
2153 5003 2400 5045 errorum
2448 4986 2596 5057 ligati
2649 4986 2955 5045 trahuntur,
2990 4986 3110 5039 ideo
3137 5000 3303 5054 pars,
3348 4979 3400 5035 ﬁl
3448 4989 3535 5035 est

1949 5081 2151 5153 portio,
2183 5079 2384 5143 colicis,
2424 5079 2476 5133 id
2503 5085 2608 5142 est,
2635 5076 2838 5147 prtemii
2864 5075 3007 5142 quod
3037 5090 3133 5145 per
3167 5072 3388 5127 calicem
3431 5070 3540 5124 illis

1952 5175 2183 5239 dabitur,
2210 5182 2269 5227 ut
2292 5188 2455 5242 supra
2482 5170 2640 5239 ignis,
2665 5169 2903 5240 sulphur,
2923 5168 3139 5235 spiritus
3163 5163 3534 5233 prooellarum.

1954 5266 2217 5335 Supponit
2243 5280 2436 5319 causas
2464 5276 2562 5316 cur
2582 5258 2746 5332 justis
2774 5257 2992 5327 praemia
3023 5298 3037 5315 ,
3068 5250 3437 5327 peccatoribus
3466 5249 3541 5301 ir-

1955 5365 2215 5427 rogantur
2236 5354 2521 5423 supplicia.
2551 5351 2813 5415 Quoniam
2830 5347 3009 5416 justus
3040 5344 3318 5403 Dominus,
3345 5349 3391 5392 et
3422 5338 3538 5376 ίιιοιι

1960 5448 2189 5488 inuiti/ie
2219 5446 2400 5484 ΛῖΙορνὶι
2425 5464 2435 5473 ο
2471 5453 2510 5464 ε·
