3930 5654
191 424 308 480 ’ὶυθ

190 720 350 784 biles,
406 718 458 772 id
512 729 618 783 est,
666 718 892 774 odibiles
927 727 983 773 et
1029 715 1352 772 exhaaredati
1395 713 1519 772 [acti
1559 721 1676 765 sunt
1727 710 1783 762 in

186 809 391 862 studiis
426 809 557 874 suis,
604 809 656 864 id
701 817 814 875 est,
861 806 1330 864 adinventiouibus
1373 803 1625 875 propriis,
1676 815 1782 856 non

189 901 318 955 Dei.
348 901 503 968 Quod
541 900 666 956 inde
710 910 878 972 patet,
910 901 1038 971 quia
1084 918 1186 954 non
1232 909 1328 964 est,
1359 897 1564 952 scilicet
1594 895 1646 949 in
1678 893 1779 959 eis,

186 993 283 1061 qui
333 993 498 1062 faciat
538 993 762 1056 bonum,
795 992 847 1046 id
875 1001 979 1056 est,
1011 992 1103 1045 Dei
1131 991 1483 1053 voluntatem,
1518 985 1583 1040 ad
1619 999 1780 1055 quam

191 1083 508 1138 faciendam
533 1085 702 1139 creati
726 1093 873 1139 sunt.
911 1083 1179 1138 lntantuin
1205 1081 1349 1152 quod
1375 1096 1479 1135 non
1517 1088 1591 1134 est
1622 1093 1781 1148 usque

187 1174 261 1224 ad
309 1188 492 1226 unum.
545 1170 759 1243 Usque,
820 1181 904 1232 est
945 1171 1264 1227 inclusivutn
1309 1178 1363 1224 et
1420 1168 1777 1224 exclusivum.

187 1259 371 1331 Usque
393 1262 461 1315 ad
488 1279 669 1328 unum,
697 1262 750 1317 id
775 1271 880 1328 est,
903 1277 1002 1318 nec
1028 1277 1182 1316 unus.
1201 1260 1301 1316 Hic
1327 1267 1409 1315 est
1435 1257 1776 1313 inclusivum.

184 1351 314 1416 Vel,
340 1369 501 1422 usque
537 1352 606 1406 ad
647 1369 829 1419 unum,
864 1353 918 1408 id
943 1361 1043 1416 est,
1074 1365 1246 1421 usque
1291 1351 1416 1404 dum
1465 1347 1779 1418 perveniant

187 1441 260 1492 ad
291 1441 558 1494 unitatem
589 1441 831 1510 corporis
861 1442 990 1507 mei,
1032 1440 1122 1495 ubi
1165 1455 1269 1494 una
1300 1439 1452 1502 ﬁdes,
1487 1453 1652 1492 unum
1683 1435 1778 1489 ba-

187 1529 419 1598 ptisma.
463 1529 601 1584 Nulli
632 1531 776 1586 enim
803 1531 1003 1587 bonum
1031 1530 1242 1600 operari
1273 1537 1520 1599 possunt,
1553 1527 1644 1598 qui
1679 1541 1775 1581 ex-

187 1629 273 1672 tra
307 1619 451 1673 illam
476 1621 732 1677 unitatem
753 1631 898 1676 sunt.
918 1621 1071 1678 Unde
1100 1621 1228 1676 illud
1252 1639 1266 1674 :
1308 1619 1612 1674 Movebatur
1640 1635 1776 1688 aqua

183 1707 376 1776 (Joan.
405 1708 479 1777 v),
499 1719 554 1764 et
576 1711 866 1765 senabatur
893 1727 1051 1766 unus.
1084 1710 1180 1766 Vel
1208 1711 1273 1765 ad
1290 1708 1774 1782 comparationem,

181 1800 240 1853 id
266 1809 371 1862 est,
401 1809 478 1854 tot
507 1810 635 1877 sunt
662 1801 803 1856 mala
826 1811 1112 1873 operantes
1139 1811 1198 1856 ut
1231 1802 1369 1857 bene
1395 1800 1654 1856 facientes
1677 1813 1777 1854 nec

1307 414 1838 476 ENARRATIONES
1876 414 1940 470 IN
1981 412 2313 471 PSALMOS.

190 538 589 609 sandus,quia
636 539 866 608 corrupti
915 545 1074 601 sunt,
1122 535 1328 591 scilicet
1361 535 1430 588 ab
1473 534 1781 600 integritate
1809 533 1860 591 Α
1887 527 2267 598 interrogando
2307 525 2580 597 subjungit
2625 545 2637 580 :

192 635 358 684 nonae
389 639 597 684 natura:
627 643 725 684 suo
754 629 905 684 vitio.
937 628 1001 682 Et
1027 628 1320 688 intantum,
1347 623 1489 692 quod
1517 619 1784 674 abomina-

3354 414 3459 468 9J0

2689 526 2874 580 Nonne
2923 537 3223 597 cognoscent
3283 545 3456 581 omnes

1885 617 1974 687 qui
2025 628 2324 686 cperantur,
2373 633 2476 670 non
2515 617 2606 686 qui
2651 617 2858 686 operati
2903 625 3048 681 sunt,
3093 616 3457 685 iniquitatem?

1885 708 2025 762 hanc
2053 707 2258 761 scilicet
2287 707 2377 776 qui
2420 708 2664 760 devorant
2693 705 2889 776 plebem
2930 722 3098 759 meam
3123 707 3254 759 sicut
3287 723 3456 758 escam

1882 800 2058 870 panis,
2085 800 2136 853 id
2163 809 2264 865 est,
2290 799 2502 854 assidue
2529 816 2543 854 :
2571 799 2696 868 quia
2723 797 2876 868 panis
2900 798 3244 866 quotidianus
3280 799 3457 851 victus

1883 899 1985 947 est.
2014 891 2069 945 ln
2103 892 2204 946 hoc
2232 891 2375 960 quod
2402 890 2531 945 dicit
2550 889 2785 959 plebem,
2815 887 3050 943 ostendit
3080 889 3130 942 in
3163 904 3291 942 voce
3313 889 3454 956 capi-

1885 983 1954 1038 tis
1987 997 2108 1037 esse
2151 981 2434 1051 legendum
2479 981 2621 1035 Ιιιιιιε
2662 979 2950 1050 psalmum.
2996 977 3121 1033 Ideo
3171 979 3453 1040 devorant,

1883 1076 2008 1147 quia
2040 1077 2207 1130 Deum
2241 1092 2342 1129 non
2369 1077 2736 1130 invocaverunt
2773 1074 2981 1129 scilicet
3010 1073 3184 1143 ipsum
3213 1073 3278 1126 de
3317 1074 3453 1142 ipso,

1881 1168 1976 1224 sed
2023 1167 2190 1234 aliud,
2239 1168 2447 1223 scilicet
2488 1179 2723 1223 terrena.
2759 1166 3066 1220 Dilexerunt
3107 1166 3244 1219 enim
3288 1166 3454 1234 magis

1880 1257 2113 1312 tenebras
2146 1274 2301 1325 quam
2343 1257 2508 1311 lucem
2551 1255 2732 1329 (Joan.
2765 1256 2845 1327 ιιι)
2873 1275 2885 1308 :
2915 1265 2970 1311 et
3013 1255 3131 1310 ideo
3165 1255 3454 1322 trepidare-

1880 1359 2000 1402 runt
2031 1350 2214 1402 timore
2240 1348 2326 1401 ubi
2349 1365 2450 1402 non
2477 1358 2588 1402 erat
2614 1349 2790 1401 timor.
2821 1347 3140 1402 Timuerunt
3167 1348 3308 1402 enim
3333 1361 3456 1416 per-

1877 1439 2006 1494 dere
2023 1439 2277 1493 mundum
2290 1480 2303 1504 ,
2321 1448 2376 1494 et
2400 1453 2506 1493 non
2531 1439 2821 1493 timuerunt
2844 1439 3066 1508 perdere
3088 1438 3250 1492 Deum
3270 1436 3449 1506 (Joan.

1877 1531 1977 1604 XI).
2019 1529 2117 1596 Ut,
2155 1527 2210 1584 Si
2250 1530 2560 1584 dimittimus
2607 1546 2724 1584 eum
2779 1532 2886 1594 sic,
2933 1547 3108 1583 omnes
3159 1529 3368 1582 credent
3400 1530 3451 1581 in

1877 1639 2015 1677 eum.
2045 1623 2248 1676 Revera
2276 1622 2610 1692 cognoscetis
2636 1637 2742 1686 me,
2771 1622 2910 1676 viam
2935 1622 3099 1691 pacis,
3125 1636 3220 1690 per
3246 1635 3450 1690 poenas.

1879 1714 2141 1782 Quoniam
2177 1713 2452 1779 Dominus,
2489 1712 2695 1769 scilicet
2723 1727 2821 1782 ego
2850 1711 3118 1774 Christus,
3153 1712 3205 1764 in
3232 1727 3452 1781 genera—

1878 1806 2015 1859 tione
2029 1805 2180 1874 justa
2204 1815 2297 1868 est,
2323 1803 2374 1858 id
2396 1812 2500 1869 est,
2531 1803 2582 1856 in
2609 1802 2762 1872 plebe
2785 1817 2881 1855 sua
2906 1818 3064 1871 quam
3091 1816 3184 1856 vos
3219 1801 3416 1855 devora
3433 1830 3449 1838 -

181 1889 350 1943 unius
396 1889 502 1944 dici
553 1891 762 1961 possint
812 1893 878 1947 ad
923 1892 1137 1948 illorum
1178 1891 1670 1961 comparationem,
1718 1901 1777 1944 ut
1806 1881 1850 1940 B
1881 1896 1968 1960 tis,
2005 1894 2283 1964 qumjusta
2310 1903 2414 1960 est,
2451 1895 2576 1964 quia
2607 1893 2849 1974 Creatori
2868 1908 2965 1947 suo
2997 1893 3161 1947 servit.
3189 1900 3242 1946 el,
3284 1891 3453 1959 magis

179 1979 361 2033 illud:
397 1979 619 2048 Ooliba,
675 1982 981 2052 justi/icain
1031 1999 1263 2037 sororem
1304 1993 1449 2035 luant
1489 1981 1773 2037 Sodomam

179 2069 404 2139 (Ezech.
438 2070 575 2143 xvi),
599 2073 725 2141 quia
761 2081 837 2128 tot
864 2082 919 2128 et
962 2081 1125 2129 tanta:
1151 2080 1278 2127 sunt
1305 2071 1617 2140 iniquitates
1648 2077 1771 2134 tute,

180 2171 244 2215 ut
283 2161 520 2216 Sodoma
550 2162 702 2232 prius
732 2162 920 2231 impia,
955 2171 1042 2215 tua
1074 2163 1477 2231 comparatione
1510 2158 1657 2228 justa
1694 2157 1774 2212 vi-

182 2252 299 2306 deri
345 2251 556 2321 possit;
606 2261 664 2306 ut
705 2251 876 2306 illud:
908 2251 1183 2306 Descendit
1224 2251 1307 2303 hic
1344 2249 1670 2319 justiﬁcutus
1715 2248 1771 2302 in

177 2342 396 2395 domum
422 2359 575 2395 suam
609 2341 671 2396 ab
697 2340 788 2395 illo
817 2340 970 2411 (Luc.
1003 2339 1181 2412 XVIII).
1231 2338 1356 2394 Non
1382 2349 1456 2393 est
1493 2339 1581 2410 qui
1608 2337 1770 2407 faciat

177 2435 395 2484 bonum.
459 2430 594 2486 Nam
665 2431 868 2487 faciunt
930 2431 1128 2486 malum
1191 2447 1206 2483 :
1277 2429 1419 2500 quod
1483 2437 1536 2483 et
1591 2427 1770 2498 sequi-

185 2534 275 2576 tur
304 2541 318 2576 :
351 2521 548 2577 Omnes
576 2522 962 2576 declinaverunt
1011 2537 1042 2576 a
1071 2521 1346 2576 voluntate
1392 2520 1628 2584 Domini,
1661 2533 1766 2572 non

179 2614 355 2667 solum
384 2621 575 2684 gentes
605 2630 726 2684 qua:
752 2614 923 2683 legem
956 2629 1058 2668 non
1090 2620 1439 2684 acceperunt,
1470 2612 1564 2666 sed
1605 2611 1765 2666 etiam

176 2702 347 2757 Judaei
374 2720 388 2768 ;
417 2703 600 2770 simul,
623 2705 834 2759 scilicet
854 2720 975 2760 cum
1001 2705 1272 2776 gentibus,
1295 2704 1346 2758 id
1368 2712 1473 2769 est,
1494 2703 1618 2757 facti
1643 2711 1769 2757 sunt

175 2793 349 2849 Judaei
381 2793 587 2849 similes
616 2796 880 2866 gentibus.
914 2795 1028 2852 Hoc
1057 2796 1260 2850 dictum
1284 2803 1369 2848 est
1393 2795 1458 2848 ad
1484 2809 1766 2865 exaggera-

179 2888 386 2944 tionem
416 2887 694 2942 criminis:
716 2888 924 2942 inutiles
947 2888 1074 2960 facti
1096 2895 1216 2942 sunt
1244 2887 1380 2951 aliis,
1409 2896 1465 2939 ut
1487 2886 1530 2939 is
1551 2885 1640 2954 qui
1663 2884 1766 2938 sibi

179 2975 391 3030 inutilis
413 2984 465 3029 et
492 2976 833 3046 perniciosus
853 2977 988 3031 civis
1014 2977 1202 3046 patriae
1223 2975 1404 3030 alitur.
1430 2975 1550 3030 Non
1575 2986 1647 3028 est
1675 2975 1765 3044 qui

175 3067 342 3135 faciat
362 3067 574 3132 bonum,
595 3075 653 3122 ut
676 3084 855 3138 supra.
877 3068 988 3124 Hoc
1012 3067 1170 3124 modo
1193 3067 1429 3122 inutiles.
1452 3065 1760 3136 Sepulcrum

174 3170 361 3226 patens
393 3170 466 3212 est
486 3169 668 3230 guttur
697 3177 893 3214 eorum.
927 3159 1005 3214 Ad
1031 3161 1133 3214 hoc
1154 3168 1393 3230 apertum
1419 3167 1502 3215 est
1526 3172 1760 3228 semper.

1875 1984 2047 2054 diligit
2080 1984 2256 2040 lucem
2287 1999 2450 2054 quam
2501 1984 2772 2039 tenebras.
2806 1983 2916 2036 Vos
2964 1991 3142 2034 autem
3173 1979 3451 2034 consilium

1872 2077 2039 2146 inopis
2080 2077 2413 2146 confudistis,
2453 2075 2505 2130 id
2541 2084 2646 2140 est,
2687 2075 2969 2131 confusum
3013 2083 3067 2128 et
3096 2075 3446 2128 indiscretum

1872 2169 2101 2238 putastis
2126 2167 2410 2222 consilium
2452 2168 2646 2237 inopis,
2687 2167 2738 2220 id
2767 2175 2849 2221 est
2875 2166 3092 2220 humilis
3127 2166 3194 2220 de
3232 2180 3290 2219 se
3319 2163 3450 2217 nihil

1845 2259 2245 2363 Jirzesunientis
2275 2277 2286 2312 :
2317 2259 2438 2314 ideo
2483 2259 2610 2330 quia
2653 2256 2910 2312 Dominus
2951 2274 3066 2326 spes
3094 2257 3205 2326 ejus
3250 2265 3347 2319 est,
3402 2252 3452 2308 id

1869 2350 1973 2418 est,
2015 2353 2140 2422 quia
2173 2367 2279 2406 non
2311 2351 2524 2407 vidistis
2569 2351 2622 2405 in
2666 2366 2732 2407 eo
2771 2365 3020 2420 pompam
3052 2351 3212 2421 hujus
3243 2350 3449 2405 saeculi.

1870 2441 1936 2495 Et
1967 2457 2072 2495 non
2099 2441 2302 2496 frustra
2333 2440 2387 2496 in
2416 2456 2541 2496 eum
2577 2441 2834 2510 speravit,
2867 2439 2990 2510 quia
3023 2439 3136 2509 ipse
3171 2440 3320 2493 dabit
3353 2440 3459 2492 Sua

1871 2529 2045 2584 lutare
2091 2529 2273 2584 lsrael.
2317 2529 2384 2584 Et
2406 2531 2509 2585 hoc
2552 2530 2765 2600 probat,
2814 2530 2969 2599 quasi
3010 2530 3447 2584 dicat:Constat

1869 2621 2040 2684 vobis,
2073 2635 2106 2673 ο
2131 2618 2322 2685 Judaei,
2370 2620 2512 2689 quod
2537 2621 2675 2691 quis,
2710 2621 2761 2674 id
2805 2628 2890 2675 est
2932 2619 3148 2690 aliquis,
3189 2639 3253 2676 ea;
3298 2620 3445 2685 Sion,

1869 2713 2079 2768 scilicet
2102 2712 2342 2774 veniens,
2383 2713 2433 2766 id
2469 2721 2572 2778 est,
2614 2729 2681 2768 ex
2709 2712 2932 2768 Judaica
2965 2713 3130 2779 tribu,
3162 2715 3306 2767 dabit
3349 2713 3448 2768 Sa-

1869 2807 2039 2859 lutare
2068 2804 2258 2869 Israel,
2289 2805 2341 2860 id
2371 2813 2455 2859 est
2494 2804 2635 2859 ﬁdeli
2664 2804 2858 2874 populo
2885 2819 3008 2858 eum
3037 2804 3235 2858 videnti
3268 2820 3362 2871 per
3394 2804 3454 2856 ti—

1871 2897 2012 2950 dem.
2043 2895 2174 2962 Quis
2199 2895 2337 2950 alius
2364 2897 2534 2961 dabit,
2569 2895 2672 2950 nisi
2704 2894 2963 2950 Dominus
2989 2896 3143 2965 cujus
3171 2895 3444 2948 humilita-

1870 2995 1976 3042 tem
2007 2986 2446 3056 contempsistis?
2481 2986 2585 3040 Aut
2621 2986 2709 3041 hic
2750 2993 2844 3039 aut
2877 2985 3033 3040 alius.
3069 2984 3278 3040 Revera
3315 2985 3438 3039 iste.

1868 3076 1934 3130 Et
1975 3078 2076 3132 hoc
2111 3078 2363 3147 quando?
2393 3075 2526 3131 Cum
2560 3075 3102 3141 averteritDominus,
3145 3076 3195 3130 i‘d
3229 3085 3333 3141 est,
3365 3091 3450 3130 re-

1872 3167 2108 3221 movebit
2134 3185 2146 3220 :
2177 3168 2546 3236 captivitatem,
2576 3167 2626 3221 id
2655 3166 3180 3236 est-passibilitatem
3215 3176 3269 3220 et
3298 3181 3444 3220 mor-

178 3257 239 3303 ut
263 3228 521 3306 fauorem
557 3251 806 3305 nocivum
836 3252 991 3307 mala:
1029 3228 1396 3322 persuasionis
1423 3251 1654 3314 emittat,
1683 3248 1766 3303 vel
1794 3228 1838 3291 Ο
1871 3256 2132 3311 talitatem
2163 3228 2266 3325 qua
2290 3257 2502 3325 captiva
2524 3228 2737 3310 tenetur
2757 3228 2783 3309 ι’
2796 3255 2957 3326 plebis
2978 3272 3108 3309 suw.
3139 3254 3269 3322 Qua:
3294 3271 3450 3309 aver-

178 3357 238 3394 Ut
267 3341 533 3411 deglutiat
585 3351 844 3409 mortuos,
890 3344 942 3398 id
969 3354 1053 3398 est
1093 3355 1373 3414 separatos
1404 3359 1434 3397 a
1474 3343 1583 3396 Deo
1621 3360 1633 3394 :
1664 3341 1766 3394 lin-

176 3430 296 3498 guis
320 3429 428 3483 suis
457 3431 637 3485 dolose
673 3431 911 3501 agebant.
953 3431 1221 3503 Magister,
1247 3434 1438 3486 scimus
1463 3433 1587 3501 quia
1613 3447 1769 3484 verax

175 3535 230 3571 es
283 3517 501 3586 (Matth.
543 3514 703 3588 xxn).
728 3517 825 3575 Vel
854 3521 920 3576 de
968 3522 1219 3576 omnibus
1251 3521 1491 3576 dictum:
1518 3535 1766 3574 venenum

177 3607 426 3677 aspidum
471 3608 568 3663 sub
596 3608 748 3664 labiis
795 3627 996 3676 eorum,
1039 3612 1090 3666 id
1129 3619 1232 3675 est,
1279 3611 1333 3665 in
1376 3611 1538 3665 corde
1579 3624 1766 3664 eorum

177 3697 390 3751 malitia
440 3698 525 3751 illa
555 3715 675 3767 qua:
706 3708 788 3754 est
837 3700 1152 3756 insanabilis
1200 3709 1258 3755 ut
1316 3699 1445 3754 illud
1479 3714 1762 3754 venenum.

175 3789 350 3843 Aliter
376 3808 387 3841 :
418 3788 575 3859 Aspis
625 3791 820 3846 timens
863 3792 1256 3846 incantaionem
1293 3790 1488 3856 Marsi,
1525 3792 1615 3860 qui
1647 3791 1766 3860 ejus

175 3893 445 3933 venenum
494 3880 610 3932 vult
659 3881 856 3936 habere
898 3891 1084 3936 contra
1115 3881 1216 3935 alia
1267 3896 1471 3936 venena
1499 3882 1635 3937 :hoc
1684 3891 1768 3937 est

176 3969 326 4024 enim
357 3968 475 4038 ejus
512 3981 708 4025 natura
741 3981 797 4025 ut
824 3973 929 4027 alia
960 3961 1163 4027 venena
1203 3972 1458 4042 expellat,
1491 3974 1534 4027 si
1562 3973 1767 4029 invenit

177 4061 231 4114 in
278 4060 542 4116 animali:
577 4063 624 4118 si
669 4079 797 4129 non,
849 4064 1046 4120 subito.
1084 4065 1359 4120 interﬁcit.
1424 4065 1500 4120 Ne
1554 4067 1762 4133 audiat,

176 4169 346 4208 unam
373 4170 556 4210 aurem
591 4165 752 4212 terra:
785 4157 1025 4223 adhibet,
1065 4157 1291 4214 alteram
1343 4158 1514 4213 cauda
1543 4159 1762 4227 premit.

181 4242 261 4297 Ita
308 4243 400 4299 isti
444 4253 502 4300 ut
548 4263 655 4302 non
700 4248 922 4303 audiant
951 4249 1201 4304 mandata
1247 4249 1342 4304 Dei
1370 4265 1552 4304 aurem
1583 4249 1764 4304 cordis

177 4335 540 4402 prtesentibus
559 4337 718 4392 bonis
737 4338 882 4393 velut
908 4347 1066 4394 terrae
1100 4338 1345 4412 alligant,
1370 4343 1657 4411 prmteritae
1687 4342 1763 4396 vi-

178 4433 247 4479 tm
280 4425 669 4482 delectationes
707 4428 794 4482 alii
824 4430 1105 4500 replicant.
1151 4431 1216 4484 Et
1246 4433 1386 4497 ideo,
1433 4431 1689 4487 Contritio
1712 4441 1761 4486 et

175 4515 465 4585 infelicitas
485 4532 504 4571 :
529 4518 784 4572 contritio
809 4519 1130 4588 incorpore,
1164 4519 1450 4575 infelicitas
1470 4521 1524 4574 in
1554 4522 1755 4574 anima.

175 4605 276 4661 Vel
328 4605 516 4661 infelix
553 4609 827 4674 contritio,
883 4610 1090 4665 scilicet
1129 4604 1341 4666 summa
1391 4613 1668 4668 damnatio
1701 4613 1755 4666 in

175 4700 272 4753 viis
288 4716 487 4766 eorum,
521 4701 574 4756 id
605 4711 711 4766 est,
737 4704 787 4758 i'n
811 4704 1083 4774 operibus.
1112 4703 1262 4759 Unde
1291 4705 1436 4770 illud,
1465 4704 1568 4770 Qui
1595 4706 1758 4775 offen-

176 4788 313 4842 derit
343 4790 395 4842 in
424 4789 655 4860 lapidem
691 4791 826 4846 hunc
856 4793 1212 4864 confringatur
1237 4810 1256 4848 :
1281 4811 1434 4863 super
1460 4811 1609 4864 queui
1642 4811 1760 4849 vero

177 4880 441 4944 ceciderit,
472 4890 706 4935 conteret
733 4899 849 4936 eum
873 4882 1088 4952 (Matth.
1117 4884 1251 4954 XXI).
1283 4884 1384 4950 Qui
1414 4885 1556 4939 enim
1592 4875 1762 4961 oﬂ'e‘nf-

177 4970 254 5024 dit
280 4969 472 5026 Filium
504 4972 599 5027 Dei
627 4988 732 5028 non
759 4975 1027 5030 credendo
1055 4975 1415 5045 confringitur
1439 4976 1601 5043 intus,
1635 4977 1761 5046 quia

179 5078 338 5117 omne
376 5065 542 5119 robur
577 5065 745 5119 animi
783 5067 1000 5121 amittit.
1040 5067 1217 5139 Super
1244 5068 1390 5122 illum
1420 5067 1562 5124 cadit
1603 5068 1760 5124 Chri-

177 5161 312 5217 stus,
344 5168 504 5223 quem
557 5155 749 5211 ulti'mo
782 5155 986 5224 judicio
1033 5159 1265 5213 conterit
1315 5157 1512 5228 duplici
1551 5159 1757 5214 contri-

179 5245 340 5300 tione.
377 5247 440 5300 Et
463 5247 566 5302 hoc
596 5247 738 5312 ideo,
761 5248 886 5318 quia
915 5249 1050 5302 viam
1075 5252 1238 5318 pacis,
1266 5250 1317 5304 id
1345 5256 1450 5315 est,
1481 5247 1756 5305 Christum

176 5338 437 5408 qui‘dicit,
463 5338 651 5393 Venite
671 5339 746 5393 ad
765 5356 864 5404 me,
889 5339 978 5409 qui
999 5338 1247 5415 laboratis
1277 5340 1490 5410 (Matth.
1533 5343 1629 5412 XI),
1655 5359 1759 5396 non

175 5439 549 5498 cognoverunt.
597 5429 730 5483 Nam
756 5431 800 5484 si
844 5440 1233 5498 cognoscerent
1262 5433 1449 5494 Deum,
1483 5431 1759 5488 timerent.

176 5517 240 5571 Et
264 5520 368 5572 hoe
413 5527 518 5586 εει,
558 5518 685 5573 Νοιι
727 5529 801 5573 est
842 5519 1001 5573 timor
1037 5520 1135 5576 Dei
1171 5532 1292 5575 ante
1328 5521 1504 5562 nm'm

177 5609 226 5644 ἷιΙ
265 5619 360 5654 ι--ξι-
407 5609 460 5646 in
502 5617 685 5648 ηιοσιιη
733 5625 890 5636 ἐιν-ί

1870 3346 1950 3400 sio
1995 3345 2324 3413 captivitatis
2362 3345 2463 3398 hoc
2519 3345 2677 3398 modo
2710 3343 2845 3397 ﬁet:
2880 3342 3200 3409 Ea'sultabit,
3256 3344 3306 3397 id
3341 3353 3444 3407 est,

1867 3434 2140 3504 gaudebit,
2182 3434 2390 3489 scilicet
2436 3435 2487 3488 in
2531 3448 2625 3504 spe
2666 3433 2852 3488 eadem
2892 3421 3042 3501 plebs
3081 3432 3219 3488 facta
3255 3433 3446 3499 Iacob,

1869 3523 1920 3578 id
1963 3532 2064 3587 est,
2113 3523 2464 3592 progrediens
2502 3522 2567 3576 de
2612 3515 2809 3575 virtute
2845 3521 2899 3575 in
2954 3521 3232 3575 virtutem.
3281 3521 3448 3576 Jacob

1867 3614 2010 3669 enim
2037 3613 2138 3668 hoc
2162 3628 2356 3668 nomen
2383 3613 2589 3675 habuit,
2621 3629 2740 3668 cum
2760 3613 3198 3683 peregrinaretur
3222 3625 3275 3669 et
3304 3624 3449 3669 esset

1868 3702 1920 3756 in
1953 3717 2262 3772 progressu.
2291 3701 2348 3756 In
2391 3702 2563 3757 reditu
2600 3701 2667 3756 ad
2693 3701 2924 3770 patriam
2956 3691 3314 3791 luctans.cum
3347 3717 3444 3756 an-

1864 3791 2002 3862 gelo,
2036 3791 2196 3847 lsrael
2217 3791 2527 3849 nominatus
2556 3799 2638 3847 est
2662 3791 2814 3862 (Gen.
2845 3792 3031 3863 xxxv).
3062 3793 3127 3846 Et
3155 3802 3278 3863 post
3305 3793 3446 3848 facta

1865 3881 2058 3946 Israel,
2092 3882 2142 3936 id
2171 3893 2253 3936 est
2279 3883 2470 3938 videns
2496 3883 2686 3948 Deum,
2725 3882 2992 3938 (celabitur
3019 3884 3278 3955 plenaric,
3307 3885 3446 3940 facie

1865 3973 1932 4028 ad
1967 3971 2160 4027 faciem
2187 3973 2376 4029 videns
2415 3987 2578 4043 quem
2607 3973 2760 4044 prius
2789 3987 2886 4045 per
2927 3975 3201 4045 speculum
3230 3975 3446 4030 videbat

1865 4063 1918 4134 (1
1941 4063 2067 4118 Cor.
2112 4065 2230 4134 xm)
2261 4081 2274 4118 :
2304 4064 2386 4119 vel
2431 4064 2596 4120 Jacob
2630 4066 2800 4129 facta,
2844 4065 2896 4119 id
2933 4075 3016 4122 est
3058 4065 3447 4136 supplantatrix

1864 4153 2137 4222 accipiens
2167 4153 2524 4224 primogenita
2551 4152 2762 4209 Judaici
2792 4154 2996 4225 populi,
3025 4155 3077 4209 id
3106 4163 3189 4208 est
3220 4155 3445 4209 Incredi-

1866 4253 2026 4298 Iateni
2053 4259 2172 4313 qua:
2201 4243 2273 4298 illi
2300 4245 2565 4314 promissa
2598 4243 2718 4297 fuit.

1861 4331 1863 4333 ’
2361 4335 2737 4392 PSALMUS
2787 4335 2950 4390 XIV.

2427 4442 2661 4482 PSALMUS
2699 4441 2876 4481 DAVID.

1938 4535 1966 4568 ι-
1991 4518 2234 4582 Domine,
2271 4518 2392 4587 quis
2423 4516 2686 4572 habitabit
2713 4516 2766 4568 in
2807 4515 3152 4571 tabernaculo
3189 4518 3312 4570 tuo?
3354 4526 3445 4570 aut

1862 4604 1888 4660 ἰ
1925 4608 2048 4679 quis
2075 4610 2377 4678 requiescet
2406 4609 2456 4662 in
2485 4615 2667 4662 monte
2693 4614 2884 4660 sancto
2917 4605 3046 4659 tuo?
3077 4606 3176 4672 Qui
3210 4606 3445 4674 ingredi-

1868 4718 1886 4751 ι
1927 4709 2014 4754 ιιιι·
2043 4700 2161 4754 εἰιιε
2192 4701 2401 4755 macula
2444 4707 2498 4754 et
2528 4696 3093 4768 operaturjustitiam.
3137 4697 3238 4763 Qui
3272 4698 3446 4766 loqui-

1867 4809 1885 4841 ι
1923 4798 2010 4845 tur
2031 4791 2311 4846 veritatem
2342 4792 2394 4844 in
2425 4791 2586 4845 corde
2613 4805 2734 4856 suo,
2763 4789 2852 4859 qui
2884 4805 2988 4844 non
3032 4789 3141 4860 egit
3176 4789 3354 4844 dolum
3390 4789 3442 4842 in

1869 4898 1888 4932 ι
1923 4879 2105 4949 lingua
2131 4895 2248 4935 sua.
2281 4879 2391 4934 Nec
2417 4878 2548 4950 fecit
2575 4880 2820 4947 proximo
2871 4893 2969 4932 suo
2999 4878 3220 4942 malum,
3258 4887 3314 4932 et
3349 4893 3444 4946 op-

1870 4988 1889 5020 ¢
1925 4970 2200 5040 probrium
2228 4985 2334 5024 non
2363 4970 2572 5039 accepit
2602 4971 2860 5026 adversus
2891 4971 3166 5037 proximos
3192 4983 3336 5022 suos.
3363 4968 3444 5021 Ad

1861 5072 1888 5112 ι
1926 5060 2152 5114 nihilum
2184 5061 2446 5116 deductus
2475 5068 2560 5114 est
2603 5061 2657 5116 in
2685 5069 2974 5129 conspectu
3013 5061 3130 5130 ejus
3157 5059 3443 5126 malignus,

1869 5152 2180 5209 «timentes
2224 5161 2401 5208 autem
2465 5152 2748 5208 Dominum
2814 5150 3098 5220 gloriﬁcat.
3153 5149 3250 5216 Qui
3296 5148 3445 5213 juvat

1869 5262 1887 5295 ι
1922 5243 2169 5310 proximo
2209 5258 2306 5297 suo
2334 5252 2389 5298 et
2425 5257 2529 5295 non
2581 5243 2781 5312 decipit
2806 5255 2818 5293 :
2842 5239 2931 5308 qui
2974 5238 3252 5308 pecuniam
3293 5250 3444 5288 suam

1873 5352 1891 5385 ι
1927 5348 2031 5388 non
2059 5334 2204 5389 dedit
2224 5336 2290 5389 ad
2321 5349 2540 5372 ηοω-την·
2590 5345 2640 5370 ιη
2676 5355 2680 5358 ~
3109 5333 3118 5340 -

1873 5445 1890 5470 ρ
1933 5440 2031 5458 nnn
