3930 5456
507 446 609 504 211

1139 444 1405 500 ΒΕεΜΙϐῐι·
1435 440 2095 501 ANTISSlODORENSlS
2124 440 2285 498 ονε).
2326 406 2526 494 PARS.
2569 440 2608 493 l’.
2651 471 2721 482 -ο-
2758 437 3163 496 EXEGE’HCA.

3376 419 3446 428 οτι-

3672 446 3769 502 Ili

509 578 637 625 tunc
665 566 813 630 dabit
843 563 1093 626 Salutem
1132 564 1322 624 Israel,
1373 576 1493 619 curm
1520 564 1780 619 averterit
1825 561 2084 617 Dominus
2116 569 2157 624 Α
2188 568 2503 631 conspectu,
2534 559 2586 617 id
2616 569 2700 614 est
2738 559 3073 629 providentia
3115 558 3280 615 animi
3312 559 3450 629 eius.
3486 560 3696 620 Aliter:
3721 565 3771 619 ει

510 656 877 725 captivitatem
908 653 1080 723 plebis
1105 668 1253 713 sure:
1305 654 1398 715 sed
1438 653 1610 708 nullus
1653 653 1753 708 sibi
1781 654 1836 707 in
1866 654 1970 708 hoc
1996 668 2086 721 ap-

512 748 749 821 piaudat,
788 746 913 819 quia
957 763 1061 801 non
1100 761 1288 802 omnes
1331 746 1673 816 computandi
1726 754 1853 801 sunt
1894 744 1948 803 in
1992 744 2083 799 illa

504 821 684 914 plebe,
717 837 1035 907 Quicunque
1070 844 1248 891 autem
1280 837 1466 891 volunt
1494 852 1613 895 esse
1638 836 1756 905 ejus
1783 835 1955 907 plebis
1984 852 2083 890 aua-

505 931 658 986 disnt
680 929 1098 1001 descriptionem
1134 928 1361 983 militum
1404 926 1628 983 Christi.
1663 925 1792 994 Quae
1818 926 2082 982 sententia

508 1029 568 1074 ut
594 1018 978 1079 auctorabiiior
995 1021 1085 1085 sit,
1112 1019 1305 1089 quierit
1334 1018 1498 1075 Filius
1521 1035 1550 1073 a
1580 1018 1740 1073 Patre
1755 1019 1846 1088 qui
1873 1018 1947 1073 illi
1975 1019 2086 1073 sint

510 1113 598 1181 qui
655 1113 741 1167 hie
765 1122 986 1167 strenue
1030 1126 1087 1165 se
1124 1111 1360 1166 habeant
1401 1112 1453 1165 in
1496 1108 1865 1176 tabernaculo,
1908 1109 1960 1165 id
2001 1120 2089 1171 est

516 1203 569 1263 in
606 1203 831 1273 castris,
854 1203 943 1256 ubi
980 1201 1233 1259 douativa
1263 1201 1568 1273 dabuntur.

573 1292 815 1365 Domine.
857 1293 1012 1362 cujus
1041 1295 1350 1350 auctoritati
1383 1302 1468 1348 est
1509 1291 1931 1359 concedendum,
1960 1308 2081 1351 cum

498 1384 607 1437 sint
621 1383 803 1454 plures
822 1398 998 1451 raram
1022 1374 1404 1449 habitationem
1421 1385 1682 1441 habentes
1700 1403 1710 1437 :
1728 1385 1854 1453 quia
1872 1385 1943 1461 ad
1957 1391 2084 1440 tent-

500 1492 598 1542 pus
636 1477 878 1541 credunt,
915 1485 964 1529 et
984 1476 1037 1535 in
1073 1484 1300 1545 tempore
1327 1477 1630 1531 tentationis
1656 1476 1899 1530 recedunt
1929 1474 2081 1547 (Luc.

496 1564 619 1635 vin)
654 1583 667 1618 :
694 1566 810 1639 quis
839 1564 1119 1630 habitabit,
1148 1565 1198 1620 id
1227 1574 1311 1623 est
1333 1565 1549 1622 assidue
1573 1566 1815 1624 manebit
1838 1567 1891 1620 in
1912 1567 2084 1621 taber-

504 1654 694 1714 naculo
714 1664 805 1708 tuo
822 1655 857 1707 .9:
872 1654 924 1708 id
946 1663 1052 1718 est,
1078 1654 1135 1712 in
1162 1654 1265 1711 hac
1294 1655 1570 1724 temporali
1592 1655 1843 1712 ecclesia.
1884 1653 2080 1713 Militia

498 1753 575 1800 est
596 1745 703 1799 vita
720 1745 944 1802 hominis
962 1761 1119 1815 super
1132 1755 1324 1800 terram
1342 1746 1462 1818 (Job
1484 1746 1580 1819 vn)
1608 1765 1621 1800 :
1646 1762 1764 1819 quae
1787 1748 1978 1804 domus
1999 1759 2083 1804 est

500 1832 871 1901 militantium,
894 1835 1101 1892 scilicet
1122 1836 1175 1890 in
1207 1836 1592 1894 ecclesiasticis
1627 1838 1925 1893 institutis:
1952 1839 2079 1897 inde

2187 660 2462 720 conspectu
2500 649 2636 719 ejus,
2679 647 2732 703 id
2757 656 2843 703 est
2878 647 2931 702 lu
2959 649 3076 719 ejus
3098 647 3404 719 cognitione
3432 666 3448 702 :
3487 649 3771 720 malignas,

2189 740 2242 794 id
2268 748 2354 796 est
2383 735 2630 796 diabolus
2666 738 2758 809 qui
2799 754 2897 808 per
2923 753 2987 795 se
3007 753 3165 808 posse
3204 737 3501 808 praevalere
3541 740 3770 807 videtur,

2186 831 2439 886 deductus
2481 839 2557 886 est
2590 831 2662 886 ad
2690 831 2935 896 nihilum,
2966 831 3021 886 id
3050 839 3136 885 est
3162 831 3229 886 ad
3255 840 3539 887 creaturas
3562 847 3688 903 qua
3712 832 3776 888 de

2187 921 2357 977 nihilo
2384 930 2582 977 creatae
2607 930 2735 979 sunt
2760 939 2774 974 :
2808 921 3011 977 scilicet
3041 920 3316 992 cognoscit
3342 920 3625 979 diabolum
3660 919 3775 979 illos

2186 1011 2525 1067 solummodo
2552 1025 2710 1080 posse
2744 1013 2960 1067 vincere
2984 1027 3121 1083 quos
3152 1029 3189 1068 a
3213 1026 3334 1068 vera
3372 1023 3431 1069 et
3451 1027 3675 1083 semper
3699 1014 3775 1070 ln-

2185 1101 2553 1159 commutabili
2588 1102 2771 1171 specie
2818 1103 2883 1157 ad
2930 1110 3239 1158 creaturam
3284 1114 3339 1157 et
3383 1103 3774 1161 commutabile

2185 1192 2509 1248 desiderium
2533 1192 2717 1258 vertit,
2745 1202 2805 1246 ut
2830 1193 2897 1248 ad
2925 1193 3208 1264 pecuniam
3230 1193 3316 1250 vel
3344 1191 3552 1264 aliquid
3582 1195 3773 1251 borum

2185 1298 2304 1354 qua:
2326 1283 2484 1353 hujus
2508 1281 2690 1343 mundi
2721 1293 2876 1350 sunt,
2901 1285 3088 1358 eisque
3120 1300 3178 1341 se
3205 1286 3421 1356 subiicit
3447 1302 3469 1340 ε’
3497 1297 3635 1344 tunc
3657 1302 3775 1343 eum

2183 1375 2338 1445 quasi
2380 1387 2544 1449 super
2581 1390 2641 1432 se
2680 1376 2916 1433 deducit.
2972 1376 3232 1443 Timentes
3270 1389 3445 1435 autem
3488 1379 3775 1436 Dominus

2182 1468 2465 1538 glori/ient.
2495 1465 2697 1524 Contra
2744 1468 2875 1524 illud
2918 1471 2985 1525 ad
3027 1471 3253 1526 nihilum
3300 1468 3567 1529 deductus
3606 1481 3703 1529 est
3720 1472 3774 1528 in

2184 1570 2474 1631 conspectu
2505 1556 2643 1629 ejus,
2673 1561 2724 1615 id
2753 1569 2862 1626 est,
2890 1561 3009 1619 illos
3037 1562 3305 1633 glorificat
3331 1566 3420 1634 qui
3451 1565 3641 1635 potius
3668 1577 3777 1621 scr-

2185 1652 2341 1704 vlunt
2368 1649 2613 1707 Creatori
2658 1664 2818 1720 quam
2865 1660 3149 1709 creatum.
3193 1652 3333 1709 Hinc
3380 1655 3450 1710 ad
3496 1656 3787 1727 gregarios

2181 1742 2381 1797 milites
2414 1743 2628 1803 transit.
2671 1743 2738 1798 Et
2778 1742 2866 1805 ille
2909 1744 3177 1803 habitabit
3220 1746 3283 1803 in,
3318 1747 3701 1816 tabernaculo,
3725 1758 3775 1803 ct

2182 1840 2328 1903 post,
2361 1834 2662 1903 requiescet
2705 1834 2760 1889 in
2802 1834 3030 1906 palatio,
3076 1835 3167 1905 qui
3201 1835 3352 1906 jurat
3394 1839 3641 1906 proximo
3687 1856 3777 1895 τεο

494 1927 982 1993 etconutbernium
1005 1927 1389 2000 dicitur,quasi
1413 1930 1827 1985 contubernium
1848 1931 2082 1988 societas
2111 1921 2154 1979 Β
2183 1923 2386 1978 homini
2430 1934 2477 1977 et
2509 1941 2612 1979 non
2647 1925 2837 1996 decipit
2872 1926 3199 1981 mentiendo.
3259 1927 3592 1998 Augustinus
3645 1945 3662 1984 :
3716 1929 3777 1985 In

496 2014 856 2080 tabernaculi.
894 2017 999 2070 Aut
1036 2018 1153 2088 quis
1197 2019 1478 2089 requiescet
1513 2026 1635 2088 post
1672 2018 1911 2074 laborem
1942 2032 2081 2091 prte-

498 2107 685 2170 sentis,
710 2108 834 2167 ultu
869 2108 924 2165 in
967 2120 1143 2169 monts
1180 2119 1360 2169 sancto
1396 2110 1537 2173 tuo?
1579 2111 1632 2167 id
1661 2119 1745 2167 est
1784 2111 1836 2165 in
1866 2111 2080 2174 excelso

496 2197 826 2263 liabiLaCulp.
868 2199 922 2254 iu
952 2198 1042 2258 illo
1067 2201 1267 2271 palatio
1304 2202 1538 2258 cmlestis
1587 2202 1943 2267 Hierusalem,
1989 2204 2081 2264 ubi

498 2302 703 2357 magna,
726 2298 809 2344 est
834 2289 1119 2356 celsitudo,
1147 2306 1337 2362 magna
1370 2292 1632 2348 munitio:
1664 2293 1753 2348 ubi
1785 2293 1962 2360 nullus
1979 2295 2085 2349 ini-

503 2380 1020 2446 micusincluditur,
1051 2381 1229 2438 nullus
1255 2384 1812 2444 amicusexcluditur.
1856 2385 2075 2451 Sancto,

495 2473 621 2541 quia
669 2473 766 2534 soli
819 2473 993 2528 sancti
1043 2474 1096 2527 in
1152 2474 1238 2528 illa
1284 2476 1503 2531 civitate
1557 2475 1820 2542 habitant,
1868 2473 2076 2539 scilicet

495 2566 727 2635 superni,
742 2566 907 2621 cives.
937 2565 1194 2637 Sequitur
1229 2578 1539 2638 competens
1565 2571 1831 2625 ordinatio
1876 2570 2071 2625 horum

497 2656 752 2718 militum.
821 2657 877 2711 in
942 2658 1132 2726 primis
1182 2669 1456 2728 ponuntur
1506 2660 1675 2716 lbrtes
1731 2670 1785 2716 et
1832 2662 2073 2728 loricati,

495 2748 689 2811 deinde
711 2750 925 2820 plebeii.
960 2749 1261 2821 Responsio
1287 2752 1496 2809 Domini
1525 2753 1703 2809 Patris
1730 2773 1742 2808 :
1775 2755 1877 2822 Qui
1906 2758 2078 2827 ingre-

493 2834 641 2895 ditur
672 2842 786 2900 sine
831 2840 1064 2907 macula,
1102 2843 1154 2897 id
1198 2852 1303 2907 est,
1351 2843 1445 2913 qui
1471 2844 1602 2898 vivit
1646 2845 1763 2904 sine
1806 2846 2074 2900 criminati

492 2934 892 3002 peccatoquod
945 2934 1180 2989 animam
1222 2936 1459 2997 maculat
1501 2954 1515 2989 :
1570 2951 1673 2989 non
1731 2946 1911 2997 tamen
1960 2937 2077 2991 sine

495 3037 672 3088 mevo,
717 3023 769 3077 id
802 3032 917 3089 est,
958 3024 1082 3079 levi.
1131 3024 1287 3087 Unde
1335 3026 1488 3089 illud,
1534 3027 1653 3080 Erit
1699 3036 1872 3080 autent
1908 3045 2077 3098 agnus

491 3109 614 3165 sine
636 3111 848 3174 macula
870 3112 1069 3182 (Based.
1103 3115 1223 3185 xu).
1250 3114 1402 3180 Nota,
1432 3118 1732 3189 ingreditur
1753 3120 1835 3181 vel
1858 3120 2000 3176 intus
2024 3122 2075 3175 in

490 3202 818 3271 cognitione,
839 3203 932 3257 vel
943 3205 1046 3260 hoc
1068 3206 1477 3264 tabernaculum
1504 3210 1805 3279 ingreditur
1820 3220 1877 3269 ut
1900 3212 1969 3266 ibi
1999 3214 2078 3267 in-

492 3298 757 3345 nocenter
782 3292 946 3348 vitat.
980 3294 1048 3352 Et
1075 3296 1197 3365 quia
1232 3312 1337 3352 non
1384 3297 1578 3355 sufﬁcit
1600 3313 1817 3357 cessare
1846 3317 1877 3356 a
1910 3303 2074 3370 malo,

489 3380 609 3435 ideo
629 3384 913 3461 sequitur:
948 3384 1026 3441 Et
1047 3398 1295 3458 operatur
1317 3389 1603 3458 justitiam,
1632 3393 1684 3447 id
1713 3402 1801 3449 est
1841 3395 2075 3451 edictum

644 3472 727 3526 sui
747 3473 970 3549 implere
982 3473 1214 3542 laborat,
1233 3481 1610 3547 prmlermissis
1627 3483 1745 3539 aliis
1761 3484 2073 3543 virtutibus.

485 3546 612 3619 l‘dco
631 3546 897 3630 justitiam
928 3567 1099 3635 ponit,
1125 3546 1251 3637 quia
1280 3580 1453 3626 mater
1473 3560 1556 3626 est
1576 3574 1818 3630 omnium
1846 3577 2073 3633 aliarum

492 3660 547 3705 et
584 3653 797 3722 major:
828 3657 954 3727 quia
983 3668 1194 3715 erctera:
1219 3668 1426 3717 tantum
1466 3663 1755 3721 habentem
1779 3668 2071 3737 delectant,

492 3742 609 3805 haec
634 3753 690 3799 et
713 3745 867 3802 alios.
890 3747 1075 3806 Potest
1096 3750 1213 3805 htec
1246 3765 1366 3806 esse
1387 3755 1683 3824 propositio
1709 3760 2072 3826 sequentium,
2119 3772 2125 3778 '

490 3835 595 3901 Qui
635 3834 869 3905 loquitur
909 3836 1176 3893 ueritatem
1199 3838 1254 3890 in
1282 3839 1440 3894 cor-de
1472 3858 1597 3908 suo,
1621 3845 1751 3913 quia
1774 3860 1963 3914 parum
1992 3860 2075 3902 est

486 3927 773 3981 veritatem
795 3926 998 3990 dicere,
1023 3925 1126 3981 nisi
1154 3928 1316 3982 etiam
1345 3929 1420 3985 ita
1442 3932 1511 3985 sit
1539 3932 1593 3986 in
1615 3935 1796 3989 corde.
1816 3936 2074 3994 Diabolus

486 4015 772 4073 veritatem
787 4011 1021 4081 dicebat,
1046 4013 1187 4081 Quid
1214 4017 1363 4080 nobis
1380 4028 1427 4073 et
1452 4020 1563 4085 tibi,
1578 4022 1787 4090 lilibet“
1803 4025 1829 4077 .’
1854 4025 2068 4095 (Matth.

489 4105 709 4173 vtu.)et
725 4112 904 4167 tamen
921 4120 1026 4160 non
1042 4107 1222 4161 habita
1231 4107 1320 4161 bat
1338 4109 1389 4161 in
1407 4110 1758 4171 tabernaculo
1769 4112 2075 4178 Domini.Et

487 4191 677 4267 illcqm'
703 4209 804 4250 non
824 4196 926 4265 egit
950 4194 1127 4249 dolum
1150 4196 1204 4250 in
1219 4197 1399 4267 lingua
1421 4216 1539 4264 sua,
1558 4200 1606 4255 id
1627 4212 1727 4269 est,
1750 4204 1839 4273 qui
1862 4221 1967 4260 non
1993 4218 2077 4262 est

485 4285 699 4341 locutus
726 4286 794 4341 ad
823 4286 1194 4357 deceptionem
1226 4289 1476 4345 aliorum.
1503 4293 1568 4349 Et
1600 4294 1688 4349 ille
1711 4297 1802 4365 qui
1835 4315 1925 4352 nec
1952 4298 2086 4367 fecit.

484 4380 726 4448 proximo
759 4396 859 4433 suo
889 4377 1106 4442 malum.
1131 4380 1467 4450 Augustinus
1493 4403 1506 4438 :
1536 4385 1761 4442 Omnem
1801 4388 2073 4445 hominem

483 4471 791 4538 proximum
842 4471 1045 4540 accipe,
1094 4472 1302 4533 scilicet
1334 4473 1574 4541 ejusdem
1607 4486 1815 4533 naturte
1840 4487 1894 4535 et
1930 4480 2084 4549 ejus-u.

483 4559 605 4614 dem
633 4560 946 4618 creationis.
993 4559 1211 4626 Malum,
1259 4562 1313 4619 itl
1357 4573 1440 4620 est
1480 4564 1696 4635 aliquod
1729 4566 1983 4621 damnum
2013 4569 2067 4626 in

484 4665 735 4720 corpore,
765 4650 849 4704 vel
890 4652 943 4706 in
973 4652 1150 4708 anima
1170 4694 1185 4717 ,
1212 4653 1295 4709 vel
1321 4657 1594 4713 extraneis
1633 4658 1814 4712 rebus.
1852 4657 1965 4722 Hoc
1991 4669 2074 4715 to—

480 4748 601 4794 tum
627 4739 987 4813 perfectorem
1010 4751 1112 4797 est.
1132 4742 1243 4800 Nec
1267 4745 1440 4817 solum
1465 4762 1567 4800 non
1589 4745 1717 4804 fecit
1737 4748 2073 4818 opprobrium

487 4846 594 4884 nos
631 4831 829 4901 accepit
875 4832 1123 4888 adversus
1160 4836 1465 4903 proximos,
1490 4837 1540 4890 id
1569 4847 1674 4904 est,
1704 4850 1811 4894 non
1840 4838 2073 4897 libenter

489 4928 584 4975 aut
617 4928 819 4977 temere
847 4921 1199 4985 criminatori.
1224 4925 1307 4979 vel
1348 4927 1640 4984 detractori
1686 4931 1935 4995 credidit,
1985 4932 2069 4987 vel

485 5011 576 5080 qui
622 5026 727 5066 non
758 5021 1046 5069 accusatur
1073 5015 1227 5083 quasi
1258 5018 1452 5075 noxius
1490 5035 1520 5073 a
1563 5022 1844 5090 proximis.
1876 5023 1961 5076 Ad
1986 5024 2070 5091 ui-

487 5101 657 5156 ltilmn
677 5103 929 5157 deductus
947 5113 1023 5161 est
1047 5104 1105 5166 ist
1122 5117 1396 5177 conspectu
1416 5110 1532 5180 ejus
1552 5110 1812 5163 malinmu
1833 5112 1922 5152 nni
1946 5113 2063 5148 ηιρ-

487 5200 629 5224 nMaI
660 5201 964 5238 n-anlnrnm
987 5210 1109 5230 Μετ’
1134 5209 1141 5212 ο

2181 2015 2424 2070 humanis
2447 2019 2800 2072 contractibus
2818 2019 3007 2088 furare
3031 2018 3170 2082 licet,
3193 2019 3283 2073 sed
3308 2019 3424 2073 ideo
3449 2021 3776 2090 prohibetur,

2182 2122 2244 2160 ne
2274 2106 2559 2163 assiduitas
2608 2108 2880 2177 periurare
2918 2108 3100 2178 faciat.
3146 2109 3211 2165 Et
3254 2110 3342 2163 ille
3381 2112 3473 2181 qui
3501 2115 3775 2181 pecuniam

2178 2213 2333 2250 suam
2358 2214 2462 2251 non
2488 2198 2628 2252 dedit
2656 2200 2729 2252 ad
2754 2216 2989 2264 usuram,
3016 2201 3110 2257 sed
3141 2202 3574 2258 accommodavit
3601 2205 3772 2275 gratis

2178 2298 2497 2357 exspectans
2540 2290 2820 2359 praernium
2868 2307 2898 2345 ι
2943 2292 3073 2347 Deo.
3127 2291 3291 2347 Pater
3326 2294 3416 2363 qui
3462 2295 3530 2350 de
3578 2296 3774 2368 imper-

2180 2380 2335 2435 lectis
2364 2381 2624 2452 loquitur.
2657 2382 2712 2436 ln
2755 2384 2983 2452 pecunia
3023 2383 3127 2439 alia
3162 2386 3342 2442 omnia
3382 2388 3772 2458 accipiuntur:

2179 2470 2292 2525 lucc
2336 2471 2509 2543 magis
2547 2471 2685 2527 solet
2721 2473 2788 2529 ad
2836 2489 3055 2529 usuram
3094 2475 3232 2530 dari.
3270 2476 3333 2529 Et
3371 2494 3592 2532 munera
3617 2495 3773 2549 super

2176 2560 2501 2617 innocentem
2524 2580 2628 2617 non
2651 2565 2871 2635 accepit,
2894 2564 2948 2620 id
2978 2575 3082 2633 est,
3107 2569 3198 2637 qui
3227 2577 3518 2637 corruptus
3541 2569 3769 2637 pecunia

2178 2665 2393 2704 causam
2413 2648 2613 2719 justam
2644 2667 2750 2710 non
2780 2653 3065 2724 depressit.
3098 2655 3253 2711 Unde
3281 2656 3410 2711 illud
3446 2657 3727 2728 propheta:
3754 2676 3767 2710 :

2191 2735 2278 2790 γε
2308 2740 2446 2793 τόὁὶε
2471 2741 2562 2812 qui
2598 2742 2896 2797 muneribus
2914 2743 3225 2814 justiﬁcatis
3268 2747 3507 2816 impium,
3536 2757 3585 2801 et
3606 2744 3768 2817 justi-

2177 2831 2308 2884 tiant
2326 2830 2695 2901 justiaufertis
2716 2832 2779 2886 ab
2808 2849 2867 2889 eo
2889 2833 3024 2905 (Isa.
3058 2833 3133 2906 v).
3164 2835 3269 2902 Qui
3294 2836 3422 2905 facit
3447 2851 3557 2891 non
3596 2837 3767 2892 solum

2179 2924 2507 2992 supradicta,
2537 2925 2630 2980 sed
2657 2926 2819 2981 etiam
2846 2927 2957 2983 Itth
2979 2927 3209 2995 minem,
3242 2946 3345 2983 non
3373 2930 3679 2994 movebitur,
3718 2931 3765 2985 id

2179 3024 2261 3069 est
2289 3031 2393 3070 non
2411 3017 2750 3086 separabitur
2773 3018 2826 3072 in
2848 3027 3097 3073 retentum
3114 3035 3133 3072 :
3152 3018 3278 3090 quia
3304 3035 3481 3089 neque
3505 3020 3559 3074 in
3584 3020 3763 3075 taber-

2181 3106 2395 3170 naculo,
2438 3122 2613 3177 neque
2663 3108 2713 3161 in
2764 3108 2984 3179 palatio.
3024 3109 3209 3165 Potest
3243 3110 3404 3171 etiam
3464 3110 3569 3179 legi
3612 3110 3768 3166 aliter

2183 3201 2285 3254 iste
2319 3200 2560 3270 psalmus
2592 3200 2734 3255 Dixit
2765 3202 3039 3273 insipiens,
3067 3202 3170 3258 sub
3206 3202 3395 3258 eadem
3426 3210 3611 3259 tamen
3644 3219 3766 3275 pcr-

2105 3269 2150 3331 C
2183 3269 2444 3359 sonaqua
2467 3291 2614 3361 prius
2637 3300 2691 3345 et
2706 3269 2895 3346 eadem
2921 3291 3239 3357 intentione,
3255 3290 3465 3347 scilicet
3476 3269 3763 3361 Augustini

2180 3380 2284 3437 hoc
2311 3382 2524 3446 ordine,
2553 3389 2612 3434 nt
2647 3380 2797 3450 prius
2827 3381 2892 3435 de
2918 3380 3169 3453 geniibus
3203 3382 3414 3437 dicatur
3440 3380 3591 3436 Dixit
3634 3382 3767 3437 insi-

2178 3473 2325 3543 piens
2355 3473 2408 3525 in
2448 3474 2603 3528 corde
2631 3487 2749 3537 suo,
2778 3469 2902 3527 Non
2931 3481 3006 3527 est
3032 3470 3193 3539 Deus,
3223 3472 3435 3536 scilicet
3480 3474 3537 3529 in
3582 3472 3762 3537 rebus.

2178 3559 2429 3630 Corrupti
2456 3571 2579 3617 sunt
2636 3572 2683 3615 et
2727 3561 3098 3617 abominabiles
3134 3562 3261 3631 facti
3293 3573 3437 3631 sunt,
3484 3573 3548 3619 ut
3577 3580 3761 3635 supra.

2178 3653 2247 3708 In
2268 3654 2458 3711 studiis
2487 3655 2617 3718 suis,
2649 3646 2888 3709 colentes
2928 3668 3089 3731 opera
3135 3670 3394 3713 manuum
3433 3668 3682 3722 suarum,
3706 3666 3771 3714 et

2178 3754 2372 3809 cintera
2404 3755 2462 3800 ut
2490 3762 2674 3817 supra,
2715 3761 2929 3817 usque:
2964 3747 3224 3803 Dominus
3266 3748 3334 3801 de
3373 3761 3462 3802 me
3509 3747 3627 3809 lilio
3667 3763 3763 3803 suo

2178 3836 2472 3904 prospexit,
2500 3836 2552 3889 id
2582 3846 2666 3891 est
2701 3838 3010 3906 prospicere
3057 3851 3117 3896 se
3144 3837 3380 3894 ostendit
3404 3838 3570 3891 etiam
3603 3851 3763 3909 super

2176 3926 2644 3986 lilinsbominnm.
2691 3926 2790 3987 Hie
2818 3927 2884 3983 de
2931 3924 3170 3982 ludatis:
3205 3935 3267 3984 ut
3295 3926 3500 3993 videat,
3552 3928 3604 3983 id
3661 3938 3761 3991 est.

2176 4018 2427 4091 cognosci
2452 4017 2612 4081 faciat
2642 4018 2685 4073 si
2716 4028 2798 4073 est
2825 4018 2878 4072 in
2908 4018 3012 4073 illis
3035 4016 3364 4087 intelligens,
3396 4017 3450 4071 id
3476 4026 3563 4071 est
3595 4016 3763 4073 ﬁdelis

2177 4118 2279 4173 aut
2297 4102 2580 4181 requirens
2608 4110 2774 4165 Deum
2807 4092 3010 4179 opere:
3046 4108 3129 4164 vel
3160 4109 3226 4163 de
3267 4109 3425 4173 caelo,
3466 4108 3520 4162 id
3560 4116 3647 4164 est
3698 4110 3761 4165 de

2176 4203 2500 4281 patriarcbis
2528 4211 2584 4260 et
2616 4203 2917 4274 prophetis.

2248 4294 2356 4350 Sed
2398 4311 2497 4353 nec
2530 4296 2584 4350 in
2614 4296 2700 4354 bis
2727 4296 2976 4355 inventus
3004 4307 3089 4351 est
3120 4294 3430 4366 hitelligens
3457 4303 3550 4350 aut
3581 4296 3759 4366 requi-

2176 4400 2302 4441 rens
2337 4384 2539 4452 Deum;
2570 4387 2695 4442 licet
2724 4386 3017 4442 secundum
3060 4402 3279 4444 carnem
3311 4395 3501 4442 essent
3536 4386 3633 4442 {liii
3662 4386 3760 4442 ho—

2177 4476 2403 4540 minum,
2438 4476 2491 4531 id
2517 4484 2621 4542 est,
2667 4477 3096 4547 patriarcharum
3128 4486 3183 4535 et
3229 4479 3659 4547 prephetarum:
3709 4487 3762 4533 et

2178 4566 2303 4623 licet
2329 4567 2500 4640 legem
2529 4583 2591 4623 ac
2643 4572 2898 4626 mandata
2939 4572 3268 4641 acceperint,
3298 4572 3596 4628 secundum
3626 4571 3760 4628 litte-

2179 4671 2293 4711 ram
2324 4657 2504 4712 omnia
2534 4658 2879 4727 accipientes.
2920 4657 2976 4718 Si
3022 4662 3113 4736 qui
3163 4671 3343 4722 autem
3401 4662 3606 4717 inventi
3637 4670 3761 4719 sunt

2177 4748 2514 4818 requirentes
2537 4749 2704 4803 Deum
2734 4749 2785 4803 in
2810 4750 2928 4822 iege
2957 4752 3037 4806 vel
3068 4753 3122 4807 in
3152 4761 3396 4823 tempore
3425 4752 3639 4823 gratiae,
3685 4752 3758 4808 illi

2175 4855 2280 4897 non
2321 4839 2436 4909 jam
2486 4840 2584 4898 lilii
2629 4841 2929 4907 hominum,
2980 4844 3074 4899 sed
3120 4843 3413 4902 Christiani
3476 4852 3755 4919 vocantur.

2174 4932 2275 5000 Qui
2331 4935 2474 4988 enim
2524 4934 2775 4995 dicebant
2806 4976 2821 5001 ,
2880 4934 2993 4990 Nos
3045 4920 3223 5005 Moysi
3276 4936 3526 5002 discipuli
3579 4952 3757 4991 sumus

2174 5022 2356 5095 (Joan.
2395 5023 2497 5096 ts),
2519 5023 2594 5079 illi
2625 5036 2782 5080 erant
2818 5023 2908 5081 lilii
2939 5025 3241 5095 hominum,
3272 5033 3328 5080 et
3357 5040 3462 5082 non
3493 5026 3757 5096 intellige«

2174 5114 2186 5130 '
2268 5123 2292 5127 “
2590 5113 2602 5125 '
2673 5114 2683 5126 '
2788 5114 2859 5121 "
3064 5112 3208 5150 ’δα-ιο
3246 5115 3759 5186 requirens:quasi
