3930 5802
220 395 330 450 NI

829 512 1108 568 SALMUS
1135 511 1249 566 XV.

598 616 779 662 τιτυιι
811 620 1110 661 ιηθωιιιιτιο
1141 618 1237 660 "’51
1266 618 1443 659 υειηυ.

306 714 326 747 ι
371 695 642 752 Conserva
684 712 791 760 me,
826 698 1070 762 Domine,
1095 696 1354 767 quoniam
1398 694 1607 764 speravi
1630 693 1686 748 in
1716 700 1768 747 te
1798 706 1811 745 :

304 789 414 849 dixi
444 789 692 854 Domino,
714 789 855 844 Deus
877 805 1029 845 meus
1057 805 1118 843 es
1141 798 1219 854 tu,
1250 789 1507 858 quoniam
1551 788 1812 841 bonorum

304 896 547 937 meorum
586 898 690 937 non
718 894 862 954 eges.
895 880 1113 938 Sanctis
1142 884 1230 951 qui
1260 890 1388 937 sunt
1432 882 1485 934 in
1520 889 1661 934 terra
1699 877 1815 947 ejus

303 972 611 1026 miriﬁcavit
638 988 826 1033 omnes
847 972 1151 1029 voluntates
1175 988 1321 1027 meas
1348 973 1400 1025 in
1436 972 1532 1026 eis.
1564 970 1817 1039 Multipli-

297 1072 437 1118 catze
465 1075 588 1118 sunt
627 1064 967 1119 Inﬁrmitates
1003 1080 1210 1127 eorum,
1260 1076 1444 1133 posuea
1474 1062 1814 1118 accelerave-

204 1174 247 1233 τι
303 1163 447 1209 runt.
484 1153 598 1209 Non
628 1156 968 1226 congregabo
982 1155 1353 1212 conventicula
1383 1170 1569 1211 eorum
1595 1155 1659 1209 de
1684 1168 1815 1211 san-

301 1244 571 1316 guinibus,
626 1261 724 1303 nec
771 1262 978 1301 memor
1023 1263 1118 1303 oro
1166 1248 1441 1303 nominum
1497 1262 1683 1301 eorum
1722 1260 1819 1315 per

297 1336 440 1390 labia
467 1350 606 1390 mea.
626 1337 882 1391 Dominus
899 1351 1023 1407 pars
1039 1338 1368 1392 Increditatis
1396 1354 1531 1398 mea:
1560 1347 1615 1392 et
1636 1338 1819 1392 colicis

304 1430 446 1495 mei;
490 1439 547 1483 tu
576 1444 635 1487 es
669 1428 759 1499 qui
790 1431 1043 1485 restitues
1067 1431 1437 1486 hatretlitatem
1462 1446 1636 1485 meam
1664 1431 1813 1484 mihi.

298 1518 484 1575 Funes
508 1520 822 1575 ceciderunt
854 1522 985 1575 mihi
1018 1522 1068 1575 in
1100 1521 1405 1590 praeclaris:
1430 1522 1631 1577 etenim
1655 1521 1819 1574 haere-

295 1700 391 1770 qui
425 1699 614 1754 tribuit
640 1702 768 1755 mihi
806 1700 1161 1765 intellectum,
1200 1702 1419 1769 insuper
1463 1710 1519 1757 et
1548 1716 1717 1769 usque
1753 1702 1819 1754 a'J

299 1801 517 1847 noctem
542 1793 927 1863 increpuerunt
952 1808 1039 1849 me
1078 1808 1235 1849 renes
1272 1794 1398 1849 mei.
1458 1793 1817 1848 Providebam

1292 397 1823 455 ENARRATlONES
1861 398 1924 451 ις’(
1965 390 2310 455 Ρελιιηοθέ

3383 400 3493 455 me

1914 521 1971 567 tu
2014 512 2273 569 Dominus
2306 516 2697 571 dominantium
2746 534 2852 574 non
2900 517 3108 592 indiges
3166 520 3378 590 aliquo,
3433 530 3492 576 ut

1918 605 2097 658 επιετί
2152 606 2354 661 domini
2398 610 2489 676 qui
2544 610 2703 666 bonis
2760 625 3043 667 servorum
3099 612 3362 683 indigent.
3418 613 3495 668 Te

1917 695 2058 749 enim
2085 696 2286 767 indiget
2310 714 2519 764 servus,
2560 715 2664 754 non
2691 709 2747 755 tu
2770 716 2946 761 servo.
2980 701 3046 759 Et
3082 703 3184 761 hoc
3214 711 3319 773 est,
3346 702 3493 769 Quo-

1919 785 2059 837 niam
2092 786 2344 844 bonorum
2378 806 2611 845 meorum
2658 808 2760 847 non
2802 807 2938 863 eges,
2967 792 3053 848 vel
3096 793 3493 867 incarnatione,

1919 886 2091 931 morie
2138 888 2192 932 ct
2242 883 2645 938 resurrectione
2688 897 2827 938 mea.
2889 885 3001 939 lloc
3060 894 3241 939 autem
3290 884 3492 939 fmctu.

1920 965 2128 1021 Sanctis
2159 970 2247 1038 qui
2279 981 2399 1026 sunt
2432 972 2483 1023 in
2512 981 2650 1025 terra
2688 970 2821 1042 ejus,
2847 972 2899 1027 id
2929 981 3032 1039 est,
3077 973 3183 1029 illis
3224 985 3360 1045 quos
3400 986 3499 1043 ego

1919 1056 2023 1112 ieci
2064 1070 2303 1126 sanctos,
2336 1063 2459 1131 quia
2486 1064 2595 1133 jam
2638 1076 2764 1119 sunt
2793 1066 2845 1121 in
2885 1074 3033 1120 terra
3062 1065 3360 1123 viventium
3402 1078 3501 1136 per

1919 1164 2091 1217 spem,
2113 1151 2434 1220 miri/icavit,
2454 1154 2504 1208 id
2521 1164 2622 1217 est,
2642 1155 3022 1212 desiderabiles
3040 1155 3188 1223 fecit,
3214 1172 3391 1215 omnes
3413 1171 3501 1210 co-

1918 1240 2142 1295 luntates
2168 1258 2331 1309 meas,
2358 1245 2690 1300 ostendendo
2717 1261 2843 1301 snas
2871 1263 3086 1318 pravas,
3118 1264 3266 1304 meas
3298 1256 3501 1313 rectas,

1920 1346 2046 1384 suas
2085 1330 2275 1395 nudas,
2307 1348 2454 1387 meas
2495 1334 2788 1389 honestas:
2822 1336 2894 1389 ita
2922 1345 2983 1390 ut
3010 1346 3194 1392 essent
3228 1339 3282 1392 in
3323 1337 3417 1401 eis,
3441 1336 3503 1391 id

1919 1430 2025 1485 est,
2059 1421 2110 1475 in
2142 1438 2306 1492 opere
2352 1424 2634 1479 haberent.
2669 1424 2876 1491 Quibus
2901 1426 3067 1482 etiam
3104 1427 3335 1492 innotui,
3367 1426 3500 1496 quid

1922 1512 2187 1581 profuerit
2212 1523 2266 1568 et
2293 1515 2601 1571 immanitas
2636 1530 2769 1571 mea:
2798 1517 3129 1583 Divinitatis,
3161 1527 3216 1573 et
3237 1516 3502 1581 Diviuitas

1923 1603 2297 1659 humanitatis.
2348 1604 2561 1661 Profuit
2625 1608 2938 1665 humanitas
2998 1608 3327 1675 Divinitatis,
3370 1608 3502 1681 quia

1923 1705 2169 1751 mortuus
2213 1706 2296 1753 est
2346 1707 2573 1769 propter
2618 1698 2813 1754 delicta
2865 1708 3050 1754 nostra
3088 1718 3101 1754 :
3136 1708 3193 1757 et
3238 1699 3505 1757 Diviuitas

1924 1787 2278 1843 humanitatis
2329 1789 2454 1857 quia
2503 1790 2865 1853 resurrexcrit
2910 1790 3502 1859 propterjustilicatio-

298 1880 588 1938 Dominum
628 1884 679 1937 in
724 1893 1014 1952 conspectu
1047 1898 1171 1939 meo
1208 1895 1444 1953 semper,
1484 1883 1737 1953 quoniam
1787 1898 1816 1934 a

1928 1890 2045 1929 nem
2077 1886 2317 1931 nostram
2345 1877 2519 1949 (Rom.
2565 1879 2661 1949 Iv).
2701 1878 2813 1933 iioc
2856 1879 3168 1937 miriﬁcavit
3194 1880 3421 1947 sanctis,
3445 1881 3501 1936 id

298 1972 507 2027 uestris
534 1981 619 2027 est
640 1974 768 2027 mihi
801 1989 867 2027 ne
892 1988 1255 2028 commoveor.
1282 1972 1508 2042 Propter
1541 1974 1642 2027 hoc
1664 1972 1814 2026 heta-

299 2073 412 2115 tum
451 2072 535 2120 est
590 2078 685 2119 cor
721 2080 899 2119 meum
918 2106 939 2130 ,ν
989 2074 1044 2119 et
1098 2064 1389 2120 exsultavit
1436 2064 1619 2136 lingua
1674 2076 1815 2131 mea,

298 2155 522 2224 insuper
560 2165 617 2211 et
643 2170 770 2211 caro
819 2172 935 2210 meo
968 2156 1257 2226 requiescit
1286 2157 1337 2210 iu
1386 2172 1499 2229 spe.
1545 2156 1816 2224 Quoniam

302 2261 407 2299 limi
437 2245 783 2318 derelinques
830 2249 1066 2303 animam
1114 2265 1289 2309 meam
1340 2250 1392 2302 iu
1442 2249 1673 2313 inferno,
1718 2264 1821 2304 nec

301 2336 457 2393 dabis
504 2337 765 2393 Sanctum
810 2348 959 2393 tuum
988 2340 1169 2394 videre
1198 2339 1619 2409 corruptionem.
1655 2338 1821 2395 Notas

302 2425 435 2482 mihi
471 2427 645 2483 iecisti
689 2428 804 2485 vias
837 2430 981 2493 vitae,
1013 2429 1332 2497 adimplebls
1363 2444 1448 2484 me
1479 2428 1665 2484 laetitia
1695 2444 1817 2485 eum

301 2519 450 2573 vultu
482 2528 574 2574 tuo
602 2538 615 2573 :
645 2518 1033 2576 delectationes
1072 2521 1127 2574 in
1160 2521 1382 2575 dextera
1411 2530 1503 2576 tua
1551 2530 1723 2591 ustIue
1763 2522 1818 2579 in

230 2629 257 2659 ι
301 2610 484 2665 mrem.
533 2630 553 2662 ι

228 902 251 933 1

228 1174 247 1204 ι

222 1357 241 1385 ἰ

223 1632 242 1658 ι
296 1612 444 1665 ditas
464 1625 582 1665 mea
613 1611 870 1681 prmelara
899 1621 983 1669 est
1004 1613 1154 1667 mihi.
1182 1613 1505 1670 Betiedicam
1534 1613 1816 1667 Domimun

223 1990 243 2019 ε

226 2083 246 2110 1

230 2539 251 2569 ί

798 2700 1249 2755 ENARRATIO.

301 2787 465 2844 Tituli
492 2790 790 2859 inscriptio,
812 2786 1061 2845 Psalmus
1084 2790 1184 2861 ipsi
1208 2790 1396 2847 David.
1422 2792 1815 2863 Hieronymus:

231 2881 361 2936 Tres
383 2892 506 2939 sunt
536 2882 680 2935 tituli
707 2883 796 2952 qui
826 2881 1222 2937 inscribuntur:
1252 2898 1386 2936 unus
1414 2897 1569 2952 super
1588 2882 1816 2937 tumulos

228 2982 586 3040 mortuorum,
619 2974 753 3028 alter
779 2974 834 3029 in
861 2974 1128 3028 liminibus
1158 2975 1383 3028 civitatis
1411 2974 1489 3030 uel
1516 2975 1816 3040 domorum,

229 3064 421 3117 tertius
451 3063 507 3117 in
532 3062 752 3118 victoria
776 3065 930 3134 regis.
966 3063 1134 3131 liuius
1166 3064 1307 3119 tituli
1331 3065 1612 3137 inscriptio
1636 3074 1719 3121 est
1750 3066 1817 3122 de

213 3156 459 3211 victoria
501 3152 702 3209 Christi
752 3158 896 3226 regis
930 3155 1257 3219 Judaeomm,
1291 3154 1343 3209 id
1387 3166 1472 3211 est
1520 3158 1666 3227 regis
1706 3170 1819 3212 om—

231 3247 386 3303 nium
428 3218 878 3302 conﬁtentium“:
903 3247 1061 3303 Jcsus
1106 3247 1419 3303 Nazarenus
1442 3248 1555 3304 Rex
1583 3218 1817 3304 vJudteo-
1850 3218 1894 3282 Ο

229 3352 377 3393 rum.
410 3338 517 3393 istc
552 3339 795 3408 psalmus
838 3339 958 3393 ideo
992 3339 1193 3392 dicitur
1231 3352 1352 3393 esse
1389 3340 1672 3409 inscriptio
1717 3339 1818 3399 hu—

226 3442 339 3494 ius,
366 3431 496 3501 quia
532 3430 775 3485 continet
812 3428 1072 3500 scriptam
1116 3443 1334 3485 causam
1375 3430 1519 3483 illius
1557 3431 1817 3484 victoriae.

227 3521 359 3589 Agit
386 3521 531 3578 enim
561 3522 628 3577 de
658 3521 965 3576 obedientia
1001 3520 1221 3584 Christi,
1253 3531 1461 3591 propter
1483 3537 1645 3592 quam
1681 3522 1821 3578 Deus

222 3610 384 3671 ﬁlum
423 3610 674 3667 exultavit
728 3616 777 3665 et
825 3612 969 3666 dedit
1014 3612 1093 3666 illi
1144 3629 1329 3666 nomen
1374 3614 1513 3682 quod
1553 3623 1627 3667 est
1670 3628 1826 3683 super

232 3718 389 3756 omne
420 3718 607 3756 nomen
631 3703 851 3773 (Philip.
882 3706 962 3772 ιι).
996 3704 1256 3775 Sequitur
1289 3705 1342 3758 in
1369 3706 1543 3771 titulo,
1575 3703 1822 3759 Psalmus

229 3792 337 3855 ipsi
367 3792 555 3847 David.
594 3792 685 3847 Est
710 3795 853 3848 enim
886 3796 938 3851 in
970 3796 1070 3856 hoc
1100 3796 1307 3865 psalmo
1338 3811 1439 3850 vox
1473 3796 1641 3866 ipsius
1675 3796 1824 3867 capi-

234 3885 328 3939 tis.
355 3884 482 3957 Agit
507 3896 562 3939 et
594 3885 660 3940 de
689 3887 988 3941 mutatione
1013 3886 1311 3941 carnalium
1352 3888 1822 3954 Observationum,

232 3982 294 4034 et
331 3974 398 4032 de
433 3975 811 4044 reprobatione
857 3975 1183 4040 Judmonun,
1226 3985 1279 4030 et
1325 3978 1667 4045 susceptione
1693 3991 1821 4046 gen-

232 4068 397 4132 tium,
431 4076 488 4121 et
525 4068 594 4121 do
623 4066 824 4122 Christi
874 4069 1272 4123 resurrectione
1310 4078 1366 4125 et
1389 4070 1578 4123 ultima
1604 4068 1811 4124 clariﬁ-

230 4160 446 4215 cationo
469 4176 482 4212 :
506 4168 566 4215 et
591 4157 705 4213 haec
731 4159 912 4213 omnia
943 4159 1011 4213 ad
1049 4160 1457 4222 instructionem
1492 4160 1748 4216 ﬁdelium.

652 4263 757 4305 νοι
792 4262 1003 4306 CHRISTI
1045 4266 1096 4305 ιι(
1134 4265 1405 4306 PASSIONE.

307 4338 535 4395 Domine
581 4339 762 4403 Pater,
814 4356 1061 4394 conserva
1109 4357 1208 4406 me,
1260 4341 1401 4394 sicut
1440 4354 1609 4410 usque
1665 4338 1824 4392 modo

233 4434 465 4488 interius
499 4434 728 4488 servasti
770 4434 1006 4487 animam
1039 4448 1215 4487 meam
1251 4434 1542 4487 immunem
1570 4433 1638 4485 ab
1673 4431 1822 4485 omni

1919 1974 2027 2030 est,
2055 1967 2308 2023 omnibus
2337 1970 2582 2025 ﬁdelibus
2610 1971 2677 2025 de
2708 1984 3029 2042 quacunque
3050 1980 3230 2040 gente,
3259 1969 3351 2044 qui
3378 1979 3508 2026 sunt

1922 2055 1973 2109 in
2004 2065 2143 2110 terra
2186 2058 2476 2113 viventium
2511 2073 2607 2129 per
2645 2060 2806 2116 ﬁdem
2832 2070 2886 2116 et
2909 2076 3077 2131 spem.
3102 2063 3309 2119 Aliter:
3357 2062 3508 2117 Miri-

1923 2149 2128 2206 ﬁtcavit
2176 2152 2436 2208 Dominus
2478 2152 2640 2209 Pater
2683 2168 2859 2208 omnes
2908 2154 3198 2209 voluntates
3249 2170 3393 2209 meas
3448 2154 3509 2209 in

1921 2244 2144 2309 sanetis,
2169 2245 2259 2314 qui
2288 2254 2412 2299 sunt
2438 2246 2493 2300 in
2520 2252 2659 2300 terra
2693 2246 2831 2316 ejus,
2855 2245 2980 2317 quia
3012 2246 3258 2302 invocavi
3289 2258 3411 2300 eum
3441 2259 3508 2299 eo

1926 2335 2085 2389 modo
2137 2350 2243 2402 quo
2290 2344 2376 2391 est
2415 2337 2772 2402 invocandas,
2822 2337 3031 2393 scilicet
3078 2336 3201 2408 quia
3247 2339 3361 2393 dixi
3397 2337 3511 2396 Do-

1924 2425 2066 2481 mino
2088 2441 2106 2477 :
2134 2424 2275 2479 Deus
2310 2440 2453 2480 meus
2479 2444 2530 2479 es
2562 2436 2639 2480 tu.
2684 2427 2738 2481 in
2774 2429 2873 2482 hoc
2896 2437 3041 2494 patet
3089 2432 3233 2498 quod
3258 2426 3512 2500 miriﬁca—

1924 2516 1991 2567 vit
2036 2514 2140 2569 illis
2170 2515 2453 2571 voluntates
2490 2534 2650 2579 meas,
2701 2518 2824 2587 quia
2869 2519 3230 2587 multiplicata:
3267 2528 3386 2573 sunt
3424 2520 3512 2573 ine

1924 2604 2196 2673 [inuitatos
2255 2623 2435 2661 eorum
2474 2624 2640 2676 :qute
2697 2609 2845 2677 prius
2887 2608 3155 2672 latebant,
3207 2619 3298 2662 aut
3346 2608 3508 2665 nulla:

1928 2696 2251 2751 videbantur
2298 2698 2610 2768 iniquitates
2665 2701 3028 2768 multiplicata!
3094 2712 3253 2765 sunt,
3326 2702 3379 2755 id
3428 2702 3518 2759 est

1928 2787 2298 2857 multipliciter
2352 2803 2734 2861 apparuerunt.
2787 2792 2855 2847 Ut
2895 2794 3063 2849 illud:
3096 2793 3373 2849 Peccatum
3419 2810 3503 2847 rc-

1928 2880 2091 2934 t'irit:
2123 2897 2215 2949 ego
2246 2892 2418 2935 autem
2449 2896 2685 2937 mortuus
2716 2902 2831 2938 sum
2857 2884 3029 2957 (Rom.
3066 2883 3185 2952 vn),
3213 2885 3336 2954 quia
3360 2883 3511 2952 prius

1917 2969 2211 3038 aliquando
2253 2972 2519 3026 vivebam.
2558 2972 2623 3027 Et
2674 2974 2775 3028 hoc
2804 2992 2816 3028 τ
2845 2975 3224 3045 Coguoverunt
3275 2988 3372 3045 per
3421 2985 3509 3029 mo

1926 3057 2122 3111 librum
2158 3069 2344 3113 eorum
2374 3078 2385 3113 :
2419 3060 2662 3117 videntes
2695 3063 2836 3117 enim
2874 3064 3041 3117 vitam
3070 3077 3245 3118 meam
3274 3070 3504 3127 rectam,

1926 3160 2293 3222 cegnoverunt
2314 3168 2466 3207 suam
2494 3168 2736 3223 pravam.
2766 3151 2974 3221 Postea,
3002 3157 3052 3211 id
3075 3164 3173 3219 est,
3202 3165 3506 3225 postquam,

1926 3255 2295 3312 cognoverunt
2324 3260 2476 3298 suam
2510 3246 2899 3311 inﬁrmitatem,
2925 3247 3368 3311 acceleraverunt,
3406 3247 3511 3301 sci-

1927 3334 2053 3388 licet
2102 3335 2168 3388 ad
2222 3336 2507 3389 medicmn.
2550 3335 2704 3396 Unde
2756 3337 2922 3391 illud:
2960 3337 3156 3406 Infelix
3194 3354 3286 3407 ego
3332 3338 3507 3400 Immo,

1924 3428 2040 3498 quis
2062 3444 2143 3482 me
2165 3427 2402 3481 liberabit
2436 3430 2499 3483 de
2525 3447 2735 3500 corpore
2763 3431 2944 3483 mortis
2974 3430 3175 3499 hujus?
3196 3431 3381 3486 Gratia
3412 3427 3511 3483 Dei

1927 3536 2018 3591 per
2047 3519 2326 3574 Dominum
2374 3531 2610 3576 nostrum
2652 3522 2833 3576 Iesum
2865 3520 3133 3576 Christum
3177 3520 3355 3593 (lieni.
3384 3520 3505 3592 vn).

1926 3610 2357 3669 Acceleraverunt
2408 3612 2548 3678 dico,
2586 3614 2680 3667 sed
2728 3628 2832 3667 non
2875 3627 2940 3667 eo
2984 3613 3144 3668 modo
3184 3629 3290 3682 quo
3334 3613 3508 3683 prius,

1927 3704 2134 3759 scilicet
2181 3711 2241 3757 ut
2290 3704 2506 3759 diVersa
2560 3705 2671 3759 sint
2718 3720 2904 3758 eorum
2943 3704 3337 3767 conventicula,
3383 3704 3509 3773 quia

1927 3810 2067 3851 unus
2092 3796 2198 3852 erit
2217 3805 2534 3860 conventus,
2568 3797 2691 3865 quia
2719 3796 2788 3849 ibi
2822 3796 2873 3851 in
2916 3795 3020 3850 ﬁde
3058 3794 3259 3850 Christi
3297 3811 3402 3849 non
3433 3804 3509 3849 est

1927 3902 2105 3941 servus
2140 3902 2301 3956 neque
2330 3884 2479 3950 liber,
2528 3898 2630 3941 non
2675 3894 2748 3939 est
2786 3885 3051 3939 masculus
3100 3901 3263 3955 neque
3291 3885 3509 3954 femina,

1928 3997 2034 4036 non
2060 3988 2133 4035 est
2163 3978 2418 4033 barbarus
2450 3996 2609 4049 neque
2653 3977 2845 4050 Scytha
2872 3978 3007 4050 (Col.
3036 3978 3143 4049 ut),
3173 3988 3267 4035 aut
3294 3978 3359 4032 de
3384 3992 3516 4033 san-

1927 4073 2201 4146 guinlbus,
2242 4072 2426 4127 multis
2455 4073 2663 4128 scilicet
2699 4071 3071 4141 hostiis,quia
3116 4070 3179 4124 ad
3211 4084 3374 4126 unam
3416 4071 3524 4125 ho-

1929 4167 2111 4231 stiam,
2142 4174 2199 4220 et
2220 4181 2385 4219 unum
2419 4165 2733 4235 sanguinem
2771 4178 2972 4220 meum.
3010 4164 3078 4220 Et
3112 4165 3217 4221 hoc
3253 4173 3337 4218 est
3369 4163 3517 4235 quod

1927 4259 2099 4314 dicit:
2128 4257 2251 4312 Non
2290 4259 2609 4329 congregabo
2654 4256 3009 4311 conuenticula
3050 4273 3231 4312 eorum
3273 4258 3337 4312 de
3380 4272 3511 4311 san-

1927 4352 2193 4422 guinibus.
2244 4351 2369 4405 Non
2416 4352 2768 4421 congregabo,
2817 4350 2940 4420 quia
3005 4350 3337 4405 convocabo.
3391 4348 3513 4406 Non

1927 4446 2069 4501 enim
2094 4445 2235 4501 solos
2247 4444 2460 4500 Iudaeos
2484 4445 2765 4513 recipiam,
2792 4460 3019 4513 quorum
3039 4459 3311 4516 synagoga
3339 4445 3512 4527 inter-

232 4534 481 4596 peccoto,
527 4533 585 4580 et
618 4525 796 4579 dando
834 4525 1148 4592 patientiam
1197 4531 1252 4578 et
1301 4524 1687 4587 constantiae,
1746 4522 1817 4575 ita

1927 4546 2173 4607 pretatur
2189 4538 2540 4608 congregatio.
2564 4535 2933 4591 Conventicula
2951 4537 3157 4592 scilicet
3178 4522 3513 4603 Iudaeorum,

232 4630 382 4671 nunc
408 4630 693 4679 conserva,
726 4616 778 4669 id
807 4624 911 4681 est,
957 4615 1116 4671 siniul
1155 4628 1276 4669 cum
1309 4617 1486 4668 anima
1516 4630 1670 4669 serva
1698 4627 1819 4668 cor-

233 4722 356 4783 pus,
385 4724 451 4765 ne
476 4708 770 4765 descendat
800 4709 853 4763 in
896 4708 1318 4777 corruptionem.
1348 4705 1441 4763 Vel
1470 4722 1555 4760 me
1582 4715 1741 4777 caput
1766 4714 1824 4762 et

233 4811 435 4870 corpus
463 4798 625 4855 simul
674 4812 851 4865 sorva,
886 4799 1013 4870 quia
1043 4800 1097 4855 in
1132 4814 1250 4853 mea
1300 4800 1701 4854 resurrectione
1736 4806 1826 4856 est

232 4906 423 4953 eorum
463 4891 784 4959 redemptio.
825 4890 892 4946 Et
914 4891 1107 4955 debes,
1134 4891 1385 4962 quoniam
1424 4891 1479 4945 in
1504 4899 1553 4944 te
1594 4889 1819 4960 speravi,

232 4985 427 5040 nonin
462 4986 586 5049 alio,
644 4994 701 5037 ut
738 4984 921 5040 infelix
972 4983 1060 5039 ille
1087 4985 1293 5056 primus
1328 4998 1541 5053 parens.
1575 4984 1677 5051 Qui
1712 4983 1825 5038 vult

233 5078 466 5142 servari,
495 5078 549 5132 in
576 5086 632 5132 te
655 5087 849 5147 speret.
883 5076 1041 5144 Quod
1071 5077 1122 5131 in
1156 5078 1258 5131 hoc
1284 5076 1510 5131 ostendo
1536 5096 1549 5132 :
1579 5077 1699 5131 Dixi
1716 5076 1824 5131 Do-

232 5167 404 5229 mino,
463 5165 676 5222 scilicet
716 5167 769 5221 in
813 5166 1024 5237 Spiritu
1062 5176 1274 5232 sancto,
1304 5165 1511 5221 scilicet
1559 5181 1625 5222 eo
1659 5166 1823 5222 modo
1854 5218 1855 5221 η

234 5257 382 5327 quod
429 5255 711 5313 dicendum
742 5256 841 5314 fuit
869 5275 882 5310 :
914 5252 1084 5311 Nemo
1112 5258 1249 5312 enim
1285 5266 1452 5327 potest
1490 5257 1682 5322 dicere,
1714 5256 1823 5311 Do-

235 5351 414 5405 minus
441 5348 617 5415 δέδαε,
650 5351 744 5406 nisi
784 5351 840 5407 in
881 5343 1090 5420 Spiritu
1114 5360 1291 5406 sancto
1318 5347 1372 5419 (1
1398 5347 1520 5403 Cor.
1552 5360 1683 5421 tu);
1718 5350 1841 5405 hoc.

236 5446 398 5531 dixi;
426 5444 567 5500 Deus
586 5463 726 5502 meus
753 5464 807 5503 es
833 5455 917 5511 tu,
966 5444 1018 5498 id
1064 5454 1146 5501 est
1181 5445 1486 5517 praecipuus
1518 5461 1532 5501 :
1572 5461 1677 5504 non
1720 5459 1823 5515 ego
1856 5501 1859 5505 .

237 5544 297 5589 ut
326 5535 428 5601 illi,
466 5536 656 5604 quibus
678 5537 882 5594 dictum
923 5542 1030 5600 est,
1060 5534 1223 5593 Erilis
1250 5537 1383 5590 sicut
1417 5536 1491 5589 dii
1522 5534 1675 5610 (Gen.
1710 5535 1819 5606 ut).

235 5626 471 5682 Faciant
503 5627 603 5681 sibi
635 5626 720 5684 alii
752 5630 892 5701 alios
937 5627 1066 5682 deos
1105 5628 1173 5682 ad
1199 5625 1574 5683 confusionem
1614 5643 1769 5684 suam
1806 5645 1819 5681 :

236 5738 343 5791 rgo
384 5719 515 5776 nihil
552 5721 689 5777 aliud
718 5725 818 5780 nisi
853 5732 909 5777 le
956 5720 1022 5776 ad
1052 5721 1279 5790 gloriam
1327 5733 1524 5776 meam.
1570 5722 1694 5778 ideo
1725 5718 1822 5774 tibi

1928 4638 1987 4681 ut
2034 4629 2224 4683 domus
2263 4627 2450 4689 Jacob,
2492 4628 2680 4680 domus
2729 4625 2875 4691 Levi,
2923 4643 3042 4697 qua:
3087 4643 3253 4698 parva
3295 4628 3516 4683 fuerunt

1928 4721 1995 4774 ad
2026 4718 2485 4790 comparationem
2524 4718 2762 4773 omnium
2811 4718 3048 4788 gentium
3076 4759 3091 4784 ,
3140 4728 3197 4771 ut
3235 4716 3363 4774 illud
3391 4759 3406 4783 ,
3445 4714 3516 4771 Et

1927 4810 2125 4866 venient
2153 4811 2222 4863 ad
2245 4824 2366 4865 eam
2401 4825 2578 4864 omnes
2606 4818 2779 4879 gentes
2811 4808 2966 4880 (Isai.
3016 4826 3083 4876 u;
3110 4808 3223 4865 Jer.
3266 4810 3400 4879 xw).
3439 4810 3518 4864 De

1928 4902 2278 4973 sanguinibus
2300 4901 2507 4959 scilicet
2534 4910 2831 4965 taurorum,
2856 4901 3147 4956 vitulorum
3165 4942 3179 4965 ,
3207 4901 3514 4963 hircorum,

1930 4993 2020 5061 qui
2047 4992 2294 5047 valebant
2334 4999 2538 5045 tantum
2569 4991 2635 5045 ad
2662 4991 3097 5049 emundatiouem
3126 4990 3306 5046 carnis
3331 5030 3345 5055 ,
3388 4988 3517 5057 quia

1933 5082 1999 5143 ad
2029 5084 2307 5154 proprium
2346 5083 2660 5152 sanguinem
2692 5096 2869 5138 meum
2901 5081 3023 5136 illos
3050 5080 3354 5138 convocabo
3379 5118 3393 5142 ,
3423 5079 3520 5148 qui
3558 5070 3561 5071 7

1931 5174 2233 5229 emundabit
2278 5187 2464 5231 eorum
2512 5171 2883 5227 conscientiam
2933 5170 2998 5223 ab
3028 5158 3268 5241 operibus
3294 5165 3519 5219 mortuis

1931 5264 2001 5317 ad
2048 5266 2375 5323 serviendum
2409 5264 2518 5319 Deo
2566 5263 2749 5320 viventi
2782 5259 2986 5333 (Hebr.
3030 5260 3142 5328 nt).
3174 5256 3286 5311 Nec
3318 5264 3522 5309 memor

1932 5371 2021 5410 ero
2053 5357 2321 5410 nominum
2357 5371 2555 5409 eorum.
2593 5355 2711 5411 Non
2757 5352 2895 5411 ultra
2940 5357 3101 5403 erunt
3139 5346 3375 5410 inimici,
3416 5358 3523 5401 nec

1932 5446 2096 5514 servi,
2126 5462 2220 5502 nec
2245 5446 2394 5517 justi,
2421 5445 2549 5513 quia
2588 5446 2770 5509 amici,
2810 5439 2935 5508 quia
2974 5438 3152 5503 liberi,
3190 5436 3317 5504 quia
3339 5433 3473 5505 justi
3503 5452 3518 5488 :

1931 5554 2023 5607 per
2045 5532 2186 5594 labia
2216 5554 2351 5601 mea,
2384 5537 2434 5591 id
2457 5547 2853 5608 est,pra3cones
2881 5528 3366 5601 meos’prophetas,
3392 5525 3523 5595 quia

1933 5644 2034 5698 ego
2060 5631 2175 5701 ipse
2207 5631 2296 5700 qui
2327 5628 2588 5697 loquebar
2615 5629 2665 5682 in
2711 5624 2848 5684 illis,
2899 5620 3086 5676 adero.
3135 5620 3345 5674 Aliter:
3388 5616 3524 5684 Qum

1934 5722 2292 5776 conventicula
2320 5726 2373 5777 ot
2404 5718 2714 5786 sanguines,
2747 5710 2952 5768 scilicet
2976 5710 3217 5774 ﬁlerunt,
3249 5728 3340 5779 per
3379 5706 3523 5758 labia
