3978 6430
501 437 607 493 213

1147 445 1404 503 REMICII
1443 447 2094 506 ANTISS‘I‘ODORENSIS

2197 451 2278 505 Ψ.
2318 453 2515 509 PARS.
2556 455 2596 508 Ι.
2637 487 2706 495 -
2740 456 3148 515 EXEGETICA.

3651 463 3750 520 ars

504 566 604 642 ego
631 571 726 625 per
759 573 945 613 servos
976 558 1088 615 ﬂeri
1122 563 1366 631 praecepi,
1401 565 1568 619 multo
1594 565 1763 635 magis
1791 573 1950 620 erunt
1972 578 2085 620 scr-
2123 565 2163 627 ί
2188 569 2332 624 mihi.
2383 571 2452 626 Et
2496 588 2593 642 per
2634 573 2778 629 illam
2809 571 3175 632 luere'ditatem
3232 577 3531 632 benedicmn
3574 579 3748 635 Domi-

502 639 676 724 vanda
705 662 825 716 qua:
855 662 954 717 ego
979 649 1095 719 ipse
1119 651 1442 721 praecipiam.
1476 652 1599 707 Non
1638 670 1837 708 memor
1862 671 1950 708 ero
1985 671 2075 708 no-

503 737 703 791 minum
730 754 910 791 eorum
947 757 1040 809 per
1068 739 1209 795 labia
1242 759 1357 797 mea
1379 783 1393 807 ,
1437 744 1489 798 id
1519 753 1636 809 est,
1667 759 1763 814 per
1789 760 1974 815 pacem
2022 758 2077 800 et

503 828 997 885 reconciliationem
1048 846 1247 888 meam.
1274 832 1393 902 Ipse
1429 835 1565 888 enim
1609 845 1685 890 est
1725 853 1831 906 pax
1857 845 2035 890 nostra
2059 876 2075 903 ,

501 917 594 986 qui
612 917 734 987 fecit
757 929 977 990 utraque
999 939 1180 990 unum,
1203 925 1494 984 concilians
1513 943 1630 996 qua:
1647 928 1706 981 in
1725 927 1865 982 cwlis
1887 938 1941 982 et
1961 943 2079 992 qum

502 1007 560 1062 in
590 1017 737 1064 terra
762 1021 882 1066 sunt
905 1010 1064 1083 (Eph.
1090 1031 1160 1081 ιι;
1188 1014 1301 1069 Col.
1339 1017 1419 1087 t);
1463 1017 1794 1075 labiisvenim
1836 1019 2079 1074 osculum

501 1103 655 1169 pacis
679 1103 891 1162 damus.
926 1107 1130 1163 Aliter:
1160 1107 1269 1163 Per-
1293 1109 1434 1164 labia
1459 1129 1574 1166 mea
1601 1111 1944 1182 eongreqnbo,
1977 1127 2081 1164 non

503 1193 704 1250 aliena.
740 1196 852 1268 Ego
881 1197 996 1267 ipse
1031 1202 1313 1254 OStendam
1354 1201 1434 1256 eis
1466 1216 1593 1256 vcra
1628 1201 1893 1257 sacriﬁcia
1913 1241 1927 1265 ,
1955 1201 2081 1270 quia

503 1299 628 1338 caro
657 1299 772 1340 mea
817 1303 966 1342 verus
990 1299 1064 1343 est
1093 1290 1239 1345 cibus
1261 1331 1276 1355 ,
1318 1301 1368 1345 et
1405 1293 1618 1362 sanguis
1650 1309 1791 1347 meus
1836 1309 1985 1346 verus
2008 1299 2082 1345 est

500 1383 655 1443 potus
683 1373 872 1445 (lacn.
909 1378 1010 1448 vr).
1048 1378 1192 1434 Nihil
1237 1382 1381 1436 enim
1425 1383 1477 1436 in
1508 1397 1593 1438 me
1632 1383 1907 1437 invenient
1940 1381 2083 1450 quod

504 1476 612 1516 non
662 1463 734 1519 sit
761 1466 1102 1522 sumendum.
1133 1468 1392 1524 Dominus
1415 1488 1540 1540 pars
1577 1470 1898 1525 hereditatis
1936 1485 2080 1524 mete.

506 1553 587 1609 Ac
610 1555 656 1612 si
684 1556 831 1612 dicat
855 1577 870 1613 :
902 1559 1013 1631 Ego
1042 1575 1142 1617 eos
1162 1560 1282 1617 ideo
1317 1563 1384 1617 ad
1415 1577 1580 1617 unum
1605 1562 1934 1626 convocabo,
1959 1561 2084 1631 quia

504 1643 724 1713 ipsimet
742 1662 805 1703 se
824 1664 930 1704 non
951 1653 1296 1721 separahunt.
1315 1653 1448 1708 Nam
1473 1670 1635 1708 unum
1663 1662 1865 1708 tantum
1881 1661 2084 1722 petent,

506 1750 616 1789 non
641 1737 828 1803 multa,
861 1740 1068 1796 scilicet
1095 1741 1401 1799 Dominum.
1437 1744 1689 1799 Dominus
1709 1760 1832 1814 pars
1859 1743 2087 1798 haeredi-

506 1827 636 1880 tatis
665 1845 812 1896 meae,
859 1830 913 1885 id
942 1839 1026 1888 est
1068 1832 1321 1890 Ecclesiae
1353 1851 1486 1890 meae
1512 1877 1526 1899 ,
1567 1851 1686 1905 qua:
1713 1843 1797 1889 est
1823 1849 1944 1889 mea
1975 1834 2086 1888 liae-

2176 677 2298 714 num
2339 664 2428 733 qui
2451 665 2629 719 tribuit
2660 667 2788 720 mihi
2833 667 3146 722 intellectum
3179 669 3538 739 cognoscendi
3591 671 3751 739 illam,

2177 751 2386 807 scilicet
2435 757 2787 811 conservandi
2843 757 2928 812 vel
2982 759 3325 814 discernendi
3369 775 3521 814 meos
3573 777 3605 814 a
3653 777 3754 817 non

2176 848 2332 902 meis.
2361 847 2603 919 Insuper,
2637 850 2846 906 scilicet
2884 850 3179 906 benedi'cam
3217 851 3504 904 Dominum
3533 854 3601 906 de
3629 853 3753 920 hoc,

2178 937 2308 1003 quia
2353 954 2522 1008 usque
2560 938 2630 992 ad
2661 948 2859 993 noctem
2893 941 3260 1009 increpuerunt
3315 957 3397 994 me
3443 957 3597 992 renes
3641 942 3754 994 mei.

2181 1025 2378 1092 Renes,
2424 1028 2476 1082 id
2515 1035 2598 1082 est
2638 1028 2862 1084 inferior
2889 1045 3014 1098 pars
3046 1045 3186 1093 mea,
3217 1044 3347 1084 caro
3392 1029 3643 1092 scilicet,
3685 1030 3759 1081 in-

2179 1117 2413 1185 crepavit
2441 1158 2454 1181 ,
2483 1117 2536 1170 id
2584 1126 2668 1172 est
2706 1119 2958 1173 erudivit.
3005 1118 3160 1188 Saepe
3205 1119 3348 1173 enim
3394 1117 3759 1187 increpatione

2183 1205 2242 1259 lit
2289 1207 2536 1271 eruditio.
2568 1206 2741 1278 Usque
2765 1209 2834 1262 ad
2855 1217 3076 1273 noctem,
3108 1209 3158 1262 id
3182 1217 3266 1263 est
3305 1222 3473 1276 usque
3501 1207 3572 1260 ad
3618 1214 3760 1260 tene-

2182 1296 2312 1352 bras
2358 1299 2568 1353 mortis.
2607 1298 2662 1352 ln
2707 1299 2790 1353 his
2827 1299 2970 1354 enim
3009 1298 3258 1354 omaibus
3281 1312 3404 1366 qua:
3445 1297 3501 1349 in
3541 1310 3760 1365 corpore

2184 1389 2414 1459 pertuli,
2461 1391 2824 1446 obedientiam
2865 1399 2919 1446 et
2945 1391 3305 1446 humilitatem
3348 1398 3404 1444 et
3449 1389 3762 1459 patientiam

2185 1479 2369 1535 didici.
2409 1480 2618 1535 Aliter:
2659 1479 2885 1550 Insuper
2917 1480 3215 1534 benedicam
3264 1479 3588 1543 Dominum,
3630 1478 3762 1547 quod

2188 1585 2346 1625 renes
2389 1571 2528 1636 mei,
2567 1569 2736 1626 Judaei
2785 1569 3011 1635 scilicet,
3049 1584 3277 1639 quorum
3337 1567 3565 1622 renibus
3611 1577 3764 1621 natus

2188 1678 2327 1727 sum,
2350 1662 2714 1732 increpuerunt
2736 1677 2838 1726 me,
2861 1661 2912 1715 id
2937 1669 3023 1716 est
3061 1660 3269 1715 duriter
3283 1667 3762 1729 argueruntnsqne

2190 1754 2256 1809 ad
2311 1762 2591 1808 mortem:
2640 1753 2766 1821 quia
2831 1752 2903 1808 ibi
2967 1751 3272 1821 exemplum
3336 1749 3663 1804 humilitatis
3715 1755 3765 1800 et

2192 1844 2463 1915 patientiae
2488 1844 2622 1900 meis
2665 1845 2887 1914 praebui.
2950 1843 3164 1898 Aliter:
3221 1841 3446 1911 Insuper
3469 1840 3768 1894 benedicam

454 1956 465 1970 ι
509 1916 738 1986 reditas,
760 1921 887 1989 quia
922 1937 1010 1978 me
1043 1924 1236 1993 Pascit,
1266 1940 1352 1980 me
1377 1925 1627 1981 deleClal-
1661 1924 1852 1981 Omllia
1881 1924 1934 1977 ίη
1981 1923 2086 1977 (ίυο
2115 1922 2164 1982 Β
2193 1935 2440 2001 Domino,
2481 1935 2622 2004 quod
2653 1951 2799 1989 renes
2831 1934 2950 2000 mei,
2984 1935 3036 1989 id
3059 1943 3163 1998 εει,
3195 1932 3528 1988 inﬁrmiores
3575 1939 3767 2000 partes,

510 2006 681 2064 divisa
715 2021 861 2080 sunt,
891 2012 948 2068 in
969 2023 1271 2070 creaturam
1315 2025 1369 2070 et
1393 2016 1728 2072 Creatorem.
1757 2014 1862 2069 Alii
1890 2014 2091 2084 portio—

514 2113 640 2154 nem
668 2114 822 2156 suam
848 2102 905 2156 iu
928 2104 1192 2160 creaturis
1222 2104 1325 2160 sibi
1365 2106 1738 2169 constituunt,
1788 2104 1996 2160 scilicet
2035 2104 2089 2158 in

507 2194 595 2250 his
619 2196 880 2264 caducis;
907 2199 1196 2256 haereditas
1215 2209 1394 2256 autem
1416 2216 1563 2267 mea,
1587 2202 1758 2258 solum
1784 2201 2086 2256 Dominum.

509 2287 579 2340 Et
609 2288 715 2342 erit
740 2304 867 2359 pars
899 2290 1077 2345 colicis
1107 2290 1228 2356 mei,
1257 2291 1465 2348 scilicet
1494 2292 1660 2362 ipsius
1680 2290 1950 2353 Ecclesiae,
1972 2306 2092 2361 quae

507 2386 594 2434 est
622 2379 773 2435 meus
794 2380 964 2445 calix,
984 2381 1114 2450 quia
1142 2395 1229 2436 me
1273 2392 1482 2436 recreat
1507 2398 1522 2434 :
1550 2389 1834 2451 propterea
1863 2380 2006 2435 enim
2036 2380 2090 2433 in

468 2535 474 2538 _
508 2483 673 2525 cruce
693 2470 842 2525 dixi:
870 2469 1007 2527 Sitio
1029 2470 1213 2542 (Joan.
1244 2472 1378 2543 xrx).
1401 2472 1577 2528 Aliter
1601 2491 1614 2526 :
1642 2471 1834 2526 Calicis
1854 2472 1975 2534 mei,
2000 2485 2095 2540 per

510 2559 888 2624 imitationem,
921 2569 983 2616 ut
1022 2561 1184 2629 illud,
1217 2562 1452 2619 Calicem
1480 2563 1690 2619 Domini
1721 2563 2012 2626 biberunt,
2039 2570 2096 2617 et

509 2651 672 2706 amici
721 2651 818 2708 Dei
866 2651 994 2708 facti
1044 2664 1191 2710 sunt.
1235 2655 1492 2711 Ecclesiae
1542 2671 1639 2726 per
1683 2653 2093 2710 similitudinem

512 2740 712 2796 dicitur
738 2750 794 2797 et
823 2743 1112 2798 haereditas
1146 2752 1202 2799 et
1249 2744 1408 2799 calix.
1461 2743 1592 2812 Quae
1639 2744 1929 2800 hmreditas
1975 2757 2094 2798 mea

509 2841 620 2898 est,
643 2842 699 2889 et
724 2834 866 2890 calix
887 2850 1063 2901 meus,
1077 2851 1183 2890 non
1214 2851 1279 2891 ex
1310 2852 1416 2902 me,
1445 2837 1540 2892 sed
1561 2853 1591 2890 a
1616 2836 1829 2906 te,quia
1848 2846 1903 2890 tu
1925 2852 1983 2890 es
2008 2835 2097 2906 qui

513 2925 754 2980 restitues
783 2925 1143 2981 liwreditatem
1165 2944 1334 2981 meam
1361 2929 1508 2994 milii,
1524 2928 1791 2998 perditam
1824 2927 1876 2981 in
1899 2927 2092 2992 Adam;

514 3030 625 3070 non
647 3030 746 3087 ego
775 3016 1086 3072 Dominicus
1117 3018 1298 3079 homo,
1334 3018 1428 3073 sed
1457 3027 1514 3072 tu
1544 3019 1707 3072 Deus.
1736 3017 1943 3071 Aliter:
1974 3015 2096 3071 Non

514 3107 840 3175 congregabo
864 3107 1222 3161 conventicula
1245 3125 1424 3162 eorum
1451 3109 1516 3162 de
1556 3108 1897 3179 sanquinibus
1924 3148 1939 3173 ,
1971 3108 2098 3176 quia

516 3195 786 3252 Dominus.
805 3197 911 3252 erit
940 3213 1069 3268 pars
1115 3198 1446 3254 limreditatis
1473 3215 1606 3255 meae
1636 3215 1732 3270 per
1761 3215 1846 3262 me
1887 3213 2097 3254 assum-

515 3294 665 3356 ptum
719 3287 1031 3351 hominem,
1087 3304 1212 3359 pars
1259 3290 1362 3344 erit
1407 3290 1648 3360 corporis
1694 3291 1819 3346 mei.
1862 3291 1929 3345 Et
1987 3270 2172 3360 ipseC

519 3377 742 3432 mandat
769 3392 939 3444 meos,
981 3395 1086 3434 non
1110 3381 1402 3451 sanguines
1446 3381 1808 3436 victimarum.
1859 3380 2012 3436 Unde
2038 3381 2103 3436 il-

515 3465 633 3533 lud,
661 3467 768 3534 Qui
798 3469 1082 3524 manducet
1119 3487 1328 3524 carnem
1356 3488 1550 3537 meam,
1574 3481 1620 3525 et
1646 3471 1770 3525 bibit
1796 3472 2103 3541 sanguinem

518 3574 712 3625 meum,
745 3560 800 3612 in
826 3576 908 3614 me
930 3571 1103 3614 manet
1135 3570 1182 3614 et
1223 3578 1316 3632 ego
1361 3561 1415 3614 in
1450 3577 1509 3615 eo
1555 3560 1736 3631 (Joan.
1764 3559 1864 3632 vr).
1891 3558 1961 3613 Et
2003 3560 2105 3615 erit

517 3665 641 3719 pars
669 3648 849 3702 colicis
874 3650 994 3712 mei,
1026 3649 1081 3703 id
1115 3659 1198 3705 est
1238 3650 1475 3719 ejusdem
1503 3650 1784 3719 corporis:
1817 3651 1963 3720 quod
1987 3651 2104 3707 ideo

519 3737 720 3792 dicitur
745 3739 882 3793 calix
911 3739 1147 3805 Christi,
1169 3741 1291 3810 quia
1325 3757 1447 3796 cum
1486 3740 1764 3810 plenitudo
1808 3741 2106 3796 divinitatis

520 3829 727 3885 habitet
753 3831 806 3885 in
846 3831 937 3887 illo
987 3831 1224 3902 perfecte
1269 3831 1418 3903 (Col.
1464 3837 1567 3902 ιι),
1613 3834 1826 3902 corpori
1873 3832 1989 3902 ejus
2035 3834 2105 3888 ad

526 3936 833 3978 mensuram
870 3923 1049 3978 datur.
1100 3923 1308 3979 Aliter:
1339 3923 1381 3976 Τ
1385 3941 1417 3977 u
1449 3941 1503 3978 es
1531 3925 1620 3995 qui
1668 3925 1906 3980 restitues
1941 3924 2108 3979 luere-

521 4011 737 4066 ditatem
768 4028 957 4066 meam.
976 4012 1212 4082 Populus
1239 4012 1495 4070 Judaicus
1521 4013 1622 4068 fuit
1649 4029 1767 4070 mea
1793 4015 2102 4070 haereditas.

523 4100 675 4156 Hanc
701 4101 930 4172 perdidi,
956 4102 1080 4172 quia
1114 4103 1261 4157 vinea
1307 4120 1422 4157 mea
1458 4104 1620 4158 electa
1666 4121 1910 4165 conversa
1948 4114 2024 4159 est
2050 4105 2107 4159 in

521 4191 928 4246 amaritudinem
952 4190 1106 4262 (Isai.
1141 4209 1209 4259 v;
1239 4192 1353 4247 Jer.
1399 4199 1482 4266 ιι),
1521 4203 1580 4249 ιιι
1614 4209 1699 4249 me
1724 4195 2104 4267 cruciligeret:

524 4280 680 4338 Facti
692 4291 818 4340 sunt
833 4283 972 4339 rami
985 4283 1158 4349 olivze,
1178 4294 1236 4339 ιιι
1249 4285 1661 4354 intersereretur
1672 4287 1906 4342 oleaster
1924 4286 2101 4358 (Rom.

527 4375 628 4447 ll).
652 4375 760 4432 Sed
787 4385 867 4443 tu,
901 4377 1144 4439 Domine,
1166 4379 1437 4444 restitues,
1484 4377 1608 4448 quia
1662 4378 1900 4448 reliquiae
1943 4378 2105 4434 salva:

524 4469 674 4524 ﬁent.
705 4469 774 4524 Et
795 4485 864 4524 ne
891 4469 1012 4539 quis
1049 4469 1152 4525 sibi
1175 4468 1378 4524 frustra
1395 4469 1694 4540 'applaudat
1733 4471 1788 4525 in
1815 4469 1903 4524 illa
1935 4471 2106 4524 haere-

525 4558 713 4625 ditate,
755 4558 1080 4613 determinat
1125 4559 1217 4628 qui
1249 4559 1323 4612 illi
1371 4559 1511 4622 sint,
1561 4574 1696 4627 quos
1745 4559 1872 4613 velit
1921 4559 2100 4614 dicere

524 4663 679 4703 suam
731 4647 1122 4703 haereditatem.
1175 4646 1352 4701 Fuues
1383 4689 1399 4713 ,
1455 4649 1507 4702 id
1551 4657 1672 4712 est,
1736 4663 2002 4703 mensurae
2045 4659 2101 4704 ct

526 4737 744 4793 termini
775 4736 919 4792 illius
944 4737 1294 4792 haereditatis.
1326 4737 1391 4792 Et
1419 4739 1558 4793 bene
1583 4779 1598 4804 ,
1640 4753 1904 4794 mensura:
1925 4779 1942 4804 ,
1977 4739 2103 4809 quia

527 4833 667 4886 novit
691 4831 947 4886 Dominus
968 4831 1057 4901 qui
1086 4840 1209 4885 sunt
1236 4831 1349 4901 ejus
1374 4831 1458 4902 (II
1489 4831 1622 4886 Tim.
1659 4833 1742 4904 ιι),
1766 4834 1832 4888 ad
1857 4833 2104 4888 similitu-

529 4922 708 4977 dinem
736 4921 963 4986 dictnm,
987 4921 1114 4990 quia
1139 4921 1252 4992 agri
1283 4920 1502 4976 funibus
1530 4933 1929 4978 mensurantur.
1959 4922 2105 4978 Ceci-

526 5018 717 5074 derunt
738 5017 887 5082 mihi,
918 5015 970 5071 id
990 5025 1095 5082 est,
1112 5017 1280 5087 gratia
1311 5027 1397 5072 tua
1423 5027 1566 5073 sorte
1587 5019 1714 5072 mihi
1744 5019 2103 5088 contigerunt.

526 5111 597 5165 In
617 5109 911 5182 prceclaris,
957 5108 1114 5166 idest
1138 5109 1401 5174 candidis,
1433 5125 1539 5164 non
1576 5109 1897 5165 habentibus
1928 5123 2111 5162 macu-

526 5201 633 5255 lam
665 5214 838 5269 neque
867 5213 1053 5269 rugam
1080 5215 1093 5252 :
1127 5197 1396 5253 maculam
1451 5199 1844 5254 incredulitatis
1867 5240 1882 5264 ,
1918 5213 2104 5268 rugam

527 5289 765 5345 hmresis.
796 5286 893 5342 Vel
927 5289 981 5342 in
999 5287 1288 5358 prwclaris,
1319 5289 1371 5342 in
1410 5289 1654 5344 victoria.
1695 5289 1769 5342 Illi
1816 5289 1958 5343 enim
1984 5296 2111 5342 sunt

527 5379 658 5443 mei,
711 5379 802 5450 qui
845 5395 1054 5432 carnem
1101 5394 1252 5432 suam
1305 5378 1676 5446 cruci/iurant
1717 5395 1834 5432 cum
1882 5379 2018 5433 vitiis
2059 5388 2107 5433 et

527 5456 957 5538 concupiscentiis
1002 5468 1158 5540 (Gal.
1186 5471 1260 5540 v).
1319 5468 1425 5524 Sed
1473 5471 1597 5538 quia
1643 5469 1842 5523 mundo
1878 5484 1983 5524 non
2030 5469 2106 5523 ita

528 5559 630 5613 visi
655 5567 799 5622 sunt,
827 5560 935 5614 imo
981 5561 1207 5630 pannosi
1238 5569 1292 5616 et
1326 5560 1788 5631 contemptibiles,
1833 5567 1892 5614 ut
1927 5559 2057 5616 illud
2092 5577 2106 5614 :

531 5649 898 5719 Spectaculum
925 5653 1052 5722 facti
1072 5671 1254 5709 sumus
1283 5656 1477 5709 mundo
1511 5664 1558 5708 et
1583 5654 1780 5726 angelis
1816 5663 1864 5708 et
1887 5653 2110 5708 homini-

532 5739 663 5803 bus,
707 5740 940 5794 omnium
972 5735 1262 5814 peripsema
1308 5761 1470 5814 usque
1518 5744 1688 5797 adhuc
1727 5743 1780 5814 (Ι
1802 5744 1924 5799 Cor.
1974 5743 2051 5812 tv)
2091 5759 2106 5806 ;

533 5828 652 5884 ideo
678 5827 990 5902 subjungit:
1022 5831 1230 5888 Etenim
1257 5825 1536 5890 hcereditas
1578 5851 1690 5889 mea
1731 5832 1987 5903 prwclara
2032 5842 2106 5886 est

2127 4612 2179 4671 D

2189 2025 2554 2094 increpuerunt
2581 2039 2743 2093 usque
2764 2023 2831 2076 ad
2856 2031 3107 2086 mortem,
3143 2031 3195 2076 et
3223 2022 3273 2075 in
3298 2019 3620 2076 inﬁrmitate
3639 2034 3771 2073 mor-

2169 2123 2317 2168 tuus
2343 2129 2460 2168 sum
2489 2129 2505 2177 ;
2548 2113 2642 2166 sed
2670 2128 2814 2166 renes
2837 2113 2936 2166 mei
2964 2111 3202 2176 fuerunt,
3238 2111 3290 2166 id
3340 2118 3424 2165 est
3463 2109 3771 2165 delectatio-

2191 2219 2307 2269 nes,
2349 2204 2403 2258 id
2428 2212 2531 2269 est,
2569 2219 2674 2258 non
2705 2203 2888 2258 solum.
2907 2203 3171 2258 benedico
3194 2212 3246 2257 te
3269 2201 3337 2257 de
3369 2201 3476 2256 hoc
3501 2199 3644 2272 quod
3671 2199 3769 2269 spi-

2192 2297 2333 2350 ritus
2353 2303 2632 2365 promptus
2659 2301 2761 2356 est,
2793 2293 2889 2348 sed
2927 2292 3068 2362 quod
3114 2292 3279 2346 etiam
3329 2305 3460 2346 caro
3504 2289 3761 2345 delectata

2190 2393 2295 2440 est.
2321 2383 2592 2439 Desiderio
2606 2383 2742 2438 enim
2758 2381 3049 2436 desideravi
3071 2382 3168 2435 hoc
3196 2381 3392 2451 pascha
3417 2378 3577 2450 (Luc.
3605 2377 3732 2446 xm)
3749 2414 3763 2430 .

2196 2475 2350 2529 Illum
2381 2473 2577 2528 merito
2601 2471 2882 2536 benedico,
2939 2471 3062 2542 quia
3098 2471 3150 2524 in
3180 2469 3431 2540 passione
3469 2483 3540 2523 ne
3581 2467 3762 2522 delice—

2195 2583 2330 2633 rem,
2377 2565 2738 2635 providebam,
2766 2563 2818 2618 id
2841 2571 2945 2628 est,
2987 2577 3150 2633 porro
3187 2561 3459 2625 videbam,
3489 2558 3764 2614 Dominum

2197 2668 2686 2722 remuneratorem,
2711 2656 2796 2712 vel
2835 2656 2966 2711 mihi
2998 2657 3360 2719 assistentem,
3411 2655 3469 2708 in
3503 2661 3765 2721 conspectu

2194 2768 2328 2814 meo,
2370 2749 2422 2804 id
2455 2757 2559 2814 est,
2591 2747 2737 2801 intus
2781 2746 2832 2800 in
2864 2745 3046 2812 corde,
3073 2745 3166 2799 ubi
3196 2752 3279 2798 est
3326 2758 3490 2798 verus
3534 2741 3765 2800 intuitus,

2195 2857 2416 2912 semper,
2449 2840 2503 2895 id
2525 2847 2631 2904 est,
2653 2845 2708 2892 et
2729 2837 2781 2892 in
2800 2836 3060 2906 passione
3079 2843 3136 2890 et
3161 2835 3214 2890 in
3246 2841 3439 2889 morte.
3498 2832 3566 2887 Et
3591 2829 3766 2885 merito

2198 2932 2346 2986 illum
2370 2930 2741 3000 providebam,
2763 2928 3011 2999 quoniam
3037 2944 3070 2980 a
3092 2926 3290 2980 dextris
3317 2934 3391 2979 est
3415 2923 3566 2987 mihi,
3599 2922 3648 2976 id
3671 2931 3762 2983 est,

2199 3022 2253 3076 in
2283 3020 2603 3091 potioribus,
2643 3017 2730 3072 vel
2767 3016 2947 3072 lantor
2965 3022 3021 3072 et
3046 3015 3311 3086 propitius
3336 3013 3466 3068 mihi
3497 3021 3555 3068 et
3597 3011 3759 3074 meis;

2199 3125 2264 3163 ne
2298 3123 2650 3179 commoveor,
2688 3106 2896 3162 scilicet
2917 3106 2985 3162 ab
3012 3120 3077 3160 eo
3106 3102 3265 3159 simul
3292 3117 3414 3158 cum
3449 3101 3540 3156 bis
3567 3099 3653 3168 qni
3689 3111 3764 3151 me

2200 3202 2463 3257 devorare
2495 3207 2782 3265 conantur,
2825 3211 3058 3268 quorum
3102 3196 3265 3266 pedes
3313 3193 3442 3248 moti
3495 3199 3642 3248 sunt.
3680 3187 3765 3242 Vel

2205 3293 2325 3349 ideo
2352 3292 2500 3347 illum
2517 3291 2912 3357 benedicam,et
2925 3304 3029 3345 non
3045 3288 3206 3344 alium
3228 3305 3242 3341 :
3263 3287 3517 3358 quoniam
3535 3302 3568 3338 a
3587 3283 3766 3338 dextris

2203 3397 2278 3441 est
2298 3385 2448 3452 mihi,
2472 3383 2527 3439 id
2548 3391 2654 3448 est,
2675 3381 2824 3436 illum
2847 3381 3172 3452 praecipuum
3197 3379 3390 3433 habeo.
3419 3375 3644 3446 Propter
3660 3375 3763 3436 bac,

2203 3477 2411 3533 scilicet
2437 3475 2561 3545 quia
2587 3488 2696 3529 non
2723 3485 3086 3535 commovear,
3123 3467 3359 3523 lanatum
3385 3475 3460 3521 est
3481 3481 3575 3520 cor
3587 3478 3762 3525 meum,

2204 3567 2257 3622 id
2288 3575 2390 3632 est,
2436 3566 2582 3622 intus
2606 3564 2848 3628 laetabar,
2875 3561 2976 3617 etsi
3022 3561 3156 3617 l'oris
3186 3569 3420 3630 paterer.
3444 3557 3544 3612 Vel
3567 3561 3766 3626 propter

2205 3660 2308 3715 hoc
2333 3657 2556 3723 scilicet,
2594 3657 2719 3727 quia
2753 3665 2808 3709 tu
2835 3655 2939 3708 hoc
2963 3653 3124 3708 modo
3150 3651 3406 3706 restitues
3439 3648 3576 3702 mihi
3611 3647 3765 3727 hxcrcf

2204 3748 2428 3803 ditatem
2466 3725 2662 3800 meam.
2702 3741 2918 3796 Etcum
2948 3739 3129 3794 laetitia
3159 3737 3341 3794 cordis
3382 3732 3684 3794 exsultauit,
3717 3725 3762 3782 id

2204 3847 2306 3904 est,
2329 3837 2667 3894 exsultanter
2688 3835 2780 3889 tibi
2806 3834 3008 3905 gratias
3028 3834 3139 3905 egit
3163 3833 3342 3904 lingua
3368 3849 3510 3896 mea,
3534 3838 3592 3884 ut
3613 3825 3759 3882 illud:

2205 3928 2384 3994 Pater,
2411 3933 2607 4000 gratias
2632 3942 2730 3996 ago
2753 3925 2846 3980 tibi
2861 3923 3044 3996 (Ioan.
3070 3925 3170 3996 ιιι).
3193 3923 3436 3994 Insuper,
3462 3922 3519 3978 id
3546 3927 3645 3983 εει,
3669 3930 3763 3970 non

2206 4019 2382 4076 solum
2411 4019 2590 4074 anima
2617 4015 2891 4088 gaudebit,
2933 4015 3029 4070 sed
3052 4024 3104 4070 et
3157 4031 3280 4069 caro
3318 4030 3432 4067 mea
3478 4010 3759 4081 requiescet,

2207 4110 2259 4164 id
2287 4122 2391 4175 εει,
2410 4109 2612 4180 iacebit
2648 4108 2703 4162 in
2732 4106 2998 4177 sepulcro.
3036 4105 3104 4160 In
3129 4123 3241 4176 spe,
3272 4105 3372 4160 hac
3401 4103 3626 4166 scilicet,
3649 4111 3764 4168 quo-

2206 4201 2346 4254 niam
2379 4216 2481 4254 non
2509 4198 2834 4268 derelinques
2853 4198 3087 4251 animum
3122 4210 3290 4250 meam
3324 4194 3380 4247 in
3416 4193 3640 4262 inferno,
3680 4197 3762 4238 nec

2204 4290 2352 4343 dabis
2380 4304 2464 4344 me
2488 4298 2722 4344 sanctum
2747 4298 2892 4342 tuum
2919 4288 3090 4342 uidere
3124 4284 3542 4352 corruptionem,
3576 4277 3762 4335 scilicet

2203 4378 2446 4448 corporis
2485 4378 2611 4432 mei.
2651 4376 2830 4432 Jacuit
2853 4376 2998 4432 enim
3031 4390 3159 4430 caro
3186 4372 3388 4429 Christi
3411 4373 3465 4426 in
3490 4367 3759 4442 sepulcro;

2204 4470 2298 4524 sed
2326 4475 2638 4538 corruptum
2671 4482 2775 4522 non
2798 4477 2906 4532 est,
2941 4467 3067 4538 quia
3119 4464 3278 4520 tertia
3327 4463 3418 4518 die
3450 4454 3751 4517 resurrexit.

2207 4547 2378 4612 Aliter
2402 4571 2421 4610 :
2451 4555 2695 4626 Insuper,
2725 4556 2777 4610 id
2813 4565 2917 4621 est,
2950 4570 3055 4610 non
3083 4553 3253 4610 solum
3280 4566 3381 4623 ego
3399 4559 3585 4621 caput,
3611 4545 3696 4602 sed
3714 4548 3761 4596 et

2205 4663 2332 4703 caro
2359 4661 2502 4710 mea,
2533 4646 2586 4701 id
2619 4655 2702 4701 est
2730 4645 2991 4701 Ecclesia.
3048 4643 3198 4700 Unde
3235 4641 3526 4710 Apostolus
3555 4658 3569 4694 :
3611 4637 3760 4690 Erunt

2206 4739 2356 4793 ambo
2381 4740 2433 4794 in
2449 4755 2606 4792 carne
2631 4754 2755 4791 una.
2790 4737 2903 4790 IIoc
2916 4745 3094 4790 autem
3106 4737 3223 4790 dico
3246 4736 3300 4790 in
3321 4734 3529 4789 Christo
3541 4742 3588 4787 et
3601 4725 3760 4784 Eccle-

2205 4832 2284 4884 sia
2313 4829 2472 4901 (Eph.
2507 4829 2606 4900 v).j
2634 4826 2936 4897 Requiescet
2977 4827 3032 4880 in
3061 4835 3236 4881 morte
3275 4841 3305 4879 a
3329 4825 3602 4881 laboribus
3621 4815 3759 4884 hujus

2207 4923 2352 4976 vitaz.
2410 4921 2476 4975 In
2505 4937 2613 4991 spe,
2655 4920 2862 4975 scilicet
2909 4917 3245 4988 resurgendi.
3293 4916 3598 4991 Etmerito,
3639 4921 3755 4979 quo-

2209 5015 2352 5067 niam
2388 5029 2491 5066 non
2537 5011 2860 5077 derelinques
2909 5011 3140 5063 animam
3177 5024 3344 5061 meam
3367 5007 3422 5060 in
3465 5005 3678 5075 inferno,
3714 4993 3758 5048 id

2210 5114 2318 5170 est,
2354 5106 2497 5173 quod
2528 5103 2708 5158 vident
2746 5103 3088 5170 praecessisse
3127 5100 3179 5153 in
3210 5099 3410 5168 capite,
3447 5112 3551 5152 non
3577 5093 3757 5173 'despef

2213 5202 2334 5247 rant
2361 5170 2427 5247 de
2457 5191 2715 5246 membris
2737 5190 2813 5246 illi
2838 5189 3256 5244 adhaerentibns.
3294 5185 3594 5242 Notandum
3631 5170 3754 5247 quod

2210 5283 2339 5338 alibi
2371 5283 2502 5338 dicit
2535 5301 2547 5336 :
2584 5281 2715 5346 Qua:
2759 5280 2958 5334 utilitas
3003 5281 3058 5332 in
3093 5278 3345 5348 sanguine
3379 5293 3494 5332 meo
3529 5275 3648 5328 dum
3676 5265 3757 5319 ἀε-

2209 5374 2397 5429 scendo
2453 5374 2509 5427 in
2566 5369 3001 5441 corruptionem?
3049 5366 3221 5440 (Psal.
3274 5367 3448 5435 XXIX.)
3513 5360 3615 5419 Sed
3667 5355 3756 5410 hoc

2209 5465 2414 5520 dictum
2443 5465 2508 5519 de
2534 5462 2751 5517 vulnere
2779 5461 2962 5516 lateris
2988 5469 3043 5515 et
3066 5459 3236 5514 fixura
3265 5457 3562 5522 clavorum,
3584 5463 3681 5508 non
3699 5443 3755 5498 de

2212 5553 2561 5624 corruptione
2607 5551 2851 5622 corporis
2891 5549 3091 5605 Christi
3137 5549 3193 5604 in
3238 5547 3506 5618 sepulcro.
3570 5543 3752 5598 Revera

2211 5662 2315 5702 non
2353 5645 2504 5700 dabis
2533 5644 2714 5699 videre
2736 5643 3138 5713 corruptionem
3171 5659 3184 5694 :
3225 5641 3333 5696 imo
3375 5648 3523 5693 notas
3550 5630 3667 5688 mibi

2209 5737 2348 5803 cisti,
2374 5737 2425 5791 id
2451 5746 2555 5802 est,
2595 5735 2729 5790 meis
2768 5749 2866 5804 per
2909 5747 2995 5787 me
3023 5732 3130 5813 uias
3155 5732 3302 5795 vita,
3340 5729 3543 5784 scilicet
3567 5713 3754 5813 humili-

2214 5841 2396 5897 tatem,
2422 5829 2756 5901 patientiam,
2788 5806 3244 5898 perscverantiam
3276 5841 3288 5877 :
3320 5833 3377 5877 ut
3399 5806 3751 5877 mcimitando:

3931 689 3933 816 Ν

3931 817 3933 974 ι
