3978 6404
565 431 674 486 219

1192 427 1463 489 numen
1498 424 2158 506 aurissmnonsasts
2195 424 2344 484 ora.
2384 427 2566 484 PARS
2601 426 2642 483 ι.
2682 458 2752 469 -
2788 406 3201 487 maceries;

3729 430 3817 487 ιιι

567 537 975 597 denmaveruat.
1001 538 1158 606 ﬂnod
1179 538 1313 593 dicit
1338 538 1653 609 simpliciter
1671 552 1835 609 opera
1856 539 2156 603 hominum,
2185 546 2233 602 Α
2260 556 2420 615 ergo:
2443 540 2528 603 i‘ao
2548 550 2607 596 ut
2628 540 3010 611 pfaalicatotes
3026 540 3098 597 tul
3110 541 3202 613 qui
3224 548 3348 597 sunt
3364 539 3551 596 oculos
3564 538 3816 611 Ecclesia,

567 632 942 694 excellentiam
955 630 1209 689 ostendit.
1226 627 1293 686 Et
1316 640 1491 685 tamen
1512 632 1722 701 propter
1736 630 1888 684 verba
1900 629 2161 685 [abiaram

567 740 798 795 ιιισι-ιιιιι,
831 724 883 779 id
923 730 1028 789 est,
1079 731 1139 777 ιιι
1177 719 1453 795 implerem
1493 720 1635 790 quod
1667 720 1732 775 de
1775 734 1863 775 mu
1887 720 2164 795 propheta:

568 814 953 885 praedixerunt.
979 812 1069 881 qui
1095 811 1313 866 fuerunt
1328 809 1468 866 labia
1496 825 1633 874 mea,
1657 826 1749 880 ego
1771 810 2026 869 custodivi
2052 811 2162 879 vias

569 906 752 961 duras.
790 904 845 958 In
876 903 1121 967 liebrteo,
1146 904 1259 959 vias
1282 901 1571 968 latronum,
1600 902 1704 958 hoc
1725 911 1813 958 est
1842 901 1958 957 vias
1986 902 2165 959 omnis

570 998 752 1053 auritis
801 996 933 1052 dicit
981 994 1146 1049 David
1185 995 1254 1068 de
1298 1000 1495 1048 morte.
1530 990 1630 1049 Via
1674 992 1967 1058 latronum,
2019 1009 2166 1049 mors

569 1085 748 1141 erucis
768 1100 888 1154 qum
938 1083 1238 1138 latronibus
1292 1091 1348 1136 et
1393 1082 1674 1156 sacrilegis
1725 1083 1982 1152 deputata
2021 1093 2162 1138 erat.

568 1173 872 1233 Custodivit
893 1175 1007 1230 vias
1028 1174 1297 1228 latronum
1322 1172 1602 1239 Dominus,
1629 1171 1847 1244 quando
1869 1173 2010 1229 inter
2032 1174 2167 1230 duos

570 1264 805 1321 latrones
822 1264 1119 1321 cruciﬁxus
1146 1263 1299 1337 (Luc.
1329 1264 1509 1337 mu),
1533 1264 1637 1320 etsi
1677 1273 1824 1323 esset
1869 1279 2017 1319 mors
2056 1265 2168 1319 suis

569 1355 727 1411 factis
753 1357 972 1427 indigna
999 1396 1015 1423 ,
1064 1366 1244 1411 tamen
1276 1358 1546 1428 patienter
1579 1356 1819 1428 pertulit.
1850 1357 2063 1412 Aliter:
2097 1357 2167 1413 Ut

575 1466 678 1502 non
704 1448 951 1521 loquatur
975 1466 1031 1503 cs
1054 1466 1228 1507 meum
1249 1466 1406 1520 opera
1430 1450 1723 1515 hominum,
1740 1449 1813 1505 ita
1840 1465 1945 1504 non
1971 1459 2055 1506 est
2078 1448 2165 1513 in-

571 1552 732 1601 venta
750 1544 807 1602 in
826 1560 913 1598 me
933 1544 1212 1616 iniquitas,
1234 1552 1296 1599 ut
1318 1543 1460 1599 aliud
1477 1557 1584 1601 non
1606 1543 1832 1614 prodeat
1848 1557 1919 1599 ex
1941 1558 2034 1599 ore
2048 1558 2169 1621 meo

576 1633 680 1695 nisi
707 1635 822 1692 laus
853 1643 962 1695 tua.
995 1632 1052 1690 Si
1074 1634 1216 1689 enim
1246 1634 1314 1689 ad
1344 1635 1559 1690 tandem
1587 1647 1763 1689 meam
1794 1634 1897 1689 hoc
1910 1634 2166 1700 dicerem,

571 1740 734 1795 opera
759 1726 1037 1781 hominum
1066 1725 1324 1793 dicerem,
1358 1740 1462 1781 non
1491 1734 1603 1780 tua.
1626 1724 1800 1785 Aliter
1829 1740 1843 1779 :
1882 1725 2055 1780 Tanta
2083 1734 2171 1781 est

573 1806 871 1883 tribulatio,
905 1825 961 1871 at
987 1832 1091 1872 non
1114 1815 1364 1885 loquatur
1382 1833 1442 1872 os
1472 1831 1643 1875 meum
1671 1831 1831 1888 opera
1872 1815 2166 1881 hominum,

2264 631 2624 692 humilitatem
2675 631 2849 690 meam
2889 632 3189 698 imitentur,
3242 633 3361 688 sine
3398 646 3503 703 qua
3546 633 3820 708 intelligere

2263 718 2532 780 et‘videre
2558 739 2665 780 non
2693 721 2871 781 valent
2890 736 3010 794 quae
3030 718 3258 778 videnda
3282 730 3430 788 sunt,
3450 722 3711 780 sicutuou
3741 740 3819 781 va-

2264 813 2338 870 let
2361 812 2552 870 oculus
2583 814 2764 873 videre
2794 813 2912 868 sine
2957 812 3178 884 pupilla.
3218 809 3421 868 Taliter
3455 812 3699 871 custodi:
3724 811 3821 872 ,ςιι

2263 902 2449 958 umbra
2470 902 2678 958 ala-rum
2697 911 2909 963 tuarum
2929 911 3134 972 protege
3152 916 3253 955 me.
3271 899 3628 972 Superveniat
3651 903 3820 962 obmu-

2264 992 2440 1055 bratio
2469 990 2701 1063 Spiritus
2726 992 2900 1052 sancti
2943 1006 3042 1064 per
3067 992 3311 1063 geminas
3350 991 3485 1059 alas,
3516 993 3572 1047 id
3618 1002 3728 1060 est,
3751 994 3821 1050 dli

2265 1082 2553 1139 lectionem
2583 1082 2681 1140 Dei
2714 1090 2770 1138 et
2806 1081 3077 1152 proximi,
3107 1090 3162 1136 et
3200 1090 3449 1155 protegat
3493 1082 3563 1139 ab
3607 1082 3822 1139 omnium

2266 1176 2658 1241 incentivorum
2717 1175 2909 1235 nociva
2956 1183 3111 1230 aestu.
3169 1172 3321 1229 Unde
3394 1172 3523 1227 illud
3547 1187 3579 1226 :-
3619 1171 3824 1242 Spiritus

2264 1278 2477 1323 sanctus
2520 1266 2841 1337 superueniet
2866 1268 2922 1321 in
2956 1275 3046 1337 te,
3092 1266 3329 1345 etvirtus
3374 1262 3631 1319 Altissimt'
3673 1263 3825 1319 obust-

2267 1359 2435 1414 brabit
2476 1358 2568 1413 tibi
2609 1357 2760 1427 (Luc.
2810 1357 2874 1428 I).
2918 1357 3118 1413 Aliter:
3143 1356 3369 1426 Protege
3395 1370 3481 1409 me
3504 1353 3824 1424 intelligentia

2267 1449 2496 1505 duorum
2533 1447 2999 1505 Testamentorum
3028 1447 3082 1502 in
3109 1461 3338 1516 corpore
3374 1458 3498 1500 meo
3523 1486 3538 1510 ,
3572 1446 3708 1503 sicut
3731 1444 3824 1516 gal-

2267 1538 2379 1593 lina
2420 1537 2594 1611 pullos
2634 1551 2762 1595 suos
2808 1537 3046 1608 protegit
3083 1535 3183 1592 sub
3234 1534 3366 1600 alis,
3416 1548 3485 1588 ne
3538 1533 3709 1604 rapiat
3747 1547 3826 1591 eos

2269 1630 2503 1696 milvus,
2560 1630 2614 1686 id
2677 1636 2764 1685 est
2819 1628 3087 1692 diabolus.
3140 1626 3197 1693 Α⁴
3246 1627 3382 1698 [acie
3432 1626 3709 1697 impiorum
3756 1624 3826 1696 qui

2268 1739 2350 1778 me
2377 1723 2691 1796 aﬂlixerunt,
2720 1721 2773 1776 id
2817 1728 2904 1775 est
2931 1719 2999 1775 ab
3045 1718 3279 1790 imagine
3307 1717 3618 1773 Judmorum
3660 1723 3714 1771 et
3735 1715 3825 1773 ita.

2269 1816 2581 1880 reticorum,
2613 1827 2680 1868 ne
2699 1808 2931 1868 devocer
2976 1810 3031 1868 in
3086 1822 3462 1880 corporemeo
3509 1807 3583 1864 ab
3625 1805 3829 1877 imagine

571 1907 631 1966 id
659 1914 761 1973 est,
791 1902 935 1976 quod
962 1922 1067 1963 non
1106 1907 1180 1962 sit
1202 1921 1338 1978 opus
1375 1915 1434 1961 ut
1456 1921 1556 1977 ego
1584 1907 1777 1987 loquar
1798 1948 1814 1972 ,
1839 1906 1965 1987 quia
2008 1921 2172 1977 opera
2207 1911 2250 1969 Β
2277 1915 2334 1964 et
2361 1905 2718 1973 similitudine
2758 1913 2872 1971 tua,
2902 1911 2958 1958 et
2984 1900 3327 1967 conforment
3359 1898 3461 1954 illi.
3491 1897 3563 1953 Et
3605 1912 3732 1968 opus
3764 1905 3831 1953 est

568 1996 848 2059 hominum
876 1996 1019 2051 {uada
1045 1997 1100 2051 in
1147 2012 1256 2065 me,
1278 2007 1336 2053 et
1375 1998 1535 2052 nimis
1561 1980 1803 2067 crudelia
1832 1986 1931 2071 per
1954 2012 2014 2052 se
2041 1997 2174 2054 satis

570 2082 884 2159 loquuntur.
915 2086 1139 2159 Propter
1168 2089 1322 2143 verba
1362 2087 1623 2143 labiorum
1664 2096 1874 2141 tuorum
1899 2127 1915 2152 ,
1948 2086 2002 2142 id
2049 2094 2133 2142 est
2155 2133 2172 2160 ,

570 2182 705 2251 quia,
730 2189 783 2235 tu
803 2180 1036 2249 iussisti,
1061 2196 1154 2250 ego
1174 2179 1431 2235 custodiri
1451 2180 1561 2235 vias
1589 2178 1848 2243 duras,id
1872 2187 1975 2244 est,
2007 2178 2174 2233 multa

576 2281 867 2329 tormenta.
892 2270 1103 2327 Aliter:
1134 2269 1355 2339 Propter
1380 2270 1532 2325 verba
1556 2269 1817 2324 labiorum
1853 2280 2087 2335 tuorum,
2120 2270 2173 2326 id

572 2371 683 2428 est,
715 2373 936 2434 propter
962 2375 1150 2432 pacem
1188 2368 1243 2414 et
1275 2360 1770 2416 reconciliationem
1791 2400 1809 2427 ,
1847 2374 2009 2439 quam
2049 2375 2175 2431 pro-

585 2454 781 2510 misiSti
809 2454 1011 2509 mundo
1034 2458 1130 2523 per
1157 2467 1275 2519 me;
1300 2452 1425 2524 quia
1446 2452 1604 2508 labiis
1629 2450 1871 2508 osculum
1899 2452 2049 2522 pacis
2070 2438 2174 2506 da-

575 2559 718 2602 mus.
735 2543 849 2617 Ego
874 2545 1132 2600 custodivi
1155 2545 1264 2600 uias
1285 2546 1470 2621 duras,
1486 2545 1541 2600 id
1560 2553 1666 2612 est,
1685 2545 1938 2601 mandata
1967 2554 2055 2599 tua
2079 2544 2177 2599 dif-

577 2633 874 2692 ilcilia'non
904 2635 1058 2701 mihi,
1073 2635 1168 2691 sed
1190 2636 1591 2707 incipientibus.
1608 2635 2007 2709 Hieronymus?
2024 2635 2177 2703 'Qno-

581 2724 744 2786 modo
766 2726 952 2789 duras,
984 2740 1106 2781 cum
1135 2726 1347 2782 dicatur
1374 2726 1607 2798 :Jugmn
1628 2743 1803 2782 ineunt
1827 2744 1987 2783 suave
2006 2738 2103 2791 est,
2128 2738 2176 2783 et

579 2829 713 2871 onus
732 2830 900 2868 meum
921 2812 1258 2886 leve(Matth.
1279 2818 1354 2887 ιιι)
1370 2816 1394 2870 ?
1410 2816 1515 2871 Sed
1532 2815 1993 2884 levezvolentibus,
2011 2831 2177 2889 grave

573 2904 1115 2961 nolentibus.Aliter:
1152 2906 1374 2975 Propter
1390 2908 1570 2973 verba,
1586 2907 1769 2973 idest,
1783 2907 1959 2963 minas
1982 2907 2180 2962 futurae

577 2992 962 3061 damnationis,
984 2994 1245 3054 labiorum
1270 3007 1500 3063 t'uorum,
1514 2996 1565 3052 id
1593 3005 1676 3053 est
1698 2984 2030 3067 praeconum,
2048 3013 2179 3067 apu-

579 3085 848 3145 stolorum
870 3094 929 3140 et
953 3086 1371 3156 prophetarum;
1397 3095 1461 3142 ut
1480 3086 1607 3143 illud
1642 3108 1656 3143 :
1686 3085 1963 3143 Geninn‘na
1978 3089 2182 3158 vipera-

574 3189 712 3243 ruut,
727 3178 843 3250 quis
857 3193 943 3234 vos
957 3177 1192 3233 liberabit
1205 3195 1236 3232 a
1251 3188 1466 3233 ventura
1478 3180 1563 3234 ira
1577 3178 1757 3251 .’(Luc.
1773 3177 1998 3252 III).Ego
2013 3189 2181 3234 custo-

577 3268 689 3329 diri
714 3270 826 3326 tias
837 3270 1021 3337 dum,
1045 3269 1097 3326 id
1117 3279 1221 3336 est,
1245 3284 1441 3344 magna
1462 3279 1728 3327 tormenta
1757 3270 1813 3325 in
1838 3271 1993 3336 meis,
2012 3270 2172 3326 utilia

577 3358 756 3431 futura
772 3369 1037 3418 tormenta
1049 3361 1356 3419 evaderem.
1371 3361 1573 3433 thuia
1589 3361 1853 3418 custodivi
1867 3360 1981 3417 vias
2006 3361 2171 3417 duras

578 3461 794 3513 nonest
822 3452 1036 3509 inventa
1079 3453 1133 3508 in
1174 3469 1265 3510 me
1298 3453 1575 3527 iniquitas.
1617 3451 1725 3527 Sed
1773 3460 1863 3518 ιιι,
1908 3451 2168 3517 Domine,

578 3543 783 3616 perﬁce
809 3544 953 3615 quod
999 3544 1053 3598 in
1096 3557 1185 3601 me
1224 3525 1467 3614 incepisti
1515 3553 1571 3598 et
1614 3525 1668 3597 in
1711 3541 1968 3597 membris
2014 3541 2170 3596 meis.

586 3629 797 3702 Perﬁce
822 3650 1029 3704 gressus
1055 3649 1219 3697 meos,
1242 3634 1295 3688 id
1318 3644 1423 3699 est,
1445 3646 1637 3692 crimes
1656 3629 1882 3687 affectus
1903 3639 1959 3686 et
1984 3630 2172 3688 volun-

586 3727 722 3787 tates
753 3734 994 3781 meorum
1025 3720 1435 3790 przrdicatorum
1456 3762 1470 3785 ,
1501 3722 1556 3775 in
1583 3721 1780 3775 sentitis
1805 3720 1933 3785 tuis,
1965 3719 2017 3774 id
2056 3726 2168 3784 est,

582 3806 643 3863 in
676 3807 843 3865 arctis
865 3808 1156 3867 mandatis.
1186 3807 1262 3864 lta
1304 3808 1533 3877 perﬁce.
1565 3819 1618 3862 nt
1643 3824 1746 3862 non
1772 3818 2082 3863 moveantur
2104 3810 2173 3864 ab

584 3897 666 3967 eis
718 3898 936 3969 uestigia
978 3914 1127 3963 mea,
1179 3897 1234 3953 id
1284 3908 1396 3961 est,
1461 3898 1709 3966 exempla
1754 3898 2076 3954 humilitatis
2120 3908 2174 3953 et

583 3991 857 4061 patientia:
910 4007 1065 4049 mete.
1128 3991 1335 4047 Perﬁce
1381 3993 1434 4046 iu
1489 3993 1768 4065 membris,
1817 3994 1942 4066 quia
1991 3993 2045 4048 in
2088 4009 2176 4049 me

578 4081 693 4159 iam
752 4078 1060 4151 perfecisti,
1097 4079 1349 4152 quoniam
1382 4082 1649 4137 cxaudisti
1698 4099 1801 4146 me,
1843 4080 2006 4137 Deus.
2050 4082 2175 4139 Ideo

583 4169 881 4234 exaudisti,
942 4169 1068 4240 quia
1109 4186 1201 4241 ego
1243 4170 1502 4236 clamavi,
1562 4172 1613 4226 id
1659 4180 1778 4239 est,
1824 4173 1982 4229 iidem
2027 4182 2174 4230 tuam

588 4269 776 4334 aperte
821 4260 1096 4327 uuntiavi;
1155 4260 1239 4316 vel
1295 4260 1557 4328 clamavi,
1612 4277 1678 4319 eo
1726 4263 1887 4321 modo
1944 4279 2053 4336 quo
2105 4267 2175 4323 ad

585 4360 643 4407 te
701 4350 1041 4408 danmndum
1080 4349 1228 4415 fuit,
1275 4351 1328 4405 id
1391 4359 1514 4417 est,
1574 4352 1851 4409 irremisse
1911 4355 2027 4425 egi,
2089 4355 2177 4411 vel

585 4441 756 4497 libera
824 4450 879 4496 ct
923 4441 1103 4497 valida
1165 4442 1464 4498 intentione
1521 4444 1590 4498 ad
1631 4454 1685 4500 te
1728 4459 1926 4515 preces
1971 4444 2168 4500 direxi.

584 4535 931 4598 Ideo-inclina
960 4551 1105 4593 nunc
1131 4552 1318 4592 aurem
1345 4546 1491 4591 tuam
1528 4539 1656 4593 mihi
1700 4539 1879 4595 oranti
1926 4554 2027 4610 pro
2068 4539 2174 4594 illis

586 4631 753 4685 etiam
780 4632 872 4701 qui
898 4630 1063 4687 futuri
1084 4638 1212 4687 sunt
1236 4632 1363 4689 mei.
1388 4632 1597 4689 lnclina
1617 4650 1823 4702 aurem,
1850 4644 1910 4690 ut
1932 4636 2172 4694 medicus

589 4719 807 4790 aegrotis
832 4720 924 4790 qui
951 4733 1058 4775 nou
1094 4721 1275 4777 valent
1296 4736 1396 4792 per
1439 4737 1503 4779 se
1525 4735 1747 4793 surgere
1777 4725 1902 4794 quia
1928 4724 1985 4780 in
2032 4724 2174 4781 lecto

589 4821 935 4882 peccatorum
995 4811 1205 4881 iacent,
1260 4829 1490 4884 quorum
1557 4815 1924 4872 inﬁrmitatem
1970 4817 2022 4872 in
2085 4830 2176 4873 me

588 4903 823 4974 suscepi.
862 4902 976 4958 [loc
1013 4904 1172 4960 modo
1196 4905 1391 4961 exaudi
1421 4918 1605 4962 vocem
1630 4921 1827 4962 meam.
1867 4904 2172 4961 Μίδαι-ἔσοι’,

591 4993 711 5048 dias
738 5001 859 5047 luas
884 5008 982 5063 per
1025 5009 1110 5050 tne
1135 4995 1336 5052 mundo
1372 4996 1639 5052 exhibitas
1664 4996 1888 5066 miriﬁca
1912 5037 1926 5063 ,
1960 4996 2014 5051 id
2045 5004 2131 5053 est

591 5082 978 5146 desiderabiles
999 5086 1104 5142 illis
1131 5087 1219 5143 fac
1261 5088 1345 5142 vel
1372 5087 1647 5144 mirabiles
1676 5089 1918 5155 ostende,
1950 5103 2018 5145 ne
2047 5089 2154 5146 vile

590 5188 766 5245 scunt,
791 5178 1119 5235 declaranda
1135 5195 1230 5236 eas
1253 5195 1349 5250 per
1380 5180 1631 5235 doctores
1664 5191 1802 5235 tuos.
1836 5180 1920 5235 Ad
1949 5180 2052 5236 hoc
2079 5183 2151 5237 mi

592 5269 767 5335 riiiea,
794 5279 861 5331 ιιι,
892 5279 1112 5339 sperent
1153 5271 1207 5325 in
1238 5280 1321 5337 te,
1355 5281 1411 5327 et
1449 5271 1717 5343 sperando
1748 5270 2056 5334 solventur;
2086 5275 2177 5344 qui

588 5360 761 5417 salvos
790 5363 924 5433 facis
948 5373 1216 5433 sperantes
1247 5365 1303 5418 in
1329 5373 1398 5419 te.
1433 5363 1499 5419 Et
1527 5364 1653 5436 quis
1682 5362 2026 5422 salvoslacis
2055 5378 2178 5436 spe-

593 5462 779 5508 rantes
800 5453 855 5514 in
887 5461 938 5509 te
953 5493 974 5518 ,
996 5470 1028 5508 a
1066 5453 1419 5509 resistentibus
1441 5455 1672 5510 dea-terte
1693 5464 1821 5523 tute,
1844 5455 1896 5511 id
1921 5463 2023 5521 est,
2047 5454 2178 5510 mihi

579 5543 754 5615 capiti
790 5554 844 5601 et
876 5546 1040 5612 meis,
1071 5545 1277 5601 custodi
1307 5563 1389 5602 me
1425 5558 1482 5601 ut
1508 5548 1761 5619 pupillam
1804 5548 1980 5614 oculi,
2013 5564 2044 5603 a
2103 5534 2177 5605 si-

595 5636 731 5691 mili.
762 5636 972 5693 Aliter:
1010 5636 1211 5708 pupilla
1240 5644 1326 5693 est
1356 5637 1445 5693 illa
1482 5652 1610 5708 pars
1639 5653 1738 5708 per
1782 5652 1944 5708 quam
1991 5637 2181 5694 oculus

599 5728 815 5783 videtet
842 5728 1121 5794 discernit,
1142 5728 1232 5784 sic
1253 5738 1310 5784 et
1331 5727 1579 5785 Christus
1602 5738 1682 5784 est
1705 5727 1905 5798 pupilla
1925 5727 2180 5782 Ecclesiae

597 5832 734 5884 antae,
760 5819 886 5891 quia
916 5817 1004 5875 ille
1034 5818 1181 5875 solus
1210 5818 1470 5879 discernit
1508 5836 1633 5878 suos
1663 5835 1695 5876 a
1724 5835 1833 5876 non
1875 5820 2003 5877 suis.
2035 5819 2175 5876 Dicit

2275 2009 2337 2055 ut
2355 2006 2631 2070 protegas.
2656 1994 2868 2051 Inimici
2886 1995 2989 2050 mei
3013 1995 3437 2049 animatumeam
3459 1988 3828 2046 concluserunt.

2274 2089 2447 2147 Judtei
2472 2087 2776 2152 Christum,
2810 2093 2866 2141 ει
2895 2084 3045 2155 impii
3076 2083 3314 2139 haeretici
3342 2089 3400 2137 et
3423 2080 3513 2139 alii
3538 2079 3828 2141 Ecclesium.

2275 2195 2383 2237 non
2432 2179 2500 2234 ad
2551 2174 2909 2240 imitandum,
2953 2173 3049 2231 sed
3091 2174 3161 2230 ad
3205 2171 3567 2244 perdendum.
3615 2169 3829 2225 Animam

2276 2284 2454 2326 meam
2518 2266 2974 2323 circumdederunt
3034 2263 3590 2322 circumventionibus
3640 2260 3827 2323 multis,

2277 2360 2443 2418 minis
2468 2368 2524 2415 et
2546 2357 2867 2424 blanditiis;
2891 2356 3150 2428 quidquid
3189 2355 3337 2421 enim
3378 2354 3430 2409 in
3458 2356 3685 2423 corpore
3715 2350 3830 2405 iece-

2277 2461 2423 2518 runt,
2456 2451 2510 2505 in
2534 2450 2772 2511 animam
2803 2448 3104 2505 machinati
3128 2458 3277 2515 sunt,
3302 2456 3361 2502 ut
3385 2447 3530 2503 illam
3562 2463 3592 2501 a
3620 2457 3670 2501 te
3692 2445 3829 2505 dero.

2277 2553 2484 2602 carent.
2508 2542 2575 2605 Et
2602 2542 2854 2597 inimicus
2873 2540 3121 2597 diabolus
3143 2555 3251 2596 non
3274 2539 3530 2611 intelligit
3550 2538 3676 2608 quid
3698 2538 3830 2592 homo

2278 2636 2500 2707 cogitet,
2532 2634 2637 2707 nisi
2664 2646 2762 2702 per
2789 2632 3336 2690 exterioresmotus:
3364 2640 3420 2687 et
3456 2631 3509 2687 in
3542 2646 3647 2700 quo
3670 2641 3829 2684 unum-

2279 2738 2550 2796 quemque
2593 2720 2850 2777 delectari
2884 2721 3050 2788 videt,
3082 2728 3143 2776 ut
3186 2720 3331 2776 intus
3372 2720 3579 2790 capiat,
3623 2719 3830 2775 diversas

2280 2813 2651 2885 Suggestiones
2697 2809 2882 2872 infert.
2928 2810 3144 2880 Adipata
3189 2824 3346 2864 suum
3387 2808 3765 2870 conclamant,
3787 2804 3829 2857 id

2280 2914 2364 2963 est
2398 2904 2771 2974 obligaverunt
2798 2909 2854 2957 et
2896 2900 3240 2957 involverunt
3267 2914 3330 2955 se
3360 2899 3567 2954 malitia
3594 2906 3649 2952 et
3674 2895 3829 2952 Ιιειὶιίλ

2283 2993 2599 3066 temporali,
2632 3001 2691 3047 ut
2731 3007 2839 3047 non
2888 2991 3277 3049 manducarent
3321 3004 3406 3044 me
3435 3002 3632 3059 panem
3659 2987 3828 3049 vivum,

2281 3088 2371 3158 qui
2403 3086 2458 3141 in
2484 3083 2890 3143 similitudinem
2925 3097 3139 3144 manum
3181 3082 3249 3137 de
3282 3080 3420 3137 caelo
3461 3077 3725 3135 descendi.
3748 3074 3832 3131 Per

2281 3179 2494 3250 adipem
2522 3176 2727 3233 malitia
2754 3176 3069 3248 designatur
3088 3189 3248 3246 quem
3279 3173 3335 3229 in
3366 3172 3533 3231 veteri
3570 3170 3681 3241 lege
3706 3180 3830 3225 man-

2203 3253 2248 3317 C
2280 3265 2481 3329 ducare
2516 3262 2895 3335 prohibentur,
2919 3261 3047 3332 quia
3088 3275 3184 3321 cor
3206 3273 3395 3316 eorum
3421 3254 3625 3315 malitia
3655 3256 3829 3311 inerat»

2275 3364 2452 3411 satum
2477 3362 2597 3410 erat
2623 3351 2840 3424 (Matth.
2869 3352 2992 3421 xm)
3018 3369 3033 3406 :
3067 3357 3355 3421 propterea
3386 3348 3438 3403 in
3479 3346 3693 3405 cantico
3719 3343 3832 3398 Deu-

2275 3446 2562 3506 teronomii
2591 3446 2791 3503 dicitur
2814 3463 2829 3499 :
2862 3442 3226 3501 Rccaicitravit
3255 3439 3497 3505 dilectus,
3522 3439 3829 3497 incrustati,

2270 3539 2630 3610 impinguatus
2648 3575 2663 3603 ,
2691 3533 2947 3592 dilatata:
2975 3533 3044 3595 de
3079 3531 3283 3589 malitia
3324 3529 3503 3601 (Deut.
3535 3526 3719 3614 χχχιι).
3747 3523 3829 3580 Re-

2275 3629 2602 3694 calcitravit,
2625 3627 2756 3697 quia
2792 3626 3048 3685 mandata
3078 3623 3373 3683 observare
3401 3621 3594 3677 uoluit.
3630 3619 3832 3675 Dilectus

2276 3720 2398 3787 fuit,
2429 3720 2555 3790 quia
2584 3732 2780 3773 manna
2813 3716 2881 3773 de
2921 3714 3062 3773 coelo
3099 3713 3177 3770 illi
3220 3712 3374 3784 pluit.
3414 3710 3485 3768 Et
3512 3709 3639 3780 quia
3667 3703 3829 3775 adipati

2276 3819 2432 3869 erant
2457 3808 2739 3880 temporali
2766 3808 2955 3871 laetitia
2973 3848 2988 3875 ,
3025 3822 3083 3862 os
3111 3821 3294 3861 eorum
3326 3804 3562 3859 locutum
3595 3811 3665 3857 est
3687 3808 3831 3869 ruper-

2277 3900 2437 3956 biam.
2472 3897 2739 3954 Nolumus
2783 3897 2930 3953 hunc
2968 3903 3200 3968 regnare
3225 3908 3391 3965 super
3419 3906 3518 3949 nos
3549 3891 3694 3965 (Luc.
3719 3886 3828 3957 nx).

2278 3990 2625 4061 Projicientes
2643 4004 2726 4043 me
2748 3987 2901 4057 prius
2934 3987 2989 4041 in
3017 3987 3181 4050 meis,
3212 3985 3299 4041 vel
3326 3989 3642 4053 respuentes
3665 3974 3832 4036 docui-

2277 4097 2403 4138 nam
2438 4096 2615 4137 meam
2661 4082 2831 4150 prius,
2875 4079 2958 4135 vel
3002 4078 3350 4151 projicientes
3397 4082 3555 4130 extra
3596 4071 3830 4129 civitatem

2276 4174 2432 4245 quasi
2466 4172 2752 4254 pollutum,
2783 4179 2839 4225 ει
2878 4171 3032 4241 quasi
3062 4184 3143 4238 ex_
3171 4183 3292 4227 mea
3328 4176 3504 4223 morte
3538 4163 3833 4237 pollueretur

2276 4253 2503 4334 civitas,
2548 4266 2633 4325 vel
2673 4281 2818 4325 nunc
2845 4266 3054 4322 scilicet
3081 4280 3206 4322 eum
3234 4263 3502 4335 praemissi
3538 4271 3680 4327 sunt,
3720 4268 3830 4311 nunc

2275 4357 2750 4424 circumdederunt,
2798 4356 2850 4411 id
2885 4363 2992 4424 est,
3038 4370 3184 4417 nunc
3211 4355 3428 4411 tandem
3456 4356 3831 4411 consummate

2274 4457 2403 4504 runt
2429 4449 2764 4518 iniquitatem
2801 4462 2979 4514 suam,
3009 4456 3267 4519 spuentes
3305 4448 3359 4502 in
3390 4462 3506 4514 me,
3544 4456 3600 4504 et
3624 4438 3832 4512 colaphis

2277 4539 2569 4604 caedentes,
2594 4547 2650 4593 et
2681 4537 2896 4597 tandem
2936 4537 3077 4609 turpi
3112 4546 3288 4594 morte
3326 4538 3753 4593 condemnantes.
3778 4526 3831 4583 Et

2279 4644 2388 4686 non
2415 4629 2614 4688 mirum
2640 4628 2686 4685 si
2718 4628 2913 4684 bzec'in
2959 4638 3235 4685 auctorem
3274 4629 3402 4684 vitae
3439 4621 3829 4692 fecerunt,quia

2278 4719 2457 4783 oculos
2481 4734 2625 4785 suos,
2653 4720 2708 4776 id
2751 4727 2854 4784 est,
2899 4728 3133 4776 mentem
3162 4735 3268 4790 qua
3309 4719 3641 4779 divinitatem
3664 4711 3829 4786 quain

2276 4819 2367 4867 me
2387 4813 2714 4883 operabatur
2743 4812 2927 4867 videre
2962 4812 3285 4875 debuerunt,
3314 4818 3631 4875 statuerunt,
3674 4804 3721 4862 id
3744 4808 3827 4863 est.

2276 4904 2508 4959 ﬁrmiter
2531 4911 2925 4975 proposuerunt
2950 4903 3238 4971 declinare,
3274 4902 3330 4959 id
3357 4909 3462 4968 est,
3505 4902 3742 4957 decrsum
3761 4893 3827 4946 in-

2264 4995 2483 5081 ἦεὶίιιιιινε
2503 4996 2555 5050 in
2580 5006 2802 5061 terram,
2821 4996 2873 5050 id
2896 5007 2997 5061 est,
3015 5011 3213 5068 corpus
3234 5010 3433 5058 meum,
3450 4995 3505 5050 id
3526 5003 3628 5059 est,
3656 4994 3829 5081 tantum

2270 5073 2370 5145 inte
2396 5090 2670 5146 hominem
2700 5090 2924 5146 credere
2948 5089 3254 5155 voluerunt,
3299 5097 3357 5145 et
3401 5102 3509 5143 non
3550 5073 3828 5151 Deumn'el

2283 5196 2525 5239 amorem
2554 5181 2734 5237 cordis
2761 5181 2813 5235 in
2846 5189 3082 5246 terrena,
3107 5189 3167 5235 ut
3200 5180 3373 5251 magis
3405 5178 3685 5249 diligerent
3701 5184 3828 5229 mun-

2283 5271 2409 5327 dum
2431 5287 2592 5342 quam
2631 5271 2823 5327 Deum.
2864 5269 2959 5329 Vel
2989 5287 3113 5327 cum
3140 5271 3288 5327 omni
3315 5269 3610 5327 intentione
3632 5265 3828 5322 circum-

2282 5365 2543 5422 dederunt
2571 5374 2630 5421 ut
2659 5366 2989 5435 perderent:
3021 5363 3165 5435 quod
3207 5364 3260 5418 in
3311 5363 3415 5417 hoc
3455 5357 3826 5417 ostendebatur.

2285 5457 2413 5527 quia
2457 5456 2642 5512 oculos
2690 5458 2743 5512 in
2785 5466 2927 5513 terra
2975 5455 3229 5528 ﬁgebant.
3271 5453 3618 5524 Susceperunt
3648 5464 3736 5513 me,
3762 5439 3828 5498 vel

2283 5545 2453 5603 Judtel
2481 5563 2511 5604 a
2542 5546 2825 5617 discipulo,
2856 5547 2940 5603 vel
2971 5547 3176 5603 Pilatus
3205 5554 3260 5606 et
3299 5544 3415 5615 ejus
3447 5542 3672 5599 ministri
3704 5553 3731 5592 a
3756 5534 3829 5589 Ju-

2287 5638 2439 5700 dmis,
2468 5638 2602 5692 sicut
2623 5637 2703 5692 leo
2727 5648 2945 5706 paratus
2973 5639 3043 5691 ad
3080 5637 3315 5708 pra'dam
3333 5676 3348 5701 ,
3382 5635 3650 5705 principes
3675 5627 3740 5684 illi
3766 5622 3827 5678 f0-

2289 5722 2553 5784 roeissitiii
2580 5728 2669 5797 qui
2695 5742 2780 5781 me
2814 5726 3202 5782 cruciilxcrunt
3225 5744 3238 5780 :
3263 5734 3313 5782 et
3337 5727 3471 5780 sicut
3500 5720 3692 5778 catulus
3737 5714 3827 5767 leo:

2289 5835 2415 5877 num
2438 5818 2657 5875 ludaica
2679 5819 2830 5889 plebs
2856 5818 2939 5874 vel
2960 5819 3077 5890 eius
3099 5817 3296 5889 proles,
3324 5816 3627 5872 imltitartst'n
3648 5801 3829 5865 abditis.
