3930 5502
216 447 320 504 ἔτι
1308 444 1837 504 ENARRATIONES
1878 446 1942 499 IN
1985 446 2317 501 PS.~\LMO3.
3379 455 3485 509 2‘22

218 564 274 619 id
302 568 389 616 est
416 559 570 629 quasi
598 560 647 614 in
674 560 901 614 occultis
928 558 1313 613 con~enticndo
1384 558 1617 614 Minores
1654 560 1799 612 cnim
1831 565 1877 620 Α
1908 559 2013 613 illis
2042 562 2133 628 qui
2185 561 2236 613 in
2278 563 2383 614 tinc
2420 561 2788 617 salvabuatur.
2828 564 2997 616 Aliter
3028 584 3040 617 :
3078 568 3317 620 Βίτωναιὶ
3341 578 3482 632 sunt,

215 653 319 709 etsi
350 662 535 721 aperte
564 668 686 707 enin
730 669 833 706 non
880 653 1267 706 damnaverunt
1294 693 1308 714 ,
1343 664 1522 709 tamen
1551 668 1806 723 peceave—
1906 662 2081 705 morte
2109 653 2315 706 Domini
2350 672 2364 705 :
2396 654 2520 723 quia
2553 655 2691 707 sicut
2719 654 2882 708 Jonas
2908 654 3000 708 fuit
3048 658 3098 709 in
3152 669 3338 711 ventre
3374 655 3479 713 ceti

216 754 347 798 runt
374 743 607 806 occulte,
636 744 763 812 quia
802 744 854 797 in
895 753 1070 798 morte
1102 743 1217 811 ejus
1246 724 1657 805 consenserunt
1689 743 1802 800 Non
1907 743 2081 795 tribus
2108 742 2295 796 diebus
2318 754 2371 796 et
2400 745 2571 797 tribus
2596 746 2859 806 noctibus,
2890 746 2959 797 ita
2984 758 3035 801 et
3054 748 3105 799 in
3118 747 3281 801 corde
3302 756 3481 813 teme,

211 834 361 890 enim
408 836 506 889 soli
549 836 640 903 qui
684 837 824 890 mala
854 845 1020 905 agunt
1052 836 1129 890 rei
1161 847 1308 897 sunt,
1336 838 1429 889 sed
1466 845 1520 891 et
1550 837 1640 905 Qui
1671 852 1802 890 con-
1906 835 1957 888 id
1987 846 2091 899 est,
2133 838 2184 889 in
2220 845 2557 891 lerrcnorum
2602 836 2930 899 Iudaeorum,
2964 837 3063 893 fuit
3111 852 3259 899 mors
3283 835 3484 893 Christi

210 926 455 983 sentiunt
482 926 657 995 (Rom.
703 928 763 995 ι).
797 926 1054 998 Exsurge,
1100 928 1341 991 Domine,
1388 928 1469 983 fer
1505 944 1685 999 opem,
1712 935 1802 999 qui
1905 926 2121 995 (Hatth.
2147 944 2258 993 xu;
2294 927 2455 983 Joan.
2489 929 2551 999 ιι)
2587 948 2599 982 :
2637 930 2762 999 quia
2794 930 2845 982 in
2874 930 3058 997 quinta
3091 927 3222 983 feria
3253 935 3364 982 toto
3396 922 3485 983 die

209 1020 270 1071 iu
303 1016 603 1076 humilitate
634 1033 748 1073 mea
778 1020 922 1073 visus
954 1034 1012 1071 es
1034 1019 1230 1088 jacere.
1262 1016 1499 1071 Prwreni
1526 1035 1664 1083 eum,
1699 1021 1805 1075 sci-
1902 1027 1955 1071 et
1988 1020 2231 1088 sequenti
2261 1030 2417 1075 nocte
2448 1020 2569 1074 inde
2599 1021 2995 1090 cogitaverunt,
3034 1022 3091 1076 in
3126 1030 3281 1076 sexta
3310 1020 3483 1076 cruci-

210 1109 343 1167 licet
386 1108 679 1173 diabolum,
722 1108 876 1177 cujus
904 1110 1157 1167 Instinctu
1192 1110 1303 1162 haec
1343 1106 1563 1163 faciunt.
1609 1109 1803 1164 Veniat
1903 1110 2156 1171 ﬁxerunt,
2182 1111 2233 1164 in
2260 1112 2491 1180 septima
2518 1113 2796 1181 depositus
2824 1122 2909 1168 est
2933 1115 2997 1175 de
3026 1127 3209 1178 cruce,
3229 1121 3282 1169 et
3304 1110 3485 1179 sepul-

210 1198 283 1251 ad
326 1213 433 1263 me,
475 1209 529 1253 et
560 1200 611 1252 in
652 1214 736 1252 me
772 1216 876 1254 non
907 1199 1099 1255 habeat
1125 1200 1415 1269 quidquam
1454 1198 1635 1269 (Joan.
1663 1202 1798 1271 xw).
1903 1210 1989 1254 tus
2008 1200 2180 1269 jacuit
2212 1202 2263 1255 in
2296 1210 2465 1266 terra,
2493 1218 2667 1273 usque
2691 1204 2816 1258 dum
2856 1214 2975 1274 post
3004 1213 3114 1258 tres
3138 1205 3276 1267 dies,
3300 1202 3353 1257 id
3375 1209 3484 1264 est,

211 1288 310 1340 Vel
360 1288 411 1341 tn
460 1288 650 1358 laqueo
683 1291 872 1343 mortis
914 1306 1073 1358 quem
1125 1290 1253 1342 mihi
1301 1290 1513 1358 paravit
1558 1291 1803 1359 capiatur
1903 1293 2073 1361 prima
2108 1292 2331 1349 Sabbati
2387 1309 2543 1347 mane
2572 1303 2896 1365 resurgeret.
2930 1295 2995 1348 Et
3044 1293 3290 1363 reliquias
3334 1306 3481 1353 suas,

208 1380 346 1446 ipse.
384 1377 429 1432 0
450 1394 590 1431 mors
616 1419 630 1443 ,
660 1395 749 1434 eno
788 1396 928 1433 mors
960 1391 1051 1433 tua
1082 1378 1227 1449 (Ose.
1257 1380 1400 1448 xm).
1430 1378 1494 1432 Et
1521 1380 1800 1448 supplanta
1904 1383 1953 1439 id
1982 1391 2087 1447 est,
2117 1385 2592 1450 resurrectionem,
2633 1386 2940 1439 dimiserunt
2966 1384 3196 1454 parvulis
3223 1384 3351 1447 suis,
3389 1380 3483 1449 Qui

206 1484 354 1535 cum,
386 1477 443 1521 ut
468 1470 517 1523 in
545 1479 715 1526 morte
742 1486 862 1526 mea
889 1488 987 1541 per
1011 1485 1171 1541 quam
1205 1473 1435 1528 credidit
1463 1488 1522 1527 se
1546 1475 1797 1539 exaltari,
1903 1473 1953 1527 in
1979 1474 2097 1540 ejus
2122 1476 2521 1531 resurrectione
2567 1476 2726 1530 simul
2756 1483 3112 1529 surrexerunt
3137 1487 3166 1526 a
3199 1484 3369 1528 morte
3400 1474 3483 1527 in-

211 1560 552 1615 luunilietur.
586 1561 683 1617 Vel
715 1563 827 1632 ipse
856 1563 1145 1618 insidiatur
1167 1566 1421 1619 calcaueo
1444 1581 1585 1630 meo,
1618 1566 1711 1619 sed
1743 1574 1797 1620 tu
1902 1564 2198 1618 ﬁdelitatis.
2247 1566 2310 1619 Et
2362 1566 2658 1620 secundum
2720 1565 3099 1618 mortalitatem
3152 1571 3326 1633 potest
3381 1552 3483 1616 hoc

205 1660 374 1719 capm
416 1652 532 1721 eius
578 1660 798 1708 contere
840 1652 992 1723 (Gen.
1036 1655 1142 1723 ιιι).
1176 1655 1289 1709 lloc
1320 1656 1477 1711 modo
1519 1672 1749 1727 exsurge
1782 1676 1795 1713 :
1900 1657 2060 1709 modo
2088 1656 2187 1725 legi
2224 1674 2236 1707 :
2272 1656 2511 1719 Domine,
2546 1674 2576 1707 a
2614 1656 2795 1725 paucis
2837 1656 3009 1707 divide
3058 1669 3166 1717 eos,
3194 1662 3481 1721 antequam

204 1740 372 1811 Eripe
396 1743 627 1796 animum
653 1761 821 1798 meam
859 1746 923 1799 ab
964 1748 1144 1816 impio,
1178 1757 1237 1801 ut
1272 1763 1393 1801 eam
1427 1749 1567 1817 apud
1597 1749 1798 1804 inferos
1899 1746 1962 1797 de
1985 1755 2121 1798 terra
2146 1756 2233 1799 tua
2257 1748 2478 1799 omnino
2506 1747 2835 1809 dividantur,
2863 1753 3185 1815 separentur
3208 1744 3370 1801 etiam
3396 1743 3482 1797 hic

206 1842 317 1887 non
344 1834 623 1890 detineat:
654 1836 739 1891 vel
778 1838 1013 1892 animam
1053 1856 1322 1906 meorum,
1350 1842 1441 1910 qui
1473 1842 1675 1911 indigni
1707 1858 1797 1896 ca-
1830 1900 1869 1911 __
1901 1835 1953 1888 in
1977 1837 2081 1889 vita
2111 1854 2315 1902 eorum,
2346 1840 2445 1891 etsi
2477 1854 2583 1890 non
2616 1838 2667 1891 in
2718 1853 2899 1900 carne,
2945 1846 3123 1891 tamen
3174 1835 3479 1899 aﬂ‘ectione,

204 1922 340 1991 ρύγί
361 1924 672 1982 detinentur
690 1929 829 1995 apud
853 1928 1093 1984 inferos:
1125 1900 1408 1984 Frameant
1429 1900 1667 1997 tuam,uid
1692 1941 1795 1998 est,
1830 1900 1870 1958 Β
1901 1942 1931 1977 a
1961 1928 2165 1995 paucis,
2199 1928 2249 1981 id
2281 1937 2363 1982 est
2386 1928 2453 1981 ab
2480 1930 2686 1983 electis.
2716 1928 2831 1983 Non
2862 1929 2969 1983 sint
2999 1929 3088 1983 hic
3136 1944 3257 1982 cum
3305 1929 3383 1985 eis
3424 1928 3480 1982 in

205 2029 295 2068 tne
314 2013 549 2084 gladium
577 2024 747 2081 tuum,
768 2032 866 2087 per
886 2034 1043 2087 quem
1067 2019 1386 2090 iugulandus
1409 2030 1492 2076 est
1522 2022 1797 2085 inimicus,
1902 2019 2299 2073 resurrectione
2329 2020 2524 2087 prima,
2550 2029 2608 2073 ut
2631 2030 2816 2088 postea
2852 2034 2957 2073 non
2987 2019 3218 2073 habeant
3253 2019 3483 2073 societa-

206 2105 273 2163 αὖ
304 2106 529 2161 ίηῖηιίείϐ
554 2124 742 2161 manus
765 2120 890 2164 mw.
916 2110 1085 2166 Aliter
1117 2126 1130 2163 :
1162 2110 1402 2166 Prwveni
1431 2130 1570 2178 eum,
1613 2113 1799 2169 Judai-
1899 2118 2005 2162 tum
2030 2124 2151 2162 cum
2178 2109 2256 2161 eis
2286 2110 2336 2161 iu
2374 2109 2774 2164 resurrectione
2803 2110 3061 2163 secunda.
3088 2106 3201 2178 Ego
3228 2119 3399 2162 autem
3420 2108 3479 2161 in

204 2212 328 2253 cum
360 2198 655 2268 populum:
687 2210 994 2256 excmcetur
1024 2203 1169 2258 intus
1209 2204 1414 2259 malitia
1456 2221 1575 2269 sua,
1616 2215 1674 2259 ιιι
1717 2206 1800 2260 fa-
1888 2200 2098 2268 justitia
2144 2202 2403 2269 apparebo
2448 2201 2745 2270 conspectui
2798 2210 2907 2254 tuo.
2955 2200 3120 2268 Quasi
3153 2200 3295 2254 dicat
3340 2199 3429 2255 ille
3462 2218 3475 2252 :

205 2298 353 2345 ctum
384 2305 574 2345 eorum
606 2292 837 2347 vindicta
879 2295 1188 2361 prteveniat.
1222 2295 1286 2348 Et
1326 2304 1446 2364 post
1477 2312 1599 2351 cum
1628 2297 1797 2351 (:redi-
1896 2291 1979 2346 Me
2009 2292 2352 2361 projeceruut
2379 2302 2531 2346 extra
2564 2294 2861 2356 civitatem,
2896 2304 2950 2347 et
2982 2294 3241 2347 societate
3288 2306 3476 2347 eorum

206 2380 347 2432 derit
372 2380 600 2435 exaltari
632 2382 684 2435 in
726 2398 834 2447 me,
866 2383 1147 2453 supplanta
1191 2402 1329 2449 eum,
1372 2386 1424 2439 id
1461 2396 1563 2452 est,
1599 2388 1792 2456 dejice.
1897 2384 2173 2453 indignum
2200 2383 2583 2450 judicaverunt
2622 2403 2634 2438 :
2668 2385 2761 2439 sed
2791 2400 2819 2437 a
2848 2396 2901 2437 te
2927 2400 3030 2439 non
3070 2399 3186 2438 sum
3225 2383 3476 2451 rejectus,

202 2469 447 2524 Credidit
471 2472 614 2526 enim
648 2487 744 2541 per
772 2489 944 2527 meam
977 2484 1204 2530 mortem
1238 2477 1483 2531 obtinere
1530 2478 1705 2532 locmn
1739 2487 1794 2532 et
1894 2476 2017 2544 quia
2051 2475 2308 2544 apparebo
2336 2478 2631 2544 conspectui
2661 2486 2752 2529 tuo
2803 2476 2856 2529 in
2905 2475 3072 2545 gloria
3117 2474 3473 2529 ascensionis.

203 2572 418 2627 gentem
449 2562 629 2632 (Joan.
663 2565 766 2635 ιι),
796 2567 886 2620 sed
916 2582 1010 2635 per
1038 2581 1157 2619 eam
1203 2576 1495 2636 utrumque
1533 2569 1746 2623 amittat
1776 2588 1789 2623 :
1895 2566 1961 2620 In
1980 2566 2215 2636 justitia,
2258 2566 2383 2634 quia
2426 2568 2632 2637 justum
2691 2574 2775 2621 est
2823 2575 2883 2620 ut
2912 2567 3093 2634 justus
3127 2565 3475 2633 iustiﬁcetur.

203 2651 293 2705 ille
324 2654 720 2725 supplantator,
762 2657 844 2708 cui
884 2656 1090 2726 aliquid
1132 2660 1232 2711 sub
1266 2657 1445 2727 planta
1476 2661 1695 2729 ponitur
1735 2669 1793 2714 ut
1894 2658 1967 2711 Illi
2000 2658 2086 2712 hic
2110 2657 2289 2711 satiati
2323 2667 2451 2710 sunt
2468 2658 2711 2725 porcina,
2746 2657 2798 2711 id
2837 2665 2921 2712 est
2963 2656 3167 2710 malitia
3203 2671 3343 2726 :ego
3372 2670 3471 2708 au-

201 2744 494 2809 exaltetur,
517 2754 573 2799 et
604 2755 722 2815 post
748 2748 1087 2802 subtrahitur
1116 2758 1173 2802 ut
1205 2751 1422 2818 gravius
1449 2752 1624 2806 cadat.
1655 2752 1793 2821 Sup-
1894 2758 1999 2802 tem
2030 2748 2100 2802 ibi
2132 2748 2392 2812 satiabor,
2431 2748 2521 2817 qui
2565 2747 2727 2802 modo
2766 2748 2921 2817 quasi
2973 2761 3203 2816 pransus
3252 2762 3392 2809 sum.
3421 2746 3475 2802 in

199 2834 378 2905 posita
404 2844 490 2889 est
524 2835 604 2890 eis
630 2836 918 2892 inﬁrmitas
956 2838 1136 2892 carnis
1184 2853 1348 2903 mem,
1378 2850 1434 2894 et
1467 2841 1592 2894 elati
1625 2850 1787 2895 sunt:
1891 2840 2276 2894 clariﬁcatione
2304 2854 2422 2895 mea
2454 2839 2744 2902 :satiabor,
2774 2839 2825 2893 id
2858 2846 2958 2902 est,
2984 2837 3198 2907 plenum
3223 2838 3475 2907 gaudium

198 2926 463 2981 subducta
486 2935 569 2981 est
584 2935 769 2996 postea
793 2942 914 2982 cum
938 2930 1305 2994 resurrexi,et
1327 2930 1660 2984 cediderunt.
1680 2930 1790 2985 lloc
1894 2930 2125 2992 habebo,
2156 2945 2272 2983 cum
2300 2931 2602 2998 apparuerit
2633 2928 2803 2997 gloria
2830 2938 2941 2993 tua,
2972 2929 3025 2982 id
3060 2936 3165 2991 est,
3192 2943 3313 2981 cum
3340 2941 3475 2996 pra:-

199 3017 362 3071 modo
385 3017 703 3087 supplanta:
726 3018 964 3083 Domine,
985 3038 1016 3073 a
1038 3021 1220 3089 paucis
1244 3020 1308 3075 de
1328 3033 1468 3074 terra
1491 3022 1663 3076 divide
1679 3040 1785 3077 eos.
1892 3020 2118 3073 scntabo
2143 3019 2236 3073 tibi
2273 3018 2568 3073 Ecclesiam
2600 3028 2765 3082 luam,
2800 3033 2920 3072 cum
2952 3018 3223 3074 tradidero
3249 3028 3472 3085 regnum

200 3109 301 3163 Ets
370 3109 423 3163 iu
471 3119 612 3163 terra
646 3111 991 3166 morientium
1038 3111 1196 3165 simul
1247 3118 1454 3167 crescat
1496 3114 1701 3166 zizania
1737 3122 1791 3167 et
1892 3108 1988 3164 tibi
2024 3108 2134 3161 Deo
2157 3108 2322 3171 Patri,
2363 3109 2417 3162 in
2445 3123 2551 3177 quo
2574 3117 2661 3162 tua
2687 3108 2967 3177 apparebit
2993 3107 3161 3177 gloria
3191 3125 3204 3159 :
3238 3106 3319 3161 vel
3352 3119 3474 3160 cum

200 3199 440 3259 triticum
462 3214 631 3268 usque
652 3200 718 3253 ad
737 3215 965 3254 messem
991 3199 1203 3269 (Matth.
1224 3202 1362 3269 xm).
1385 3211 1561 3255 tamen
1584 3204 1789 3257 divides
1822 3256 1859 3270 η
1893 3198 2062 3270 gloria
2098 3199 2184 3252 illa
2214 3198 2645 3253 manifestabitur
2669 3200 2720 3252 in
2756 3214 2832 3263 re,
2857 3214 2977 3267 qute
3007 3211 3149 3253 nunc
3187 3196 3387 3250 latebat
3421 3195 3475 3249 in

195 3256 652 3359 coS'qusndoque
676 3307 704 3345 a
728 3290 939 3359 paucis,
968 3256 1018 3345 id
1047 3300 1130 3344 est
1154 3292 1221 3345 ab
1239 3256 1426 3346 electis
1451 3292 1518 3347 de
1546 3301 1689 3347 terra
1709 3294 1788 3347 vi-
1818 3256 1862 3315 C
1894 3256 1990 3359 spe
2016 3307 2029 3342 :
2059 3289 2182 3358 quia
2213 3290 2471 3344 videbunt
2499 3298 2550 3341 te
2576 3288 2733 3342 sicuti
2764 3304 2844 3351 es,
2873 3290 2961 3355 qui
2990 3302 3133 3340 nunc
3159 3302 3254 3356 per
3282 3298 3479 3356 specu-

199 3381 464 3436 vcntium.
484 3380 553 3434 In
574 3382 676 3435 vita
704 3382 1127 3446 eorum,scilicet
1146 3382 1568 3452 paucorum,ubi
1593 3384 1791 3438 divites
1890 3383 1999 3436 lum
2026 3382 2207 3437 vident
2228 3380 2280 3451 (1
2308 3382 2428 3436 Cor.
2460 3383 2573 3453 xv).

197 3485 325 3526 cum
357 3472 544 3539 paucis
569 3481 859 3541 resurgent
884 3472 949 3525 ad
980 3474 1169 3536 vitam,
1204 3471 1354 3525 multi
1387 3473 1733 3542 opprobrium
1766 3490 1783 3527 :
2418 3489 2738 3547 pSALMUS
2776 3490 2938 3546 XVII.

195 3563 327 3633 quia
376 3572 546 3617 venter
564 3579 767 3627 eorum,
801 3564 859 3617 id
902 3572 985 3621 est
1032 3564 1320 3626 memoria,
1362 3563 1675 3634 adimpletus
1712 3573 1786 3617 est
1888 3624 1939 3664 ω
1977 3621 2133 3661 “NE”
2175 3620 2347 3661 “me
2385 3614 2569 3657 boum
2607 3617 2802 3664 Dum,
2840 3616 2930 3664 om
2966 3614 3207 3654 wwws
3244 3614 3343 3653 EST
3377 3613 3474 3652 Do.

195 3622 267 3711 de
327 3654 645 3707 absconditis
727 3656 875 3719 tuis,
944 3654 996 3711 id
1065 3664 1147 3711 est
1209 3622 1580 3723 iniquitatibus
1651 3670 1747 3725 qua

1919 3624 1939 3660 ἵ
1977 3622 2133 3661 ΓΙΝΕΜ
2175 3622 2347 3661 PUEBO
2385 3622 2569 3657 DOMINI
2607 3622 2802 3666 DAYID,
2840 3622 2930 3664 θυι
2966 3622 3207 3654 ιυϋυτυδ
3244 3622 3342 3653 EST
3377 3622 3471 3652 DU‘

1959 3692 2087 3730 ιιιςο
2136 3691 2306 3729 VERBA
2362 3689 2573 3728 CANTICI
2632 3688 2821 3737 HUIUS,
2864 3687 2916 3725 ΙΝ
2973 3685 3059 3723 DIE
3113 3685 3215 3732 QUA
3254 3682 3471 3723 ERIPUIT

197 3755 257 3798 ιιι
294 3745 529 3814 ignoras,
568 3744 648 3798 vel
692 3745 994 3816 ignorantia
1039 3753 1093 3799 ct
1135 3746 1405 3800 oblivione
1455 3748 1552 3803 tul.
1613 3746 1787 3800 Aliter
1956 3763 2063 3801 emt
2106 3761 2339 3801 DOIIINUS
2389 3759 2457 3798 nr.
2511 3759 2653 3798 manu
2708 3758 2915 3797 ouatun
2957 3754 3273 3795 tututcouon
3312 3754 3473 3801 F..'US,

192 3835 494 3889 mundum
549 3834 833 3891 historiam
883 3853 895 3884 :
950 3834 1016 3889 In
1045 3836 1147 3888 vita
1194 3852 1392 3898 eorum,
1428 3837 1635 3891 scilicet
1683 3836 1744 3888 ist

1324 3852 1392 3898 ιρι,
1428 3837 1635 3891 scilicet
1683 3836 1788 3888 ista
1956 3834 2025 3873 ετ
2067 3834 2131 3871 οε
2171 3832 2312 3869 manu
2352 3828 2519 3895 sAuL,
2560 3830 2629 3867 ΕΤ
2670 3829 2821 3867 ntxn'r
2867 3830 2876 3865 :

195 3940 367 3997 quam
394 3926 561 3983 solam
614 3935 821 3990 amant,
874 3925 1044 3984 divide
1070 3942 1156 3978 eos
1187 3926 1250 3978 de
1296 3935 1436 3978 terra
1485 3942 1601 3980 sua.
1632 3924 1784 3991 Quod
1964 3947 1982 3977 ι
2032 3927 2256 3994 Diligam
2304 3933 2376 3989 te,
2416 3924 2664 3989 Domine,
2715 3922 2975 3979 fortitudo
3019 3937 3161 3978 mea.
3212 3920 3478 3996 Dominus

196 4016 405 4070 hicth
435 4026 519 4070 est
552 4024 792 4085 tempore
820 4015 925 4068 Titi
954 4025 1008 4069 et
1032 4015 1369 4084 Vespasiani,
1394 4017 1612 4085 quando
1641 4018 1783 4085 capti
1892 4038 1911 4069 ι
1954 4018 2356 4072 ﬁrmamentum
2389 4033 2567 4073 meum
2595 4025 2650 4071 et
2671 4016 2938 4085 refugium
2965 4032 3169 4080 meum,
3196 4026 3250 4069 et
3277 4015 3473 4068 libera-

194 4116 327 4162 sunt
362 4115 414 4159 et
441 4105 757 4167 venundati,
786 4114 841 4159 et
880 4106 931 4157 in
968 4105 1337 4173 captivitatem
1370 4106 1616 4174 dispersi.
1648 4108 1789 4171 Quia
1891 4130 1909 4162 ‹
1958 4119 2042 4164 tor
2065 4125 2236 4165 meus.
2271 4111 2413 4165 Deus
2443 4125 2596 4166 meus
2623 4110 2837 4179 adjutor
2866 4124 3042 4172 meus,
3083 4116 3137 4163 ει
3161 4107 3391 4177 sperabo
3418 4108 3475 4161 in

193 4196 262 4248 de
291 4195 608 4248 absconditis
652 4195 754 4248 tuis
811 4193 1125 4263 adimplelus
1165 4204 1237 4247 est
1285 4205 1458 4247 venter
1494 4212 1695 4261 eorum,
1728 4208 1785 4251 ut
1892 4220 1910 4253 ι
1956 4216 2101 4256 eum.
2150 4202 2434 4257 Protector
2465 4218 2616 4257 meus
2662 4212 2718 4257 et
2752 4218 2916 4258 cornu
2961 4202 3153 4255 salutis
3205 4216 3359 4265 "lC-33,
3415 4210 3473 4254 ει

195 4302 385 4357 supra.
413 4286 579 4353 Quasi
630 4287 775 4341 dicat
801 4304 815 4317 '
841 4286 920 4340 Ad
954 4286 1082 4354 quid
1130 4286 1249 4340 hic
1295 4286 1600 4343 Iudaeorum
1640 4288 1788 4355 dejc-
1891 4312 1909 4344 ι
1957 4301 2242 4363 susceptor
2268 4308 2444 4347 meus.
2485 4292 2735 4345 Laudatis
2779 4294 3043 4348 invocabo
3080 4295 3389 4357 Dominum,
3416 4301 3477 4346 et
3530 4362 3533 4365 _

194 4377 343 4434 ςιἰοῖ
366 4376 587 4432 Ctrcilos
611 4394 677 4431 ex
699 4388 851 4447 parte
872 4378 1085 4457 contigit
1118 4379 1171 4433 iu
1218 4375 1403 4441 Israel,
1433 4388 1484 4430 ut
1515 4379 1782 4447 plenitudo
1890 4402 1909 4435 ι
1954 4384 2022 4436 ab
2051 4383 2285 4438 inimicis
2310 4382 2446 4436 meis
2470 4382 2650 4436 salvus
2696 4398 2809 4437 cro.
2855 4383 3345 4438 Circumdederunt
3384 4396 3471 4435 me

190 4471 427 4543 gentium
458 4471 701 4533 intraret,
728 4478 775 4522 et
804 4470 901 4533 sic,
943 4469 1147 4523 scilicet
1195 4468 1443 4537 exemplo
1481 4476 1781 4533 correctus,
1888 4493 1906 4525 ι
1957 4473 2171 4528 dolores
2198 4475 2409 4537 mortis,
2443 4482 2499 4527 et
2531 4482 2801 4528 torrentes
2845 4474 3150 4542 iniquitatis
3172 4473 3466 4528 conturba-

194 4561 366 4615 omnis
393 4558 562 4614 Israel
581 4558 757 4613 salvus
784 4558 928 4625 ﬁeret
981 4556 1158 4627 (Rom.
1193 4558 1290 4624 xi).
1348 4555 1587 4617 Saturati
1637 4567 1778 4621 sunt,
1811 4605 1859 4663 ὓ
1889 4582 1907 4614 ι
1954 4571 2149 4617 verunt
2178 4576 2283 4615 me.
2329 4562 2549 4618 Dolores
2590 4561 2787 4616 inferni
2841 4562 3314 4618 circumdederunt
3360 4579 3469 4629 me,

194 4651 249 4705 id
280 4658 386 4714 εει»
422 4648 562 4717 pleni
593 4647 791 4722 gaudio
821 4663 955 4702 mea:
974 4646 1241 4716 passionis
1285 4654 1341 4706 ει
1368 4646 1560 4700 mOI‘liS
1585 4656 1643 4699 ει
1674 4662 1778 4701 non
1811 4646 1857 4663 "
1884 4675 1909 4707 ι
1952 4666 2463 4726 ριέεοεευρειγειοιιιιι
2494 4668 2579 4708 me
2604 4654 2778 4724 laquei
2806 4656 3014 4709 mortis.
3039 4654 3094 4709 In
3122 4655 3469 4709 tribulatione

194 4741 296 4796 sibi
330 4740 525 4803 solum,
553 4739 648 4794 sed
673 4740 836 4792 etiam
864 4739 990 4806 ﬁliis
1037 4738 1151 4795 suis
1189 4747 1317 4791 sunt
1359 4738 1611 4801 saturati,
1646 4739 1746 4792 ade

1955 4759 2071 4799 mea
2103 4746 2346 4801 invocavi
2377 4746 2688 4819 Dominum,
2717 4754 2771 4799 et
2803 4745 2869 4799 ad
2916 4745 3083 4800 Deum
3126 4760 3305 4799 meum
3360 4745 3468 4799 cla-

198 4842 342 4885 utet
368 4831 493 4887 fdiis
524 4840 731 4900 partem
756 4832 1029 4899 praebeant
1058 4844 1073 4884 :
1099 4828 1331 4899 Sanguis
1360 4830 1475 4898 ejus
1510 4846 1666 4899 super
1690 4847 1783 4884 nos
1890 4855 1909 4887 ι
1957 4837 2115 4889 mavi.
2150 4837 2215 4890 Et
2251 4838 2524 4893 exaudivit
2574 4839 2641 4893 de
2679 4838 2877 4907 templo
2918 4847 3105 4893 sancto
3154 4854 3254 4893 suo
3282 4848 3467 4893 vocem

194 4934 243 4977 et
269 4939 430 4994 super
471 4920 611 4989 ﬁlios
646 4932 845 4975 nostros
879 4919 1093 4993 (Matth.
1126 4921 1317 4992 xxv").
1356 4921 1425 4973 Et
1475 4923 1782 4977 dimiserunt
1891 4944 1909 4976 ι
1956 4940 2157 4991 meam,
2188 4934 2241 4978 et
2271 4926 2477 4981 clamor
2502 4939 2656 4982 meus
2684 4929 2737 4983 in
2764 4938 3056 4998 conspectu
3089 4928 3206 4996 ejus
3229 4926 3470 4984 introivit

195 5012 447 5081 reliquias
471 5028 617 5078 suas,
646 5012 697 5065 id
738 5020 843 5074 est,
890 5012 1437 5079 superabundantiam
1480 5014 1781 5070 damnatio-
1892 5035 1910 5067 ι
1957 5016 2009 5069 in
2038 5030 2197 5069 aures
2225 5012 2359 5082 ejus.
2382 5016 2660 5073 Commota
2700 5024 2783 5073 est
2827 5025 2881 5070 et
2920 5018 3247 5074 εοιιιι-ειιιιιίι
3300 5025 3466 5077 terra,

194 5104 282 5158 nis
315 5118 429 5160 sum
479 5100 708 5169 parvulis
732 5103 867 5165 suis,
901 5100 954 5153 id
1004 5109 1087 5156 est
1130 5101 1380 5169 posteris,
1412 5110 1469 5153 ut
1510 5101 1784 5169 iudicetur
1890 5127 1909 5159 ι
1955 5116 2010 5160 ει
2038 5107 2390 5164 fundamenta
2438 5104 2699 5164 montium
2732 5108 3055 5165 conturbata
3086 5113 3210 5162 sunt
3237 5114 3289 5159 et
3321 5118 3470 5157 com-

193 5194 421 5265 sanguis
440 5192 638 5247 Christi
667 5193 715 5247 in
742 5194 961 5249 tertiam
983 5199 1037 5245 et
1061 5192 1305 5261 quintam
1348 5196 1778 5261 generationem.
1888 5217 1907 5251 ι
1951 5209 2096 5255 mota
2123 5207 2269 5261 sunt,
2301 5198 2553 5268 quoniam
2584 5200 2754 5255 iratus
2776 5205 2859 5251 est
2887 5198 2987 5253 eis.
3011 5195 3268 5254 Ascendit
3290 5193 3470 5249 ﬁunus

188 5286 369 5342 Aliter
397 5303 409 5338 :
442 5284 678 5340 Saturati
702 5297 845 5350 sunt,
881 5282 933 5338 id
962 5292 1064 5346 est,
1108 5285 1490 5349 satisfecerunt
1520 5289 1779 5344 voluntati
1888 5309 1906 5341 ι
1957 5291 2009 5344 in
2051 5293 2129 5345 ira
2151 5291 2291 5359 ejus,
2311 5299 2370 5343 et
2396 5290 2533 5357 ignis
2561 5307 2590 5344 a
2622 5292 2758 5346 facie
2782 5288 2897 5356 ejus
2935 5289 3172 5351 exarsit;
3206 5286 3471 5339 carbones

189 5390 305 5432 suae
332 5388 539 5446 pravae,
566 5388 663 5430 non
686 5392 797 5433 sum
840 5373 1084 5437 utilitati,
1128 5375 1221 5430 sed
1269 5375 1395 5430 ﬁliis
1415 5416 1428 5440 ,
1461 5381 1551 5447 qui
1589 5397 1777 5435 eorum
1890 5398 1908 5431 ι
1954 5382 2198 5437 succensi
2228 5391 2353 5435 sunt
2378 5382 2445 5437 ab
2472 5395 2555 5434 eo.
2587 5380 2869 5437 lnclinavit
2901 5381 3069 5436 caelos
3094 5386 3147 5433 et
3169 5376 3468 5441 descendit,

186 5470 585 5502 mancam-Me
619 5465 1022 5502 Aamnqh'nnnm
1069 5474 1117 5502 at
1149 5465 1237 5502 nni
1269 5468 1319 5502 ιη
1368 5478 1531 5499 run."
1613 5470 1624 5488 ¹
1699 5472 1733 5485 ·¹

1963 5480 2005 5492 ⁸⁵⁸
2050 5471 2161 5492 ⁴⁴¹ον
2186 5483 2210 5502 δ
2234 5474 2332 5502 ηειιι
2360 5471 2583 5502 ηΛιιῖιιιιο
2616 5473 2728 5502 Λῖιιυ
2782 5470 2840 5502 ΠΙ
2869 5472 3107 5502 αοηηηδῖι
3145 5482 3305 5502 cslnnr
3337 5466 3466 5502 plus-
