3978 6404
516 408 621 463 2%

1145 409 1403 469 REMIGII
1441 401 2097 491 AN'TISSIODORENSIS
2137 407 2288 489 QPP.
2330 409 2510 466 PARS
2550 410 2589 465 Ι.
2627 439 2697 450 —
2736 408 3183 466 EXEGETICA.’

3662 408 3763 467 224

521 545 542 579 ι
586 527 793 599 grando
825 536 881 583 et
910 528 1174 585 carbones
1206 529 1363 600 ignis.
1388 530 1454 585 Et
1480 530 1712 587 intonuit
1740 530 1807 586 de
1827 528 1967 588 cmlo
1989 529 2097 583 Do-
2125 529 2175 588 A
2196 543 2226 583 .t
2275 533 2361 581 tor
2384 527 2628 583 meus-de
2665 525 2900 581 inimicis
2921 527 3057 582 meis
3087 526 3384 582 iracundis.
3414 525 3482 582 Et
3502 526 3572 581 ab
3599 523 3764 583 insur-

522 634 542 665 ι
591 615 792 681 minus,
816 627 871 672 et
896 615 1206 687 Altissimus
1240 618 1388 674 dedit
1418 634 1604 675 vocem
1649 635 1837 686 suam;
1886 619 2097 691 grando

436 738 441 741 λ
523 730 545 764 ι
583 719 642 769 et
666 714 933 770 carbones
954 712 1112 785 ignis.
1138 713 1205 770 Et
1244 715 1392 771 misit
1416 717 1642 788 sagittas
1673 731 1824 781 suas,
1847 724 1904 771 et
1940 716 2099 771 dissi-

524 821 545 854 ι
591 804 743 874 pavit
771 818 866 863 eos
911 821 925 859 :
961 803 1170 875 fulgura
1205 805 1606 877 multiplicavit,
1650 815 1707 864 et
1755 807 2101 864 conturbavit

527 908 549 942 ι
591 906 704 947 eos.
728 891 800 948 Et
841 901 1206 963 apparuerunt
1246 895 1422 953 fontes
1446 912 1739 967 aquarum,
1772 906 1829 953 et
1864 896 2099 953 revelata

525 998 546 1031 ι
591 990 719 1036 sunt
748 980 1091 1038 fundamenta
1120 984 1270 1040 orbis
1301 994 1590 1042 terrarum.
1626 987 1711 1044 Ab
1733 986 2102 1063 increpatione

529 1086 550 1122 ι
598 1078 712 1137 tua,
767 1071 1014 1139 Domine,
1059 1074 1129 1130 ab
1171 1074 1528 1152 inspiratione
1573 1077 1797 1149 spiritus
1841 1076 1936 1132 irai
1976 1088 2099 1132 tum.

528 1177 549 1212 ι
589 1159 736 1219 Misit
763 1162 829 1217 de
870 1176 1083 1219 summo
1109 1172 1163 1221 et
1191 1166 1403 1235 accepit
1442 1182 1560 1233 me,
1589 1174 1643 1221 et
1684 1167 1979 1238 assumpsit
2016 1182 2104 1222 me

514 1268 549 1335 _¢
593 1250 661 1308 de
690 1253 846 1329 aquis
873 1252 1076 1309 multis.
1104 1253 1316 1325 Eripuit
1337 1272 1423 1312 me
1456 1257 1522 1313 de
1564 1256 1801 1313 inimicis
1829 1256 1965 1313 meis
1995 1255 2104 1313 for-

527 1359 547 1393 ‹
601 1342 841 1409 tissimis,
872 1351 928 1400 et
955 1345 1023 1400 ab
1069 1343 1154 1400 his
1177 1345 1267 1415 qui
1295 1346 1527 1402 oderunt
1554 1362 1660 1414 me,
1690 1348 1948 1418 quoniam
1976 1363 2107 1403 con-

528 1449 548 1483 c
593 1429 778 1488 fortati
828 1442 956 1488 sunt
982 1449 1147 1504 super
1188 1451 1295 1491 me.
1344 1436 1733 1494 Praevenerunt
1781 1454 1868 1493 me
1918 1438 1974 1493 in
2019 1438 2106 1494 die

530 1537 551 1571 ι
596 1519 901 1600 alllictionis
927 1538 1083 1588 mete,
1107 1533 1162 1580 et
1188 1525 1366 1582 factus
1412 1536 1495 1583 est
1543 1528 1804 1584 Dominus
1834 1537 2107 1600 protector

530 1625 553 1662 ι
595 1599 769 1667 meus.
800 1611 868 1667 Et
910 1613 1095 1695 eduxit
1138 1631 1227 1672 me
1264 1617 1315 1671 in
1360 1617 1714 1683 latitudinem,
1760 1599 1969 1674 salvum
2020 1636 2108 1676 me

531 1717 553 1753 ι
598 1697 729 1757 fecit
755 1703 1225 1773 quoniam'voluit.
1265 1707 1334 1763 Et
1382 1709 1647 1765 retribuet
1672 1710 1803 1765 mihi
1850 1711 2108 1768 Dominus

420 1816 428 1827 κ
531 1807 553 1842 ι
594 1792 891 1849 secundum
908 1794 1173 1867 justitiam
1200 1814 1399 1865 meam,
1422 1810 1477 1855 et
1499 1802 1794 1858 secundum
1812 1803 2104 1873 puritatem

2206 634 2225 667 ι
2266 615 2517 684 gentibus
2537 616 2590 670 in
2631 631 2718 672 me
2744 616 3011 673 exaltabis
3033 633 3139 683 me,
3168 633 3198 671 a
3232 618 3347 674 viro
3379 618 3560 689 iniquo
3581 621 3766 691 eripies

2207 726 2226 760 ι
2272 722 2376 787 ine.
2401 709 2695 780 Propterea
2739 710 3039 769 confitebor
3081 711 3186 789 tibi,
3205 712 3260 766 in
3311 712 3636 778 nationibus,
3673 714 3768 770 Do-

2160 816 2226 875 ⁸,ι
2274 798 2440 864 mine,
2468 807 2522 853 et
2552 799 2756 855 nomini
2800 809 2890 855 tuo
2918 800 3183 869 psalmum
3212 801 3409 857 dicam.
3435 801 3769 872 Magnificam
3847 846 3873 871 .

2207 910 2225 944 ι
2270 890 2473 946 salutes
2511 891 2655 961 regis
2682 890 2817 960 ejus,
2847 900 2901 947 et
2931 891 3136 948 faciens
3166 893 3590 948 misericordiam
3624 892 3772 949 Chri—

2209 1000 2228 1035 ‹
2274 992 2361 1039 sto
2403 999 2503 1039 suo
2547 982 2751 1051 David,
2800 994 2859 1039 et
2906 984 3099 1040 semini
3147 985 3265 1056 ejus
3310 1001 3478 1055 usque
3517 984 3571 1040 in
3617 1000 3775 1063 sicca:

2208 1092 2228 1126 ι
2276 1072 2408 1153 lum.
2432 1092 2466 1151 ¹›

2768 1163 3063 1219 ENARRA
3073 1164 3219 1220 T10.

2204 1325 2208 1333 Ι
2276 1256 2345 1312 In
2372 1257 2529 1327 finem
2558 1273 2719 1326 puero
2748 1255 2937 1323 David,
2966 1258 3056 1328 qui
3082 1255 3286 1310 loculus
3310 1265 3384 1310 est
3413 1258 3485 1310 ad
3509 1256 3774 1310 Dominum

2207 1348 2362 1404 verba
2392 1348 2584 1423 cantici
2611 1348 2793 1419 hujus,
2819 1348 2877 1402 in
2904 1349 2988 1402 die
3015 1365 3119 1419 qua
3157 1348 3343 1416 eripuit
3385 1364 3504 1401 eum
3536 1347 3775 1401 Dominus

2208 1438 2273 1492 de
2295 1432 2456 1493 manu
2509 1439 2743 1493 omnium
2790 1438 3123 1492 inimicorum
3158 1453 3373 1492 tuorum
3423 1446 3473 1491 et
3524 1439 3588 1491 de
3633 1455 3777 1492 manu

2209 1525 2362 1582 Saul.
2414 1526 2650 1599 Diligam
2693 1538 2783 1593 te,
2816 1527 3078 1591 Domine.
3143 1527 3450 1583 Secundum
3511 1528 3777 1584 historiam

2211 1615 2354 1671 hunc
2417 1598 2684 1686 psalmum
2719 1598 2982 1678 cantavit
3043 1615 3235 1682 David,
3294 1617 3534 1687 quando,
3566 1625 3780 1678 mortuo

2212 1706 2349 1762 Saul
2389 1714 2443 1762 et
2499 1706 2619 1761 aliis
2662 1694 2895 1761 inimicis
2947 1706 3085 1772 suis,
3104 1705 3364 1762 liberatus
3399 1715 3486 1760 est
3510 1706 3581 1759 ab
3609 1720 3780 1760 eorqu

2213 1790 2678 1868 persecutionibus
2708 1813 2723 1850 :
2755 1795 2849 1851 sed
2895 1811 3002 1851 non
3055 1812 3153 1866 pro
3204 1812 3263 1852 se
3315 1805 3520 1853 tantum
3558 1795 3781 1851 basian-

531 1900 552 1934 ¢
597 1896 855 1939 manuum
882 1900 1123 1953 mearum
1170 1888 1435 1947 retribuet
1479 1892 1632 1947 mihi.
1659 1893 1794 1960 Quia
1844 1895 2112 1950 custodivi
2146 1893 2189 1952 Β
2218 1891 2313 1945 des
2344 1888 2454 1945 Deo
2488 1889 2752 1954 cantavit,
2791 1887 2885 1943 sed
2917 1880 3014 1959 pro
3048 1888 3417 1958 redemptione
3447 1887 3537 1941 illa
3581 1904 3699 1943 vera
3737 1896 3785 1941 et

531 1989 552 2023 ι
598 1972 714 2028 vias
743 1974 974 2043 Domini,
1000 1994 1099 2035 nec
1126 1980 1458 2050 impiegessi
1483 1998 1514 2036 a
1536 1982 1648 2039 Deo
1675 1999 1817 2039 meo.
1841 1984 2110 2050 Quoniam

534 2079 555 2114 ε
601 2065 786 2120 omnia
815 2065 1021 2137 judicia
1046 2069 1166 2140 ejus
1192 2071 1244 2126 in
1271 2083 1567 2143 conspectu
1608 2090 1751 2145 meo,
1781 2086 1838 2131 et
1869 2075 2111 2149 justitias

532 2171 554 2205 ι
600 2151 718 2223 ejus
747 2170 855 2212 non
880 2156 1048 2227 repuli
1093 2174 1125 2214 a
1173 2176 1278 2216 me.
1312 2162 1379 2217 Et
1409 2179 1501 2219 ero
1536 2164 1937 2241 immaculatus
1989 2182 2112 2222 cum

533 2263 554 2297 ι
599 2260 686 2313 eo,
714 2241 780 2302 et’
803 2249 1101 2321 observabo
1127 2267 1213 2333 me
1242 2253 1313 2309 ab
1360 2255 1645 2327 iniquitate
1681 2258 1823 2315 mea.
1856 2260 1923 2315 Et
1953 2261 2117 2316 retri-

535 2352 555 2386 ι
599 2335 734 2394 buet
762 2338 894 2394 mihi
922 2341 1184 2399 Dominus
1213 2347 1508 2403 secundum
1544 2347 1809 2419 justitiam
1843 2365 2037 2415 meam,
2061 2360 2117 2406 et

535 2444 557 2479 ο
596 2428 893 2485 secundum
910 2433 1202 2501 puritatem
1217 2426 1467 2493 manuum
1489 2455 1730 2496 mearum
1748 2441 1801 2496 in
1825 2450 2114 2512 conspectu

538 2534 560 2571 σ
604 2519 882 2607 oculorum
913 2523 1052 2594 ejus.
1083 2524 1219 2582 Cum
1266 2538 1456 2586 sancto
1484 2542 1709 2589 sanctus
1734 2534 1869 2600 eris,
1893 2542 1948 2588 ct
1994 2548 2115 2589 cum

538 2627 559 2662 α
602 2612 721 2669 viro
759 2614 1043 2672 innocente
1073 2617 1331 2703 innocens
1380 2623 1508 2679 eris.
1551 2624 1771 2680 Etcum
1813 2626 1983 2681 electo
2010 2625 2119 2681 cle-

533 2718 561 2755 ‹
605 2710 725 2760 ctus
743 2707 877 2776 eris,
895 2719 950 2764 et
974 2726 1096 2766 cum
1119 2726 1373 2782 perverso
1398 2719 1746 2785 perverteris.
1762 2718 2029 2785 Quoniam
2061 2727 2117 2773 tu

539 2812 560 2846 ι
601 2797 856 2867 populum
877 2800 1136 2885 humilem
1166 2805 1375 2862 salvum
1415 2806 1606 2873 facies,
1646 2818 1704 2864 et
1728 2810 1911 2865 oculos
1937 2825 2119 2878 super-

540 2902 564 2937 α
604 2886 794 2944 borum
817 2891 1146 2951 humiliabis.
1174 2896 1439 2963 Quoniam
1464 2909 1519 2975 tu
1543 2900 1816 2955 illuminas
1844 2900 2120 2955 lucernam

541 2996 560 3030 ι
604 2994 803 3047 meam,
848 2984 1077 3040 Domine
1135 2985 1277 3042 Deus
1330 3003 1514 3054 meus,
1570 2989 1811 3044 illumina
1870 2991 2121 3046 tenebras

542 3086 561 3120 ι
607 3084 777 3125 meas.
810 3070 1077 3139 Quoniam
1133 3074 1187 3129 in
1229 3084 1281 3133 te
1320 3079 1521 3149 eripiar
1554 3095 1589 3134 a
1622 3081 1938 3147 tentatione,
1967 3090 2023 3136 et
2065 3083 2121 3138 in

543 3176 563 3210 ι
611 3160 724 3216 Deo
749 3175 872 3218 meo
907 3165 1279 3235 transgrediar
1300 3183 1535 3224 murum.
1564 3170 1706 3225 Deus
1733 3185 1907 3236 meus,
1934 3171 2125 3242 impol-

2212 1976 2475 2050 perfecta,
2503 1994 2665 2048 quam
2716 1972 2859 2034 vidit“
2891 1974 3127 2033 futuram
3164 1978 3219 2033 in
3273 1977 3488 2034 Christo
3535 1993 3663 2033 vero
3701 1977 3787 2032 Da-

2194 2061 2304 2148 :vid
2352 2080 2409 2127 et
2450 2070 2568 2141 ejus
2615 2069 2896 2126 membris.
2941 2071 3069 2142 Agit
3120 2062 3264 2125 enim
3312 2069 3400 2125 liic
3449 2070 3687 2141 psalmus
3727 2070 3786 2126 de

2195 2163 2439 2239 victoria
2470 2154 2744 2233 passionis
2779 2159 3007 2228 Christi,
3055 2170 3111 2217 et
3150 2160 3217 2217 de
3260 2160 3429 2232 gloria
3472 2159 3594 2229 ejus
3622 2176 3788 2216 resur-

2215 2254 2496 2320 rectionis,
2529 2261 2584 2308 et
2625 2253 2691 2308 de
2736 2251 3081 2308 institutione
3128 2260 3185 2307 et
3219 2250 3646 2308 conformatione
3680 2267 3787 2307 cor-

2212 2347 2360 2418 poris
2387 2346 2492 2413 sui,
2516 2355 2578 2402 et
2598 2345 2867 2416 quomodo
2898 2344 2981 2400 vel
3000 2359 3100 2415 per
3127 2360 3262 2414 quos
3287 2352 3406 2399 acta
3427 2343 3547 2398 bazc
3569 2344 3690 2398 sint.
3716 2342 3789 2398 Ti-

2217 2440 2360 2496 tulus
2382 2440 2463 2496 sic
2485 2438 2818 2495 construitur
2845 2446 2903 2493 et
2927 2438 3246 2510 exponitur:
3268 2435 3440 2493 Verba
3470 2437 3673 2493 cantici
3703 2438 3787 2492 bu-

2204 2518 2323 2602 jus,
2352 2533 2405 2588 id
2434 2532 2868 2590 estexsultativa:
2895 2531 3089 2600 laudis,
3109 2531 3388 2588 referenda
3401 2541 3529 2589 sunt
3554 2534 3607 2587 in
3626 2534 3787 2602 ﬁnem,

2204 2610 2272 2682 id
2293 2635 2376 2682 est
2400 2608 2457 2679 in
2480 2625 2778 2691 Christum,
2794 2622 3389 2682 scilicetattribuenda
3431 2624 3607 2679 David
3643 2640 3787 2695 puero

2219 2716 2451 2770 Domini.
2502 2715 2729 2787 Ahjecto
2780 2714 2949 2781 Saul,
3013 2715 3216 2771 dictum
3283 2723 3373 2795 est
3424 2731 3457 2769 a
3532 2715 3785 2771 Domino:

2208 2808 2373 2885 Elegi
2415 2810 2580 2865 virum
2625 2809 2910 2877 secundum
2944 2824 3036 2863 cor
3088 2825 3259 2862 meum
3305 2805 3478 2877 (Psal.
3516 2807 3786 2878 Lxxxvm).

2222 2897 2375 2955 Unde
2397 2899 2589 2955 merito
2616 2899 2705 2954 ille
2734 2899 2903 2955 David
2921 2938 2947 2965 ,.
2964 2915 3119 2970 puer,
3147 2900 3198 2954 id
3228 2907 3314 2954 est
3339 2898 3544 2955 electus
3572 2900 3786 2963 Domini,

2221 2998 2306 3044 est
2351 2989 2550 3044 dictus.
2599 2989 2665 3044 Et
2709 2989 2959 3045 Christus
3004 2990 3093 3060 qui
3142 2990 3245 3045 bas
3288 2988 3474 3046 laudes
3520 2989 3791 3045 DeoPatri

2207 3062 2608 3150 lcantatypuer
2648 3079 2860 3134 Domini
2908 3079 3086 3135 dictus
3126 3088 3242 3147 est;
3293 3088 3352 3135 ut
3395 3080 3568 3137 illud:
3600 3080 3698 3135 Hie
3724 3089 3797 3135 at

2222 3169 2366 3238 ﬁlius
2405 3187 2548 3225 meus
2591 3170 2809 3225 dilectus
2839 3170 3054 3242 (Matth.
3088 3171 3209 3241 Ill):
3239 3179 3314 3233 et,
3363 3169 3508 3226 Puer
3547 3185 3697 3227 natus
3726 3182 3789 3226 est

543 3264 563 3298 ι
608 3247 719 3304 luta
750 3251 833 3306 via
872 3250 1009 3321 ejus,
1034 3253 1272 3325 ‘eloquia
1324 3257 1537 3314 Domini
1591 3260 1714 3331 igne
1759 3235 2069 3318 examinata
2103 3280 2117 3317 :
2147 3235 2195 3299 θ
2223 3235 2374 3316 nobis
2402 3260 2535 3332 (Isa.
2562 3260 2667 3333 ιι),
2713 3270 2769 3316 et
2798 3235 2922 3317 vere
2947 3277 3102 3332 puer,
3123 3235 3252 3333 quia
3279 3279 3445 3333 purus
3472 3273 3528 3319 et
3556 3265 3671 3321 sine
3693 3280 3791 3319 ma-

542 3357 563 3393 t
604 3349 880 3411 protector
899 3354 986 3401 est
1012 3347 1251 3403 omnium
1292 3353 1625 3422 sperantium
1665 3354 1717 3410 in
1749 3367 1827 3410 se.
1854 3354 2120 3422 Quoniam
2223 3351 2363 3407 cuia.
2392 3351 2756 3437 QuaeTscilicet
2788 3352 2954 3411 verba
2983 3351 3189 3408 locutus
3213 3352 3383 3408 estad
3404 3351 3714 3419 Dominum,
3746 3352 3792 3407 id

542 3449 563 3484 ι
607 3433 732 3503 quis
754 3434 898 3492 Dens
924 3445 1122 3506 praeter
1149 3441 1477 3499 Dominum?
1501 3454 1597 3501 aut
1617 3446 1740 3516 quis
1760 3447 1902 3502 Deus
1925 3455 2126 3517 praeter
2220 3451 2306 3499 est
2334 3444 2388 3499 iu
2415 3433 2853 3501 oonSideratione
2881 3442 3023 3513 illius
3051 3444 3156 3501 diei
3183 3461 3287 3516 qua
3316 3444 3504 3516 eripuit
3539 3462 3657 3500 eum
3692 3443 3789 3498 Du-

542 3543 563 3577 t
602 3525 774 3583 Deum
802 3531 1086 3586 nostrum?
1131 3533 1277 3590 Deus
1310 3536 1400 3605 qui
1452 3538 1735 3604 praecinxit
1774 3552 1862 3592 me
1902 3538 2122 3605 virtute,

543 3631 563 3667 ι
607 3624 663 3671 et
686 3618 867 3688 posuit
904 3616 1303 3678 immaculatam
1346 3626 1485 3682 viam
1526 3642 1722 3681 meam.
1755 3627 1857 3695 Qui
1899 3628 2127 3699 perfecit

543 3725 563 3758 ι
611 3709 776 3776 pedes
801 3722 950 3766 meos
986 3720 1242 3781 tanquam
1269 3729 1574 3780 cervorum,
1605 3726 1663 3772 et
1701 3734 1865 3789 super
1908 3720 2125 3777 excelsa

543 3813 563 3846 ι
610 3803 856 3853 statuens
885 3815 990 3854 me.
1022 3801 1124 3868 Qui
1153 3802 1312 3859 docet
1349 3820 1541 3861 manus
1575 3814 1726 3863 meas
1762 3808 1830 3863 ad
1855 3809 2122 3879 praelium,

542 3901 563 3936 ι
608 3892 663 3939 et
689 3887 917 3966 posuisti
956 3898 1017 3944 ut
1052 3905 1237 3947 arcum
1267 3907 1468 3950 azreum
1495 3895 1717 3952 brachia
1749 3913 1893 3952 mea.
1933 3899 2001 3953 Et
2026 3899 2124 3955 de-

545 3994 567 4029 t
613 3978 741 4034 disti
770 3980 903 4035 mihi
932 3984 1326 4051 protectionem
1351 3984 1537 4042 salutis
1565 3996 1697 4053 tum,
1717 3997 1771 4044 et
1788 3987 2018 4044 dextera.
2034 3998 2124 4046 tua

543 4085 565 4121 ι
608 4072 845 4141 suscepit
864 4089 968 4129 me.
1000 4074 1068 4129 Et
1093 4075 1373 4148 disciplina
1389 4088 1477 4133 tua
1493 4081 1727 4139 correxit
1753 4096 1840 4137 me
1862 4082 1916 4136 in
1941 4076 2126 4151 tinem,

544 4175 566 4211 ι
610 4168 667 4216 et
695 4160 981 4233 disciplina
1011 4172 1103 4220 tua
1130 4166 1242 4237 ipsa
1273 4183 1360 4224 me
1380 4169 1616 4226 docebit.
1642 4172 1883 4229 Dilatasti
1907 4189 2128 4244 gressus

542 4269 563 4304 ς
610 4268 759 4311 meos
796 4257 984 4313 subtus
1012 4273 1119 4326 me,
1166 4267 1221 4314 et
1249 4276 1356 4316 non
1403 4271 1532 4318 sunt
1580 4263 1851 4319 infirmata
1903 4265 2125 4336 vestigia

541 4363 561 4397 ι
605 4360 749 4401 mea.
774 4345 1076 4419 Persequar
1118 4350 1366 4409 inimicos
1397 4369 1548 4410 meos
1574 4363 1630 4410 et
1668 4356 2125 4426 comprehendam

541 4452 562 4487 ι
607 4434 748 4503 illos,
783 4446 838 4492 et
875 4454 984 4494 non
1025 4450 1316 4497 convertar
1348 4443 1519 4499 donec
1558 4444 1828 4500 deficiant.
1870 4445 2124 4501 Confrin-

542 4541 562 4575 ι
605 4539 728 4590 gam
752 4525 892 4593 illos,
917 4543 1018 4585 nec
1044 4538 1300 4600 poterunt
1344 4542 1490 4589 stare
1520 4545 1542 4597 :
1570 4535 1768 4609 cadent
1794 4536 1984 4592 subtus
2024 4551 2119 4606 pe—

540 4634 561 4669 ι
606 4616 701 4673 des
723 4621 990 4700 meos.gEt
1034 4624 1361 4691 prmeiuxisti
1414 4641 1502 4682 me
1528 4627 1729 4681 virtute
1778 4626 1847 4681 ad
1891 4626 2112 4692 bellum.

541 4721 562 4756 ι
607 4706 963 4777 supplantasti
997 4715 1339 4785 insurgentes
1368 4714 1421 4770 in
1450 4731 1539 4770 me
1572 4718 1764 4789 subtus
1795 4731 1899 4791 me.
1928 4718 1997 4773 Et
2018 4719 2119 4781 ini,-

541 4810 563 4845 ι
609 4795 779 4852 micos
810 4810 962 4853 meos
990 4798 1183 4856 dedisti
1225 4803 1357 4859 mihi
1395 4802 1634 4872 dorsum,
1674 4814 1731 4861 et
1762 4807 2005 4864 odieutes
2029 4824 2116 4864 me
2212 4850 2217 4855 ε

541 4900 561 4935 ι
606 4883 994 4955 disperdidisti.
1030 4888 1433 4961 Clamaverunt,
1482 4910 1584 4952 nec
1634 4906 1753 4953 erat
1796 4898 1885 4967 qui
1937 4898 2117 4954 salvos

540 4993 561 5026 σ
606 4974 814 5033 faceret
869 4998 884 5034 :
945 4980 1014 5035 ad
1061 4982 1370 5052 Dominum,
1426 5002 1529 5044 nec
1560 4989 1836 5045 exaudivit
1880 5004 1995 5045 eos.
2050 4990 2119 5046 Et

541 5083 561 5118 ι
602 5068 966 5124 comminuam
993 5085 1087 5127 eos
1108 5081 1165 5127 ut
1190 5075 1463 5143 pulverem
1501 5086 1628 5134 ante
1657 5078 1846 5133 faciem
1869 5080 2037 5144 venti,
2065 5088 2124 5135 ut

541 5174 561 5208 ι
605 5155 776 5212 lutum
808 5159 1109 5230 platearum
1140 5164 1325 5222 delebo
1365 5183 1479 5224 eos.
1519 5169 1727 5238 Eripies
1761 5186 1848 5225 me
1896 5171 1961 5226 de
2000 5187 2125 5228 con-

542 5264 562 5298 ι
611 5248 1020 5307 tradictionibus
1064 5253 1278 5323 populi,
1354 5258 1651 5313 constitues
1710 5273 1797 5314 me
1847 5259 1903 5314 in
1964 5271 2124 5330 caput

539 5354 562 5390 ι
603 5341 867 5411 gentium.
897 5341 1130 5414 Populus
1150 5362 1311 5415 quem
1340 5363 1445 5403 non
1472 5348 1697 5419 cognovi
1725 5333 1945 5405 servivit
1965 5352 2120 5419 mihi,

540 5445 561 5480 ι
605 5428 658 5484 in
674 5432 860 5487 auditu
885 5435 1034 5490 auris
1045 5435 1279 5492 obedivit
1298 5438 1446 5493 mibi.
1463 5438 1584 5495 Filii
1598 5440 1756 5496 alieni
1774 5442 1980 5496 mentiti
1994 5450 2123 5498 sunt

541 5536 562 5571 ι
612 5521 765 5591 mihi,
795 5523 890 5579 lilii
916 5525 1077 5581 alieni
1101 5527 1382 5584 inveterati
1416 5542 1562 5595 sunt,
1590 5538 1647 5586 et
1678 5531 2123 5587 claudicaverunt

541 5628 560 5661 ι
605 5625 635 5665 a
660 5612 867 5671 semitis
886 5615 1020 5671 suis.
1054 5615 1197 5673 Vivit
1228 5618 1510 5686 Dominus,
1538 5629 1593 5676 et
1635 5620 1950 5678 benedictus
1978 5623 2121 5678 Deus

541 5722 559 5756 ι
606 5720 774 5771 meus,
800 5716 853 5762 et
871 5707 1141 5765 exaltetur
1163 5712 1322 5777 Deus,
1347 5713 1538 5770 salutis
1555 5729 1703 5769 mete.
1724 5715 1885 5779 Deus,
1907 5716 1997 5784 qui
2023 5714 2120 5771 das

544 5813 562 5846 ί
610 5798 878 5858 vindictas
906 5801 1062 5870 mihi,
1095 5812 1147 5858 et
1175 5804 1359 5861 subdis
1396 5807 1619 5877 populos
1643 5807 1742 5863 sub
1783 5823 1889 5875 inc,
1924 5808 2121 5865 libera-

2140 4586 2196 4646 Β

2224 3538 2396 3592 minus
2425 3538 2491 3594 de
2523 3552 2687 3594 manu
2715 3538 2957 3593 omnium
2996 3537 3589 3594 inimicorum‘suorum
3626 3554 3639 3589 :
3667 3534 3789 3605 quod

2224 3626 2423 3682 factum
2447 3635 2532 3682 est
2556 3628 2610 3682 in
2643 3628 2762 3697 ipso
2788 3628 2993 3699 capite,
3024 3627 3168 3698 quod
3204 3627 3505 3683 resurrexit
3539 3637 3595 3682 et
3616 3626 3668 3681 in
3692 3635 3790 3680 cm-

2225 3716 2333 3773 lum
2378 3718 2644 3773 ascendit.
2678 3718 2745 3772 Et
2771 3719 2837 3773 de
2860 3735 3023 3773 manu
3064 3717 3220 3783 Saul,
3265 3718 3318 3772 id
3347 3726 3432 3773 est
3468 3717 3679 3771 mortis.
3704 3715 3789 3770 Se-

2225 3807 2462 3862 cundum
2491 3808 2728 3881 nominis
2767 3808 3305 3879 interpretationem,
3350 3822 3446 3876 per
3491 3804 3620 3861 Saul
3660 3819 3789 3861 mors

2225 3898 2564 3968 intelligitur.
2593 3899 2988 3970 Interpretatur
3029 3900 3172 3956 enim
3222 3901 3509 3970 appetitus,
3560 3900 3683 3970 quia
3706 3898 3788 3953 lilii

2224 3989 2397 4045 Israel.
2421 3999 2610 4046 contra
2651 3990 2984 4045 voluntatem
3027 3991 3122 4046 Dei
3151 3991 3535 4061 appetiverunt
3559 4005 3680 4046 eum
3702 3987 3789 4044 sibi

2210 4079 2285 4155 .in
2316 4094 2521 4152 regem.
2566 4079 2634 4133 Et
2684 4080 2757 4135 de
2782 4088 2956 4135 morte
2985 4080 3192 4135 dictum
3218 4086 3342 4136 est:
3374 4078 3531 4149 Deus.
3555 4095 3659 4134 non
3684 4077 3790 4148 fecit

2226 4180 2443 4225 mortem
2471 4169 2623 4242 (ευρ.
2654 4169 2721 4242 1),
2750 4171 2900 4240 impii
2930 4179 3109 4226 autem
3141 4172 3513 4237 accersierunt
3548 4184 3667 4225 eam
3703 4165 3789 4224 sibi

2225 4262 2476 4337 manibus
2504 4269 2560 4315 et
2595 4261 2840 4335 pedibus.
2881 4260 3008 4316 Haec
3034 4261 3242 4330 ereptio
3270 4258 3511 4331 perfecta
3551 4275 3656 4314 non
3679 4256 3788 4320 erit,

2209 4353 2331 4407 .nisi
2357 4366 2478 4406 cum
2508 4351 2800 4407 novissima
2844 4348 3157 4406 destruetur
3197 4364 3377 4415 mors,
3407 4365 3532 4405 cum
3561 4348 3791 4405 Christus

2213 4443 2404 4515 tradet
2442 4457 2668 4511 regnum
2711 4441 2823 4501 Deo
2850 4449 2904 4496 et
2926 4440 3072 4495 Patri
3099 4439 3152 4512 (Ι
3176 4439 3297 4494 Cor.
3326 4437 3447 4508 xm)
3482 4457 3496 4494 :
3531 4447 3655 4494 tunc
3690 4445 3790 4491 tan-

2229 4532 2352 4587 dem
2381 4530 2628 4587 Christus
2653 4538 2814 4595 totus,
2845 4529 2898 4585 id
2921 4540 3004 4586 est
3025 4530 3079 4584 in
3101 4530 3281 4599 capite
3302 4536 3359 4583 et
3392 4528 3650 4585 membris
3688 4538 3789 4595 ere-

2217 4630 2345 4692 ptus
2360 4621 2470 4677 erit
2493 4621 2560 4676 de
2582 4636 2744 4692 manu
2771 4620 3385 4691 omniumjinimicorum
3405 4633 3646 4684 suorum,
3668 4614 3789 4671 etde

2215 4727 2385 4768 manu
2404 4711 2559 4768 SauL

2822 4816 2929 4856 νοχ
2963 4814 3196 4855 CHRISTI.

2216 4966 2219 4969 Α
2287 4892 2520 4962 Diligam
2550 4902 2619 4956 te,
2649 4891 2894 4947 Domine.
2927 4890 3065 4958 Quia
3096 4889 3252 4945 video
3289 4887 3432 4958 quod
3478 4886 3685 4942 tandem
3712 4896 3787 4936 me

2219 4985 2421 5054 eripies
2451 4984 2518 5040 de
2546 4999 2709 5039 manu
2738 4983 2981 5038 omnium
3029 4982 3371 5036 inimicorum
3398 4986 3454 5034 et
3494 4977 3619 5034 Saul
3638 5017 3653 5041 ,
3680 4972 3787 5029 dili-

2226 5090 2351 5146 gam
2375 5083 2427 5130 te
2451 5088 2469 5132 :
2492 5089 2599 5132 non
2621 5074 2741 5131 dico
2767 5073 2952 5145 dilexi,
2978 5081 3186 5147 tantum
3211 5072 3298 5127 vel
3323 5072 3513 5143 diligo,
3538 5069 3661 5140 quia
3682 5066 3787 5122 cha-

2229 5165 2362 5222 ritas
2384 5180 2656 5235 nunquam
2686 5164 2905 5220 excidet
2917 5162 3050 5219 fides
3077 5171 3132 5219 et
3155 5177 3278 5231 spes
3299 5160 3784 5223 evacuabitur,cuui

2228 5263 2437 5319 venerit
2471 5262 2558 5316 illa
2589 5260 2821 5330 ereptio,
2852 5274 2974 5315 cum
3001 5256 3351 5314 evacuabitur
3379 5255 3520 5326 quod
3548 5268 3613 5329 ex
3651 5256 3787 5321 parte

2224 5363 2331 5419 est,
2375 5353 2468 5408 sed
2507 5351 2720 5408 dilectio
2748 5355 2976 5406 crescet.
3018 5348 3089 5403 Et
3122 5347 3353 5413 merito,
3384 5347 3510 5416 quia
3530 5354 3590 5415 tu
3620 5342 3786 5396 firmas

2226 5462 2315 5502 me
2339 5446 2392 5501 in
2426 5445 2515 5499 illa
2548 5443 2853 5509 dilectione,
2884 5450 2938 5496 tu
2963 5455 3029 5497 es
3051 5439 3477 5511 fortitudo‘mea.
3496 5436 3597 5492 Per
3625 5444 3674 5488 te
3697 5441 3783 5498 ego

2215 5537 2569 5605 considerate
2594 5534 2830 5605 pericula
2854 5532 3110 5603 suscipio,
3134 5540 3189 5588 et
3216 5531 3430 5586 labores
3453 5541 3598 5584 meos
3618 5533 3785 5595 perpe-

2230 5628 2352 5684 tior.
2385 5626 2455 5683 Ut
2479 5640 2606 5681 suos
2631 5624 2795 5680 etiam
2821 5623 3133 5691 eohortetur
3160 5621 3226 5691 ad
3272 5620 3484 5676 laudem
3527 5615 3648 5677 Dei,
3671 5625 3784 5667 con-

2231 5717 2398 5772 vertit
2446 5730 2505 5770 se
2545 5713 2613 5768 ad
2657 5728 2780 5779 eos,
2838 5712 3022 5767 dicens
3064 5729 3078 5766 :
3125 5710 3379 5765 Dominus
3421 5709 3782 5778 ﬁrmamentum

2231 5823 2400 5864 meum
2429 5823 2444 5860 .-
2473 5805 2597 5876 quia
2627 5804 2680 5858 in
2718 5803 2892 5874 primo
2924 5811 3147 5873 parente
3192 5816 3288 5870 per
3321 5797 3619 5869 superbiam
3652 5788 3783 5845 inﬁr-
