3978 6412
266 410 381 464 225

1364 472 1369 477 ἡ
1406 409 1930 466 ENARRATIOXES
1966 411 2030 465 ΙΝ
2066 411 2397 495 ΡΞΛΙΛΙΟΞ).

3435 417 3541 471 9.26

265 532 454 578 matus
484 537 625 585 sum,
657 537 752 590 per
793 522 905 591 ejus
943 524 1171 591 gratiam
1203 539 1303 576 non
1334 539 1449 577 sum
1478 524 1845 579 confirmatus.
1880 526 1925 583 Λ
1954 524 2019 575 ab
2048 526 2268 577 inimicis
2299 524 2424 577 meis
2460 528 2633 577 salrus
2670 539 2787 587 cro;
2818 529 2886 578 ab
2917 527 3001 579 his
3032 527 3274 582 scilicet:
3302 528 3544 585 Hircum-

264 613 340 665 Et
374 611 633 681 refugium
669 627 861 673 meum,
893 611 959 663 ad
997 625 1155 678 quem
1201 611 1575 668 intus-secure
1608 615 1851 685 confugi-

268 712 384 765 tur,
429 718 550 755 cum
599 701 719 771 quis
762 699 894 755 foris
941 701 1192 757 resistere
1238 704 1444 771 nequit.
1495 705 1561 757 Et
1608 706 1856 760 liberator

264 806 423 843 meus
463 804 482 841 :
527 790 739 843 tandem
786 789 979 843 liberal
1018 806 1123 844 nou
1168 791 1338 846 solum
1372 795 1439 848 ab
1476 795 1729 859 inimicis,
1762 797 1855 851 sed

264 882 441 933 etiam
482 895 511 933 a
554 879 899 933 mortalitate.
940 879 1058 934 Prae
1102 882 1269 937 nimio
1306 884 1501 953 gaudio
1538 885 1857 955 multiplicat

262 971 462 1025 laudes
495 990 508 1025 :
544 972 678 1025 Deus
724 988 869 1025 meus
906 987 1001 1041 per
1035 982 1311 1038 naturam,
1344 976 1558 1045 adjutor
1592 992 1735 1029 meus
1760 989 1859 1047 per

263 1062 505 1128 gratiam
525 1100 539 1124 ,
566 1076 632 1115 ne
676 1061 920 1116 deficiam
962 1064 1060 1118 sub
1098 1079 1284 1120 onere.
1314 1066 1379 1118 Et
1414 1068 1531 1120 ideo
1558 1069 1773 1135 sperabo
1803 1069 1858 1123 in

263 1145 391 1205 eum
417 1170 433 1205 :
464 1169 569 1207 non
597 1167 692 1207 ero
722 1154 912 1209 similis
939 1154 1011 1209 illi
1041 1156 1130 1224 qui
1161 1156 1213 1210 in
1236 1171 1295 1211 se
1322 1159 1557 1227 speravit
1578 1199 1591 1217 .
1622 1168 1677 1212 ει
1711 1159 1853 1212 ceci-

266 1243 372 1295 dit.
404 1242 516 1297 lloc
543 1243 701 1299 modo
729 1244 899 1299 factus
926 1256 1011 1301 est
1051 1248 1264 1318 adjutor
1300 1264 1398 1318 per
1432 1250 1683 1317 gratiam.
1716 1248 1855 1304 Pro-

265 1343 440 1386 tector
478 1351 640 1400 meus,
671 1344 726 1390 et
755 1351 859 1390 non
890 1337 1300 1409 qualiscunque,
1330 1341 1424 1396 sed
1473 1357 1633 1394 cornu
1672 1342 1858 1396 salutis

262 1438 422 1483 metu,
459 1423 511 1477 id
537 1432 619 1478 est
646 1424 737 1494 qui
781 1425 847 1480 de
874 1427 1080 1481 carnali
1124 1436 1179 1482 et
1205 1428 1380 1499 fragili
1411 1430 1539 1484 facit
1578 1446 1663 1485 me
1699 1432 1861 1500 spiri-

265 1512 470 1566 tualem
498 1522 553 1567 et
580 1513 794 1580 fortem,
824 1524 878 1569 et
905 1518 1058 1586 quasi
1084 1526 1331 1572 naturam
1369 1535 1541 1574 meam
1574 1536 1658 1573 me
1697 1535 1857 1575 exce-

266 1603 404 1658 dere
437 1604 596 1669 facit;
629 1614 687 1658 ut
710 1605 837 1658 illud
864 1621 878 1658 :
914 1606 980 1660 In
1007 1623 1164 1661 carne
1192 1609 1329 1663 enim
1357 1610 1712 1675 ambulantes,
1755 1628 1856 1665 non

265 1695 558 1747 scentulum
588 1711 794 1748 carnem
817 1697 1102 1751 militamus
1147 1698 1232 1770 (Il
1256 1698 1379 1753 Cor.
1400 1700 1485 1770 x);
1518 1702 1655 1755 sicut
1691 1718 1855 1755 cornu

265 1800 397 1838 cum
427 1786 496 1838 sit
523 1786 586 1840 de
614 1800 798 1848 carne,
832 1787 884 1840 in
909 1788 1161 1843 duritiam
1190 1799 1367 1845 tamen
1412 1806 1627 1845 versum
1648 1794 1859 1847 excedit

264 1891 515 1940 carnem,
546 1888 598 1930 et
630 1876 681 1929 in
715 1876 872 1930 aliam
924 1880 1115 1933 transit
1162 1889 1428 1935 naturam.
1477 1882 1649 1936 Aliter
1682 1900 1695 1937 :
1727 1883 1859 1937 Cum

264 1965 483 2018 diversa
519 1965 767 2018 animalia
797 1966 1021 2021 diversis
1064 1970 1230 2024 armis
1278 1985 1335 2024 se
1376 1981 1679 2041 protegant,
1706 1973 1860 2041 lupus

264 2053 455 2118 dente,
478 2070 647 2124 equus
671 2056 824 2123 pede,
851 2065 904 2108 tu
934 2057 1063 2110 mihi
1087 2073 1145 2113 cs
1174 2074 1362 2123 cornu,
1383 2062 1505 2129 quia
1534 2063 1628 2115 das
1651 2063 1857 2115 firmam

265 2143 536 2196 rationem
565 2156 669 2213 qua
709 2145 913 2199 valeam
943 2147 1204 2203 ventilare
1231 2150 1477 2204 inimicos
1504 2161 1556 2204 et
1594 2154 1860 2221 puecipue

268 2230 579 2287 haereticos.
612 2232 784 2287 Aliter
821 2252 833 2286 :
864 2232 978 2289 Non
1006 2237 1155 2306 erigo
1184 2253 1349 2293 cornu
1374 2241 1640 2309 superbize
1669 2251 1857 2296 contra

265 2328 342 2383 te,
378 2321 470 2374 sed
503 2330 553 2375 tu
594 2337 658 2377 es
700 2338 890 2388 cornu,
938 2324 990 2379 id
1035 2336 1118 2381 est
1156 2326 1309 2381 firma
1361 2328 1624 2385 celsitudo
1668 2331 1858 2388 salutis

266 2429 433 2478 meai,
462 2416 673 2485 erigens
712 2431 859 2485 spem
894 2432 1067 2471 meam
1093 2421 1159 2473 ad
1192 2430 1261 2475 te.
1296 2421 1360 2473 Et
1396 2437 1500 2475 nou
1530 2422 1700 2476 solum
1732 2438 1857 2493 pro-

267 2514 450 2559 tector
472 2515 526 2560 et
553 2523 743 2572 cornu,
771 2508 884 2574 sed,
908 2509 1051 2579 quod
1082 2519 1165 2565 est
1191 2512 1383 2582 majus,
1410 2512 1581 2567 factus
1603 2530 1661 2569 es
1686 2532 1857 2569 susce-

264 2606 393 2666 ptor
415 2615 578 2663 meus,
606 2600 658 2653 id
697 2610 778 2654 est
804 2600 1132 2657 infirmitatis
1160 2619 1310 2657 mem.
1347 2604 1457 2660 Hoc
1481 2621 1578 2676 pro
1606 2622 1852 2677 corpore.

270 2684 393 2745 Vel,
428 2697 693 2756 susceptor
726 2705 869 2742 meus
890 2730 905 2753 ,
936 2690 987 2744 id
1014 2700 1299 2748 estcausa:
1340 2709 1492 2751 meas.
1537 2695 1651 2751 Iloc
1696 2698 1855 2752 modo

269 2778 516 2844 suscepit
563 2792 668 2832 me.
719 2778 862 2832 Misit
910 2779 1052 2836 Deus
1100 2781 1259 2837 Pater
1306 2783 1500 2837 Filium
1548 2801 1703 2839 suum
1753 2787 1853 2840 sibi

270 2877 625 2935 comternum,
642 2869 705 2923 de
722 2887 944 2935 summo,
969 2872 1020 2927 id
1044 2881 1127 2927 est
1148 2874 1215 2929 de
1244 2874 1361 2929 sinu
1381 2874 1577 2930 Patris.
1602 2876 1772 2941 Misit,
1802 2877 1854 2932 id

269 2966 361 3012 est
386 2960 438 3012 in
473 2960 771 3015 humilitate
815 2976 1077 3032 apparere
1120 2962 1270 3029 fecit,
1307 2966 1397 3035 qui
1430 2965 1712 3021 invisibilis
1737 2976 1856 3021 erat

270 3048 329 3101 iu
361 3049 492 3102 suis.
524 3048 592 3101 Et
627 3052 822 3119 accepit
858 3068 961 3116 me,
1005 3052 1481 3109 scilicetformam
1521 3057 1700 3118 servi,
1748 3072 1854 3112 non

272 3138 472 3207 angeli,
520 3152 625 3191 nou
670 3137 895 3208 alicujus
939 3140 1200 3211 dignioris
1244 3145 1341 3198 rei.
1388 3145 1661 3214 Nusquam
1711 3148 1853 3201 enim

271 3228 496 3298 angelos
524 3228 879 3297 apprehendit
906 3247 921 3284 :
953 3240 1001 3283 et
1028 3234 1307 3303 assumpsit
1336 3251 1434 3300 me,
1461 3236 1511 3289 id
1537 3245 1639 3300 est,
1662 3252 1858 3306 corpus

271 3332 476 3381 meum,
513 3319 656 3387 quod
685 3328 769 3373 εει
794 3320 1031 3376 Ecclesia
1060 3340 1074 3376 :
1104 3324 1167 3377 de
1197 3326 1347 3395 aquis
1374 3326 1576 3391 multis,
1606 3327 1658 3381 id
1683 3336 1764 3381 est
1793 3328 1859 3382 de

272 3405 461 3459 multis
482 3406 726 3476 populis,
757 3409 884 3477 quia
921 3424 1026 3464 non
1063 3412 1235 3467 solum
1264 3415 1608 3484 congregavit
1635 3430 1753 3469 eam
1794 3417 1859 3471 de

270 3495 479 3561 Judtea,
512 3497 606 3551 sed
635 3498 701 3551 de
738 3500 945 3554 cunctis
974 3502 1154 3556 terris.
1194 3502 1363 3572 Aqua:
1398 3504 1650 3558 dicuntur
1678 3505 1858 3575 p0puli

275 3585 464 3655 (Apoc.
497 3586 633 3657 xvn)
675 3586 740 3641 ad
773 3588 908 3643 hanc
945 3591 1380 3658 similitudinem,
1410 3594 1534 3664 quia
1563 3611 1659 3665 per
1678 3596 1861 3651 deces-

280 3679 493 3734 sionem
522 3690 576 3734 et
599 3683 992 3739 successionem
1015 3726 1029 3750 ,
1060 3687 1113 3741 iu
1148 3689 1377 3744 decursu
1410 3704 1622 3761 semper
1648 3703 1773 3747 sunt
1804 3701 1862 3746 ut

276 3784 452 3838 aqua}.
483 3770 592 3833 Vel,
622 3772 687 3824 de
705 3773 855 3841 aquis
884 3775 1083 3841 multis,
1114 3777 1165 3830 id
1187 3787 1270 3832 est
1294 3778 1361 3833 de
1391 3778 1535 3833 ﬂuxu
1561 3782 1861 3835 carnalium

276 3858 715 3925 delectatiouum,
764 3862 849 3916 vel
893 3864 959 3918 de
1003 3865 1186 3922 multis
1240 3869 1675 3938 baptismatibus.
1726 3871 1861 3937 Quia

278 3966 405 4005 cum
441 3966 608 4005 unum
648 3953 719 4005 sit
754 3953 1046 4023 baptisma,
1077 3966 1132 4011 et
1155 3959 1336 4014 omnia
1376 3959 1502 4014 vitia
1544 3961 1614 4015 ibi
1652 3961 1864 4017 demer-

278 4050 483 4110 guntur
507 4042 802 4111 praeterita,
828 4043 968 4098 sicut
988 4044 1230 4118 IEgyptii
1254 4048 1481 4104 demersi
1505 4058 1629 4103 sunt
1654 4050 1705 4103 in
1730 4052 1862 4106 mari

283 4132 471 4187 Rubro
491 4131 692 4196 (Exod.
720 4135 854 4205 xrv),
880 4144 1051 4191 utnec
1074 4154 1210 4193 unus
1232 4150 1557 4209 superesset.
1590 4140 1867 4211 Significat

282 4223 430 4277 enim
462 4238 611 4279 mare
641 4224 881 4279 Rubrum
904 4225 1249 4296 baptismum,
1274 4231 1363 4299 qui
1387 4232 1644 4301 sanguine
1666 4233 1865 4287 Christi

283 4312 659 4368 sanctificatus
685 4322 740 4368 et
769 4316 931 4370 ruber
958 4315 1131 4373 factus
1152 4328 1237 4374 est
1262 4322 1329 4375 ad
1357 4321 1713 4391 demergenda
1738 4323 1865 4377 vitia

283 4413 477 4473 potens
524 4422 540 4458 :
595 4412 769 4459 tamen
814 4406 1073 4461 dividitur
1128 4411 1423 4465 secundum
1472 4412 1867 4482 baptizatorum

286 4498 567 4566 sequentia
610 4498 820 4551 merita.
866 4497 969 4552 Alii
1009 4500 1151 4554 enim
1192 4501 1271 4556 sic
1315 4503 1675 4572 baptizautur,
1707 4515 1765 4560 ut
1812 4508 1864 4561 iu

287 4586 377 4640 illa
410 4586 641 4655 puritate
665 4594 944 4649 maneant,
971 4596 1030 4641 ut
1056 4589 1129 4643 ita
1158 4591 1253 4644 toti
1284 4592 1465 4645 mundi
1503 4594 1628 4659 sint,
1669 4606 1723 4650 et
1761 4612 1867 4651 non

289 4675 563 4743 indigeant
609 4675 709 4729 nisi
751 4683 811 4728 ut
850 4676 1015 4745 pedes
1072 4677 1252 4733 lavent
1296 4695 1326 4733 a
1389 4681 1607 4750 pulvere
1665 4684 1865 4755 (Joan.

288 4766 436 4834 xui),
464 4766 515 4817 id
556 4775 662 4829 est,
708 4766 1061 4836 cogitationes
1104 4770 1173 4824 ab
1223 4769 1443 4825 illicitis.
1475 4772 1578 4827 Atii
1622 4775 1867 4843 quautam

289 4855 496 4908 addunt
530 4855 776 4918 crimina,
815 4856 907 4910 sed
931 4857 1179 4912 venialia.
1204 4859 1339 4913 Aliis
1373 4868 1551 4915 autem
1583 4863 1715 4918 nihil
1747 4880 1870 4934 pro-

288 4948 449 5011 dest,
497 4946 621 5014 quia
668 4947 893 5000 redeunt
944 4948 1158 5017 penitus
1216 4950 1282 5003 ad
1328 4958 1652 5005 vetustatem
1704 4969 1871 5023 prave

289 5037 545 5102 vivendo,
577 5036 715 5091 sicut
744 5036 937 5106 legitur
967 5039 1032 5091 de
1063 5039 1153 5098 illo
1180 5040 1315 5093 mari
1346 5058 1358 5093 :
1391 5039 1494 5105 Qui
1519 5041 1693 5095 divisit
1724 5059 1869 5097 mare

291 5129 533 5182 Rubrum
562 5129 613 5180 in
644 5128 920 5181 divisiones
945 5126 1115 5199 (Psal.
1146 5130 1367 5199 cxxxv).
1420 5166 1425 5173 .

363 5220 506 5287 Quot
539 5220 683 5273 enim
730 5220 900 5275 tribus
936 5220 1149 5275 fuerunt
1193 5221 1520 5287 Israeliticae,
1553 5225 1773 5279 totidem
1813 5227 1865 5281 in

287 5318 478 5381 partes
519 5318 603 5362 est
644 5309 894 5363 divisum.
948 5309 1015 5363 Et
1058 5311 1183 5378 quia
1229 5327 1315 5366 me
1359 5322 1519 5381 caput
1556 5316 1763 5382 accepit
1814 5325 1870 5369 et

289 5398 588 5466 assumpsit
611 5398 663 5451 in
702 5398 979 5462 membris,
1019 5398 1245 5453 laudans
1282 5401 1525 5454 invocabo
1568 5402 1866 5457 Dominum.

290 5492 411 5545 Non
444 5492 619 5545 solum
652 5474 863 5545 .vocabo
904 5492 1206 5555 Dominum,
1248 5494 1340 5546 sed
1366 5493 1633 5558 invocabo,
1676 5495 1726 5548 id
1766 5504 1869 5559 est,

268 5586 351 5638 'in
384 5597 467 5635 me
489 5582 714 5645 vocabo,
741 5591 798 5634 ut
818 5582 929 5651 ipse
958 5582 1029 5636 sit
1047 5590 1102 5635 et
1122 5584 1261 5651 quod
1286 5597 1435 5652 rogo,
1457 5592 1511 5637 et
1534 5599 1562 5636 a
1592 5600 1697 5653 quo
1721 5601 1870 5656 rogo.

294 5676 369 5729 Et
404 5675 505 5728 hoc
529 5674 741 5729 'faciam
779 5676 1023 5740 laudans,
1061 5677 1113 5731 id
1148 5686 1249 5739 est,
1290 5676 1628 5732 laudabiliter
1662 5681 1869 5735 vivens.

297 5766 520 5819 Talibus
543 5766 685 5818 enim
719 5766 888 5819 hostis
922 5777 1257 5834 promeretur
1286 5768 1441 5822 Dens.
1482 5768 1543 5821 Et
1587 5770 1686 5823 hoc
1713 5773 1872 5827 modo

1961 612 2213 666 dederunt
2264 630 2344 667 me
2391 612 2596 665 dolores
2639 616 2841 677 mortis,
2876 616 2925 667 id
2972 626 3075 681 est,
3127 615 3200 669 illi
3243 618 3295 671 in
3345 620 3542 688 quibus

1959 712 2115 755 erant
2162 703 2393 767 dolores,
2448 704 2520 756 illi
2552 706 2641 771 qui
2686 705 2750 758 ad
2800 715 3022 761 mortem
3067 708 3291 772 ducunt,
3333 704 3543 764 seilicet

1958 795 2235 860 passiones
2274 795 2506 849 invidiae.
2552 782 2864 851 luvidebaut
2903 800 3045 853 enim
3098 814 3183 853 me
3222 801 3421 855 vivere.
3471 801 3541 854 Et

1958 890 2205 935 torrentes
2231 884 2545 953 iniquitatis,
2571 884 2619 937 id
2651 895 2752 951 cst,
2785 888 2945 941 subiti
2975 888 3207 957 impetus
3234 890 3539 958 iniquorum

1957 980 2012 1026 et
2037 974 2146 1027 cito
2176 982 2537 1037 transeuntes,
2572 976 2707 1029 sicut
2748 994 2886 1047 aqua
2926 979 3103 1033 subito
3146 989 3288 1033 mota
3322 982 3540 1049 pluviali

1960 1076 2249 1133 augmento
2298 1074 2353 1119 et
2394 1066 2504 1121 cito
2554 1068 2909 1135 decrescens;
2955 1073 3387 1126 conturbauerunt
3438 1092 3541 1138 me,

1959 1153 2011 1207 id
2046 1164 2150 1218 εει,
2201 1170 2366 1224 parvo
2408 1164 2644 1226 tempore
2686 1174 2771 1213 me
2816 1170 2987 1215 morte
3035 1162 3539 1218 contristavcruut:

1958 1252 2080 1312 post
2130 1245 2362 1298 triduum
2426 1247 2568 1299 enim
2637 1251 2929 1303 resurrexi.
2992 1250 3347 1306 Conturbatio
3396 1255 3541 1308 enim

1959 1334 2170 1388 subitus
2219 1344 2395 1389 motus
2444 1345 2526 1389 cst
2563 1345 2618 1390 et
2670 1338 2778 1391 cito
2818 1343 3107 1394 transiens.
3147 1342 3221 1395 Ac
3266 1342 3309 1395 si
3350 1342 3537 1397 dicat:

1961 1423 2085 1476 Sola
2113 1423 2309 1477 invidia
2339 1440 2527 1479 eorum
2560 1424 2656 1479 fuit
2688 1442 2847 1482 causa
2880 1443 3009 1483 mea:
3047 1430 3257 1495 mortis,
3287 1432 3379 1486 sed
3408 1433 3540 1487 nihil

1958 1512 2064 1565 illis
2092 1510 2288 1581 profuit
2324 1531 2335 1565 :
2366 1514 2489 1582 quia
2525 1514 2609 1567 ille
2638 1530 2823 1571 eorum
2867 1517 3097 1587 impetus
3134 1520 3312 1573 subito
3351 1520 3542 1578 crevit.

1958 1611 2010 1654 et
2036 1602 2214 1655 subito
2240 1604 2494 1665 cessavit,
2519 1604 2581 1657 sic
2602 1614 2659 1657 ut
2685 1621 2821 1674 aqua
2854 1616 2995 1660 mota
3027 1622 3054 1659 a
3079 1606 3277 1676 pluvia.
3302 1608 3545 1664 Mortuus

1959 1693 2102 1746 enim
2125 1691 2270 1757 jacui
2324 1694 2374 1746 in
2418 1694 2688 1762 sepulcro,
2720 1699 2811 1751 sed
2854 1713 2961 1751 non
3002 1698 3103 1752 nisi
3146 1714 3242 1767 per
3272 1708 3381 1754 tres
3404 1700 3541 1754 dies.

1960 1782 2177 1835 Dolores
2207 1782 2383 1846 inferi,
2417 1783 2464 1836 id
2497 1794 2599 1848 est,
2631 1786 2872 1841 dolentes
2898 1788 2964 1840 de
2986 1788 3276 1842 amissione
3302 1798 3547 1844 terrena-

1892 1866 1935 1924 Β
1966 1889 2083 1926 rum
2115 1889 2313 1927 rerum.
2350 1874 2499 1927 Sicut
2526 1884 2653 1928 sunt
2692 1876 2912 1944 superni
2944 1877 3175 1937 doleres,
3222 1878 3297 1932 illi
3336 1880 3545 1933 scilicet

1961 1964 2051 2032 qui
2084 1972 2210 2018 sunt
2240 1964 2307 2018 de
2336 1966 2629 2019 amissione
2667 1968 2968 2021 cmlestium
3005 1986 3017 2020 :
3048 1968 3119 2021 ita
3161 1978 3215 2022 ει
3256 1968 3435 2032 inferi,
3475 1972 3543 2025 de

1960 2055 2253 2108 amissione
2296 2064 2632 2110 terrenarum
2687 2072 2864 2111 rerum
2909 2058 3165 2113 ducentes
3212 2060 3278 2112 ad
3316 2058 3537 2115 inferos.

1958 2145 2273 2215 iniquitates
2301 2155 2355 2201 et
2391 2147 2623 2212 dolores,
2664 2148 2969 2216 cmphatice
2991 2149 3214 2202 dictum.
3240 2148 3543 2204 Audiebant

1957 2238 2100 2290 enim
2131 2247 2399 2291 amatores
2422 2237 2582 2306 hujus
2604 2239 2785 2292 szeculi
2811 2254 2827 2292 :
2857 2239 3007 2293 Perit
3030 2240 3254 2292 mundus
3281 2248 3327 2292 et
3351 2256 3543 2292 concu-

1955 2328 2204 2395 piscentia
2234 2324 2346 2397 ejus
2378 2327 2603 2399 (lJoan.
2636 2329 2718 2398 ιι).
2746 2328 3026 2384 Neminem
3060 2329 3539 2393 calumniaveritis,

1956 2408 2164 2467 Nemini
2232 2415 2481 2483 injuriatu
2547 2414 2779 2472 faciatis.
2854 2416 3358 2489 Prwoccupaverunt
3415 2436 3541 2485 me,

1955 2507 2108 2574 quasi
2158 2506 2494 2577 ignorantem
2542 2519 2802 2579 quantum
2850 2512 2920 2565 ad
2971 2526 3158 2566 eorum
3209 2512 3539 2582 opinionem,

1954 2597 2125 2668 laquei
2144 2600 2348 2663 mortis,
2377 2599 2428 2653 id
2450 2608 2554 2663 εει,
2584 2616 2760 2654 causa:
2782 2602 2992 2656 innexa:
3009 2603 3188 2657 causis
3217 2601 3281 2655 ad
3312 2610 3542 2655 mortem

1955 2704 2125 2743 meam
2154 2690 2452 2744 tendentes.
2484 2689 2575 2744 Vel
2602 2692 2805 2746 insidiae
2835 2708 3020 2747 eorum
3051 2702 3382 2762 paraverunt
3408 2692 3543 2747 mihi

1954 2787 2183 2833 mortem
2208 2780 2358 2847 quasi
2389 2781 2670 2836 nescienti.
2704 2782 2781 2835 Ab
2808 2783 3033 2837 inimicis
3065 2784 3191 2837 meis
3217 2783 3390 2837 salvus
3429 2800 3539 2838 ero.

1954 2868 2021 2922 Et
2048 2883 2183 2938 opus
2225 2877 2308 2922 est
2348 2868 2667 2936 salvatioue,
2694 2872 2818 2941 quia
2863 2872 3067 2925 dolores
3103 2872 3301 2933 mortis,
3343 2872 3396 2926 id
3434 2880 3540 2938 εει,

1954 2958 2336 3027 passibilitates
2377 2959 2481 3013 illa:
2522 2975 2658 3029 quas
2708 2962 2878 3017 habeo
2917 2977 2981 3016 ex
3030 2963 3353 3017 mortalitate
3398 2978 3539 3029 mea,

1955 3049 2404 3103 circumdederunt
2436 3067 2537 3115 me,
2582 3051 2632 3105 id
2676 3062 2779 3116 est,
2826 3068 3041 3108 carnem
3076 3068 3269 3107 meam.
3314 3054 3377 3107 Et
3422 3055 3543 3108 ideo

1956 3149 2206 3193 torrentes
2231 3140 2543 3205 iniquitatis,
2573 3151 2631 3195 ut
2654 3158 2837 3213 supra,
2881 3145 3315 3199 conturbauerunt
3353 3162 3373 3200 :
3419 3161 3545 3216 pro-

1882 3214 1929 3279 C
1960 3240 2140 3299 pterea
2185 3231 2467 3287 voluerunt
2508 3249 2593 3287 me
2636 3237 2981 3291 conturbare.
3023 3236 3238 3291 Dolores
3278 3238 3457 3304 inferi,
3490 3240 3543 3294 id

1959 3330 2042 3376 est
2066 3322 2275 3376 dolores
2296 3321 2566 3378 inferioris
2592 3327 2718 3391 mei,
2746 3326 2797 3380 id
2827 3338 2907 3382 est
2932 3329 3109 3382 carnis
3137 3344 3288 3392 mere,
3319 3345 3437 3398 qua:
3459 3338 3546 3384 est

1961 3412 2183 3466 inferior
2211 3428 2336 3481 pars
2365 3430 2512 3479 mea;
2546 3416 2998 3470 circumdederunt
3024 3435 3124 3481 me,
3143 3418 3192 3471 id
3218 3429 3321 3484 est,
3351 3420 3543 3476 fortius

1960 3516 2046 3555 me
2069 3503 2357 3571 amplexati
2386 3512 2511 3555 sunt
2540 3516 2553 3555 :
2583 3512 2637 3557 et
2675 3520 2779 3558 non
2812 3506 3024 3571 mirum,
3055 3508 3176 3575 quia
3206 3524 3541 3579 prteoccupa-

1960 3605 2137 3649 verunt
2162 3612 2242 3648 me
2273 3595 2324 3649 in
2357 3596 2530 3665 primo
2555 3605 2797 3665 parente,
2821 3598 3029 3653 scilicet
3060 3600 3110 3652 in
3144 3616 3340 3666 massa,
3372 3602 3544 3673 laquei

1962 3687 2167 3750 mortis,
2215 3686 2267 3740 id
2312 3696 2411 3749 εει,
2456 3702 2631 3741 causae
2662 3687 3027 3742 mortalitatis.
3075 3689 3150 3742 Ex
3192 3706 3367 3744 massa
3399 3692 3543 3745 enim

1962 3776 2206 3829 contraxi
2233 3776 2332 3829 etsi
2360 3791 2463 3829 non
2495 3776 2725 3845 culpam,
2759 3785 2935 3830 tamen
2967 3791 3201 3845 poenam.
3233 3779 3343 3848 Ego
3365 3788 3544 3833 autem

1964 3865 2066 3922 feci
2105 3866 2244 3934 quod
2288 3881 2466 3921 meum
2503 3866 2602 3920 fuit
2632 3884 2645 3920 :
2677 3867 2889 3937 confugi
2931 3868 2998 3921 ad
3037 3882 3243 3935 preces.
3278 3868 3371 3922 Vel
3397 3870 3545 3922 invo—

1965 3959 2095 4021 cavi,
2122 3959 2175 4011 id
2203 3966 2304 4021 est,
2340 3958 2392 4011 in
2418 3973 2501 4012 me
2523 3958 2706 4012 vocavi
2736 3958 3015 4011 Dominum
3041 3970 3499 4014 remuneratorem
3528 3978 3541 4015 :

1965 4048 2019 4101 in
2048 4048 2379 4100 tribulatione
2407 4063 2543 4111 mea,
2572 4064 2678 4102 nou
2708 4047 2945 4113 illorum,
2984 4048 3108 4118 quia
3141 4048 3243 4103 illis
3272 4066 3374 4103 non
3418 4066 3545 4119 pro-

1966 4136 2083 4189 fuit.
2115 4135 2358 4189 Inuocaui
2384 4135 2683 4200 Dominum,
2708 4136 2759 4190 id
2780 4146 2882 4202 est,
2914 4137 3056 4190 intus
3080 4138 3260 4191 vocavi
3289 4138 3339 4191 in
3363 4141 3546 4206 corde,

1967 4225 2055 4279 ubi
2085 4225 2249 4279 libera
2276 4234 2356 4279 est
2384 4240 2483 4279 vox
2516 4234 2570 4278 et
2593 4225 2863 4279 exauditio
2883 4234 3148 4295 prompta.
3172 4225 3338 4293 Quem
3368 4228 3551 4282 Domi-

1966 4318 2134 4373 num?
2172 4317 2239 4371 Et
2266 4317 2335 4370 ad
2366 4316 2530 4369 Deum
2570 4333 2742 4370 meum
2767 4316 3008 4381 clamavi,
3042 4318 3095 4371 id
3125 4326 3230 4381 est,
3276 4318 3550 4375 irremisse

1968 4409 2071 4479 egi.
2124 4408 2218 4463 Vel
2274 4407 2514 4462 invocavi
2562 4422 2659 4475 pro
2699 4421 2819 4469 me,
2871 4406 3095 4460 clamavi
3135 4422 3233 4475 pro
3279 4408 3432 4463 meis.
3477 4408 3549 4462 Et

1969 4499 2230 4553 exaudivit
2270 4499 2334 4551 de
2365 4496 2551 4566 templo
2588 4506 2767 4550 sancto
2796 4512 2891 4550 suo
2915 4514 2936 4550 :
2962 4497 3084 4564 quia
3115 4512 3236 4551 eum
3277 4498 3547 4563 invocavi,

1971 4604 2079 4643 non
2109 4588 2315 4641 alium:
2368 4602 2539 4640 vocem
2581 4602 2770 4650 meam,
2820 4584 3015 4640 factam
3048 4600 3145 4655 pro
3189 4602 3297 4653 me,
3341 4602 3447 4642 non
3480 4588 3549 4642 ad

1969 4679 2260 4733 humanum
2285 4676 2520 4730 favorem
2550 4693 2561 4728 :
2584 4685 2630 4728 et
2657 4674 2854 4727 clamor
2875 4691 3019 4728 meus
3047 4676 3220 4731 factus
3243 4691 3342 4746 pro
3370 4678 3505 4732 meis
3530 4693 3546 4731 :

1966 4773 2020 4824 in
2046 4779 2318 4837 conspectu
2340 4768 2477 4835 ejus,
2503 4768 2552 4821 id
2574 4776 2674 4831 est,
2695 4768 2746 4820 in
2769 4768 2928 4821 corde
2947 4766 3141 4833 factus,
3169 4769 3249 4821 vel
3275 4770 3549 4825 irremissa

1956 4859 2295 4929 operatione,
2338 4858 2426 4911 ubi
2471 4867 2665 4926 praesto
2708 4868 2790 4912 est
2838 4871 3054 4927 semper
3089 4870 3377 4928 conspectu
3410 4862 3544 4931 ejus,

1965 4948 2193 5001 introivit
2219 4948 2273 4999 in
2302 4962 2453 4999 aures
2481 4946 2611 5015 ejus,
2646 4946 2698 5000 id
2728 4957 2828 5009 est,
2860 4947 3100 5001 exaudiri
3133 4950 3343 5003 meruit.
3378 4950 3546 5016 Quam

1968 5038 2363 5093 exauditionem
2384 5036 2604 5091 eﬂ‘ectus
2620 5037 2869 5090 ostendit.
2890 5036 3020 5091 Data
3040 5038 3121 5091 vel
3145 5050 3361 5106 accepta
3376 5040 3546 5092 veteri

1968 5127 2084 5198 lege
2130 5142 2228 5196 per
2275 5132 2521 5190 servum,
2581 5137 2836 5180 commota
2876 5138 2950 5180 est
3002 5136 3162 5181 terra.
3220 5126 3546 5197 Resurgcutc

1969 5221 2215 5285 Domino,
2243 5234 2338 5289 per
2357 5234 2513 5288 quem
2541 5219 2623 5271 lex
2649 5218 2989 5289 adimplenda
3014 5228 3131 5273 erat
3153 5227 3207 5273 et
3228 5218 3543 5285 invocanda,

1969 5318 2235 5365 commota
2262 5318 2345 5363 est
2376 5307 2743 5373 materialiter,
2768 5316 2821 5361 et
2842 5308 3002 5362 corda
3031 5318 3361 5360 terrenorum
3394 5306 3543 5361 simi-

1975 5403 2098 5455 liter
2120 5402 2201 5455 -de
2243 5398 2557 5453 infidelitate
2584 5398 2650 5452 ad
2688 5398 2866 5461 fidem,
2895 5396 3037 5466 quod
3065 5395 3400 5465 significabat
3435 5407 3543 5451 ter-

1976 5500 2249 5547 rzcmotus.
2303 5490 2367 5543 Et
2412 5505 2515 5543 non
2564 5488 2733 5544 solum
2792 5498 2956 5550 terra,
3009 5485 3102 5539 sed
3155 5484 3314 5538 etiam
3364 5484 3547 5541 Iudaea

1976 5583 2303 5640 contremuit.
2353 5581 2406 5634 id
2449 5588 2553 5641 est,
2596 5578 2753 5633 simul
2786 5592 2905 5632 cum
2947 5574 3127 5629 Iudaea
3178 5577 3395 5630 tremuit
3434 5588 3544 5631 tota

1975 5686 2135 5733 terra,
2202 5671 2408 5726 scilicet
2465 5669 2775 5741 gentilitatis
2828 5676 3005 5729 terra,
3062 5665 3113 5719 id
3170 5676 3288 5727 est.
3348 5669 3543 5721 terreni

1976 5780 2162 5823 omnes
2204 5766 2512 5818 timuerunt.
2561 5761 2736 5826 Quare
2785 5756 3055 5811 timuerint
3084 5766 3204 5826 post
3232 5756 3540 5825 subjuugit:
