3930 5564
443 389 548 443 227

1071 381 1329 437 REMlGll
1370 376 2022 434 ANTISSIODORENSIS
2057 376 2208 431 OPP.
2249 379 2426 435 PARS
2466 380 2504 433 l.
2551 413 2610 420 —
2649 379 3059 436 EXEGETICA.

3587 385 3690 438 233

443 503 511 558 Et
537 516 644 555 non
669 499 840 554 solum
873 498 1106 552 minores
1127 536 1142 558 ,
1188 494 1280 548 sed
1310 495 1470 548 etiam
1501 493 1842 561 fundamenta
1870 476 2018 544 mon-
2049 511 2096 566 Α
2126 494 2342 558 minam,
2370 503 2424 548 ct
2451 507 2644 548 cauere
2672 511 2841 565 usque
2870 496 2994 560 huc,
3025 494 3309 569 lnelinauit
3333 495 3486 550 stelas
3511 513 3528 548 :
3557 499 3696 552 tele-

443 594 604 655 tr'um,
651 591 703 644 id
731 597 848 651 est,
900 586 1168 658 principes
1196 583 1445 657 majores,
1499 592 1557 634 ut
1604 579 1863 636 Gamaliel
1891 579 2020 649 legis

444 684 654 745 doctor,
696 689 754 735 et
773 677 974 746 Ioseph
998 677 1068 732 ab
1097 675 1430 738 Arimathia,
1479 673 1530 726 in
1562 671 1756 742 quibus
1787 672 2022 727 minores

341 759 345 762 ’
444 773 716 844 principes
741 768 1081 825 conﬁdebant
1107 783 1120 820 :
1159 765 1468 820 conturbata
1493 772 1614 818 sunt
1663 763 1728 819 de
1753 763 2022 834 peccatis,

442 874 492 919 et
519 861 777 917 commota
800 860 866 916 de
887 853 1201 917 inﬁdelitate
1225 855 1290 909 ad
1316 853 1476 909 ﬁdem
1502 871 1515 906 :
1545 851 1652 920 vel,
1678 851 2021 920 fundamenta

442 955 722 1018 montium,
757 952 814 1008 id
842 958 951 1019 est,
977 963 1100 1018 spes
1128 955 1468 1004 terrenarum
1496 949 1675 999 rerum
1697 984 1711 1008 ,
1745 944 1799 999 in
1826 945 2022 1013 quibus

445 1050 689 1108 montes,-
735 1041 788 1097 id
849 1047 932 1094 est
980 1035 1228 1110 superbi,
1282 1033 1659 1096 conﬁdebant,
1709 1031 2021 1085 conturbata

441 1145 603 1191 sunt:
633 1132 761 1205 quia
791 1145 894 1190 non
922 1127 1263 1200 conﬁdebant
1295 1125 1347 1179 in
1378 1126 1458 1180 eis
1492 1124 1739 1180 homines
1768 1132 1826 1176 ut
1849 1123 2018 1191 prius,

438 1233 722 1294 postquam
755 1218 1074 1274 audierunt:
1110 1214 1295 1273 Omnis
1321 1228 1445 1267 caro
1486 1210 1663 1279 fenum
1691 1209 1741 1280 (1
1772 1210 1916 1264 Petr.
1945 1211 2019 1282 ι);

441 1323 496 1368 et
524 1332 539 1368 :
565 1309 812 1366 Praeterit
836 1306 1062 1361 mundus
1107 1313 1155 1359 et
1179 1301 1595 1372 concupiscentia
1624 1301 1740 1369 ejus
1770 1299 1833 1367 (I
1859 1300 2018 1354 Joan.

441 1408 522 1476 lt).
576 1402 729 1460 Unde
772 1399 937 1455 illud:
971 1397 1039 1450 Et
1069 1397 1311 1452 ascendet
1351 1393 1606 1449 Dominus
1651 1391 1838 1446 nubem
1863 1390 2021 1444 levem

439 1509 494 1554 et
509 1495 830 1568 ingredietur
853 1491 1162 1561 Egyptum,
1189 1496 1236 1542 et
1267 1485 1661 1555 confringentur
1684 1484 1826 1536 idola
1854 1479 2026 1551 (Egy-

439 1593 513 1661 pti
544 1588 679 1660 (Isa.
709 1585 846 1654 xxx).
878 1582 942 1638 Et
970 1579 1256 1651 Apostolus
1281 1579 1348 1633 ad
1372 1576 1713 1632 Timotheum
1738 1593 1751 1628 :
1783 1573 2023 1642 Prteripe

437 1678 684 1735 divitibus
718 1673 876 1745 kujus
901 1671 1078 1726 steculi
1118 1686 1222 1724 non
1253 1667 1510 1737 conﬁdere
1559 1668 1611 1720 in
1661 1666 1857 1719 incerto
1888 1665 2023 1718 diri-

440 1772 636 1824 tiarum
680 1764 741 1836 (1
772 1762 904 1818 Tim.
934 1760 1041 1831 γι).
1072 1759 1245 1816 Aliter
1273 1777 1286 1810 :
1320 1753 1689 1812 Fundamenta
1728 1753 1982 1808 montium
2003 1793 2018 1819 ,

2120 595 2302 640 remus
2325 586 2426 640 hoc
2454 587 2519 640 ad
2549 588 2974 644 incarnationem
3002 587 3232 653 Christi,
3277 599 3332 642 et
3359 583 3695 646 ostendimus

2118 666 2226 746 quo
2251 678 2439 734 ordine
2464 679 2739 749 superiora
2770 680 2879 736 sint
2904 679 3065 736 facta.
3116 675 3397 737 Inclinacit
3425 682 3571 736 Dens
3599 681 3696 735 Pa-

2121 775 2201 821 ter
2227 767 2410 835 catos,
2455 769 2514 823 id
2544 779 2658 834 est,
2709 783 2916 826 summa
2945 768 3068 824 imis
3094 768 3402 838 conjunxit,
3456 769 3696 826 caelestia

2117 861 2377 925 terrenis,
2429 859 2760 916 divinitatem
2809 860 3140 915 mortalitati.
3193 859 3266 915 Et
3303 860 3608 920 descendit.
3642 860 3698 914 ιι

2119 958 2224 1014 est,
2255 964 2313 1005 se
2343 952 2444 1006 hoc
2471 950 2627 1005 modo
2654 949 2955 1012 minoravit,
2998 949 3223 1006 formam
3263 950 3404 1005 servi
3428 949 3700 1019 accipiens

2119 1039 2288 1112 (Phil.
2324 1040 2404 1108 ιι).
2439 1038 2506 1092 Et
2537 1039 2726 1110 caligo,
2755 1040 2806 1093 id
2833 1049 2918 1095 est
2943 1040 3264 1105 obscuritas,
3290 1038 3696 1111 Scripturarum

2120 1145 2241 1201 quae
2265 1129 2364 1184 fuit
2395 1131 2446 1182 iu
2471 1130 2776 1200 prophetis,
2821 1131 2919 1184 sub
2940 1131 3156 1204 pedibus
3182 1132 3322 1201 ejus,
3373 1132 3426 1186 id
3452 1143 3540 1186 est
3564 1145 3698 1200 apo-

2121 1221 2290 1276 stolis.
2320 1217 2390 1274 Ut
2419 1217 2542 1280 illud
2570 1239 2583 1273 :
2615 1221 2759 1275 Tunc
2785 1224 2987 1292 aperuit
3013 1222 3118 1276 illis
3137 1237 3342 1278 sensum
3367 1233 3424 1277 ut
3450 1221 3701 1291 intellige-

2121 1322 2233 1366 rent
2261 1311 2557 1381 Scripturas
2586 1310 2748 1383 (an.
2779 1312 2950 1381 xxxv).
2993 1311 3089 1367 Vel
3110 1352 3126 1376 ,
3156 1311 3352 1381 caligo,
3396 1311 3450 1366 id
3480 1320 3596 1380 est,
3627 1310 3703 1365 illi

2121 1401 2211 1472 qui
2238 1403 2388 1473 prius
2410 1402 2636 1472 caligine
2665 1412 3003 1473 peceatorum
3032 1402 3266 1458 obvoluti
3294 1411 3471 1466 erant,
3501 1417 3705 1474 cogno-

2121 1503 2336 1550 scentes
2364 1509 2486 1549 eum
2505 1533 2520 1557 ,
2569 1493 2785 1548 fuerunt
2812 1492 2906 1546 sub
2933 1485 3148 1560 pedibus
3175 1491 3320 1561 ejus,
3369 1491 3420 1546 id
3452 1501 3538 1546 est
3569 1490 3703 1545 ade-

2121 1583 2410 1645 ctionibus,
2441 1583 2493 1637 id
2521 1591 2623 1646 est,
2653 1581 2893 1636 venerati
2917 1590 3042 1634 sunt
3069 1594 3210 1635 eum.
3243 1578 3339 1634 Vel
3361 1580 3456 1634 sub
3485 1579 3706 1648 pedibus

2121 1675 2233 1742 eius
2260 1673 2363 1728 fuit
2385 1671 2574 1744 caligo,
2602 1672 2726 1742 quia
2747 1672 2971 1727 mundus
2993 1686 3109 1726 eum
3136 1688 3239 1727 non
3259 1671 3494 1741 cognovit
3515 1668 3704 1738 (Joan.

2122 1764 2184 1836 ι).
2211 1764 2378 1830 Aliter
2401 1783 2416 1818 γε
2445 1775 2494 1819 et
2519 1764 2708 1833 caligo,
2736 1763 2793 1819 id
2817 1771 2921 1831 est,
2950 1761 3252 1820 obscuritas
3277 1770 3332 1815 et
3375 1761 3464 1816 lux
3495 1760 3705 1816 incom-

436 1861 497 1923 itl
525 1866 612 1914 est
641 1855 803 1916 idola.
832 1855 887 1909 in
916 1853 1111 1923 quibus
1141 1857 1382 1914 montes.
1414 1849 1464 1909 id
1491 1857 1574 1902 cst
1601 1847 1890 1909 dminones.
1921 1861 2014 1900 ρο·
2045 1865 2091 1924 Β
2118 1855 2492 1925 prehensibilis
2517 1840 2610 1908 sub
2638 1852 2853 1924 pedibus
2878 1853 3012 1922 ejus,
3042 1850 3096 1908 id
3124 1860 3226 1917 est,
3257 1853 3310 1906 in
3334 1863 3502 1908 carne
3520 1848 3704 1913 latuit,

438 1948 684 2008 lebanluir
710 1964 723 2000 :
755 1942 883 2011 Vel,
913 1942 1199 2007 montium,
1241 1941 1292 1995 id
1323 1949 1435 2002 est,
1469 1940 1520 1992 in
1553 1937 1746 2007 quibus
1771 1946 2016 2002 montes,

439 2040 494 2098 id
519 2046 627 2105 est,
674 2035 889 2106 superbi
920 2032 1078 2102 hujus
1107 2030 1287 2086 saeculi
1313 2026 1676 2091 conﬁdebant,
1708 2025 2018 2083 conturbata

437 2141 556 2188 sunt
575 2171 588 2195 ,
639 2129 693 2184 id
718 2136 834 2191 cst,
883 2121 1104 2186 confusa
1131 2120 1216 2176 vel
1243 2118 1498 2188 dissipata
1530 2135 1542 2170 :
1575 2125 1630 2172 et
1656 2125 1924 2173 commota
1953 2117 2019 2171 de

436 2220 690 2283 cordibus
721 2217 1015 2277 hominum,
1063 2210 1162 2278 vel
1189 2211 1256 2265 de
1305 2211 1510 2264 honore
1538 2207 1628 2262 illo
1654 2209 1840 2278 priori.
1887 2205 2019 2262 Sive

439 2314 547 2370 hoc
571 2309 732 2364 modo
749 2348 763 2371 ,
821 2307 934 2367 sive
961 2304 1051 2360 illo
1080 2301 1433 2372 accipiantur,
1460 2300 1781 2358 conturbata
1808 2305 1935 2354 sunt
1965 2305 2021 2352 et

439 2407 706 2458 commota
733 2415 746 2450 :
775 2397 894 2450 ideo
936 2393 1188 2464 quoniam
1231 2393 1396 2444 iratus
1445 2399 1519 2442 est
1546 2390 1643 2454 eis,
1673 2387 1880 2454 scilicet
1911 2387 2017 2444 Ι)οδ

437 2489 646 2554 minus,
697 2487 749 2542 id
777 2494 880 2551 est,
927 2485 1065 2553 iram
1092 2495 1246 2538 suam
1275 2491 1329 2536 et
1357 2481 1591 2534 futuram
1619 2478 2019 2535 damnationem

437 2584 547 2639 illis
577 2580 824 2638 innotuit.
861 2578 1015 2632 Unde
1042 2574 1167 2631 illud
1197 2592 1209 2626 :
1242 2571 1516 2627 Cenimina
1548 2573 1859 2640 viperarum,
1905 2568 2020 2638 quis

438 2690 525 2728 vos
557 2669 792 2726 liberabit
818 2686 850 2720 a
877 2680 1091 2720 uentura
1122 2665 1242 2717 ira?
1268 2662 1450 2716 Facite
1473 2675 1593 2730 ergo
1616 2657 1816 2729 [metus
1839 2660 2020 2729 dignos

435 2758 750 2829 paenitentia:
792 2753 954 2826 (Luc.
1008 2753 1126 2822 ιιι).
1199 2752 1310 2807 lioc
1364 2749 1520 2805 modo
1568 2758 1835 2804 commota
1875 2757 2014 2800 sunt.

438 2847 684 2905 Ascendit
710 2846 888 2915 fumus
907 2885 921 2908 ,
956 2852 1238 2913 postquam
1269 2849 1636 2910 cognoverunt
1660 2846 1879 2908 peccata
1901 2847 2020 2901 Sua,

436 2936 494 2994 id
519 2947 632 2998 est.
665 2937 964 3005 lacrymosa
997 2934 1338 3002 deprecatio;
1367 2933 1421 2984 in
1449 2932 1529 2983 ira
1559 2931 1676 2999 ejus
1695 2971 1709 2993 ,
1743 2930 1795 2982 id
1820 2939 1936 2993 est,
1967 2930 2020 2982 in

435 3028 749 3098 cognitione
770 3027 864 3079 ira:
888 3023 1023 3091 eius.
1057 3023 1260 3076 Fumus
1289 3022 1438 3098 ﬁtex
1472 3021 1683 3074 duabus
1713 3020 1905 3080 rebus,
1957 3033 2021 3072 ex

441 3122 567 3188 igne
597 3127 651 3184 et
679 3133 839 3186 aqua.
881 3115 982 3169 Per
1010 3117 1185 3184 ignem
1212 3112 1573 3182 compunctio,
1592 3120 1698 3182 'pcr
1727 3126 1918 3180 aquam
1950 3111 2024 3163 Ia-

2121 1945 2325 2002 scilicet
2351 1944 2600 2000 divinitas
2635 1944 2829 2009 Verbi;
2865 1944 3310 2013 qualitercuqu
3345 1944 3448 2001 hoc
3491 1941 3706 1997 dicatur

2118 2032 2260 2103 quod
2287 2033 2552 2101 sequitur,
2576 2032 2783 2090 scilicet
2809 2052 2819 2085 :
2854 2031 2922 2088 Et
2947 2032 3180 2086 ascendit
3207 2048 3363 2101 super
3392 2031 3699 2093 Cherubin,

2119 2123 2196 2178 sic
2218 2120 2558 2180 continuatur
2585 2139 2599 2174 :
2626 2119 2739 2191 Ego
2765 2121 2898 2185 dixi,
2931 2119 3208 2176 Inctinavit
3232 2120 3383 2176 caelos
3411 2128 3462 2174 et
3491 2120 3707 2176 descen-

2118 2212 2195 2266 dit
2217 2225 2235 2262 :
2265 2221 2320 2266 et
2350 2218 2526 2264 tamen
2556 2208 2683 2266 licet
2719 2209 2771 2265 in
2798 2210 3132 2268 humanitate
3155 2209 3451 2273 descendit,
3483 2218 3582 2278 per
3607 2208 3704 2264 Dio

2118 2302 2394 2358 vinitatem
2441 2302 2670 2357 ascendit
2697 2314 2852 2372 super
2878 2298 3186 2365 Cherubim,
3239 2300 3290 2353 id
3320 2308 3433 2364 est,
3486 2298 3628 2355 allus
3655 2310 3708 2353 ct

2120 2388 2706 2460 incomprehensibilis;
2738 2399 2792 2446 et
2812 2390 2905 2446 lux
2933 2388 3323 2446 iuaccessibilis
3351 2387 3451 2443 fuit
3481 2387 3589 2446 illis
3614 2389 3708 2458 qui

2121 2481 2335 2540 luerunt
2383 2478 2693 2547 Cherubim,
2749 2479 2802 2536 id
2849 2489 2934 2536 est
2977 2479 3120 2548 pleni
3173 2479 3402 2535 scientia
3440 2497 3458 2534 :
3502 2487 3709 2551 quanto

2119 2571 2263 2626 enim
2290 2570 2464 2638 magis
2501 2571 2570 2624 ad
2599 2555 2732 2625 (eum
2760 2568 3057 2634 acceditur,
3092 2575 3244 2622 tanto
3273 2568 3447 2639 magis
3472 2567 3592 2639 ipso
3617 2583 3706 2622 ru-

2119 2657 2299 2724 cedit;
2331 2666 2532 2728 quanto
2559 2656 2676 2729 plus
2699 2658 2888 2720 scitur,
2912 2671 2980 2712 eo
2997 2657 3168 2726 magis
3185 2657 3489 2727 ignoratur.
3516 2658 3708 2712 Ascens

2121 2750 2197 2806 dit
2223 2763 2380 2818 super
2403 2749 2700 2818 Cherubim,
2731 2749 2782 2806 id
2805 2757 2907 2811 est,
2936 2747 3267 2805 transcendit
3289 2761 3509 2803 omnem
3536 2749 3708 2807 scien-

2124 2843 2253 2900 tiam
2297 2854 2353 2896 et
2397 2843 2773 2911 cogitationem
2824 2843 3216 2912 perfectorum;
3267 2853 3316 2898 et
3357 2852 3416 2900 ut
3456 2841 3709 2901 ostendat

2122 2945 2284 3000 quam
2313 2930 2758 2988 inaccessibilite'r
2782 2933 3030 2997 recessit,
3059 2932 3228 2988 dicit:
3266 2931 3498 3002 Valavit,
3525 2933 3581 2992 id
3603 2940 3704 2994 est,

2124 3023 2176 3078 in
2217 3023 2381 3078 altum
2426 3038 2484 3077 se
2531 3023 2758 3089 extulit,
2802 3037 2908 3078 non
2951 3022 3150 3088 semel,
3194 3024 3285 3079 sed
3317 3032 3375 3076 ut
3402 3024 3509 3082 dici
3543 3026 3707 3092 possit

2127 3117 2337 3186 quoties
2365 3124 2420 3170 et
2453 3127 2709 3186 quantum
2730 3156 2746 3180 .
2778 3117 2962 3172 volavit
3001 3133 3157 3187 super
3183 3132 3376 3186 pennas
3407 3128 3704 3178 ventorum,

441 3222 662 3278 cnymae.
693 3219 788 3275 ρετ
821 3204 1026 3258 fumum
1047 3242 1061 3266 ν
1099 3213 1158 3256 ιιι
1189 3202 1407 3272 dignum
1438 3207 1553 3261 θεῖς
1585 3199 1923 3268 deprecatio;
1965 3196 2023 3252 ιη
2051 3202 2094 3267 C
2128 3209 2177 3262 id
2222 3218 2333 3273 est,
2385 3224 2546 3279 super
2578 3209 2877 3280 agilitatem
2914 3210 3154 3265 omnium
3181 3209 3488 3278 spirituum.
3525 3209 3707 3264 Nullus

442 3295 574 3350 illud
603 3315 616 3348 :
653 3293 718 3346 Et
744 3293 974 3346 ascendit
1005 3293 1179 3362 {unius
1209 3298 1504 3344 aromatum
1551 3287 1743 3358 (Apoc.
1772 3288 1888 3358 rm)
1909 3327 1922 3340 .
1957 3286 2024 3342 Et

439 3393 602 3456 post:
638 3383 772 3448 Quo:
793 3390 913 3435 sunt
953 3381 1212 3433 orationes
1265 3388 1565 3433 sanctorum
1615 3379 1795 3446 (Apoc.
1845 3382 1919 3444 v).
1957 3375 2023 3430 Et

441 3489 564 3550 post
589 3477 794 3532 fumum
836 3477 970 3546 ignis
999 3475 1231 3538 exarsit,
1281 3473 1334 3526 id
1377 3481 1462 3526 est
1487 3472 1764 3532 Charitas,
1815 3487 1846 3522 α
1889 3469 2025 3538 faeie

443 3568 582 3640 ejus,
635 3566 690 3622 id
718 3575 801 3620 est
835 3580 864 3618 a
897 3563 1228 3634 cognitione.
1258 3561 1508 3631 Cognitio
1542 3561 1684 3614 enim
1714 3558 1809 3613 Dei
1837 3573 1930 3613 eos
1959 3557 2024 3610 ad

442 3669 684 3712 amorem
717 3668 871 3707 suum
902 3651 1166 3706 accendit.
1218 3648 1481 3702 Carbones
1513 3648 1746 3702 succensi
1790 3655 1910 3701 sunt
1959 3645 2025 3698 ab

443 3762 541 3809 eo,
594 3743 646 3797 id
676 3751 792 3806 est,
845 3740 921 3794 illi
957 3741 1152 3809 quibus
1179 3739 1483 3794 exstinctus
1516 3745 1632 3792 erat
1665 3751 1816 3791 arnor
1847 3736 1940 3790 Dei
1972 3735 2024 3789 in

443 3835 620 3904 primo
649 3839 870 3902 parente
893 3869 907 3893 ,
956 3829 1113 3883 modo
1139 3828 1384 3884 succensi
1412 3835 1536 3880 sunt
1554 3868 1568 3891 ,
1624 3826 1902 3879 illuminati
1930 3837 2028 3893 per

444 3923 677 3995 gratiam
709 3920 801 3974 Dei
830 3928 1052 3988 accepta
1078 3919 1196 3972 luce
1223 3915 1487 3972 veritatis.
1519 3915 1667 3970 Unde
1695 3914 1824 3972 illud
1855 3930 1868 3966 :
1904 3912 2029 3966 Fui-

441 4016 541 4069 stis
578 4011 859 4081 aliquando
905 4010 1156 4072 tenebrm,
1207 4024 1342 4065 nunc
1390 4019 1563 4062 autem
1591 4006 1688 4061 luat
1711 4007 1767 4059 in
1800 4007 2026 4059 Domino

448 4105 626 4174 (llam.
661 4103 775 4169 ut).
829 4099 885 4155 Si
919 4101 983 4154 ad
1032 4100 1459 4154 incarnationem
1509 4097 1708 4152 Christi
1744 4095 2042 4150 referimus

445 4176 591 4261 quod
618 4191 819 4244 dictum
851 4197 969 4243 est:
1003 4187 1148 4245 Misit
1174 4187 1238 4241 de
1265 4199 1467 4240 summo
1497 4196 1543 4240 et
1571 4187 1769 4255 accepit
1793 4201 1907 4250 me;
1949 4185 2030 4238 sic

448 4283 594 4345 istud
636 4282 864 4352 legimus
911 4296 924 4332 :
969 4278 1248 4338 Inclinavit
1296 4279 1487 4342 caelos,
1535 4279 1688 4348 quasi
1733 4286 2027 4346 quzeratur,

447 4374 719 4447 quomodo
762 4372 1028 4428 carbones
1058 4369 1306 4425 succensi
1358 4369 1505 4424 sint?
1531 4367 1812 4422 Incliuaoit
1853 4366 2030 4431 caelos,

2125 3301 2265 3355 enim
2299 3301 2518 3372 spiritus
2547 3301 2682 3358 adeo
2711 3301 2866 3356 velox
2895 3309 2978 3359 est
3006 3311 3065 3354 ut
3111 3315 3232 3354 eum
3263 3301 3430 3368 possit
3463 3313 3707 3370 compre-

2126 3390 2380 3453 hendere,
2410 3389 2522 3444 sive
2551 3392 2730 3444 anima
2759 3391 2863 3454 sit,
2891 3390 3005 3444 sive
3042 3388 3280 3461 angelus.
3313 3388 3484 3444 Aliter
3511 3409 3526 3442 :
3560 3391 3703 3445 exulo

2127 3485 2271 3532 tatus
2317 3487 2401 3532 est
2446 3494 2608 3548 super
2636 3479 3024 3548 plenitudinem
3051 3478 3321 3541 scientiae.
3367 3486 3428 3531 ut
3455 3494 3617 3534 nemo
3645 3480 3706 3535 ad

2123 3580 2246 3620 eum
2276 3569 2556 3634 perveniat
2603 3568 2705 3622 nisi
2736 3582 2830 3637 per
2877 3568 3214 3622 charita‘tem.
3245 3562 3527 3622 Plenitudo
3571 3569 3706 3623 enim

2125 3658 2250 3728 legis
2274 3659 2510 3713 Charitas
2538 3658 2715 3727 (llam.
2745 3661 2885 3729 xm).
2935 3658 3002 3712 Et
3031 3672 3096 3714 ne
3122 3657 3317 3727 aliquis
3346 3657 3494 3712 illum
3524 3669 3711 3728 corpo-

2127 3747 2236 3800 reis
2267 3747 2587 3817 imaginibus
2615 3747 2905 3802 informare
2937 3746 3083 3813 velit,
3111 3748 3708 3815 incomprehensibilia»

2126 3837 2295 3907 ponit.
2338 3834 2568 3900 Volavit,
2621 3837 2838 3907 inquam
2860 3875 2874 3901 ,
2905 3852 3059 3903 super
3085 3852 3278 3905 parmas
3311 3848 3578 3890 uentorum
3601 3877 3616 3899 ,
3663 3837 3709 3890 id

2126 3933 2227 3991 est,
2257 3926 2498 3995 geminas
2533 3925 2816 3980 charitatis
2865 3925 2948 3979 vel
2975 3926 3235 3979 virtutum
3263 3924 3375 3981 alas
3402 3934 3708 3985 sanctarum

2128 4018 2468 4082 animarum;
2494 4031 2618 4086 quae
2648 4016 2779 4070 licet
2825 4015 3081 4070 tollantur
3123 4015 3174 4070 in
3214 4030 3376 4069 auras
3404 4015 3709 4078 libertatis;

2127 4105 2685 4175 incomprehensibilis
2737 4117 2822 4160 est
2871 4105 2976 4165 illis
3025 4104 3245 4158 scientia
3295 4104 3522 4165 Deitatis
3569 4120 3710 4160 :sua

2127 4199 2272 4255 enim
2313 4200 2552 4255 charitas
2593 4199 2832 4254 omnium
2865 4197 3124 4267 praecellit
3153 4199 3500 4264 eharltatem,
3532 4209 3592 4253 et
3621 4213 3711 4254 sua

2128 4291 2304 4344 virtus
2345 4305 2563 4343 omnem
2610 4290 2888 4343 virtutem.
2942 4288 3128 4343 Posuit
3157 4290 3392 4344 tenebras
3435 4291 3710 4345 latibulum

2129 4395 2316 4442 suum,
2365 4380 2417 4436 id
2445 4389 2564 4444 est,
2613 4379 2742 4434 fecit
2770 4389 2828 4434 ut
2863 4379 3131 4436 tenebrosi
3168 4390 3376 4444 essent,
3418 4383 3472 4435 in
3521 4384 3714 4452 quibus

444 4467 506 4544 ,Μ
530 4474 643 4530 εει,
693 4463 996 4518 “William
1037 4462 1214 4530 Ῑιιδῑοε
1243 4460 1536 4518 Virtutibus
1564 4459 1920 4523 summai”.
1974 4465 2034 4510 ιιι
2067 4529 2107 4544 λ
2135 4470 2236 4539 ipsi
2267 4470 2495 4524 latenter
2537 4470 2760 4526 salutem
2791 4486 3010 4527 suorum
3041 4480 3357 4541 operaretur
3391 4492 3406 4526 :
3444 4482 3505 4526 ut
3546 4473 3711 4528 illud:

451 4559 840 4622 descenderent
866 4557 933 4611 ad
959 4529 1139 4613 omnia
1185 4555 1485 4615 toleranda.
1517 4555 1585 4608 Et
1611 4556 1736 4622 quia
1777 4553 2035 4613 Dominus
2063 4529 2112 4589 ί)
2146 4529 2307 4630 i’irga
2330 4560 2525 4628 furoris
2548 4562 2648 4616 mei
2665 4562 2830 4618 Assur
2849 4561 2982 4631 (Isa.
3003 4529 3220 4636 x),-lpse
3244 4577 3372 4618 vero
3392 4579 3498 4619 non
3523 4579 3717 4635 cogno-

449 4669 506 4726 ιιι
532 4652 612 4706 eis
639 4657 744 4713 est,
774 4657 822 4702 et
852 4649 968 4719 ipse
994 4662 1113 4702 cum
1145 4648 1223 4702 eis
1251 4647 1535 4701 descendit.
1585 4645 1653 4699 Et
1696 4655 1876 4704 tamen
1908 4643 2038 4698 cali-

449 4757 540 4815 go,
571 4739 621 4793 id
650 4747 752 4801 est,
781 4736 1059 4807 caliginosi
1087 4734 1332 4800 fuerunt,
1370 4733 1463 4791 sub
1486 4734 1702 4804 pedibus
1727 4733 1878 4802 ejus:
1912 4734 2035 4802 quia

454 4829 705 4900 quamvis
752 4827 1026 4884 ealcarent
1067 4842 1162 4884 eos
1210 4826 1503 4882 secundum
1533 4827 1805 4891 exterius,
1857 4836 2035 4884 tatnen

455 4916 915 4977 conculcabantur
943 4918 1011 4972 ab
1037 4915 1120 4970 eis
1148 4922 1410 4984 quantum
1441 4911 1514 4968 ad
1538 4914 1785 4970 interius.
1819 4913 1989 4969 Aliter
2018 4933 2030 4968 :
2093 4935 2102 4945 ·

455 5011 735 5075 Inclinttvit
760 5009 1032 5078 apostolos
1063 5007 1310 5066 iaciendo
1335 5021 1430 5061 eos
1457 5006 1889 5061 condescendere
1929 5021 2035 5061 no-

455 5111 583 5156 stra:
615 5098 922 5168 carmeilati.
955 5097 1020 5152 Et
1053 5099 1156 5152 ltoc
1184 5095 1344 5154 modo
1378 5094 1578 5164 caligo,
1628 5096 1680 5150 id
1722 5103 1806 5151 ρει
1845 5095 2034 5166 caligi-

459 5209 470 5214 ς
505 5209 513 5211 -
541 5193 572 5209 κ·
643 5191 726 5218 -ηι
750 5190 964 5238 mnibus
989 5190 1104 5240 phis
1121 5228 1135 5250 ,
1161 5188 1213 5246 id
1235 5197 1320 5242 est
1347 5189 1450 5244 sub
1470 5186 1872 5251 aﬁ'ectionibus,
1907 5187 2034 5244 facti

1473 5292 1501 5298 --
1511 5292 1532 5307 .,
1566 5280 1909 5322 ηΑηρ--Ιοαοιιι
1929 5289 2033 5332 95L

2137 4652 2235 4707 vit.
2272 4650 2337 4705 Et
2360 4666 2665 4720 quanquam
2696 4653 2750 4707 in
2794 4653 3101 4723 caliginosls
3129 4664 3447 4721 operaretur
3472 4655 3712 4718 occulte,

2139 4751 2316 4798 tamen
2343 4743 2398 4796 in
2426 4743 2649 4797 circuitu
2676 4743 2792 4812 ejus
2821 4744 3216 4799 tabernaculum
3241 4745 3390 4817 ejus,
3419 4746 3475 4799 id
3504 4755 3612 4815 est,
3640 4756 3714 4799 ta-

2135 4833 2546 4890 bernaculautes
2571 4844 2626 4890 et
2652 4836 2945 4892 militantes
2984 4837 3036 4892 ei
3073 4838 3126 4892 in
3154 4838 3384 4894 circuitu
3416 4837 3534 4906 ejus
3559 4849 3710 4898 sunt.

2138 4924 2194 4978 id
2239 4930 2355 4988 est,
2401 4938 2525 4978 eum
2569 4926 2855 4981 manifeste
2897 4927 3107 4996 operari
3159 4939 3490 4998 cognoscunt
3531 4940 3586 4983 et
3623 4943 3712 4999 per

2133 5028 2228 5068 eos
2257 5013 2371 5085 ipse
2399 5013 2682 5071 manifeste
2709 5025 2985 5086 operatur.
3032 5006 3100 5072 Et
3142 5033 3275 5086 Opus
3301 5018 3404 5072 fuit
3429 5028 3488 5077 ut
3515 5035 3611 5088 per
3641 5030 3712 5073 ta-

2135 5104 2570 5169 bernaculantes,
2621 5108 2676 5160 id
2705 5116 2790 5161 est
2814 5108 3107 5176 apostdlos,
3141 5117 3326 5176 aperto
3353 5119 3671 5178 operaretur
3696 5123 3708 5159 :

2135 5193 2261 5262 quia
2288 5194 2556 5252 tenebrosa
2584 5212 2724 5265 aqua
2751 5197 2805 5249 in
2839 5197 3060 5250 nubibus
3089 5197 3250 5261 aeris,
3295 5213 3407 5265 pra:
3430 5197 3634 5266 fulgore
3661 5199 3711 5248 is

2133 5293 2410 5342 conspectu
2431 5285 2568 5342 eius.
2591 5288 2644 5340 id
2662 5295 2767 5338 est-
2785 5288 3012 5344 nhseura
3035 5288 3276 5340 doctrina
3300 5285 3401 5332 fuit
3425 5289 3476 5336 in
3495 5288 3712 5343 uronlse-
