3978 6460
145 410 225 473 2’39
1188 397 1632 455 ENARBATION
1642 397 1724 453 ES

147 528 187 584 id
207 535 291 593 est,
312 522 391 596 qui
413 536 527 578 cum
553 518 804 577 viderunt
828 525 884 573 et
904 522 1295 587 cognoverunt,
1322 524 1381 569 ut
1406 511 1654 582 apostoli.
1687 518 1732 573 Λ

145 618 313 680 Aliter:
339 614 510 671 Posuit
534 610 791 672 tenebras,
823 608 875 662 id
904 617 1010 673 est,
1037 605 1201 661 corda
1229 605 1509 659 hominum
1540 617 1659 672 qua:

147 708 377 769 tenebrosa
397 714 532 769 sunt,
558 705 684 774 quia
710 714 824 757 non
866 700 1132 763 videntur,
1165 697 1440 751 latibulum
1469 711 1621 751 suum
1641 728 1657 753 .

146 809 189 854 ut
210 798 252 855 in
274 796 342 851 eis
364 793 546 848 lateret
589 804 688 861 per
712 788 978 843 occultam
1004 799 1183 857 spem;
1236 795 1292 841 et
1315 785 1436 839 ideo
1478 784 1529 837 in
1556 782 1663 837 cir-

147 892 257 945 cultu
277 887 375 956 ejus
401 882 795 940 tabernaculum
828 879 963 948 ejus,
1005 878 1058 933 id
1088 886 1189 941 est,
1224 885 1409 945 aperte
1438 876 1486 929 ei
1520 874 1661 927 mili-

147 989 233 1034 tant
257 973 711 1031 tabernaculantes.
758 968 963 1027 Aliter:
995 966 1179 1021 Posuit
1208 965 1445 1020 tenebras
1471 962 1661 1016 latibu-

146 1070 227 1122 lum
245 1081 402 1127 suum,
448 1064 496 1117 id
524 1070 626 1126 est,
660 1060 711 1115 in
744 1055 1168 1115 obscuritatibus
1194 1059 1661 1112 sacramentorum

144 1158 273 1211 latere
293 1149 462 1208 voluit.
493 1151 558 1206 Bt
585 1159 763 1206 tamen
793 1146 848 1199 in
876 1143 1100 1199 circuitu
1128 1142 1242 1210 ejus
1267 1138 1663 1194 tabernaculum

144 1243 300 1313 τέω,ἰά
318 1251 406 1303 est.
424 1237 885 1293 tabernaculantes
908 1232 981 1296 ei,
1000 1232 1068 1285 ad
1084 1244 1206 1285 eum
1228 1244 1287 1284 se
1309 1234 1661 1283 convertunt:

144 1343 298 1388 etcum
322 1344 376 1385 se
413 1329 607 1384 habere
650 1323 915 1379 veraciter
943 1322 995 1375 in
1026 1318 1132 1374 illis
1178 1316 1532 1373 sacramentis
1571 1329 1663 1369 co-

145 1428 385 1491 gnoscunt,
431 1417 510 1471 vel
541 1414 811 1469 veraciter
852 1425 950 1481 per
992 1410 1081 1463 illa
1122 1411 1457 1464 sacramenta
1498 1404 1551 1458 in
1581 1404 1665 1457 eis

144 1520 361 1581 speratur.
383 1508 445 1569 Et
469 1508 591 1579 quia
615 1506 768 1569 dixit,
800 1504 853 1556 in
886 1501 1106 1554 circuitu
1130 1499 1243 1569 ejus
1269 1493 1667 1552 tabernaculum

145 1602 253 1669 ejus,
294 1615 351 1653 ne
382 1598 495 1666 quis
543 1604 698 1664 putet
742 1608 802 1648 se
849 1606 957 1648 non
1004 1589 1165 1647 aliam
1215 1585 1661 1642 clariﬁcationem

145 1690 403 1759 adepturum
429 1688 527 1743 nisi
560 1687 702 1740 banc
749 1682 955 1738 scilicet
996 1680 1136 1749 quod
1164 1679 1329 1733 Deum
1359 1690 1457 1747 per
1479 1688 1663 1731 sacra-

145 1790 279 1836 menta
319 1779 496 1841 habet,
531 1776 841 1847 subiungit:
874 1772 1163 1827 Tenebrosa
1202 1778 1285 1824 est
1314 1786 1451 1839 aqua
1480 1768 1535 1820 in
1561 1781 1660 1822 nu-

142 1872 254 1924 lLbus
277 1871 425 1934 aeris,
470 1870 520 1925 id
548 1877 654 1928 est,
691 1875 745 1921 ει
777 1865 829 1919 in
863 1875 1020 1926 aere,
1067 1861 1123 1914 id
1153 1868 1236 1915 est
1265 1858 1555 1929 apostolis,
1604 1858 1658 1911 in
1688 1849 1731 1907 B

143 1962 316 2020 nubibus
343 1963 489 2024 aeris,
519 1959 570 2014 id
603 1968 682 2012 est
710 1955 1006 2028 prophetis.
1057 1952 1350 2005 Tenebrosa
1374 1959 1457 2006 est
1484 1964 1622 2018 aqua
1641 1989 1655 2012 ,

140 2049 181 2109 id
203 2059 269 2106 est
292 2051 512 2107 doctrina
540 2066 555 2102 :
588 2047 718 2105 nulli
744 2046 887 2102 enim
917 2058 1039 2097 eum
1067 2040 1289 2100 laudare
1313 2047 1367 2095 ει
1392 2037 1663 2107 explicare

142 2139 279 2196 verbis
324 2140 490 2193 valent
530 2136 694 2193 sicuti
739 2142 844 2191 est.
892 2131 1015 2187 Prte
1063 2131 1298 2201 fulgore,
1349 2129 1399 2182 id
1435 2137 1547 2191 est,
1594 2127 1662 2183 ad

142 2228 529 2300 comparationem
560 2228 703 2284 illius
732 2225 975 2297 fulgoris,
1020 2224 1072 2278 id
1096 2232 1180 2279 est
1220 2221 1363 2277 illius
1387 2220 1663 2277 claritudi-

142 2319 228 2382 nis,
265 2334 369 2389 qua:
392 2319 493 2377 erit
525 2321 585 2372 in
631 2325 905 2386 conspectu
950 2315 1098 2384 ejus,
1153 2313 1205 2367 id
1232 2320 1315 2370 est
1355 2312 1410 2367 in
1457 2310 1666 2367 visione

142 2405 369 2475 Φωκαίῃ)
393 2407 679 2462 uidebimus
720 2420 840 2463 eum
863 2403 1017 2458 sicuti
1056 2411 1133 2459 est
1183 2397 1235 2473 (1
1261 2400 1421 2459 Joan.
1462 2399 1566 2468 tu),
1607 2407 1664 2457 et

142 2512 231 2551 cum
268 2498 506 2568 fulgebunt
527 2497 667 2568 justi
709 2494 843 2550 sicut
886 2491 963 2548 sol
996 2490 1054 2547 in
1089 2507 1249 2562 regno
1280 2488 1460 2546 Patris
1480 2504 1663 2544 eorum

139 2584 309 2653 (litati.
332 2588 463 2659 xm).
492 2586 808 2642 Secundum
850 2582 1187 2653 superiorem
1209 2579 1429 2635 modum
1460 2578 1549 2632 ubi
1578 2577 1661 2635 di-

144 2674 301 2739 ximus,
322 2676 580 2731 inclinavit
607 2675 758 2731 ccclos
777 2714 793 2739 ,
840 2672 895 2727 id
920 2678 1004 2727 est
1023 2669 1257 2726 emlestia
1276 2709 1291 2734 ,
1322 2668 1465 2723 Deus
1489 2666 1664 2725 iactus

143 2763 262 2818 tumo
298 2766 544 2819 descendit
578 2780 595 2818 :
627 2775 911 2833 possumus
944 2759 1145 2824 dicere,
1190 2754 1377 2813 Posuit
1425 2754 1663 2811 tenebras

142 2852 359 2911 latibulum
381 2873 550 2921 suum,
588 2856 640 2908 id
665 2863 750 2909 est
775 2854 1037 2910 obscuras
1086 2849 1415 2919 Scripturas.
1465 2845 1533 2900 In
1558 2846 1661 2899 cir-

143 2944 251 2997 cuitu
273 2946 372 3013 ejus
396 2943 794 3003 tabernaculum
821 2942 934 3012 ejus
956 2981 971 3005 ,
1024 2940 1078 2995 id
1102 2947 1216 3004 est,
1261 2938 1357 3004 illi,
1391 2937 1481 3008 qui
1516 2938 1661 2992 circa

144 3034 446 3092 coaluerunt
470 3046 674 3093 etcum
704 3036 976 3099 viderunt,
1030 3041 1088 3086 ut
1116 3028 1374 3101 apostoli,
1422 3031 1663 3085 taberna-

145 3122 277 3177 culum
299 3125 404 3195 ejus
432 3127 686 3189 fuerunt,
725 3124 778 3181 id
802 3132 925 3187 est,
968 3130 1153 3191 aperte
1183 3119 1579 3180 militaverunt,
1609 3124 1663 3170 et

145 3222 287 3281 aperte
302 3182 416 3271 eum
444 3182 764 3271 docuerunt.
792 3182 957 3280 Quasi
987 3182 1130 3267 dicat
1157 3228 1169 3262 :
1202 3211 1269 3265 Et
1296 3211 1411 3265 base
1437 3210 1554 3280 ejus
1582 3209 1662 3263 in-
1688 3182 1734 3245 θ·

146 3307 335 3363 carnalia
359 3318 410 3364 et
436 3308 819 3365 manifestatio
844 3322 949 3360 non
989 3305 1196 3371 subita,
1246 3305 1370 3375 quia
1400 3318 1577 3375 aqua,
1610 3304 1663 3357 id

146 3402 229 3461 est,
266 3397 489 3453 doctrina
521 3397 684 3466 hujus
718 3395 1166 3450 manifestationis
1211 3393 1312 3450 fuit
1358 3396 1413 3449 in
1443 3393 1671 3449 nubibus

146 3488 275 3552 aeris,
332 3496 381 3545 ει
405 3491 446 3546 si
473 3490 779 3553 tenebrosa,
811 3488 862 3542 id
888 3494 970 3541 est
997 3487 1245 3541 obscura.
1297 3484 1362 3538 In
1407 3485 1504 3537 hoc
1530 3482 1667 3536 enim

144 3576 310 3631 verbum
333 3588 401 3634 est
426 3594 601 3635 verum
621 3617 636 3642 ,
666 3578 790 3646 quia
811 3575 946 3630 alius
970 3584 1043 3630 est
1072 3575 1162 3644 qui
1186 3573 1428 3635 seminat,
1457 3580 1502 3625 et
1529 3568 1667 3622 alius

144 3665 211 3731 qui
228 3667 350 3724 metit
374 3669 549 3740 (Joan.
578 3668 677 3738 ιν).
705 3667 808 3725 Alii
828 3666 1227 3727 laboraverunt,
1248 3674 1300 3716 et
1327 3679 1420 3718 vos
1440 3663 1492 3714 in
1520 3660 1668 3725 tabo:

146 3769 211 3812 res
237 3772 401 3818 eorum
442 3758 728 3815 introistis.
768 3755 1047 3823 Prophetm
1066 3755 1469 3808 seminaverunt
1507 3750 1667 3805 Chri-

144 3854 252 3904 stum
268 3856 317 3905 et
330 3849 688 3906 ecclesiastica
714 3849 971 3910 instituta,
994 3844 1217 3914 apostoli
1242 3854 1419 3896 autem
1434 3854 1669 3895 messua-

146 3945 255 3992 runt.
278 3937 440 3996 Nubes
460 3941 805 3995 transierunt.
826 3936 990 4007 Quasi
1011 3936 1156 3989 dicat
1189 3952 1201 3986 :
1226 3934 1330 3993 Per
1350 3932 1669 3988 tabernacu-

145 4024 297 4095 iantes,
310 4032 358 4086 id
377 4043 457 4089 εει
476 4031 775 4107 apostolos,
798 4029 955 4083 nubes
973 4027 1319 4089 transierunt,
1345 4025 1396 4078 id
1419 4032 1523 4087 εει,
1546 4036 1669 4093 pro-

143 4117 296 4182 phetia:
315 4124 583 4180 translata:
607 4131 731 4176 sunt
751 4135 783 4173 a
807 4117 1006 4173 Iudaeis
1028 4117 1094 4171 ad
1122 4124 1335 4185 gentes:
1360 4115 1465 4178 vel,
1511 4113 1670 4167 nubes

144 4213 432 4276 transierunt.
464 4215 515 4269 id
536 4221 643 4275 est,
677 4210 979 4266 obscuritas
1002 4207 1406 4276 Scripturarum
1432 4201 1669 4258 revelata

143 4306 219 4350 est.
233 4298 600 4373 Hieronymus:
621 4299 742 4355 Prae
763 4298 963 4369 fulgore
980 4299 1034 4351 in
1048 4304 1323 4365 conspectu
1337 4293 1472 4365 ejus,
1490 4292 1542 4347 id
1563 4300 1669 4357 est,

142 4403 227 4457 pra:
249 4392 478 4449 claritate
509 4393 739 4463 spiritus
771 4405 933 4460 quem
967 4396 1292 4458 acceperunt
1329 4402 1453 4442 eum
1481 4385 1669 4440 viden-

144 4485 219 4532 tes.
244 4479 428 4547 Nubes,
455 4483 510 4537 id
538 4490 626 4537 est
664 4479 921 4550 apostoli,
964 4480 1302 4543 transierunt,
1331 4477 1398 4532 de
1438 4474 1665 4540 Iudaeis,

143 4569 194 4620 ad
214 4583 377 4639 {lentes
402 4574 614 4634 scilicet
634 4572 837 4642 Spiritu
861 4580 1050 4626 sancto
1068 4585 1162 4626 eos
1182 4570 1430 4626 ducente.
1454 4566 1668 4622 Grande

144 4654 221 4713 init
252 4661 295 4715 in
333 4662 467 4729 illis,
504 4663 562 4718 id
611 4671 734 4727 est,
770 4670 945 4717 terror
986 4669 1041 4716 et
1081 4661 1427 4715 comminatio
1476 4658 1672 4713 futuras

142 4760 297 4815 Pinnas,
312 4754 645 4809 contundens
664 4753 793 4805 vitia
820 4751 1116 4806 hominum.
1144 4749 1209 4802 Et
1233 4750 1478 4806 carbones
1504 4748 1637 4817 ignis
1652 4787 1667 4812 ,

144 4835 183 4893 id
202 4850 271 4894 est
293 4843 470 4911 igniti.
508 4842 861 4899 incendentes
908 4841 1070 4895 corda
1108 4838 1384 4897 hominum
1412 4837 1481 4891 ad
1521 4851 1669 4894 com-

143 4934 444 4994 punctionem
469 4935 812 4999 intimorum,
840 4943 895 4990 et
941 4932 1267 4992 desiderium
1290 4941 1671 4999 supernorum,

141 5018 273 5086 Quasi
296 5025 467 5082 dicat:
503 5027 574 5083 Et
617 5027 720 5081 hoc
748 5040 853 5080 non
881 5036 948 5077 es
989 5020 1120 5091 ipsis
1140 5021 1417 5090 apostolis.
1442 5020 1565 5088 quia
1594 5019 1674 5072 in-

143 5115 276 5169 tonuit
299 5116 361 5171 de
379 5119 506 5173 (ωιο
535 5118 819 5180 Dominus,
842 5116 893 5169 id
926 5123 1011 5168 est
1038 5114 1109 5169 de
1132 5112 1408 5182 apostolis.
1442 5110 1675 5180 Exponit

143 5205 255 5267 quod
294 5206 441 5272 dixit.
482 5208 732 5265 intonuit.
760 5205 828 5260 Et
851 5204 1170 5267 Altissimus,
1207 5200 1412 5258 scilicet
1456 5201 1545 5255 ille
1582 5201 1679 5269 qui

143 5290 307 5349 volavit
341 5312 502 5366 super
537 5309 742 5367 pennas
769 5304 1073 5357 ventorum,
1103 5293 1247 5348 dedit
1291 5308 1463 5347 vocem
1501 5307 1670 5353 suam,

144 5392 228 5435 non
264 5384 491 5442 illorum.
532 5386 655 5442 Non
696 5388 834 5445 enim
872 5402 958 5441 vos
991 5387 1114 5443 estis
1143 5385 1233 5452 qui
1257 5384 1554 5453 loquimini,
1588 5383 1676 5437 sed

145 5468 338 5537 Spiritus
361 5474 542 5533 Patris
574 5481 723 5535 vestri
748 5480 838 5548 qui
860 5478 1090 5546 loquitur
1111 5478 1166 5532 in
1187 5475 1327 5534 vobis
1346 5475 1563 5547 (Matth.
1589 5475 1677 5548 x):

146 5556 361 5632 intonuit,
389 5568 442 5623 id
478 5578 585 5633 est,
619 5568 929 5628 terribiliter
960 5566 1289 5635 praedicavit.
1315 5565 1375 5621 ιιι
1420 5579 1522 5634 qua
1550 5581 1681 5621 voce

148 5647 227 5708 illi!
255 5658 443 5723 grando
471 5668 522 5713 et
557 5661 805 5714 carbones
822 5657 978 5728 ignis.
999 5656 1118 5727 Ipse
1130 5657 1275 5711 dedit
1292 5669 1479 5710 vocem
1503 5671 1676 5711 suam.

153 5736 203 5790 Et
233 5746 357 5799 misit
393 5751 612 5819 sagittas
635 5763 777 5812 suas,
810 5750 860 5803 lil
887 5751 987 5814 εει,
1015 5747 1283 5817 apostolos
1330 5747 1414 5799 vel
1455 5753 1683 5817 cvange-

2316 399 2346 414 "7

1764 398 1828 453 lN
1866 392 2200 457 PsALHOS.
2316 399 2346 414 “'
3234 394 3341 459 εει)

1766 514 1911 569 lisias
1939 534 1950 568 :
2002 516 2115 584 ipse
2139 530 2232 571 eos
2260 516 2427 577 ιιιὶείι,
2461 532 2565 570 non
2598 516 2717 585 ipsi.
2761 512 2855 571 Vel
2879 519 3117 588 sagittas,
3148 519 3200 573 .d
3225 530 3339 583 est,

1764 606 1923 660 verba
1956 621 2072 660 sua.
2115 604 2183 659 Et
2226 606 2496 674 dissipavit
2533 623 2652 670 eos,
2684 608 2893 665 scilicet
2927 609 2995 663 ad
3025 622 3160 677 quos
3188 610 3336 664 missi

1762 704 1904 749 sunt.
1934 695 2039 751 Alii
2072 696 2215 752 enim
2260 696 2503 768 saginati
2552 704 2679 755 sunt
2718 699 2785 753 ad
2833 706 3100 763 mortem,
3138 698 3227 755 alii
3276 702 3343 754 ad

1761 785 1948 839 vitam.
1976 785 2109 840 Aliis
2131 803 2312 842 sumus
2338 788 2467 845 odor
2489 786 2673 842 mortis
2712 789 2767 842 in
2790 798 3027 851 mortem,
3064 789 3182 844 aliis
3213 789 3347 843 odor

1761 874 1878 929 vita:
1911 876 1963 928 in
1993 876 2151 929 vitam
2178 874 2227 945 (Ι
2274 872 2398 931 Cor.
2440 878 2523 946 ιι).
2553 875 2671 943 Vel,
2698 878 2969 947 dissipavit
2993 895 3099 943 eos,
3131 880 3339 934 scilicet

1760 977 1895 1031 quos
1923 964 2085 1018 misit.
2126 962 2270 1019 Misit
2297 966 2439 1019 enim
2484 980 2577 1021 eos
2628 967 2679 1021 in
2730 968 3041 1023 universum
3080 970 3342 1025 mundmn

1762 1048 1955 1119 (Marc.
1997 1052 2132 1120 xvr).
2165 1050 2403 1121 Fulgura
2426 1052 2808 1122 multiplicauit,
2851 1056 2905 1112 id
2931 1065 3016 1110 est
3040 1057 3299 1111 miracula
3326 1073 3341 1119 ;

1761 1154 1820 1195 ut
1850 1142 2014 1196 illud;
2060 1142 2168 1196 Deo
2213 1155 2519 1211 cboperante
2553 1154 2601 1198 et
2639 1161 2927 1202 sermonem
2967 1148 3344 1217 conﬁrmante,

1760 1236 2085 1304 sequentibus
2126 1235 2287 1303 signis
2316 1233 2526 1306 (Ibid.).
2564 1234 2631 1289 Et
2653 1238 2973 1292 conturbavit
3002 1254 3089 1292 eos
3116 1240 3184 1292 ad
3210 1251 3344 1310 quos

1764 1326 1913 1381 missi
1959 1334 2118 1391 sunt,
2169 1325 2224 1379 id
2263 1335 2346 1383 est
2382 1326 2448 1380 ad
2480 1327 2825 1395 punctionem
2867 1336 2922 1383 et
2956 1328 3334 1398 paenitentiam

1764 1428 2085 1474 commovet.
2119 1418 2187 1472 Et
2218 1426 2343 1471 tunc
2389 1430 2741 1487 apparuerunt
2770 1421 2938 1489 fontes
2966 1435 3257 1492 aquarum,
3286 1419 3341 1472 id
3422 1484 3431 1491 ο

1764 1514 1864 1570 est,
1904 1507 2129 1577 apostoli
2159 1517 2213 1560 et
2236 1507 2611 1577 evangelista,
2662 1508 2715 1561 in
2744 1508 2939 1577 quibus
2969 1518 3126 1562 erant
3150 1522 3303 1579 aqua:
3324 1546 3341 1568 .

1763 1596 1816 1650 id
1847 1604 1954 1659 est,
1983 1597 2128 1651 varia
2173 1596 2313 1653 dona
2360 1596 2593 1666 Spiritus
2630 1597 2835 1662 sancti,
2868 1606 3255 1667 apparuerunt,
3291 1598 3343 1652 id

1763 1696 1880 1749 est,
1929 1696 2113 1757 aperte
2157 1687 2584 1756 praedicaverunt
2617 1689 2682 1743 de
2722 1689 2940 1745 Christo
2964 1730 2979 1753 ,
3020 1698 3070 1744 et
3111 1702 3206 1759 per
3246 1701 3341 1743 eos

1766 1776 2013 1841 revelata,
2046 1777 2098 1831 id
2124 1786 2207 1832 est
2243 1778 2455 1833 detecta
2486 1785 2540 1831 et
2570 1785 2753 1847 aperta
2776 1818 2790 1841 ,
2822 1788 2947 1833 sunt
2992 1776 3345 1850 fundamenta

1763 1867 1901 1922 orbis
1954 1874 2244 1929 terrarum,
2303 1867 2362 1923 id
2416 1874 2539 1930 est,
2584 1866 2871 1937 scripturas
2918 1869 3299 1938 prophetarum
3328 1904 3343 1929 ,

1763 1956 1818 2010 in
1865 1957 2061 2025 quibus
2117 1965 2258 2011 totus
2310 1956 2494 2021 orbis,
2546 1956 2599 2010 id
2644 1965 2727 2012 est
2782 1956 3064 2021 Ecclesia,
3122 1956 3341 2016 fundata

1761 2055 1887 2109 est,
1943 2047 2025 2100 vel
2093 2059 2248 2115 aquae
2304 2046 2572 2111 latentes.
2632 2047 2833 2118 scripta
2894 2049 3278 2117 prophetarum
3322 2066 3334 2100 :

1761 2136 1938 2192 fontes
1982 2151 2275 2207 aquarum,
2302 2137 2640 2207 expositores
2688 2152 2876 2196 eorum
2924 2138 3000 2193 illi
3051 2140 3210 2197 modo
3248 2154 3340 2210 ap—

1760 2238 2075 2299 paruerunt,
2128 2238 2187 2283 ut
2231 2229 2582 2301 Augustinus,
2638 2228 2997 2301 Hieronymus
3027 2239 3082 2285 et
3124 2228 3233 2286 alii.
3277 2227 3344 2283 Et

1761 2338 1858 2391 per
1894 2338 1982 2377 eos
2039 2321 2263 2378 revelata
2298 2330 2419 2375 sunt
2469 2312 2813 2390 fundamenta
2865 2321 3004 2381 orbis
3040 2331 3305 2377 terrarum
3328 2362 3342 2382 .

1762 2420 1824 2466 ut
1874 2427 2061 2483 supra.
2131 2408 2261 2478 Vel,
2313 2413 2480 2480 fontes
2539 2428 2839 2481 aquarum,
2892 2414 2950 2471 id
2997 2421 3117 2487 est,
3169 2413 3347 2467 renati

1763 2503 1918 2572 aquis
1942 2502 2301 2573 baptismatis.
2332 2501 2401 2556 Et
2426 2503 2540 2557 haec
2583 2503 2794 2567 omnia,
2838 2518 2871 2555 ο
2899 2502 3143 2565 Domine,
3174 2502 3238 2555 ab
3263 2503 3347 2555 in.

1761 2596 2057 2663 crepatione
2096 2604 2186 2650 tua
2206 2593 2345 2651 faeta
2369 2603 2524 2649 sunt:
2546 2602 2598 2649 tu
2624 2595 2767 2650 enim
2785 2596 3075 2665 increpasti
3097 2610 3191 2650 eos
3211 2594 3347 2652 salu-

1760 2682 1846 2740 bri
1872 2684 2235 2751 increpatione
2261 2700 2274 2735 :
2300 2679 2346 2737 ο
2361 2681 2513 2736 stulti
2530 2692 2580 2737 et
2596 2684 2740 2741 tardi
2760 2684 2918 2737 corde
2942 2684 3011 2738 ad
3032 2682 3347 2737 credendum

1762 2773 1816 2826 in
1849 2773 2086 2828 omnibus
2142 2788 2260 2843 qua
2307 2772 2468 2826 lociui
2502 2782 2621 2828 sunt
2661 2774 2924 2843 prapltetta
2974 2773 3125 2844 (Luc.
3164 2774 3345 2842 uir)!

1762 2863 1975 2927 Aliter:
2008 2861 2128 2917 Dixi
2167 2863 2307 2932 quod
2350 2862 2609 2919 Dominus
2650 2864 2798 2917 misit
2843 2865 3066 2933 sagittas
3106 2876 3252 2925 snas,
3294 2873 3349 2921 et

1764 2952 2104 3008 conturbavit
2151 2967 2245 3009 eos
2277 2970 2288 3004 :
2323 2950 2535 3023 fulgura
2576 2951 2974 3022 multipllcavit,
3020 2960 3347 3015 et‘euntur-

1764 3043 1912 3097 bavit
1936 3056 2064 3107 eos;
2112 3042 2204 3097 sed
2238 3042 2341 3095 hoc
2381 3039 2582 3095 factum
2608 3050 2691 3097 est
2717 3042 2785 3097 ab
2822 3042 3188 3111 increpatione
3235 3053 3346 3103 tua,

1766 3133 2013 3196 Domine,
2051 3148 2156 3187 non
2194 3149 2223 3184 a
2259 3131 2497 3203 sagittis,
2540 3145 2645 3186 non
2689 3144 2718 3185 a
2763 3128 3065 3202 fulguribus
3096 3146 3109 3181 :
3140 3130 3234 3184 sed
3283 3131 3349 3186 ab

1768 3221 2106 3288 inspiratione
2144 3219 2355 3288 spiritus
2399 3220 2494 3271 ira:
2523 3227 2661 3282 tute;
2687 3218 2816 3287 quia
2846 3227 2898 3272 tu
2940 3217 3212 3288 inspintsti
3258 3232 3351 3269 eos

1769 3308 1860 3362 illo
1888 3308 2079 3377 spiritu
2108 3307 2200 3376 qui
2230 3309 2309 3362 eis
2335 3307 2641 3362 nOtilicaret
2665 3307 2799 3363 iram
2828 3315 2993 3370 tuam,
3016 3316 3075 3360 ut
3103 3323 3131 3359 a
3160 3307 3352 3359 timore

1769 3397 2083 3466 inciperent.
2119 3396 2365 3465 Domine,
2396 3412 2427 3449 a
2466 3396 2649 3452 timore
2686 3407 2773 3449 tuo
2809 3397 3184 3464 parturicimus
3211 3393 3346 3464 (lsa.

1768 3488 1938 3559 χχιιι).
1978 3485 2122 3543 Misit
2150 3487 2433 3540 desummo
2457 3494 2503 3538 et
2538 3487 2732 3554 accepit
2757 3501 2854 3537 me.
2883 3484 2939 3539 Si
2969 3485 3039 3539 ibi
3070 3484 3347 3552 dispensus

1770 3581 1967 3635 tionem
1997 3578 2383 3634 incarnationis
2423 3577 2622 3631 Christi
2661 3576 2977 3645 accipimus,
3016 3578 3104 3635 ubi
3144 3579 3348 3632 dictum

1767 3679 1870 3726 est.
1904 3669 2183 3723 Inclinavit
2214 3668 2371 3723 mlas
2412 3678 2459 3722 et
2500 3668 2784 3732 descendit,
2832 3669 2971 3723 iStud
3004 3669 3083 3722 sic
3113 3669 3349 3738 accipia-

1769 3772 1907 3823 mus,
1937 3759 2092 3828 quasi
2115 3766 2169 3812 et
2197 3754 2310 3812 hinc
2331 3754 2512 3811 tritinia
2540 3756 2645 3813 isto
2670 3757 2828 3812 modo
2857 3757 2996 3811 facta
3025 3766 3170 3811 sunt.
3203 3757 3349 3814 Misit

1770 3849 1911 3903 Deus
1941 3847 2101 3902 Pater
2136 3847 2342 3902 scilicet
2373 3846 2633 3916 Spiritum
2661 3856 2908 3911 sanctum
2942 3847 3009 3901 de
3038 3862 3260 3909 summa,
3300 3847 3352 3901 id

1769 3948 1854 3995 est
1890 3939 1957 3993 de
1986 3935 2158 4002 etelis,
2206 3936 2292 3991 vel
2314 3936 2381 3992 de
2403 3951 2502 3991 sua
2540 3933 2904 3991 celsitudine:
2951 3947 2998 3989 et
3033 3937 3253 4005 accepit,
3294 3936 3349 3989 id

1769 4037 1873 4092 est,
1920 4042 2113 4098 corpus
2152 4040 2348 4083 meum.
2388 4026 2456 4082 Et
2483 4026 2667 4082 taliter
2711 4027 2989 4095 assumpsit
3033 4044 3131 4090 me,
3163 4029 3212 4083 id
3246 4039 3355 4094 es',

1769 4132 1919 4177 meos
1942 4118 2013 4172 de
2029 4118 2182 4185 aquis
2204 4116 2411 4179 multis,
2434 4126 2492 4169 ut
2511 4131 2691 4186 supra.
2712 4115 2824 4171 Hoc
2844 4116 3004 4171 modo
3026 4118 3309 4187 assumpsit
3336 4138 3349 4170 :

1769 4206 1977 4276 Eripuit
2018 4223 2097 4259 me
2143 4216 2304 4274 caput
2350 4206 2414 4258 de
2462 4205 2686 4261 inimicis
2733 4206 2860 4260 meis
2910 4205 3240 4274 fortissimis.
3280 4207 3352 4260 de

1768 4298 1966 4356 Iudaeis
2008 4298 2063 4353 in
2113 4299 2379 4367 passione,
2428 4297 2493 4351 de
2531 4298 2743 4354 diabolo
2777 4309 2832 4352 ει
2879 4298 2996 4366 ejus
3044 4299 3246 4369 angelis
3295 4300 3349 4352 in

1770 4387 2014 4452 inferno;
2043 4386 2409 4455 fortissimis,
2460 4386 2587 4456 quia
2636 4388 2796 4441 morti
2854 4403 2939 4442 me
2992 4388 3348 4443 tradiderunt.

1770 4478 1951 4535 Fortis
2000 4488 2085 4533 est
2130 4478 2220 4545 qui
2262 4486 2445 4531 nostra
2490 4476 2647 4539 tollit,
2689 4476 2897 4543 fortior,
2936 4477 3026 4544 qui
3068 4491 3166 4531 nos
3206 4477 3351 4546 ipsos

1771 4572 1917 4629 laedit
1960 4586 1973 4625 :
2016 4570 2363 4634 fortissimus,
2403 4569 2493 4638 qui
2536 4568 2809 4623 interﬁcit.
2852 4568 2917 4621 Et
2966 4568 3030 4624 ab
3068 4570 3148 4623 Itis
3187 4571 3350 4629 etiam

1769 4666 1861 4736 qui
1900 4665 2118 4719 oderunt
2152 4680 2257 4727 me,
2305 4663 2357 4716 in
2406 4674 2630 4731 corpore
2674 4659 2901 4723 scilicet,
2953 4662 3042 4728 qui
3081 4661 3207 4715 odio
3244 4662 3351 4715 mei

1773 4754 1970 4812 multos
2014 4760 2424 4824 perseqnuutur.
2466 4751 2616 4805 Multi
2658 4751 2800 4807 enim
2847 4766 2951 4804 non
2990 4752 3255 4817 viderunt,
3300 4760 3355 4805 et

1777 4857 1953 4902 tamen
2000 4846 2124 4900 odio
2168 4846 2491 4899 habuerunt.
2538 4840 2606 4894 Et
2656 4854 2790 4910 opus
2838 4842 2937 4895 init
2984 4850 3043 4897 ut
3095 4844 3350 4911 eriperet.

1774 4936 2021 5009 quoniam
2056 4934 2336 5002 confortati
2379 4943 2497 4986 stmt
2538 4947 2693 5000 super
2713 4948 2815 4996 me,
2843 4932 2894 4991 id
2919 4941 3021 4996 εει,
3061 4934 3356 5001 prmvalne—

1777 5035 1901 5082 runt
1928 5025 2058 5079 mibi
2087 5025 2139 5078 in
2167 5037 2349 5078 carne.
2381 5022 2437 5076 Si
2465 5022 2532 5075 ad
2557 5021 2853 5085 Christum,
2877 5022 2945 5074 ab
2974 5023 3058 5077 bis
3092 5023 3182 5091 qui
3217 5023 3348 5075 ode-

1776 5124 1903 5170 runt
1932 5131 2037 5179 me,
2076 5115 2127 5171 id
2154 5123 2255 5177 est,
2282 5112 2372 5182 qui
2411 5111 2603 5167 nullam
2628 5111 2786 5168 aliaat
2809 5102 3028 5169 causam
3054 5113 3356 5169 habuerunt

1778 5216 1838 5262 ut
1862 5213 2047 5261 essent
2069 5204 2201 5258 mihi
2238 5202 2465 5265 inimici.
2492 5202 2592 5257 nisi
2616 5194 2794 5255 solum
2823 5202 3025 5259 odium.
3058 5201 3211 5270 Quod
3231 5202 3354 5255 odio

1777 5297 2098 5360 habuerunt,
2127 5296 2184 5349 in
2220 5297 2322 5353 hoc
2357 5303 2503 5363 patet
2531 5296 2777 5363 quoniam
2805 5293 3086 5363 confortati
3121 5302 3263 5359 sunt,
3301 5294 3354 5350 id

1776 5395 1877 5447 est,
1916 5384 2244 5440 unanimiter
2285 5384 2693 5439 insurrexerunt
2737 5395 2898 5451 super
2936 5395 3043 5436 me.
3074 5379 3354 5447 Quomodo

1777 5474 2063 5533 cctifurtati
2092 5485 2251 5539 sunt,
2299 5473 2553 5532 ostendit.
2598 5471 2973 5531 Prmeneruut
3015 5486 3115 5535 me,
3154 5470 3211 5526 id
3249 5476 3356 5531 est,

1778 5565 2169 5635 praestituerunt
2190 5564 2319 5618 mibi
2342 5562 2598 5621 exterius.
2623 5561 2692 5615 In
2710 5562 2795 5615 die
2816 5558 3106 5630 αθΰιιίοηὶδ
3125 5572 3276 5619 metu,
3302 5556 3359 5609 id

1779 5663 1883 5719 est,
1910 5657 1964 5709 in
1992 5665 2229 5723 tempore
2251 5654 2385 5711 mihi
2401 5653 2694 5709 constituto
2714 5651 2780 5703 ad
2800 5648 3099 5718 passionem
3125 5661 3277 5707 mae,
3302 5644 3353 5696 id

1782 5756 1886 5810 est,
1911 5748 2038 5800 mihi
2060 5746 2198 5810 utili,
2224 5761 2327 5799 non
2353 5745 2451 5799 eis.
2482 5743 2852 5797 Prin-eneruat
2873 5739 2926 5791 in
2943 5737 3353 5807 dieaﬁlictiom’s,
