3978 6456
617 389 719 444 9.31

1254 377 1512 437 REMIGII
1551 370 2206 430 ANTISSIODORENSIS
2243 371 2393 429 OPP.
2434 370 2614 427 PARS
2651 370 2692 425 1.
2732 393 2801 441 -ιιτ
2834 365 3243 453 EXEGETICA.

3746 369 3830 425 232

616 504 712 558 sed
761 516 868 555 non
910 496 1241 570 prtevcnicnt
1278 494 1335 548 in
1372 492 1459 547 die
1509 485 1928 544 clariﬁcationis.
1979 485 2048 540 Et
2092 484 2196 540 hoc
2221 489 2272 547 Α
2300 483 2489 547 facias,
2518 484 2612 537 sed
2638 481 2759 551 ejus
2784 479 3059 550 perversio
3080 518 3097 544 ,
3131 479 3342 536 scilicet
3367 493 3397 534 a
3429 487 3484 537 te
3509 481 3739 547 aversio,
3771 484 3831 537 ia-

618 594 765 657 ideo,
795 591 920 661 quia
947 589 1122 659 {actus
1159 596 1234 640 est
1264 584 1523 639 Dominus
1550 589 1807 651 protector
1840 594 1986 633 meus
2024 574 2199 648 (Psal.

620 682 782 753 Lxxv)
812 681 867 735 in
893 680 1069 749 capite
1095 686 1151 732 et
1181 678 1233 731 in
1275 672 1552 737 membris,
1587 680 1635 725 et
1660 668 1990 741 protegendo
2021 668 2202 722 eduxit

621 788 704 825 me
724 779 887 840 caput
909 770 964 822 in
996 766 1351 826 latitudinem,
1380 761 1616 832 gentium
1645 760 1869 824 scilicet,
1899 758 2023 828 quia
2054 757 2203 828 prius

622 860 678 914 in
720 858 831 914 sola
856 856 1039 911 Iudaea
1081 864 1259 918 notus,
1290 860 1412 922 post
1437 858 1665 905 mortem
1710 849 1764 904 in
1797 848 2046 904 omnibus
2074 862 2202 918 gen-

623 949 791 1011 tibus,
819 946 905 1001 vel
932 947 1034 1000 hoc
1059 944 1219 998 modo
1235 941 1474 1012 protexit
1493 948 1661 1004 meos,
1692 946 1760 994 ne
1787 939 2197 994 devocarentur.

621 1040 820 1095 Eduxit
858 1054 946 1093 me
988 1039 1040 1092 in
1069 1037 1197 1101 illis,
1244 1044 1302 1090 et
1353 1049 1440 1088 me
1485 1033 1541 1087 in
1580 1033 1681 1087 eis.
1727 1031 1960 1096 Eduxit,
2000 1029 2055 1085 id
2096 1040 2197 1093 est,

620 1137 775 1185 extra
822 1127 1099 1198 angustias
1134 1125 1316 1181 carnis
1354 1124 1508 1180 duxit
1552 1137 1651 1193 per
1684 1137 1833 1193 spem
1869 1122 1926 1176 in
1960 1120 2202 1175 latitudi-

621 1236 738 1274 nem
768 1218 965 1274 futura:
1008 1215 1404 1281 retributionis,
1448 1215 1537 1269 ubi
1579 1214 1724 1269 nulla
1762 1214 1867 1269 erit
1899 1212 2145 1284 angustia
2181 1229 2195 1266 :

619 1311 706 1365 vel
754 1312 843 1366 hic
880 1311 1067 1366 eduxit
1094 1310 1148 1363 in
1193 1308 1530 1367 latitudinem
1570 1306 1879 1370 charitatis,
1928 1314 1989 1361 ut
2035 1305 2197 1359 etiam

619 1401 871 1456 inimicos
912 1400 1211 1471 diligerem.
1241 1398 1357 1453 Hoc
1396 1396 1556 1452 modo
1590 1396 1779 1452 eduxit
1814 1410 1901 1451 me
1926 1402 2091 1465 caput
2141 1395 2196 1448 in

619 1492 959 1546 latitudinem
986 1490 1223 1561 gentium
1250 1488 1503 1545 :Saluum
1528 1505 1609 1543 me
1632 1488 1777 1559 fecit,
1805 1486 2198 1544 resuscitando.

620 1586 717 1642 Vel
766 1587 869 1641 hoc
914 1587 1075 1641 modo
1116 1584 1303 1640 eduxit
1346 1595 1493 1638 meos
1548 1582 1601 1636 in
1647 1579 2023 1642 latitudinem,
2071 1576 2197 1646 quia

620 1690 708 1731 me
737 1684 897 1746 caput
925 1690 1113 1730 eorum
1145 1673 1351 1728 salvum
1394 1670 1559 1736 fecit,
1588 1670 1838 1740 quoniam
1863 1666 2055 1732 voluit,
2091 1679 2198 1719 non

621 1767 815 1822 merito
842 1758 981 1822 meo.
1029 1766 1243 1819 Amavit
1269 1765 1415 1819 cnim
1460 1776 1548 1817 me
1595 1761 1836 1827 foedam,
1885 1767 1948 1814 ut
1996 1758 2200 1814 faceret

2304 573 2412 627 ciet
2441 581 2493 626 te
2519 587 2550 625 a
2577 570 2948 626 misericordia
2974 569 3027 624 in
3051 567 3309 637 judicium
3336 569 3504 636 verti;
3538 577 3595 623 ut
3622 570 3672 624 in
3701 569 3831 627 Levi-

2302 664 2448 718 tico:
2475 661 2532 717 Si
2550 660 2941 716 ambulaueritis
2964 678 2997 714 a
3020 674 3103 715 me
3126 660 3369 729 perversi,
3401 670 3449 714 et
3473 675 3565 730 ego
3594 660 3832 716 ambulabo
3858 676 3859 679 ‘

2302 763 2485 810 contra
2516 771 2606 809 vos
2636 755 2816 823 furore
2857 768 3091 824 perverso
3120 750 3277 824 (Leu.
3308 751 3490 823 xxvt).
3533 750 3834 810 Aliterzlie-

2299 862 2430 902 vera
2456 847 2699 901 retribuet
2732 844 2880 911 mihi,
2904 844 2959 899 id
2986 852 3069 905 est
3096 843 3254 908 meis,
3285 842 3561 909 meritum,
3587 843 3832 897 secundum

2292 937 2561 1007 justitiam
2580 952 2747 1010 meam
2769 949 2788 987 :
2809 943 2865 991 ει
2884 935 2986 990 hoc
3006 935 3059 991 in
3090 932 3292 1000 futuro,
3315 936 3368 991 id
3390 943 3494 1000 est,
3519 935 3574 988 in
3598 944 3833 1003 conspectu

2300 1038 2392 1083 tuo
2410 1045 2430 1095 ;
2475 1029 2601 1099 quia
2631 1028 2721 1083 hic
2748 1043 2866 1097 cum
2906 1036 3089 1083 saneto
3129 1036 3342 1083 sanctus
3368 1028 3496 1092 erit,
3526 1027 3578 1081 id
3613 1034 3709 1090 εει,
3733 1041 3834 1080 san-

2299 1128 2421 1175 ctus
2456 1129 2510 1175 te
2536 1119 3056 1185 sanctum'habebit,
3092 1126 3150 1173 et
3195 1119 3453 1175 innocens
3481 1119 3832 1173 innocentem:

2299 1221 2349 1266 et
2375 1227 2492 1266 eum
2520 1212 2680 1268 electo
2734 1226 2766 1267 a
2810 1220 2864 1266 te
2892 1210 3042 1280 prius
3062 1251 3078 1275 ,
3109 1218 3169 1264 ut
3195 1209 3323 1265 illud
3350 1227 3364 1264 :
3399 1208 3523 1264 Non
3546 1225 3632 1264 vos
3658 1223 3731 1262 me
3753 1208 3835 1264 els-

2299 1300 2469 1371 gistis,
2497 1300 2589 1355 sed
2630 1316 2723 1371 ego
2746 1299 2877 1371 elegi
2909 1314 2998 1353 vos
3035 1285 3229 1362 Joan.
3261 1300 3389 1370 xv),
3414 1299 3605 1353 electus
3647 1299 3770 1361 eris,
3793 1296 3833 1351 id

2299 1400 2412 1458 est,
2444 1393 2513 1447 de
2535 1392 2788 1447 omnibus
2817 1391 3039 1462 deliget.
3077 1390 3209 1445 Cum
3260 1406 3496 1461 perverso
3527 1388 3833 1459 perueneris,

2301 1480 2354 1535 id
2384 1490 2469 1537 est
2517 1495 2805 1552 perversus
2844 1479 3061 1535 habebit
3102 1489 3155 1533 te
3200 1493 3514 1550 perversum
3540 1518 3557 1544 ,
3604 1477 3834 1549 pmcipue

2300 1570 2555 1627 Iudaicus
2578 1570 2842 1642 populus:
2869 1569 2961 1640 qui
2984 1584 3112 1623 eum
3141 1569 3309 1624 Deum
3337 1583 3502 1640 unum
3533 1567 3770 1631 coluerit,
3792 1574 3835 1619 et

2300 1661 2415 1731 ejus
2442 1662 2693 1717 mandata
2738 1660 3032 1731 acceperit,
3060 1660 3248 1715 videns
3271 1659 3526 1730 gentilem
3556 1658 3740 1728 recipi,
3762 1656 3834 1725 qui

2301 1766 2515 1824 semper
2547 1753 2686 1810 idola
2732 1753 2931 1820 coluit,
2975 1753 3154 1807 dixit:
3188 1749 3314 1807 Non
3345 1762 3421 1807 est
3463 1768 3614 1822 aequa
3653 1751 3729 1806 via
3749 1748 3836 1804 Do-

625 1854 931 1923 pulchram.
979 1853 1108 1922 Ejus
1159 1852 1406 1908 voluntas
1449 1866 1623 1907 meam
1681 1850 2015 1906 voluntatem
2062 1863 2198 1918 prac-
2229 1861 2273 1921 Β
2300 1846 2429 1899 mini
2474 1844 2701 1917 (Ezech.
2740 1843 2930 1917 xvm).
2957 1842 3081 1899 ltleo
3105 1857 3393 1913 perversus
3418 1841 3672 1897 Iudaicus
3700 1856 3836 1912 popu-

618 1945 788 1999 venit.
826 1945 1103 1999 Et-tamen
1129 1958 1441 2014 quanquam
1469 1940 1732 2013 ex’gratia
1758 1941 1864 1996 illis
1886 1949 2053 1995 totum
2076 1940 2194 2005 sit,

618 2034 865 2087 retribuet
909 2034 1037 2088 mihi
1078 2034 1337 2088 Dominus
1368 2033 1423 2087 in
1447 2033 1535 2088 die
1578 2031 2198 2086 clariﬁcationis’secun-

617 2126 745 2179 dum
764 2106 1031 2196 justitiam
1057 2142 1257 2186 meam.
1283 2124 1334 2180 id
1369 2133 1455 2179 est
1473 2166 1488 2190 ,
1513 2123 1809 2179 secundum
1837 2121 2196 2191 humilitatem

618 2225 676 2270 et
710 2216 1074 2270 obedientiam
1115 2230 1314 2279 meam,
1346 2229 1471 2268 ctam
1515 2222 1696 2268 tamen
1728 2228 1834 2268 non
1857 2213 1931 2267 sit
1956 2225 2096 2266 mea.
2129 2210 2197 2264 Et

616 2303 903 2358 secundum
942 2306 1227 2375 puritatem
1268 2319 1522 2357 manuum
1560 2314 1797 2357 mearum
1837 2301 2080 2356 retribuet
2106 2302 2201 2354 mi-

622 2395 713 2460 hi,
761 2395 813 2449 id
858 2404 976 2461 est,
1011 2394 1377 2449 innocentiam
1423 2408 1665 2463 operum.
1700 2392 1792 2447 Illa
1833 2402 1918 2449 est
1957 2406 2085 2448 vera
2118 2393 2200 2446 in-

618 2486 870 2539 nocentia
899 2525 915 2549 ,
971 2500 1093 2555 quae
1146 2500 1247 2541 nec
1322 2484 1423 2539 sibi
1483 2493 1681 2551 nocet,
1746 2498 1848 2541 nec
1923 2485 2196 2554 cuiquam.

619 2577 869 2631 Ostendit
916 2576 1059 2632 illam
1099 2575 1390 2646 justitiam.
1440 2576 1577 2643 Quia
1621 2576 1880 2631 custodiri
1929 2577 2038 2630 uias
2084 2573 2196 2627 Do-

620 2670 750 2725 mini
771 2709 787 2734 ,
832 2670 884 2723 id
911 2670 996 2724 est
1018 2711 1034 2734 ,
1067 2670 1337 2731 mandata,
1371 2668 1484 2723 Nec
1525 2669 1680 2739 impie
1699 2668 1834 2739 gessi
1862 2685 1895 2721 a
1921 2666 2032 2721 Deo
2061 2682 2193 2720 meo.

618 2759 733 2814 lloc
748 2762 906 2816 modo
930 2761 1221 2825 custodivi,
1247 2775 1275 2812 a
1292 2760 1589 2815 contrario.
1616 2759 1740 2814 Ideo
1761 2757 2047 2823 custodiri,
2070 2772 2201 2828 quo-

620 2850 763 2902 niam
802 2851 978 2904 omnia
992 2850 1200 2919 judicia
1220 2849 1336 2920 ejus
1376 2850 1430 2904 in
1455 2858 1728 2919 conspectu
1751 2865 1888 2915 meo,
1930 2848 1983 2903 id
2004 2856 2116 2913 est,
2141 2847 2197 2901 in

620 2949 802 2995 mente
832 2956 971 2996 mea.
995 2941 1051 2995 In
1076 2941 1224 2995 omni
1245 2954 1409 3009 opere
1431 2954 1553 2994 meo
1577 2953 1788 3009 semper
1810 2938 2014 2992 attendi
2055 2935 2200 3005 judi-

618 3030 703 3084 cia
731 3030 868 3098 ejus,
905 3044 1025 3100 quae
1046 3038 1173 3085 sunt
1194 3039 1427 3099 quatuor
1455 3049 1470 3082 :
1496 3030 1601 3084 duo
1626 3030 1692 3085 de
1711 3029 1982 3098 praesenti,
2010 3036 2066 3083 et
2095 3027 2201 3082 duo

619 3118 687 3172 de
709 3117 909 3172 futuro.
924 3117 1154 3187 Flagella
1178 3117 1644 3187 corrigendorum,
1668 3126 1722 3171 ει
1744 3117 2066 3171 tentationes
2084 3130 2203 3185 pro-

2299 1936 2381 1990 lns
2418 1934 2582 1990 habet
2625 1943 2677 1989 te
2720 1948 3056 2004 perversum,
3085 1933 3335 2003 quoniam
3375 1942 3433 1987 tu
3479 1931 3719 2003 populum
3757 1932 3837 1983 Int-

2295 2026 2470 2081 milem
2537 2026 2737 2081 salvum
2792 2022 2953 2096 facies
2975 2065 2992 2091 ,
3030 2034 3080 2078 et
3104 2024 3287 2081 oculos
3324 2024 3664 2094 superborum
3697 2022 3835 2075 humi-

2296 2116 2450 2171 liabis
2469 2158 2484 2180 ,
2514 2117 2568 2172 id
2608 2125 2694 2171 est
2713 2157 2730 2183 ,
2757 2116 2884 2186 quia
2912 2122 2969 2170 tu
3015 2114 3264 2185 superbis
3296 2113 3529 2179 resistis,
3573 2118 3630 2166 ut
3650 2109 3832 2173 Induis,

2296 2217 2353 2264 ει
2379 2207 2672 2265 humilibus
2701 2208 2798 2262 das
2826 2206 3056 2277 gratiam
3105 2204 3266 2276 (Jac.
3305 2203 3426 2277 tv),
3475 2214 3539 2259 ut
3587 2200 3833 2274 gentibus.

2277 2298 2422 2374 ideo
2449 2297 2635 2354 oculos
2675 2298 3030 2367 superborum
3064 2296 3406 2360 humiliabis,
3455 2296 3586 2366 quia
3621 2292 3741 2349 nihil
3775 2292 3836 2346 vi-

2296 2391 2427 2447 dent
2457 2390 2559 2445 nisi
2600 2405 2699 2461 per
2735 2388 2919 2443 alium.
2966 2387 3065 2443 Vel
3100 2387 3214 2444 hoc
3237 2388 3454 2443 videtur
3480 2385 3753 2458 perversis,
3793 2381 3834 2436 id

2296 2490 2414 2545 est,
2458 2495 2646 2536 veram
2670 2480 2937 2549 justitiam
2963 2476 3337 2551 ignorantibus
3361 2491 3698 2548 perversum,
3722 2469 3833 2543 quod

2297 2569 2615 2626 confitcntes
2640 2577 2862 2641 peccata
2890 2583 2988 2625 sua
3015 2568 3193 2624 salvos
3228 2567 3413 2628 facies,
3443 2581 3581 2637 quos
3617 2565 3689 2620 illi
3718 2565 3836 2619 dam-

2296 2674 2428 2715 nare
2472 2659 2668 2716 solent.
2725 2659 2795 2714 Et
2858 2659 3115 2730 quoniam
3170 2665 3229 2714 tu
3274 2656 3531 2729 populum
3579 2653 3833 2715 humilem,

2299 2752 2352 2807 id
2397 2759 2481 2807 est
2512 2793 2528 2818 ,
2576 2751 2922 2808 conﬁtentem
2959 2752 3073 2810 ‘tihi
3114 2761 3336 2823 peccata
3380 2764 3487 2807 sua
3515 2791 3532 2817 ,
3578 2758 3634 2805 et
3677 2763 3730 2804 se
3765 2761 3838 2801 ac-

2299 2852 2582 2899 cusantem
2610 2884 2627 2908 ,
2689 2850 2741 2899 te
2770 2842 2994 2918 justum
3040 2852 3327 2914 ponentem
3377 2841 3616 2897 salvabis
3641 2881 3655 2906 ,
3697 2838 3827 2899 ideo.

2298 2933 2520 2989 Domine
2579 2934 2723 2990 Deus
2769 2948 2949 3000 meus,
2998 2934 3242 2989 illumina
3283 2934 3525 2988 tenebras
3562 2940 3707 2985 meas
3730 2967 3744 2994 ,
3795 2927 3835 2980 id

2300 3033 2422 3091 est,
2476 3025 2564 3081 fac
2624 3041 2713 3081 me
2779 3026 3024 3083 interiori
3102 3026 3260 3083 oculo
3327 3026 3517 3082 videre
3564 3034 3619 3080 et
3676 3033 3835 3092 cogno-

2302 3130 2455 3171 scere
2480 3125 2704 3186 peccata
2749 3125 2807 3173 et
2833 3116 3168 3189 ignorantias
3210 3133 3402 3174 meas:
3434 3118 3559 3173 ideo
3601 3130 3631 3170 a
3670 3123 3719 3169 te
3757 3113 3836 3167 hoc

619 3208 943 3274 bandorum,
970 3209 1191 3279 praemia
1209 3208 1503 3279 iustorum,
1525 3221 1685 3278 poena
1717 3206 2027 3278 impiorum.
2053 3203 2120 3259 Et
2143 3206 2196 3259 in
2224 3203 2272 3267 ϐ
2300 3213 2447 3274 peto,
2480 3215 2534 3262 et
2573 3222 2678 3262 non
2705 3206 2774 3263 ab
2798 3207 2905 3262 alio
2928 3247 2944 3272 ,
2996 3208 3243 3278 quoniam
3289 3219 3346 3262 tu
3392 3207 3661 3262 illuminas
3702 3204 3837 3256 tuter-

619 3296 723 3350 hoc
747 3305 913 3367 patet,
942 3298 1065 3367 quia
1088 3296 1327 3367 justitias
1356 3297 1471 3367 ejus
1489 3335 1504 3360 ,
1530 3296 1583 3350 id
1603 3303 1689 3351 est
1710 3296 1986 3360 mandata,
2018 3302 2203 3349 custo-

618 3387 750 3453 divi,
770 3388 912 3457 quod
933 3396 1019 3443 est
1036 3388 1219 3443 dicere
1234 3402 1330 3457 per
1355 3387 1710 3452 contrarium,
1725 3402 1828 3441 non
1854 3385 2020 3455 repuli
2040 3402 2073 3439 a
2096 3400 2197 3438 me.

616 3477 735 3531 Alia
786 3485 871 3531 est
916 3477 1126 3548 justitia
1180 3476 1421 3542 Christi,
1470 3475 1572 3530 alia
1613 3476 1929 3530 hominum.
1982 3472 2201 3529 Justitia

624 3565 831 3622 Christi
888 3576 974 3623 est
1021 3582 1122 3637 pro
1182 3567 1303 3622 aliis
1366 3566 1511 3636 pati;
1560 3574 1620 3620 ut
1658 3565 1788 3620 illud
1834 3582 1849 3619 :
1907 3562 2203 3633 Oportebat

631 3670 760 3709 eum
804 3656 896 3724 qui
977 3656 1176 3710 mullos
1223 3655 1363 3710 ﬁlios
1419 3655 1750 3709 adducturus
1815 3662 1934 3708 erat
1985 3653 2039 3708 in
2095 3650 2206 3722 glo-

621 3748 757 3801 riam
799 3747 998 3808 Patris.
1046 3755 1324 3802 auctorem
1352 3742 1543 3802 salutis
1577 3761 1764 3801 eorum
1791 3784 1805 3811 ,
1850 3760 1948 3815 per
1993 3744 2202 3814 passio-

621 3851 746 3892 nem
790 3839 1155 3892 consummari
1210 3835 1409 3909 (Hebr;
1463 3835 1556 3907 ιι).
1616 3835 1904 3904 Hucusque
1949 3833 2202 3889 Christus

618 3926 686 3981 de
707 3940 766 3981 se
793 3934 1000 3981 tantum
1019 3966 1033 3991 ,
1062 3927 1132 3983 ab
1166 3924 1256 3982 illo
1289 3925 1410 3982 loco
1435 3944 1450 3981 :
1475 3925 1545 3980 Et
1590 3927 1836 3981 retribuet
1861 3926 1989 3978 mihi
2020 3925 2204 3979 Denti-

624 4030 744 4069 nus.
773 4013 928 4071 Nunc
956 4016 1026 4070 de
1051 4016 1327 4071 membris.
1357 4015 1426 4069 Et
1453 4031 1541 4070 ero
1571 4016 1624 4070 in
1641 4016 1898 4072 membris
1920 4016 2056 4071 meis
2083 4032 2201 4070 cum

617 4119 679 4158 eo
732 4104 836 4161 hoc
880 4105 1062 4171 modo,
1107 4105 1233 4175 quia
1277 4106 1670 4165 immaculatus.
1724 4105 1861 4162 Nota
1911 4107 2054 4176 quod
2093 4123 2201 4162 non

618 4193 790 4260 dixit,
838 4195 957 4249 sine
1009 4196 1394 4266 peccato:sed
1421 4194 1808 4263 immaculatus,
1856 4195 1909 4249 id
1937 4203 2054 4260 est,
2082 4196 2201 4252 sine

619 4284 891 4340 criminali
917 4294 1143 4356 peccato
1162 4325 1178 4352 ,
1208 4285 1350 4355 quod
1378 4285 1471 4355 qui
1498 4284 1659 4352 facit,
1686 4300 1793 4340 non
1830 4294 1916 4341 est
1956 4299 2078 4340 cum
2111 4299 2196 4341 eo.

619 4373 692 4429 Et
719 4376 825 4431 hoc
854 4390 985 4440 non,
1016 4376 1086 4432 ad
1133 4384 1366 4446 tempus,
1413 4375 1509 4431 sed
1558 4376 1835 4431 observabo
1885 4392 1966 4430 me
1990 4375 2055 4429 ab
2097 4376 2198 4429 ini-

615 4466 814 4535 quitate
841 4481 978 4529 mea,
1016 4464 1071 4520 id
1100 4474 1218 4530 est,
1247 4466 1610 4534 perseverabo
1638 4466 1692 4520 in
1719 4465 2025 4520 innocentia
2052 4479 2193 4520 mea.

2300 3312 2423 3350 nam
2449 3312 2641 3363 meam,
2686 3296 2743 3352 id
2777 3305 2864 3352 est
2898 3296 3113 3352 oculum
3143 3297 3418 3352 interioris
3445 3296 3696 3359 hominis,
3715 3292 3839 3347 idest

2301 3387 2667 3455 intellectum;
2710 3388 2841 3459 quia
2877 3388 3017 3443 sicut
3065 3387 3286 3444 lucerna
3307 3403 3488 3458 perse
3537 3401 3640 3442 non
3683 3384 3834 3445 lucet.

2299 3477 2396 3534 sed
2440 3476 2654 3534 aliunde
2695 3478 2893 3548 accipit
2933 3477 3134 3542 lumen,
3180 3478 3253 3534 ita
3300 3477 3610 3534 intellectus
3652 3473 3838 3531 interior

2299 3579 2406 3619 non
2431 3566 2577 3622 videt
2603 3580 2725 3635 qua:
2757 3574 2905 3622 recta
2934 3575 3061 3621 sunt
3087 3566 3189 3623 nisi
3222 3580 3254 3621 a
3288 3575 3377 3621 tua
3408 3565 3550 3621 luce.
3572 3560 3835 3621 Secundum

2300 3656 2461 3710 aliam
2492 3673 2623 3713 vero
2653 3657 2976 3714 sententiam
3006 3656 3110 3714 hoc
3132 3657 3294 3714 modo
3315 3658 3663 3715 continuatur
3688 3672 3702 3710 :
3728 3652 3835 3721 Quis

2301 3763 2421 3802 cum
2468 3758 2648 3803 sancto
2691 3757 2903 3803 sanctus
2930 3749 3057 3816 eris,
3102 3749 3155 3804 id
3180 3757 3287 3816 est,
3315 3749 3441 3820 quia
3492 3747 3670 3805 nullus
3694 3750 3837 3817 potest

2299 3851 2422 3894 esse
2474 3847 2702 3895 sanctus
2757 3838 2876 3894 sine
2913 3847 2966 3893 te
3013 3847 3226 3904 sancto,
3278 3840 3422 3905 ideo,
3460 3838 3684 3895 Domine
3726 3834 3834 3890 Dm

2302 3944 2468 3994 meus,
2506 3928 2751 3983 illumina
2794 3928 3032 3983 tenebras
3074 3945 3240 3996 meas,
3283 3929 3337 3986 id
3373 3941 3461 3986 est
3500 3929 3738 4003 gentiles,
3762 3925 3834 3997 qui

2301 4016 2477 4072 adhuc
2498 4026 2626 4073 sunt
2671 4017 2929 4081 tenebrze,
2959 4032 3058 4087 per
3082 4019 3189 4074 mei
3215 4029 3398 4075 autem
3444 4017 3835 4091 praedestinatu-

2301 4119 2425 4160 nem
2454 4104 2724 4173 illumina,
2750 4121 2849 4178 per
2895 4106 3056 4161 tidem
3097 4109 3343 4165 vocando
3379 4109 3447 4164 da
3477 4108 3587 4164 illis
3615 4106 3835 4179 cognitio-

2300 4206 2426 4247 nem
2453 4192 2530 4247 tui
2560 4209 2575 4247 :
2609 4194 2857 4264 quoniam
2887 4204 2944 4247 tu
2971 4193 3263 4262 illuminas,
3289 4211 3394 4251 non
3420 4197 3580 4262 alius,
3608 4197 3833 4251 litt-emat

2300 4300 2490 4351 meam,
2517 4285 2571 4340 id
2595 4295 2700 4353 est,
2719 4286 2839 4342 illos
2863 4287 2954 4358 qui
2974 4285 3091 4355 jam
3119 4288 3407 4344 illuminati
3432 4299 3578 4356 sunt,
3607 4288 3836 4361 apostolos

2299 4383 2357 4429 et
2384 4375 2518 4431 alios
2547 4375 2750 4431 ﬁdeles.
2790 4377 2915 4433 ideo
2946 4386 2999 4434 te
3024 4379 3128 4434 hoc
3154 4393 3302 4450 rogo,
3327 4382 3454 4450 quia
3485 4388 3634 4436 tuum
3660 4379 3835 4436 esthoc

2302 4462 2508 4531 facere,
2536 4466 2747 4522 scilicet
2788 4467 3042 4536 quoniam
3072 4478 3130 4523 tu
3163 4470 3415 4540 populum
3447 4471 3720 4533 humilem,
3738 4483 3837 4541 gen-

617 4555 689 4609 Et
716 4556 839 4610 ideo
867 4557 1115 4610 retribuet
1141 4557 1270 4610 mihi
1295 4555 1552 4611 Dominus
1579 4557 1632 4612 in
1663 4555 1922 4612 membris
1955 4556 2091 4611 meis
2114 4572 2195 4610 se-
2220 4541 2271 4601 Ῐ)
2303 4554 2448 4610 tilem
2476 4555 2700 4621 scilicet,
2729 4556 2938 4613 salvum
2968 4556 3159 4626 facies,
3184 4574 3245 4616 se
3266 4561 3636 4618 bumilianlem
3665 4570 3833 4618 etcon-

617 4644 848 4697 cundum
869 4644 1135 4714 justitiam
1158 4660 1347 4709 meam,
1368 4653 1437 4719 ut
1463 4660 1649 4716 supra.
1675 4644 1745 4700 In
1770 4655 2044 4714 conspectu
2067 4661 2196 4698 ocu-

617 4735 793 4788 lorum
816 4736 951 4806 ejus.
983 4735 1114 4803 Quae
1139 4736 1350 4806 justitia
1376 4747 1432 4792 et
1454 4739 1663 4808 puritas
1703 4753 1811 4794 non
1851 4738 1952 4793 fuit
1981 4740 2047 4793 ad
2077 4739 2195 4793 lau-

588 4825 741 4906 dem
775 4825 1086 4891 humanam,
1118 4827 1215 4882 sed
1260 4827 1313 4881 in
1340 4836 1632 4897 conspectu
1669 4828 1799 4896 Dei,
1829 4838 1884 4882 ut
1916 4828 2004 4883 ille
2047 4829 2194 4884 solus

618 4915 827 4971 videret
854 4924 1112 4986 quantum
1139 4917 1208 4972 ad
1237 4918 1509 4973 meritum.
1561 4917 1686 4984 Vel,
1715 4918 1960 4972 retribuet
1985 4918 2114 4971 mihi
2138 4919 2196 4971 in

620 5017 897 5078 conspectu
938 5008 1211 5062 oculorum
1240 5004 1388 5080 ejus,
1436 5010 1487 5065 id
1515 5018 1636 5076 est,
1680 5025 1803 5066 cum
1837 5025 1960 5065 eum
2001 5010 2197 5065 videbo

620 5096 759 5153 facie
784 5099 850 5154 ad
880 5098 1070 5156 faciem
1090 5141 1106 5166 ,
1139 5115 1244 5155 non
1279 5117 1378 5172 per
1408 5103 1684 5172 speculum
1712 5102 1772 5175 (Ι
1790 5100 1914 5156 Cor.
1944 5102 2098 5172 xm).
2133 5101 2199 5156 Et

621 5203 810 5243 revera
855 5189 1143 5253 retribues,
1185 5190 1311 5260 quia
1342 5208 1461 5246 cum
1504 5202 1683 5247 sancto
1708 5232 1724 5257 ,
1754 5191 1806 5247 id
1833 5199 1948 5256 est,
1978 5206 2100 5246 cum
2132 5205 2198 5247 eo

619 5280 711 5350 qui
734 5292 818 5335 est
838 5296 964 5337 vere
989 5276 1230 5348 sanctus,
1258 5293 1473 5338 sanctus
1492 5284 1597 5338 eris
1615 5297 1635 5335 :
1655 5291 1712 5337 tu
1737 5291 1930 5337 natura
1955 5292 2196 5349 sanctus,

620 5371 730 5424 eris
757 5379 978 5426 sanctus
1006 5384 1130 5431 cum
1157 5371 1404 5441 illo,'qni
1445 5372 1551 5429 erit
1583 5372 1756 5443 gratia
1794 5379 2031 5427 sanctus.
2083 5371 2199 5427 Tua

622 5460 883 5516 sanctitas
910 5459 1028 5530 ejus
1058 5460 1403 5516 sanctitatem
1434 5461 1485 5515 in
1519 5475 1584 5515 eo
1607 5461 1887 5532 praecedit,
1929 5468 1985 5514 et
2035 5459 2088 5514 in
2133 5475 2199 5516 eo

621 5560 899 5618 operatur,
926 5564 983 5607 et
1010 5553 1131 5608 ideo
1177 5555 1291 5609 scio
1315 5555 1442 5624 quia
1491 5568 1627 5623 opus
1680 5554 2067 5609 misericordia:
2096 5562 2199 5609 tute

622 5644 910 5697 coronabis
936 5662 949 5697 :
974 5644 1226 5700 similiter
1265 5653 1319 5700 et
1370 5644 1424 5699 in
1473 5644 1592 5701 aliis
1626 5645 1889 5715 accipitur
1913 5660 2083 5715 usque
2128 5645 2199 5698 Et

624 5751 741 5788 eum
784 5751 1020 5805 perverso
1061 5725 1364 5808 ferrerteris
1404 5754 1420 5789 :
1456 5752 1560 5790 non
1611 5745 1669 5793 ut
1718 5751 1841 5792 eum
1885 5750 2196 5808 perversum

2300 4645 2541 4701 ﬁtentem
2592 4655 2810 4718 peccata
2858 4662 2977 4704 sua.
3028 4648 3335 4707 Notandum
3401 4653 3547 4724 quod
3596 4653 3833 4708 lucernam

2300 4739 2583 4809 singulari,
2614 4740 2864 4797 tenebras
2895 4755 3021 4797 vero
3048 4741 3241 4813 plurali
3269 4760 3497 4802 numero
3526 4747 3672 4818 ponit
3698 4761 3711 4797 :
3738 4743 3835 4798 ideo

2298 4830 2553 4886 videlicet
2596 4832 2724 4901 quia
2771 4832 3080 4903 quicunque
3127 4833 3312 4890 lucent
3355 4851 3461 4892 una
3501 4837 3622 4893 luce
3664 4835 3831 4894 lucent,

2299 4919 2390 4987 qui
2434 4927 2614 4975 autem
2661 4928 2847 4976 errant
2893 4921 3125 4978 diversis
3170 4925 3451 4981 erroribus
3499 4935 3696 4982 errant.
3736 4923 3835 4978 ideo

2300 5024 2433 5081 rogo
2458 5019 2518 5064 ut
2545 5011 2814 5068 illumines
2838 5014 3026 5070 oculos
3044 5016 3135 5085 qui
3152 5017 3332 5073 adhuc
3357 5027 3485 5074 sunt
3506 5018 3572 5074 in
3604 5015 3830 5077 tenebris.

2300 5099 2386 5153 vel
2432 5108 2492 5153 ut
2536 5109 2757 5170 peccata
2810 5118 3137 5174 cognoscere
3188 5104 3380 5173 facias,
3434 5109 3678 5178 quoniam
3713 5113 3778 5168 tu,
3808 5115 3834 5154 0

2302 5189 2467 5257 Deus,
2507 5193 2563 5245 in
2599 5202 2648 5247 te
2687 5194 2885 5263 eripior
2927 5212 2960 5250 a
2999 5198 3301 5265 tentatione,
3332 5211 3388 5254 et
3427 5217 3531 5256 non
3570 5202 3623 5257 in
3659 5199 3771 5262 alio,
3793 5192 3834 5247 id

2304 5290 2408 5346 est,
2448 5297 2479 5336 a
2520 5282 2710 5351 spiritu
2769 5283 2994 5339 luxuria:
3037 5296 3093 5342 et
3133 5288 3393 5344 avaritia.
3439 5288 3507 5344 Et
3555 5291 3610 5346 in
3642 5286 3835 5346 Domino

2303 5388 2438 5438 meo,
2494 5389 2600 5428 non
2644 5374 2697 5428 in
2750 5372 2925 5440 idolis,
2969 5380 3336 5449 transgrediar
3360 5381 3414 5435 in
3460 5382 3592 5437 meis
3635 5392 3834 5439 mut-unt,

2301 5476 2464 5531 quem
2514 5467 2765 5534 superbia
2816 5468 2993 5522 erexit
3039 5470 3180 5524 inter
3220 5481 3524 5528 creaturam
3559 5481 3614 5530 et
3650 5471 3837 5526 Creato-

2270 5586 2283 5595 ί
2304 5570 2440 5620 rem,
2473 5568 2693 5626 peccata
2729 5561 2969 5628 peccatis
3006 5564 3251 5633 augendo
3284 5580 3297 5617 :
3337 5564 3481 5620 illum
3508 5564 3736 5619 transibo
3759 5572 3837 5630 per

2304 5648 2682 5715 humilitatem,
2704 5652 2981 5707 subdendo
3007 5668 3092 5708 me
3113 5653 3356 5711 Creatori
3384 5672 3517 5711 meo.
3545 5656 3707 5710 Nemo
3725 5651 3835 5707 venit

2249 5725 2275 5746 ’
2301 5740 2370 5792 ad
2393 5754 2491 5806 me,
2528 5741 2629 5795 nisi
2658 5740 2812 5795 Pater
2840 5759 2983 5797 meus
3014 5749 3231 5801 traxerit
3268 5764 3383 5802 eum
3424 5747 3601 5821 (Joan.
3628 5748 3700 5820 vi)
3730 5763 3741 5797 :
3769 5741 3835 5796 vel
