3930 5484
164 510 279 568 233

1288 509 1818 569 ENARRATIONES
1851 508 1919 566 IN
1956 508 2297 567 PSALMOS.

3334 515 3445 573 254

170 642 276 697 ego
300 635 462 696 caput
483 626 535 679 in
563 635 611 680 te
632 624 793 681 Patre
820 627 1015 699 eripiar
1037 646 1068 682 a
1096 628 1404 691 tentatione,
1427 625 1757 691 Iudaeorum,
1791 630 1836 690 Α
1864 640 2053 689 meam,
2088 624 2140 677 id
2172 630 2254 677 est
2275 619 2600 677 charitatem
2622 636 2731 677 non
2761 622 3129 679 admittentem
3161 624 3214 679 in
3243 638 3300 681 se
3329 642 3451 680 ma-

172 729 229 773 et
259 721 313 771 in
356 718 467 772 Deo
514 736 646 786 meo,
684 720 734 774 id
774 730 856 779 est
887 721 1146 777 Creatore
1190 737 1331 788 meo,
1364 737 1468 776 non
1498 723 1549 776 in
1584 738 1768 777 manu-

173 812 339 867 factis
386 814 507 877 diis,
553 816 914 886 transgrediar
963 833 1175 871 murum
1207 817 1259 871 in
1296 816 1424 883 illis,
1455 816 1546 887 qui
1594 815 1764 870 futuri

174 913 308 959 stunt
331 904 438 958 mei
467 906 944 975 praeordinatione.
976 907 1044 962 Et
1077 909 1177 963 hoc
1203 916 1287 962 est
1311 908 1453 979 quod
1481 908 1724 977 sequitur
1751 925 1762 960 :

175 996 321 1052 Deus
372 1014 519 1052 meus
575 998 821 1064 Creator,
856 1001 947 1072 qui
979 1000 1125 1055 solus
1153 1011 1324 1071 potes,
1373 1001 1561 1071 eripies
1604 1019 1683 1055 me
1705 1001 1769 1055 de

178 1090 684 1146 contradictionibus
730 1091 931 1163 papuli,
971 1093 1181 1149 Judaici
1235 1094 1443 1151 scilicet
1493 1096 1585 1165 qui
1637 1095 1768 1149 mibi

177 1198 397 1255 semper
412 1185 755 1239 contradixit.
774 1183 898 1240 Non
912 1197 985 1241 est
1006 1187 1091 1241 hic
1112 1187 1266 1242 homo
1282 1206 1312 1241 a
1328 1187 1438 1242 Deo
1469 1187 1650 1259 (Joan.
1668 1190 1769 1259 ιχ).

178 1274 295 1331 Et:
343 1274 670 1330 Dtrmonium
725 1278 881 1331 habes
932 1276 1142 1349 (Ibid.).
1189 1278 1293 1333 Alii
1342 1277 1614 1345 dicebant,
1646 1281 1771 1350 quia

178 1366 349 1421 bonus
388 1378 461 1422 est
490 1382 509 1420 :
540 1368 635 1422 alii
674 1368 934 1435 dicebant,
966 1387 1069 1424 non
1116 1370 1296 1441 (Joan.
1325 1371 1446 1442 vn).
1482 1370 1549 1425 Et
1580 1374 1774 1427 consti-

176 1468 296 1512 tues
324 1476 407 1513 me
432 1460 488 1513 in
514 1469 671 1529 caput
696 1461 951 1531 gentium,
986 1472 1045 1516 ut
1070 1478 1155 1517 me
1190 1462 1426 1518 habeant
1456 1472 1635 1533 caput.
1668 1463 1772 1520 Pro

179 1565 289 1604 una
318 1550 502 1606 Judaea
531 1550 685 1605 dabis
709 1551 864 1617 mibi,
888 1551 1050 1617 Deus,
1080 1562 1287 1623 gentes.
1317 1553 1383 1607 Et
1409 1569 1526 1617 vos,
1559 1555 1651 1623 qui
1677 1572 1774 1608 au-

178 1642 316 1697 ditis
362 1656 449 1697 me
492 1643 775 1697 nominare
822 1657 946 1697 eum
1002 1644 1170 1699 Deum
1204 1660 1405 1711 meum,
1440 1645 1599 1701 facite
1646 1662 1768 1701 eum

175 1742 428 1789 vestrum
468 1735 658 1802 Deum,
702 1735 841 1800 ideo,
892 1736 1018 1805 quia
1049 1736 1325 1806 impolluta
1368 1738 1449 1792 via
1500 1739 1633 1808 ejus,
1680 1755 1776 1810 per

176 1842 348 1896 quam
396 1827 545 1881 venit
580 1827 649 1882 ad
686 1842 805 1893 vos,
849 1828 902 1881 id
932 1837 1038 1895 est,
1090 1828 1462 1884 incarnatione
1506 1848 1622 1886 mea
1658 1833 1774 1887 si'ue

178 1919 329 1973 virili
366 1919 689 1975 admistione
715 1936 729 1975 :
754 1920 837 1976 vel
876 1921 1008 1977 fides
1043 1938 1140 1993 per
1168 1938 1328 1993 quam
1372 1927 1439 1981 ad
1467 1941 1589 1981 eum
1626 1929 1773 1983 veni-

1872 715 2049 770 culam
2104 713 2333 784 alicujus
2372 714 2553 785 gravis
2592 714 2822 785 peccati,
2866 715 3072 771 scilicet
3105 732 3224 786 quae
3268 720 3451 773 omnia

1872 807 1999 860 vitia
2022 805 2279 871 excludit,
2310 814 2364 861 et
2392 821 2585 861 omnes
2612 807 2844 862 virtutes
2879 808 3133 873 admittit,
3173 824 3270 880 per
3290 825 3454 880 quam

1872 898 2014 951 viam
2046 912 2234 951 secure
2258 897 2324 951 ad
2353 912 2477 951 eum
2500 898 2762 952 venirem.
2800 896 2953 953 Unde
2983 899 3037 953 in
3060 898 3300 957 Canticis
3325 917 3455 957 can-

1875 988 2102 1045 ticorum
2133 1008 2145 1043 :
2176 988 2450 1044 Ordinavit
2484 992 2537 1044 in
2565 1008 2645 1044 me
2669 992 2981 1047 charitatem
3014 993 3191 1064 (Cant.
3224 995 3312 1066 Il).
3335 995 3454 1064 Vel,

1873 1082 2080 1147 virtute,
2124 1082 2175 1135 id
2203 1089 2285 1137 est
2322 1082 2676 1149 continentia,
2727 1099 2846 1153 qua:
2884 1083 3023 1138 latos
3065 1086 3218 1141 sinus
3246 1086 3459 1158 cupidi-

1874 1176 2003 1229 tatis
2031 1183 2085 1228 et
2113 1174 2339 1229 luxurize
2361 1185 2415 1230 et
2438 1175 2666 1229 aliorum
2702 1176 2955 1231 vitiorum
2985 1180 3337 1250 restringeret
3363 1197 3377 1234 :
3404 1189 3464 1235 et
3559 1162 3563 1166 ﬂ

1875 1268 1929 1322 in
1959 1268 2061 1321 hoc
2093 1277 2317 1338 apparet
2364 1268 2507 1323 hunc
2530 1268 2704 1323 solum
2736 1284 2855 1324 esse
2892 1268 3058 1325 Dcmu
3096 1272 3458 1337 recreatioue,
3486 1260 3493 1275 ⁸

1876 1371 1929 1418 ει
1960 1363 2080 1417 ideo
2121 1363 2245 1433 jure
2297 1361 2619 1433 diligendus.
2662 1362 2727 1415 Et
2768 1362 2855 1417 ille
2883 1372 2968 1418 est
3008 1364 3151 1419 Deus
3192 1381 3345 1421 meus
3369 1367 3462 1437 qui

1874 1456 2089 1526 perfecit
2132 1456 2285 1526 pedes
2332 1472 2495 1521 meos,
2529 1455 2581 1510 id
2621 1463 2723 1520 est,
2766 1456 3035 1527 perfectos
3080 1459 3132 1512 in
3178 1459 3379 1514 virtute
3407 1467 3466 1515 et

1878 1549 2103 1605 scientia
2163 1548 2291 1604 fecit
2346 1548 2620 1618 apostolos
2662 1562 2833 1614 meos,
2878 1550 2942 1603 de
2984 1550 3179 1619 quibus
3211 1551 3409 1606 dicitur
3444 1569 3460 1605 :

1876 1643 2025 1698 Beati
2044 1643 2204 1714 pedes
2226 1658 2413 1713 pacem
2438 1651 2717 1712 portantes
2742 1641 2877 1713 (lsa.
2905 1644 3005 1715 ut)
3033 1662 3045 1697 :
3070 1654 3319 1713 tanquam
3348 1662 3464 1701 cer-

1878 1752 2080 1800 vorum,
2114 1745 2173 1790 ut
2201 1735 2371 1790 lutum
2411 1746 2466 1791 et
2506 1737 2685 1805 spinas
2710 1734 2869 1804 hujus
2895 1738 3019 1792 vitae
3045 1739 3372 1804 transiliant,
3405 1749 3467 1794 ut

1879 1827 1955 1880 ait
1982 1827 2272 1897 Apostolus
2305 1844 2317 1879 :
2348 1816 2591 1881 Arbitror
2617 1833 2793 1881 omnia
2819 1838 2873 1881 ut
2902 1838 3135 1883 stercora
3175 1828 3340 1899 (Phil.
3384 1832 3463 1901 v).

1880 1921 1947 1975 Et
1981 1939 2134 1992 super
2156 1922 2360 1977 excelsa
2387 1932 2622 1977 statuens
2655 1940 2758 1989 me,
2787 1924 2840 1978 id
2876 1934 2975 1987 est,
3006 1940 3160 1981 meos
3189 1927 3467 1997 apostolos

178 2019 294 2076 tur,
330 2010 451 2065 ideo
486 2011 787 2081 impolluta,
839 2013 963 2083 quia
1007 2013 1317 2083 impollulos
1360 2014 1509 2071 facit.
1557 2018 1623 2072 Et
1646 2019 1773 2088 quia
1804 2010 1850 2069 B
1879 2014 2136 2068 videlicet
2171 2014 2303 2068 tales
2336 2013 2481 2079 fecit,
2517 2024 2576 2067 ut
2604 2030 2709 2067 non
2737 2015 2819 2069 eis
2855 2014 3133 2071 sufficeret
3160 2018 3468 2089 neglexisse

174 2101 392 2173 eloquia
418 2102 639 2179 Domini
683 2104 803 2175 igne
845 2105 1169 2171 examinata,
1197 2106 1249 2161 id
1285 2116 1387 2174 cst,
1411 2122 1544 2177 pura
1570 2119 1623 2162 et
1648 2125 1773 2180 pur—

176 2204 307 2265 gata
352 2209 451 2264 per
497 2195 761 2265 Spiritum
805 2206 1081 2265 sanctum,
1106 2199 1231 2268 quia
1262 2200 1487 2269 protulit
1518 2201 1773 2257 facientia

177 2286 552 2354 examinatos,
597 2288 652 2342 id
690 2296 774 2343 est
818 2298 1093 2360 purgatos.
1138 2290 1205 2346 Et
1238 2292 1364 2362 quia
1394 2302 1656 2362 protector
1698 2306 1772 2350 est

178 2381 420 2435 omnium
446 2383 772 2450 sperantium
794 2383 851 2437 in
876 2400 952 2449 se,
983 2384 1104 2439 ideo
1131 2384 1182 2438 in
1222 2400 1288 2440 eo
1318 2394 1551 2455 sperate.
1590 2386 1775 2443 Potest

176 2481 233 2526 ct
272 2472 420 2529 istud
466 2473 657 2529 ordine
693 2473 819 2544 legi,
856 2484 915 2529 ut
944 2475 1018 2529 ita
1056 2475 1270 2531 dicatur
1304 2494 1317 2531 :
1348 2477 1558 2533 Revera
1599 2489 1773 2534 trans-

178 2564 401 2634 grediar
435 2581 645 2620 murum
675 2566 730 2621 in
765 2568 876 2622 Deo
902 2583 1023 2624 meo
1059 2587 1073 2622 :
1104 2584 1205 2639 per
1229 2580 1479 2626 naturam
1515 2572 1651 2639 Deo,
1678 2589 1775 2644 per

177 2659 414 2727 gratiam
452 2674 603 2726 meo;
632 2660 756 2730 quia
802 2661 947 2717 Deus
987 2678 1140 2718 meus
1166 2675 1425 2734 protector
1443 2677 1516 2721 est
1540 2669 1774 2721 omnium

176 2752 511 2819 sperantium
538 2753 595 2806 in
613 2769 689 2819 se,
710 2752 763 2808 id
785 2763 891 2820 est,
913 2756 1002 2825 qui
1031 2772 1152 2810 eum
1180 2758 1377 2814 habent
1400 2760 1569 2814 Deum
1593 2776 1769 2816 suum.

179 2842 238 2895 lu
276 2857 344 2898 eo
370 2843 567 2899 merito
605 2854 690 2901 est
728 2848 1080 2917 sperandum,
1116 2850 1241 2919 quia
1289 2851 1561 2920 impolluta
1590 2864 1664 2907 est
1694 2855 1773 2908 via

177 2933 321 3002 ejus,
346 2934 432 2989 vel
460 2950 568 3006 qua
596 2937 665 2991 ad
703 2953 804 2993 nos
831 2939 997 3005 venit,
1042 2940 1096 2993 id
1142 2949 1228 2994 est
1269 2942 1531 3008 charitas,
1554 2944 1639 2998 vel
1667 2960 1775 3015 qua

178 3032 247 3087 ad
277 3048 405 3086 eum
445 3032 680 3097 venitur,
712 3034 764 3088 id
806 3043 891 3090 est
916 3034 1067 3091 ﬁdes.
1097 3035 1214 3091 Non
1250 3046 1333 3092 est
1360 3038 1583 3109 polluta,
1608 3049 1665 3094 ut
1693 3049 1775 3095 est

178 3122 265 3176 via
292 3123 518 3177 deorum
541 3139 647 3178 non
665 3138 939 3180 verorum.
972 3126 1138 3191 Quem
1166 3143 1287 3197 ergo
1313 3126 1542 3196 fructum
1561 3130 1775 3184 habuis-

175 3213 246 3267 tis
278 3224 405 3267 tunc
426 3215 480 3268 in
506 3214 639 3282 illis,
664 3216 719 3269 in
746 3218 932 3286 quibus
968 3236 1105 3273 nunc
1126 3222 1426 3277 erubescitis
1452 3222 1629 3294 (Rom.
1659 3225 1773 3295 v1)?

178 3303 250 3358 Et
286 3305 415 3373 quia
441 3305 651 3376 eloquia
682 3307 897 3362 Domini
936 3309 1053 3379 igne
1075 3311 1403 3379 examinata,
1436 3313 1487 3367 id
1513 3323 1616 3379 est,
1640 3330 1775 3384 pura

1874 2105 2055 2159 omnia
2086 2113 2323 2170 terrena,
2367 2114 2420 2159 et
2468 2103 2667 2159 habere
2716 2107 3188 2161 conversationem
3219 2109 3273 2162 in
3302 2109 3471 2165 cccle-

1875 2195 2077 2259 stibus;
2111 2193 2390 2263 sed,quod
2417 2195 2711 2248 maximum
2740 2204 2846 2261 est,
2877 2197 3070 2251 obtutu
3094 2198 3320 2254 rationis
3353 2216 3466 2255 sua:

1877 2289 1928 2343 in
1991 2288 2167 2357 ipsum
2232 2303 2502 2341 summum
2557 2287 2755 2341 bonum
2812 2288 3224 2345 irreverberatis
3286 2292 3460 2348 oculis

1876 2382 2200 2451 aspicerent,
2245 2389 2306 2435 ut
2351 2382 2541 2436 beatus
2589 2380 2827 2438 Joannes
2880 2385 3064 2440 omnia
3110 2385 3469 2443 transiliendo

1876 2475 2053 2531 dixit:
2090 2475 2157 2529 In
2180 2474 2435 2545 principio
2464 2484 2575 2530 erat
2628 2475 2852 2530 Verbum
2892 2477 3075 2549 (Joan.
3104 2478 3310 2550 1);vel,
3343 2498 3467 2551 per-

1876 2567 1995 2637 fecit
2021 2568 2175 2637 pedes
2198 2584 2358 2632 meos,
2392 2567 2445 2620 id
2476 2576 2579 2634 est,
2611 2565 2921 2623 affectiones
2944 2584 3189 2625 meorum
3219 2571 3273 2625 in
3300 2570 3472 2626 virtu-

1878 2662 2044 2727 tibus,
2077 2669 2136 2716 ut
2158 2672 2342 2717 essent
2382 2672 2638 2732 tanquam
2671 2666 2836 2734 pedes
2864 2679 3173 2732 cervorum,
3199 2672 3258 2718 ut
3280 2652 3493 2736 supra.‘

1879 2754 1947 2808 Et
1980 2772 2137 2826 super
2160 2756 2366 2809 excelsa
2404 2766 2636 2811 statuens
2664 2774 2765 2823 me,
2801 2758 2851 2811 id
2883 2768 2988 2825 est,
3014 2759 3312 2815 anchoram
3346 2762 3462 2829 spei

1880 2846 2096 2903 illorum
2128 2848 2181 2902 in
2231 2848 2542 2905 coelestibus
2574 2851 2707 2904 ﬁxit.
2744 2850 2811 2905 Et
2855 2850 2945 2906 ille
2985 2861 3070 2907 est
3109 2868 3272 2907 verus
3297 2853 3463 2918 Deus,

1874 2941 1965 3011 qui
2000 2943 2150 2994 docet
2184 2957 2371 2995 manus
2408 2958 2548 2995 meas
2576 2942 2643 2995 ad
2670 2941 2928 3013 praelium,
2974 2943 3027 2997 id
3051 2952 3156 3009 est,
3187 2944 3470 3013 operarios

1877 3048 2026 3088 meos
2055 3032 2350 3103 apostolos,
2384 3033 2593 3089 scilicet
2616 3033 2749 3088 mihi
2779 3033 3093 3088 militantes.
3132 3033 3277 3099 Quos
3307 3043 3469 3090 vocat

1878 3126 2064 3195 pedes,
2090 3127 2307 3181 eosdem
2337 3134 2493 3181 vocat
2521 3142 2732 3193 manus,
2758 3127 2971 3182 diversa
3008 3126 3382 3193 similitudine,
3408 3134 3470 3180 ut

1879 3218 2007 3273 illud
2036 3238 2047 3272 :
2073 3219 2259 3274 Estote
2276 3218 2441 3273 fortes
2461 3220 2512 3272 in
2540 3219 2704 3285 bello,
2720 3228 2775 3273 et
2796 3228 3069 3289 pugnante
3093 3236 3216 3273 cum
3246 3220 3473 3289 antiquo

1878 3319 2132 3379 serpente
2162 3308 2213 3379 (Ι
2243 3309 2385 3362 Petr.
2410 3325 2475 3373 v;
2508 3312 2667 3378 Apoc.
2705 3309 2820 3379 xx).
2852 3309 2923 3362 Et
2952 3310 3174 3378 posuisti
3198 3318 3255 3363 ut
3281 3326 3466 3363 arcum

177 3406 233 3451 et
259 3414 416 3465 vera,
459 3400 604 3469 quod
637 3399 849 3472 eloquia
891 3401 1153 3458 falsorum
1188 3405 1410 3460 deorum
1464 3422 1571 3462 non
1603 3415 1729 3463 sunt
1758 3423 1773 3463 :
1805 3413 1849 3476 ρ
1882 3419 2093 3465 a’reum,
2137 3401 2189 3455 id
2227 3410 2327 3467 est,
2380 3400 2723 3455 inflexibilem
2760 3409 2816 3455 et
2856 3401 3213 3467 irremissum,
3251 3401 3470 3455 brachia

180 3490 421 3560 Spiritus
442 3493 582 3545 enim
607 3503 820 3548 sanctus
842 3495 978 3565 ignis
1010 3512 1339 3566 consumens,
1364 3499 1457 3570 qui
1481 3514 1545 3555 ea
1572 3501 1775 3556 exami-

179 3585 360 3650 navit,
397 3584 691 3655 disciplince
720 3586 929 3657 etfugiet
965 3588 1147 3658 [ictum
1182 3589 1368 3662 (Hebr.
1398 3608 1505 3659 xu;
1547 3590 1678 3665 Sap.
1711 3592 1775 3666 ι).

180 3676 306 3741 Vel,
336 3677 456 3747 igne
482 3678 806 3744 examinata,
849 3680 902 3734 id
941 3691 1048 3747 est,
1089 3682 1142 3736 in
1168 3682 1607 3741 tribulationibus
1649 3702 1779 3757 pro-

177 3770 313 3825 bata
342 3787 355 3823 :
386 3770 491 3826 hoc
524 3771 706 3835 modo,
736 3772 862 3842 quia
890 3784 1154 3843 protector
1192 3787 1265 3831 est
1297 3780 1530 3833 omnium
1562 3797 1781 3850 speran-

178 3865 319 3917 tium
344 3862 399 3917 in
419 3880 495 3918 se.
520 3864 589 3919 Et
609 3865 746 3920 bene
761 3876 941 3936 potest
962 3865 1159 3924 facere.
1187 3870 1318 3925 Nam
1342 3872 1459 3942 quis
1484 3872 1622 3927 Deus
1642 3875 1781 3930 alius

178 3967 270 4011 cst
302 3957 551 4013 dominus
586 3962 999 4028 regeneratione
1041 3973 1233 4032 prwter
1277 3963 1586 4032 Dominum,
1630 3966 1779 4023 illum

181 4048 419 4111 scilicet,
475 4048 631 4118 cujus
673 4051 847 4121 gratia
898 4054 1201 4124 regenerati
1250 4056 1472 4110 sumus?
1517 4056 1620 4110 Aut
1665 4058 1782 4128 quis

180 4138 330 4193 alius
350 4138 495 4194 Deus
517 4152 603 4196 est
631 4139 775 4197 Deus
802 4144 1076 4199 creatione
1100 4154 1289 4214 prceter
1307 4144 1477 4200 Deum
1506 4158 1741 4202 nostrum
1760 4149 1786 4202 ?

178 4231 295 4285 Aut
329 4231 441 4298 hic,
477 4240 571 4287 aut
608 4233 779 4289 alius?
806 4233 911 4289 Sed
936 4249 1046 4290 non
1084 4235 1239 4303 alius,
1264 4239 1406 4307 quod
1435 4254 1534 4308 per
1561 4240 1664 4295 hoc
1691 4254 1783 4295 os-

181 4324 377 4379 tendo.
407 4323 551 4380 Deus
577 4327 669 4397 qui
698 4327 975 4398 prtecinxit
1013 4344 1094 4383 me
1132 4329 1344 4397 uirtute,
1391 4339 1477 4386 est
1522 4332 1785 4389 Dominus

181 4419 556 4485 recreatione,
592 4420 682 4491 qui
725 4422 1000 4492 praecinxit
1040 4439 1123 4477 me
1157 4432 1317 4494 caput
1353 4424 1559 4491 virtute,
1595 4425 1649 4480 id
1678 4435 1783 4493 est,

182 4509 454 4581 apostolis
480 4511 901 4567 virtuosis.l’ivo
930 4530 1045 4583 ego,
1067 4515 1193 4567 dicit
1218 4514 1495 4583 Dominus,
1524 4518 1648 4587 quia
1672 4536 1785 4573 om-

183 4603 345 4655 nibus
384 4603 466 4657 his
500 4600 638 4657 velut
678 4603 979 4658 vestimento
1000 4605 1232 4660 vestieris
1252 4605 1388 4676 (Isa.
1409 4607 1665 4679 xux).Et
1692 4626 1789 4678 po-

182 4696 295 4749 suit
334 4694 750 4761 immaculatum,
794 4696 847 4750 id
878 4705 963 4753 est
991 4696 1108 4752 sine
1136 4697 1391 4765 crimine,
1415 4698 1552 4753 viam
1589 4717 1783 4769 meant,

1880 3510 2015 3558 utea,
2072 3494 2291 3548 eosdem
2347 3493 2597 3548 doctores
2655 3493 2745 3563 qui
2803 3492 3027 3547 brachia
3076 3494 3178 3548 dici
3218 3501 3468 3564 possunt,

1882 3586 2007 3655 quia
2038 3593 2205 3640 totam
2226 3594 2427 3640 terram
2452 3584 2743 3655 amplexati
2773 3594 2899 3641 sunt
2922 3585 3287 3656 praedicando.
3315 3584 3475 3656 Saepe

1882 3678 1937 3732 in
1961 3693 2115 3733 sacra
2147 3677 2430 3748 Scriptura
2452 3678 2747 3733 similitudo
2768 3680 2837 3733 ab
2865 3679 3187 3748 impossibili
3212 3681 3470 3747 sumitur,

1883 3780 1943 3825 ut
1970 3772 2060 3826 hic
2085 3786 2099 3825 :
2122 3772 2246 3841 quia
2284 3786 2444 3827 arcus
2474 3786 2648 3826 cereus
2672 3787 2780 3826 non
2808 3771 3101 3839 invenitur,
3127 3775 3220 3829 sed
3251 3775 3295 3829 si
3327 3771 3506 3828 inve-‘

1884 3864 2114 3931 niretur,
2158 3862 2294 3918 tales
2334 3864 2422 3917 isti
2467 3874 2671 3918 essent.
2710 3864 2920 3919 Aliter:
2962 3862 3067 3931 Qui
3099 3865 3247 3945 docet
3284 3883 3477 3920 manus

1886 3971 2050 4020 meas,
2090 3954 2142 4008 id
2182 3963 2265 4011 est
2308 3969 2473 4024 opera
2500 3970 2784 4010 meorum:
2821 3956 2891 4010 ad
2917 3955 3132 4023 bellum,
3163 3957 3216 4011 id
3250 3966 3354 4023 est,
3381 3958 3476 4029 qui

1886 4048 1965 4101 sic
1992 4048 2148 4102 docet
2174 4062 2323 4102 meos
2358 4047 2596 4118 operari,
2626 4057 2686 4103 ut
2714 4048 2929 4119 possint
2949 4064 3191 4120 pugnare
3217 4051 3479 4105 adversus

1888 4139 2109 4194 insidias
2155 4139 2353 4195 diaboli
2390 4157 2403 4193 :
2441 4139 2580 4205 Quia
2609 4157 2714 4195 non
2743 4152 2818 4196 est
2866 4143 3014 4196 nobis
3046 4142 3349 4196 colluctatio
3375 4144 3477 4196 ad-

1885 4248 2063 4285 versus
2097 4248 2308 4285 carnem
2341 4240 2401 4300 et
2436 4234 2745 4302 sanguinem
2795 4232 2957 4305 (Eph.
3012 4233 3110 4304 vr).
3156 4233 3311 4290 Unde
3358 4234 3480 4290 illos

1868 4325 1967 4379 ‘sic
2015 4326 2173 4379 docet
2211 4342 2224 4378 :
2267 4323 2415 4379 State
2460 4341 2583 4396 ergo
2633 4326 2886 4379 succincti
2937 4324 3139 4379 lumbos
3189 4337 3381 4379 vestros
3422 4327 3479 4378 in

1888 4417 2165 4483 cltaritate,
2217 4417 2389 4470 induti
2440 4416 2606 4471 lorica
2649 4416 3113 4488 justitia:(1bid.).
3147 4417 3216 4470 Et
3259 4417 3484 4487 posuisti

1888 4517 1943 4561 ut
1976 4524 2159 4561 arcum
2197 4524 2391 4562 cereum
2430 4508 2651 4562 brachia
2686 4524 2824 4575 mea,
2872 4508 2927 4561 id
2956 4516 3057 4572 est,
3098 4508 3268 4563 bonas
3293 4509 3478 4564 inten-

1890 4602 2064 4655 tiones
2094 4616 2338 4657 meorum
2373 4602 2680 4656 irremissas
2709 4600 2906 4667 fecisti,
2937 4601 3006 4656 ad
3044 4601 3478 4667 similitudinem,

1891 4694 2019 4763 quia
2050 4694 2270 4749 brachia
2305 4695 2695 4759 extenduntur,
2732 4693 2805 4747 ita
2849 4701 2904 4748 et
2935 4693 3280 4748 intentiones.
3316 4694 3383 4748 Et
3422 4705 3485 4748 ut

183 4787 242 4841 id
272 4796 381 4853 est,
416 4787 561 4842 viam
590 4801 856 4843 meorum.
884 4787 1055 4843 Aliter
1087 4808 1099 4843 :
1146 4790 1433 4845 Praecinxit
1463 4809 1543 4847 me
1570 4794 1781 4861 virtute,
1813 4782 1863 4843 D
1890 4802 1997 4840 non
2026 4785 2337 4853 deﬁcerem,
2364 4786 2554 4841 dedisti
2582 4786 2710 4839 mihi
2731 4786 3101 4857 protectionem
3126 4786 3313 4840 salutis
3336 4797 3439 4841 tua:
3465 4803 3484 4841 :

185 4876 242 4932 id
258 4886 368 4945 est,
386 4892 537 4934 meos
567 4879 660 4950 qui
688 4878 995 4935 eranttluxi
1021 4880 1252 4938 diversis
1286 4883 1564 4939 erroribus
1591 4884 1783 4942 inﬁde-

186 4970 383 5038 litatis,
410 4971 497 5027 vel
523 4972 832 5030 carnalibus
868 4974 1338 5032 delectationibus.
1364 4974 1657 5032 Prtecinxit
1686 4981 1787 5034 vir-

184 5072 324 5129 tute,
356 5062 413 5117 id
441 5073 547 5131 est,
574 5065 869 5121 sobrietate
896 5080 1019 5136 quae
1065 5066 1180 5121 haec
1222 5068 1523 5136 restringit.
1562 5068 1736 5126 Aliter
1768 5089 1783 5127 :

184 5154 402 5212 Praeter
429 5154 564 5210 alias
592 5157 821 5214 virtutes
873 5172 1014 5228 quas
1054 5155 1276 5216 daturus
1314 5172 1455 5225 erat,
1506 5163 1785 5230 prwcinxit

184 5263 293 5314 me,
326 5246 384 5303 id
408 5254 495 5303 est
513 5262 684 5315 meos,
704 5249 911 5313 virtute,
943 5247 998 5301 id
1023 5256 1109 5302 est
1130 5248 1256 5318 fide,
1286 5266 1407 5323 quae
1439 5248 1788 5320 singulariter

183 5347 274 5389 ιω,
300 5338 535 5386 diruenda
551 5338 717 5380 νῖυθιιο
743 5347 969 5376 ηΜηίυ·
996 5337 1336 5379 απηίηρηιίιηη
1361 5348 1418 5384 nl
1441 5339 1753 5382 (“animiam

1891 4882 1993 4937 hoc
2019 4882 2178 4936 modo
2217 4880 2448 4945 scilicet,
2486 4881 2710 4936 Dextera
2737 4891 2828 4935 tua
2858 4881 3085 4951 suscepit
3110 4898 3192 4935 me
3223 4882 3276 4935 in
3307 4895 3485 4935 mem-

1889 4973 2005 5029 bris
2048 4972 2204 5027 meis.
2258 4972 2489 5027 Dextera
2537 4984 2653 5037 tua,
2691 4974 2745 5028 id
2774 4984 2879 5038 est,
2928 4971 3166 5042 dignitas
3205 4980 3259 5027 et
3300 4970 3485 5041 propi-

1892 5064 2064 5129 tiatio,
2098 5063 2394 5135 assumpsit
2432 5064 2827 5120 humanitatem
2875 5077 3074 5127 meam,
3118 5063 3203 5118 vel
3245 5060 3488 5127 dextera,

1895 5156 1949 5210 id
1978 5164 2083 5223 est,
2115 5157 2376 5212 auxilium
2410 5165 2561 5211 tuum
2595 5172 2608 5208 :
2646 5157 2791 5225 quod
2824 5155 2877 5209 iu
2928 5153 3035 5209 hoc
3080 5144 3323 5224 apparet,
3358 5150 3491 5218 quia

1895 5246 2179 5317 tlisciplina
2209 5256 2299 5301 tua
2327 5250 2554 5301 εοννρτίι
2584 5262 2667 5274 ω-
2707 5248 2717 5259 ’
2796 5247 2819 5258 η
2990 5244 2999 5250 -
3028 5244 3039 5250 -
3324 5242 3327 5243 ν
3414 5240 3445 5252 ,,
