3978 6440
508 547 615 602 235
1148 541 1404 598 REMlGll
1441 538 2095 596 ANTISSIODORENSIS
2132 539 2283 598 OPP.
2325 541 2504 599 PARS
2540 542 2580 599 i.
2621 571 2694 585 —
2730 542 3143 602 EXEGETICA.
3683 545 3775 607 236

511 662 633 734 ripit
681 659 862 733 (Prov.
896 660 1000 732 ιιι).
1036 658 1190 715 Unde
1226 659 1519 730 Apostolus
1562 676 1575 714 :
1611 655 1798 714 Omnis
1827 655 2107 727 disciplina
2131 660 2186 723 Α
2209 657 2416 716 scilicet
2452 658 2571 716 illos
2602 675 2706 717 non
2728 662 3038 730 exauditos,
3075 672 3133 717 ut
3158 661 3420 734 pulverem
3465 674 3583 721 ante
3608 666 3775 736 faciem

517 759 571 811 in
599 754 843 825 pra’senti
873 771 978 808 non
1014 752 1219 807 videtur
1257 752 1461 823 gaudii,
1507 751 1597 807 sed
1639 751 1901 815 maeroris,
1929 759 2106 820 postea
2216 753 2369 807 venti.
2398 752 2575 810 Elatia
2598 769 2784 811 eorum
2812 756 3003 827 perdet
3023 770 3137 823 eos,
3165 756 3251 811 vel
3275 757 3453 812 aridos
3479 766 3534 813 et
3554 770 3778 820 carentes

513 857 688 902 autem
734 847 903 901 reddit
953 846 1188 915 fructum
1223 846 1619 916 pacatissimam
1658 842 1845 916 (Hebr.
1892 842 2011 916 xu).
2042 841 2109 897 Et
2215 847 2386 903 imbre
2410 848 2556 904 verbi
2592 847 2686 905 Dei
2713 851 2924 906 tradam
2951 851 3152 918 ventis,
3183 850 3237 905 id
3261 859 3363 917 εει,
3390 850 3556 908 variis
3574 851 3778 911 delecta-

513 940 790 1013 tlisciplina
834 943 1067 1012 tua’ipsa
1091 958 1172 995 me
1207 941 1409 996 docebit
1433 954 1784 1011 perseverare
1805 947 1860 994 et
1903 937 1967 992 ad
2018 940 2111 992 de-
2215 938 2474 1007 tionibus,
2502 949 2563 996 ut
2591 941 2659 997 ab
2701 941 2806 999 illis
2845 942 3203 1009 diminuatur,
3236 943 3280 998 si
3324 944 3453 1015 quid
3490 944 3543 1000 in
3572 946 3647 1001 eis
3671 946 3777 1002 soli-

513 1034 772 1091 stinatum
809 1034 971 1089 ﬁnem
1019 1033 1326 1104 pervenire.
1355 1031 1493 1089 Nota
1520 1032 1663 1104 quod
1711 1032 1823 1101 ipsa
1870 1045 1978 1085 non
2024 1044 2111 1085 ευ-
2214 1030 2340 1085 dum
2386 1030 2516 1097 fuit;
2553 1041 2608 1087 ut
2658 1032 2824 1088 lutum
2868 1033 3165 1105 platearum
3209 1033 3388 1089 delebo
3419 1052 3505 1091 eos
3537 1049 3555 1089 :
3583 1036 3693 1093 illos
3720 1040 3779 1094 ita

446 1138 450 1142 ·
513 1129 624 1187 lum
665 1128 905 1194 dextera,
953 1129 1006 1183 id
1048 1139 1133 1185 est
1181 1128 1470 1184 clementia
1504 1136 1619 1193 tua,
1659 1142 1747 1181 me
1791 1126 1947 1181 docet
1988 1139 2107 1195 per-
2214 1126 2593 1193 comminutos,
2622 1126 2810 1184 delebo
2833 1127 3086 1183 utiutum
3115 1128 3444 1200 platearum,
3470 1131 3606 1187 sicut
3628 1132 3777 1189 lutum

512 1223 702 1279 venire
744 1223 814 1277 ad
855 1222 1185 1278 destinatum
1234 1221 1418 1287 ﬁnem,
1467 1221 1562 1276 sed
1590 1221 1755 1276 etiam
1798 1216 2104 1290 ﬂagellatio.
2213 1218 2355 1288 quod
2384 1218 2439 1273 in
2473 1216 2687 1289 plateis,
2728 1220 2782 1275 id
2804 1229 2888 1276 est
2919 1222 3041 1277 latis
3070 1222 3172 1278 viis
3193 1220 3373 1291 jacet,
3404 1223 3471 1278 ab
3499 1222 3781 1280 hominibus

513 1315 580 1373 Et
624 1315 677 1370 in
719 1314 811 1370 illa
854 1314 1139 1376 discmlina
1174 1312 1421 1368 dilatastl’
1460 1329 1667 1384 gressus
1703 1327 1866 1377 meos,
1922 1310 1975 1364 id
2027 1317 2110 1364 est
2212 1309 2564 1367 conculcatur
2586 1320 2639 1368 et
2658 1312 2833 1382 fmlet,
2866 1314 2940 1368 ita
2966 1316 3033 1371 ab
3054 1314 3309 1371 omnibus
3332 1296 3476 1371 istud
3503 1315 3780 1372 conculcari

512 1407 809 1479 apostolos,
853 1422 951 1477 per
975 1422 1111 1477 quos
1166 1406 1387 1478 gradior
1425 1405 1480 1460 in
1513 1406 1759 1460 notitiam
1804 1403 2105 1458 hominum.
2212 1400 2409 1458 faciam
2440 1420 2453 1458 :
2486 1411 2541 1458 et
2574 1414 2796 1474 potero,
2823 1420 2949 1461 nam
2980 1415 3037 1461 tu
3072 1406 3259 1479 eripies
3294 1425 3376 1462 me
3425 1407 3491 1463 de
3536 1410 3779 1464 contradi-

511 1500 789 1568 Dilatasti,
840 1500 895 1556 id
952 1508 1057 1566 est,
1110 1500 1165 1555 in
1214 1507 1363 1556 tanta
1419 1498 1775 1569 amplitudine
1822 1498 1968 1552 intus
2011 1511 2109 1567 ρο-
2212 1493 2470 1549 ctionibus
2495 1495 2675 1566 populi
2702 1514 2721 1554 :
2749 1498 3033 1553 constitues
3060 1516 3140 1555 me
3187 1500 3245 1554 in
3286 1510 3440 1571 caput
3469 1502 3780 1573 gentiunt,ut

512 1594 668 1651 suisti
709 1602 771 1648 ut
818 1592 1274 1672 etiam_inimicos
1320 1591 1627 1663 diligerent,
1688 1588 1769 1645 vel
1814 1588 2121 1661 gauderent
2212 1600 2395 1657 supra.
2431 1585 2497 1641 Et
2524 1589 2721 1644 merito
2749 1588 2872 1660 quia
2899 1589 3122 1662 populus
3150 1608 3302 1663 quem
3329 1609 3432 1648 non
3458 1593 3669 1664 cognovi
3691 1609 3782 1647 ser-

510 1686 567 1742 in
614 1683 961 1741 tribulatione
1004 1700 1017 1737 :
1069 1684 1144 1740 ita
1196 1692 1377 1739 tamen
1414 1692 1475 1739 ut
1525 1691 1709 1739 essent
1764 1683 1945 1736 subtus
2004 1697 2104 1746 me,
2210 1679 2328 1733 vivit
2355 1679 2484 1733 mihi
2511 1699 2530 1738 :
2562 1681 2780 1753 gentilis
2800 1680 3023 1753 populus
3047 1700 3198 1755 quem
3220 1701 3324 1740 non
3355 1684 3591 1756 cognovi,
3627 1684 3779 1753 idest,

510 1779 566 1835 id
594 1787 700 1846 est,
742 1787 804 1834 ut
832 1793 918 1834 me
945 1779 1264 1850 magistrum
1306 1787 1361 1835 et
1411 1793 1799 1851 prtecessorem
1842 1779 2103 1846 habeant,
2210 1786 2539 1845 cognoscere
2572 1773 2674 1830 feci
2703 1776 2966 1846 corporali
2999 1778 3284 1848 praesentia
3324 1778 3407 1832 vel
3451 1778 3585 1849 legis
3621 1776 3781 1833 erudi-

510 1869 965 1941 quemadmodum
1013 1869 1177 1927 Petro
1206 1870 1411 1927 volenti
1460 1870 1754 1942 procedere
1792 1879 1849 1926 et
1900 1869 2108 1926 dicenti
2211 1864 2386 1934 tione,
2417 1864 2657 1923 obedivit
2700 1866 2847 1923 mihi.
2885 1864 2954 1925 In
2999 1868 3186 1924 auditu
3213 1872 3358 1925 auris
3393 1871 3612 1925 obedivit
3652 1871 3780 1938 mihi,

507 1963 772 2035 magistro
802 1977 901 2020 suo
944 1960 1184 2031 Christo,
1233 1962 1549 2035 praedicenti
1584 1978 1740 2018 suam
1771 1962 2101 2033 passionem,
2210 1957 2302 2028 qui
2341 1973 2442 2015 nec
2472 1958 2734 2015 miracula
2766 1961 2928 2026 vidit,
2961 1976 3064 2018 nec
3104 1978 3282 2019 meam
3330 1966 3688 2034 prtt‘senliam.
3720 1964 3784 2018 Ex

506 2056 756 2124 Domine,
774 2056 911 2112 absit
940 2065 1441 2130 atc:responsum
1485 2066 1569 2116 est
1595 2074 1630 2115 a
1661 2058 1911 2124 Domino,
1960 2053 2105 2112 Vade
2132 2070 2182 2132 Β
2209 2050 2614 2123 comparatione
2659 2054 2897 2109 ostendit
2946 2055 3046 2111 hos
3093 2054 3400 2128 eligendos,
3445 2057 3571 2113 illos
3624 2072 3783 2128 ιεριοο

508 2156 670 2216 retro,
699 2148 929 2205 Satanas
979 2148 1199 2224 (Matth.
1245 2148 1382 2225 XVI).
1424 2151 1495 2208 Et
1522 2151 1577 2207 in
1617 2151 1725 2208 hoc
1763 2152 1892 2223 quia
1922 2150 2107 2207 subtus
2210 2144 2439 2203 bandos.
2509 2145 2639 2201 Filii
2701 2156 2881 2204 autem
2941 2147 3144 2216 Judaei,
3210 2166 3346 2221 quos
3410 2150 3553 2207 ﬁlios
3610 2153 3781 2217 habui,

508 2257 592 2297 me
628 2248 794 2310 sunt,
831 2259 939 2299 non
976 2253 1099 2300 sunt
1148 2242 1424 2314 inﬁrmata
1470 2245 1690 2317 vestigia
1735 2262 1853 2300 mea
1902 2245 1956 2300 in
1991 2247 2105 2313 eis,
2210 2240 2407 2311 quibus
2446 2240 3104 2313 lnereditatempromisi,
3130 2241 3314 2309 alieni,
3361 2242 3412 2301 id
3437 2251 3525 2298 est
3555 2242 3738 2299 diaboli
3768 2259 3778 2296 :

507 2331 637 2403 quia
686 2331 744 2388 in
778 2332 1035 2390 omnibus
1082 2350 1171 2390 me
1216 2335 1414 2391 imitati
1456 2344 1602 2392 sunt.
1656 2334 1805 2392 Sicut
1841 2338 1981 2392 misit
2024 2352 2107 2392 me
2211 2334 2277 2389 de
2321 2333 2518 2405 quibus
2568 2333 2769 2388 dictum
2808 2342 2893 2390 est
2931 2350 2943 2387 :
2981 2331 3083 2389 Vos
3118 2350 3183 2389 ex
3228 2346 3377 2406 patre
3423 2334 3634 2391 diabolo
3680 2335 3781 2389 estis

508 2422 675 2480 Pater
706 2433 756 2480 et
795 2440 889 2498 ego
933 2427 1083 2480 mitto
1110 2443 1199 2481 vos
1243 2425 1424 2500 (Joan.
1460 2426 1555 2499 v1).
1590 2426 1767 2483 Aliter
1800 2447 1812 2482 :
1856 2428 2106 2484 Dilatasti
2210 2425 2405 2497 (Joan.
2443 2426 2609 2497 vut),
2648 2428 2848 2481 mentiti
2885 2427 3353 2495 sunt,-dieentes,
3396 2426 3501 2483 Hic
3542 2414 3613 2483 est
3657 2427 3780 2497 ﬁlius

504 2531 715 2589 gressus
765 2531 909 2573 meos
949 2517 1134 2572 subtus
1170 2535 1274 2584 me,
1304 2520 1359 2575 id
1388 2529 1505 2586 est,
1553 2519 1870 2576 affectiones
1914 2535 2107 2576 carna-
2208 2518 2403 2591 Ioseph
2432 2518 2645 2589 (Matth.
2680 2536 2814 2587 xm;
2837 2520 3034 2575 Joann.
3080 2520 3154 2594 vt)
3185 2521 3323 2587 :vel,
3356 2518 3618 2577 Venerunt
3640 2521 3780 2575 disci-

504 2608 863 2669 les'meorum
889 2610 1027 2667 adeo
1055 2611 1111 2666 in
1158 2612 1498 2680 diiatatione,
1542 2613 1594 2670 id
1636 2622 1722 2669 est
1762 2615 1816 2669 in
1862 2614 2059 2687 gaudio
2086 2654 2103 2683 ,
2207 2612 2320 2684 puli
2344 2621 2390 2667 et
2417 2613 2582 2683 furati
2620 2625 2742 2669 sunt
2790 2632 2907 2669 eum
2967 2614 3189 2686 (Matth.
3243 2615 3475 2688 xxvnt);
3532 2616 3687 2682 mihi,
3739 2613 3779 2669 id

502 2702 778 2775 posuisti,
826 2712 888 2761 ut
935 2703 991 2761 iu
1032 2705 1473 2763 tribulationibus
1516 2722 1615 2765 suo
1660 2707 1926 2779 superiori
1977 2723 2106 2763 con—
2209 2713 2313 2772 est,
2344 2705 2411 2761 ad
2455 2719 2630 2762 meam
2662 2705 2971 2761 utilitatem.
2998 2704 3129 2760 Filii
3159 2702 3619 2763 alieni'inreterati
3646 2716 3778 2773 sunt,

504 2795 925 2867 gauderent;_ut
958 2811 1060 2853 nec
1088 2812 1221 2853 caro
1262 2798 1541 2855 resisteret
1561 2799 1817 2871 spiritui,
1867 2814 1970 2855 nec
1996 2798 2106 2870 spi-
2209 2800 2264 2855 id
2316 2809 2429 2867 est,
2475 2800 2531 2854 in
2584 2808 2852 2855 vetustate
2898 2799 3061 2871 primi
3119 2801 3356 2859 hominis
3416 2818 3777 2874 permansere,

500 2887 643 2946 ritus
667 2888 949 2947 earni:et
989 2890 1043 2946 in
1078 2891 1185 2948 hoc
1220 2907 1328 2948 non
1380 2901 1506 2948 sunt
1560 2892 1834 2948 inﬁrmata
1873 2890 2104 2962 vestigia
2212 2894 2460 2951 nolentes
2520 2894 2846 2950 conformari
2928 2894 3157 2950 novitati
3221 2912 3398 2961 meae;
3461 2895 3584 2952 idco
3654 2896 3776 2949 inve-

500 2998 650 3052 mea,
687 2982 745 3040 id
772 2991 877 3050 est,
909 2984 1215 3043 imitatores
1253 2987 1382 3053 mei,
1414 2986 1502 3043 vel
1536 2998 1807 3059 praecepta
1845 3002 1985 3042 mea.
2038 2986 2108 3042 Et
2210 2987 2365 3042 terati
2404 2990 2530 3057 quia
2580 2986 3005 3044 claudicaverunt
3048 3004 3080 3042 a
3123 2988 3321 3043 semitis
3369 2988 3504 3056 suis,
3552 2970 3603 3044 id
3629 2996 3727 3054 εει,
3752 3001 3777 3039 a

500 3090 604 3147 per
627 3076 753 3135 illos
798 3092 1084 3150 persequar
1123 3079 1369 3134 inimicos
1410 3095 1587 3145 meos,
1625 3079 1932 3136 incredulos
1963 3081 2106 3135 bona
2210 3082 2324 3136 suis
2367 3081 2551 3151 pravis
2589 3080 2990 3138 inventionibus
3032 3080 3508 3148 claudicaverunt,
3556 3098 3656 3137 non
3700 3081 3777 3135 hac

498 3169 1042 3241 persecutione,.vel
1081 3168 1309 3226 allectus
1348 3169 1617 3226 carnales.
1657 3169 1724 3225 Et
1771 3172 2106 3242 comprehen-
2211 3173 2403 3230 bentes
2432 3175 2679 3229 dextrum
2711 3174 2935 3245 pedem,
2987 3173 3068 3229 vel
3107 3174 3161 3228 in
3193 3175 3310 3247 lege
3353 3173 3682 3245 spiritualem
3713 3172 3778 3226 in.

499 3264 628 3320 dum
659 3263 781 3322 illos
806 3273 871 3321 ut
894 3278 983 3322 me
1017 3271 1338 3334 sequantur,
1370 3263 1463 3333 qui
1497 3264 1649 3335 prius
1675 3262 1983 3333 praecedere
2010 3278 2107 3318 vo-
2211 3265 2508 3335 tellectum,
2530 3267 2618 3323 vel
2644 3268 2698 3322 in
2746 3268 2848 3323 lide
2883 3266 3166 3325 Trinitatis
3211 3268 3510 3325 Christum.
3552 3268 3627 3322 Illi
3655 3266 3779 3321 clas-

498 3355 807 3416 lebanLEt
826 3373 933 3412 non
950 3365 1225 3412 convertar
1242 3355 1408 3411 donec
1427 3355 1698 3427 deﬁciant,
1726 3356 1777 3411 id
1798 3364 1900 3422 est,
1930 3356 2104 3412 donec
2211 3358 2548 3426 dicaverunt,
2578 3368 2633 3415 et
2656 3376 2742 3415 me
2765 3359 2945 3416 delere
2972 3362 3376 3433 cogitaverunt;
3398 3361 3498 3417 sed
3529 3360 3774 3420 Dominus,

497 3448 746 3508 carnales
775 3448 1002 3506 aﬁ‘ectus
1037 3448 1345 3505 subdantur
1371 3447 1623 3520 spiritui,
1658 3447 1741 3504 vel
1769 3448 1941 3503 donec
1971 3463 2098 3518 ρει-ν-
2127 3453 2175 3519 C
2207 3451 2260 3507 id
2291 3461 2511 3524 est,ego
2545 3453 2684 3508 vivit.
2717 3451 2873 3510 Unde
2901 3452 3191 3525 Apostolus
3218 3452 3500 3509 :Mortnus
3527 3464 3602 3509 est
3628 3468 3686 3507 es:
3705 3452 3775 3505 ire

496 3552 782 3601 εεειιιοιιεε
804 3542 943 3600 ﬁant
984 3544 1309 3609 imitatores,
1338 3542 1673 3614 confringam
1697 3541 1818 3598 illos
1846 3557 2100 3615 persecu-
2208 3543 2458 3612 ﬁrmitate
2485 3544 2682 3606 carnis,
2703 3543 2795 3598 sed
2818 3544 2937 3599 vivit
2960 3561 3027 3600 ex
3045 3546 3232 3599 virtute
3253 3543 3351 3599 Dei
3376 3542 3479 3613 (ll-
3501 3544 3623 3599 Cor.
3653 3544 3774 3609 xui).

496 3636 963 3695 toressmaetabo
1007 3636 1150 3705 quod
1196 3642 1369 3701 sunt,
1415 3641 1472 3689 et
1520 3632 1719 3690 faciam
1782 3632 1905 3689 illos
1960 3635 2104 3704 quod
2207 3635 2332 3693 Ideo
2383 3636 2696 3692 Benedictus
2725 3636 2866 3692 Deus
2890 3654 3061 3706 meus,
3089 3637 3276 3706 id'est,
3307 3648 3777 3710 augmentaturper

494 3741 654 3795 sum;
691 3726 780 3784 vel
806 3725 1059 3784 carnales
1076 3724 1314 3783 affectus
1341 3724 1705 3797 confringant,
1731 3725 1785 3780 id
1819 3735 1936 3792 est,
1968 3726 2102 3782 adeo
2206 3744 2296 3784 me
2320 3737 2375 3785 et
2404 3730 2476 3784 ita
2523 3744 2620 3799 per
2650 3745 2737 3785 me
2782 3729 3067 3797 exaltetur,
3115 3730 3168 3785 id
3214 3739 3330 3796 est,
3385 3745 3614 3802 magnus
3637 3742 3772 3800 appar

495 3833 723 3877 carnem
760 3817 1052 3891 adigendo
1085 3817 1422 3885 diminuam,
1451 3825 1512 3872 ut
1541 3815 1919 3874 affectionibus
1948 3818 2103 3889 spiri-
2208 3830 2367 3888 reat,
2426 3821 2565 3877 Deus
2604 3822 2792 3877 salutis
2855 3838 3019 3888 meae;
3088 3824 3194 3879 hoc
3270 3823 3431 3879 modo
3484 3824 3773 3884 exaltetur,

494 3922 591 3971 tus
608 3914 933 3971 subdantur.
959 3911 1165 3968 Cadent
1205 3911 1388 3966 subtus
1426 3911 1579 3982 pedes
1608 3927 1770 3978 meos,
1803 3910 1889 3965 vel
1919 3926 2103 3980 perse-
2207 3914 2559 3987 Magniﬁcam
2625 3915 2819 3970 salutes
2890 3916 3024 3986 regis
3066 3914 3178 3984 ejus
3204 3956 3219 3981 ,
3278 3913 3330 3970 id
3384 3924 3501 3981 est,
3555 3927 3775 3970 crescere

496 4014 723 4065 autores
747 4005 1102 4063 caicahuntur
1127 4019 1157 4058 a
1182 4003 1341 4068 meis,
1371 4001 1460 4057 vel
1484 4003 1588 4059 sub
1612 4001 1826 4059 illorum
1860 4002 2101 4058 dominio
2204 4004 2413 4062 faciens
2435 4006 2787 4062 salutationes
2814 4005 2969 4061 datas
2983 4021 3078 4076 per
3101 4020 3187 4061 me
3211 4018 3392 4077 regem
3415 4004 3536 4075 ejus
3565 4007 3660 4061 hoc
3683 4018 3775 4058 tuo-

494 4107 677 4158 aunt.
710 4095 781 4154 Et
818 4097 1149 4155 conculcubis
1191 4096 1392 4151 leonem
1428 4104 1477 4150 et
1514 4097 1798 4150 draconem
1819 4109 1840 4149 :
1864 4096 1951 4152 vel
1979 4112 2101 4151 car—
2204 4095 2302 4153 do:
2322 4096 2387 4150 Et
2413 4097 2611 4167 faciens
2652 4097 3069 4152 misericordiam
3103 4095 3313 4152 Christo
3337 4112 3433 4151 suo
3460 4096 3775 4162 David,eum

493 4192 653 4253 nales
704 4191 933 4252 aﬂ‘ectus
981 4192 1283 4250 subdentur
1332 4192 1553 4249 rationi.
1618 4194 1685 4248 Et
1730 4194 1834 4250 hoc
1887 4209 1992 4251 non
2032 4210 2100 4250 ex
2203 4190 2618 4255 resuscitando,
2668 4200 2716 4246 et
2763 4191 2949 4246 semini
2994 4191 3147 4261 ejus,
3200 4191 3254 4246 id
3291 4199 3394 4257 est,
3435 4188 3775 4247 imitatorilms

501 4300 640 4355 Ile,
689 4287 789 4346 sed
828 4301 897 4343 ex
928 4295 981 4343 te
1009 4300 1025 4340 :
1052 4285 1181 4357 quia
1221 4294 1277 4340 tu
1323 4285 1647 4356 prtecinxisti
1676 4302 1758 4340 me
1801 4286 1990 4341 virttrte
2027 4287 2098 4341 ad
2202 4282 2322 4354 ejus
2356 4283 2749 4350 resuscitando,
2781 4284 3008 4340 interius
3056 4284 3400 4354 perducendo
3444 4284 3517 4340 ab
3562 4286 3659 4340 hac
3704 4295 3776 4336 re-

494 4376 694 4436 ωλι..
718 4393 744 4435 :
766 4380 993 4445 uirtute,
1044 4378 1097 4434 id
1144 4387 1229 4435 est
1254 4377 1514 4434 virtuosis
1546 4396 1560 4432 :
1592 4376 1679 4433 vel
1719 4394 1823 4444 me,
1877 4378 1931 4433 id
1966 4386 2049 4434 est
2080 4420 2097 4445 ,
2202 4378 2539 4433 surrectionc
2584 4393 2746 4447 usque
2766 4378 2822 4431 in
2866 4376 3228 4449 steculunt(11
3258 4375 3391 4449 Reg.
3417 4378 3593 4451 xm),
3631 4374 3678 4431 id
3705 4381 3774 4429 est

494 4483 657 4528 meos
689 4470 1035 4542 pmmunisti
1070 4470 1290 4535 virtute,
1325 4470 1380 4525 id
1423 4478 1510 4526 est
1556 4470 1948 4540 temperantia,
1974 4486 2100 4541 quas
2202 4470 2256 4524 in
2282 4470 2665 4526 aeternitatem.
2685 4468 2879 4525 Merito
2898 4485 2958 4525 es
2983 4478 3039 4525 tu
3061 4486 3093 4524 a
3120 4484 3211 4525 me
3226 4464 3770 4537 benedicendus,quia

494 4562 1003 4620 maximeesrnales
1014 4560 1631 4633 aﬂ‘eetusrestringit.Et
1648 4578 1747 4633 per
1765 4563 2100 4620 illosvelhoc
2202 4573 2261 4617 tu
2289 4578 2349 4618 es
2373 4561 2513 4616 Deus
2533 4563 2624 4632 qui
2652 4562 2748 4616 das
2776 4562 3033 4619 vindictas
3056 4562 3187 4619 mihi
3208 4563 3276 4620 de
3301 4562 3528 4621 Iudaico
3558 4562 3770 4636 populo:

494 4654 555 4713 in
584 4656 749 4713 modo
775 4654 1015 4711 inimicos
1047 4672 1188 4712 meos
1236 4657 1427 4711 dedisti
1463 4657 1594 4712 mihi
1642 4657 1978 4726 dorsum,ut
2002 4657 2115 4731 qui
2201 4652 2482 4709 subdendo
2516 4667 2639 4708 eum
2684 4653 2856 4710 mihi:
2897 4653 2981 4708 vel
3020 4655 3112 4725 qui
3153 4655 3250 4711 dus
3290 4664 3615 4728 potestatem
3656 4652 3772 4709 meis

492 4749 748 4807 conversi
776 4748 1220 4818 essenoluennt,
1254 4750 1390 4806 ﬁant
1426 4751 1602 4807 aversi
1645 4751 1731 4807 vel
1767 4752 2100 4810 domnmmt
2200 4742 2405 4816 ligandi
2434 4753 2598 4816 atque
2636 4744 2901 4811 solvendi,
2934 4755 2995 4800 ut
3024 4745 3192 4803 illud:
3232 4744 3368 4802 Ecce
3393 4748 3461 4802 do
3492 4747 3628 4803 vobis
3648 4752 3771 4817 pote-

495 4843 594 4913 qui
616 4842 770 4914 prius
790 4842 1044 4899 volebant
1066 4844 1397 4914 prtecedere,
1421 4854 1743 4917 sequantur.
1762 4845 1829 4900 Et
1857 4846 2092 4901 odiantes
2116 4834 2173 4898 D
2197 4848 2383 4894 statem
2405 4838 2647 4895 calcandi
2675 4856 2831 4913 super
2858 4851 3119 4913 serpentes
3143 4849 3189 4896 et
3219 4842 3538 4914 scorpiones,
3567 4850 3615 4897 et
3637 4850 3773 4909 super

494 4951 613 5001 me,
643 4935 700 4991 id
734 4946 854 5003 est,
879 4936 1125 4993 nolentes
1159 4938 1441 5004 converti,
1472 4947 1857 5010 permanentes
1885 4938 1941 4993 in
1967 4938 2095 4995 odio
2200 4947 2406 4986 omnem
2434 4932 2673 4987 uirtutem
2701 4932 2901 4989 inimici
2940 4933 3091 5007 (Luc.
3123 4932 3203 5006 ι).
3241 4932 3518 4990 Liberator
3556 4948 3690 4990 meus
3716 4928 3770 4981 de

492 5041 687 5100 pravo,
717 5028 1207 5099 disperdidisti:vel
1233 5028 1386 5095 foris,
1418 5040 1662 5101 tempore
1677 5030 1781 5085 Titi
1806 5038 1861 5086 et
1887 5027 2095 5099 Vespa-
2197 5023 2427 5078 inimicis
2456 5023 2582 5079 meis
2609 5023 2904 5093 iracundis,
2946 5041 3036 5081 me
3060 5027 3127 5082 de
3163 5024 3363 5084 Iudaeis
3391 5024 3766 5084 clamantibus:

492 5121 668 5189 Sinni,
720 5119 810 5177 vel
854 5120 1000 5177 intus
1042 5130 1102 5176 ut
1145 5121 1289 5178 nulla
1338 5138 1528 5179 eorum
1558 5131 1685 5179 vota
1719 5130 1838 5178 rata
1867 5130 2091 5188 essent;
2199 5111 2484 5186 Cruci/iga,
2510 5115 2754 5187 cruci/iga
2782 5116 2937 5190 (Luc.
2964 5119 3151 5190 XXIII);
3189 5118 3595 5186 Εαοιθεὶθωίθδ
3620 5118 3767 5173 hiBre'

481 5196 640 5286 'quod
665 5215 722 5271 in
747 5215 851 5271 hoc
872 5223 1058 5285 patet:
1082 5214 1210 5285 quia
1237 5214 1618 5279 clamauerunt,
1638 5231 1730 5270 nec
1744 5225 1859 5269 erat
1876 5214 1972 5285 qui
1985 5214 2095 5269 sal-
2200 5208 2323 5265 ticis
2347 5226 2363 5276 ;
2406 5222 2844 5280 unumquemque
2871 5210 2939 5266 de
2964 5210 3205 5267 Ecclesia
3226 5250 3242 5277 ,
3288 5226 3319 5265 a
3364 5211 3531 5266 vitiis.
3574 5210 3652 5265 Βι-
3675 5221 3765 5262 non

482 5288 586 5364 Lnos
610 5308 827 5380 faceret.
879 5305 1131 5363 Clamant
1157 5308 1302 5362 enim
1334 5307 1579 5378 quotidie
1607 5307 1778 5363 Judaei
1807 5306 1983 5362 valida
2008 5307 2093 5362 ιιι·
2200 5301 2375 5359 solum
2401 5301 2620 5366 liberas,
2658 5301 2753 5358 sed
2791 5301 2855 5357 ab
2880 5302 3268 5375 insurgentibus
3309 5303 3364 5360 in
3406 5320 3501 5358 me:
3530 5299 3764 5359 exultabis

495 5399 739 5456 tentinne
762 5414 862 5471 pro
886 5399 1100 5467 salute,
1118 5414 1225 5457 nec
1254 5400 1572 5458 salvantur:
1601 5401 1727 5471 quia
1761 5402 1815 5456 in
1844 5401 2092 5458 Salvato-
2200 5410 2304 5460 me.
2334 5394 2586 5463 ponendo
2612 5392 2681 5448 ad
2707 5394 2989 5451 dexteram
3028 5402 3175 5449 tuam
3195 5438 3210 5463 ,
3245 5394 3337 5452 ubi
3366 5394 3466 5465 ipsi
3496 5392 3629 5449 nihil
3662 5403 3763 5460 ρων

497 5506 617 5549 rem
640 5507 747 5548 non
780 5493 1045 5550 creduntu
1075 5494 1156 5549 Ad
1181 5494 1351 5551 Deum
1377 5495 1587 5551 scilicet
1632 5493 1848 5551 Patrem
1878 5496 2089 5552 clama—
2197 5495 2361 5544 sunt:
2399 5494 2454 5542 et
2482 5486 2699 5543 tandem
2721 5503 2753 5540 a
2778 5486 2888 5542 viro
2911 5487 3110 5559 iniquo,
3137 5487 3188 5542 id
3216 5494 3302 5542 est
3331 5484 3574 5550 diabolo,
3596 5481 3763 5552 eripies

493 5594 716 5651 verunt,
772 5604 862 5641 nec
913 5587 1179 5644 exaudiuit
1233 5605 1319 5645 eos
1346 5607 1358 5642 :
1383 5589 1511 5659 quia
1560 5603 1664 5644 non
1710 5588 1944 5643 clamant
1989 5604 2087 5660 per
2193 5600 2299 5650 me,
2314 5582 2365 5638 id
2394 5592 2479 5638 est
2502 5596 2674 5649 meos,
2698 5580 3064 5638 convertendo
3082 5580 3153 5636 ab
3176 5577 3491 5634 inﬁdelitate
3512 5576 3579 5631 ad
3598 5574 3760 5628 ﬁdem.

496 5677 986 5739 ΜειιᾶειοιιειιιΝει
1009 5680 1321 5738 clamabunt
1343 5682 1395 5735 in
1417 5681 1601 5736 futuro
1627 5681 1787 5753 positi
1812 5680 1864 5734 in
1890 5681 2090 5751 pmnis,
2194 5672 2484 5746 Propterea
2524 5673 2811 5744 conﬁtebor
2832 5672 2955 5737 tibi,
2995 5671 3204 5729 scilicet
3224 5685 3326 5742 pro
3349 5669 3439 5725 illa
3471 5666 3761 5737 ereptione.

495 5780 591 5826 ειη
611 5771 946 5829 liberentun:
978 5789 1089 5830 nee
1118 5773 1491 5837 selvabuntur,
1516 5772 1656 5843 quia
1703 5771 1973 5837 Salvator,
2022 5771 2091 5826 ad
2193 5767 2424 5849 laudabo
2461 5778 2533 5836 te,
2565 5766 2649 5823 vel
2673 5766 3068 5824 confessionem
3093 5772 3441 5836 peccatorum
3465 5760 3561 5817 tibi
3584 5756 3759 5814 faciam

486 5846 1036 5931 ‘eos-ltic‘clatnavit,
1087 5875 1163 5920 et.
1188 5867 1389 5922 audire.
1419 5866 1729 5922 noluerunt.
1778 5865 2091 5936 Quicunque
2192 5862 2246 5917 in
2270 5846 2377 5918 illis
2406 5862 2501 5932 qui
2526 5862 2776 5918 nationes
2798 5860 2995 5928 adhuc,
3033 5860 3087 5915 id
3109 5867 3195 5916 est
3211 5856 3348 5927 nati,
3378 5855 3474 5913 sed
3506 5868 3614 5908 ιιοη
3649 5852 3760 5944 Si“!

493 5956 783 6010 erubuerit-
806 5972 891 6011 me
932 5974 1113 6011 coram
1157 5959 1452 6013 hominibus
1477 5999 1492 6025 ,
1540 5969 1591 6013 et
1646 5975 1738 6030 ego
1786 5960 2088 6013 erubescam
2190 5953 2389 6010 renati.
2422 5952 2491 6008 Et
2519 5952 2781 6025 psalmum
2808 5952 3017 6020 dicam,
3047 5950 3099 6007 id
3127 5958 3240 6017 est,
3285 5950 3440 6006 bona
3480 5940 3758 6017 operatioui

494 6061 613 6099 eum
641 6064 819 6103 coram
852 6048 1012 6104 Patre
1037 6066 1150 6105 meo
1175 6049 1325 6119 (Luc.
1362 6052 1459 6122 ιιι).
1499 6052 1564 6107 Et
1594 6054 1946 6108 comminuam
1975 6067 2089 6120 eos,
2150 6119 2159 6125 ἢ
2192 6047 2463 6113 insistam,
2499 6047 2694 6101 nomini
2724 6056 2833 6112 tuo,
2867 6047 2919 6102 id
2960 6055 3072 6113 est,
3103 6045 3169 6101 ad
3210 6044 3296 6101 ian
3316 6042 3423 6098 lem
3452 6046 3595 6094 tuam
3615 6075 3628 6101 ,
3664 6045 3757 6087 non

2365 6180 2435 6203 «ut
