3978 6452
315 590 414 646 257

1378 596 1917 656 ENARRATIONES
1954 597 2022 653 1N
2063 595 2404 655 PSALMOS.

3474 600 3582 657 938

317 708 522 761 meam:
560 706 685 776 quia
726 715 783 762 tu
813 708 909 764 das
940 717 993 766 et
1024 710 1161 767 velle
1190 719 1246 767 et
1286 710 1466 768 facere
1493 728 1591 782 pro
1631 717 1765 769 bona
1798 728 1895 767 vo-
1924 714 1970 775 Α
2002 720 2178 767 mente
2208 728 2237 767 a
2264 716 2493 769 terrenis
2530 714 2594 769 ad
2633 712 2872 769 coelestia
2916 712 3174 767 suntcvati
3206 719 3383 766 erunt.
3419 710 3583 769 Tales

316 800 516 856 luntate
547 799 725 872 (jPhil.
753 801 850 873 ιι).
882 802 1232 875 Magniﬁcam
1266 805 1460 861 salutes
1490 808 1556 861 ad
1598 807 1745 861 illum
1776 820 1899 861 ver-

314 905 426 945 sum
475 892 860 948 continuatur:
904 894 1184 950 Exaltemr
1228 896 1366 951 Deus
1412 898 1599 953 salutis
1639 914 1800 964 mete,
1839 904 1897 951 ut

314 996 469 1053 supra
498 982 701 1039 dictum
727 994 830 1041 est.

826 1072 1148 1137 PSALMUS
1186 1080 1370 1136 XVIII.

749 1186 802 1227 ιιι
826 1176 987 1229 smmi
1016 1188 1248 1231 psanuns
1274 1190 1456 1231 navie.

384 1264 407 1314 ι’
434 1262 569 1319 ϐωιὶ
612 1262 1132 1337 enarrantglo'riam
1177 1268 1308 1331 Dei,
1343 1276 1398 1323 et
1430 1282 1591 1339 opera
1641 1284 1894 1323 manuum

316 1376 332 1407 ι
368 1356 485 1425 ejus
509 1360 798 1415 annimtiat
828 1354 1399 1418 firmamentum.'Dies
1420 1358 1759 1419 diel’eructat
1781 1379 1897 1419 vcr-

315 1468 332 1501 ι
366 1450 491 1504 bum
525 1459 581 1507 et
622 1466 747 1507 nox
773 1453 919 1508 nocti
948 1452 1152 1509 indicat
1185 1454 1487 1510 scientiam.
1518 1455 1632 1511 Non
1666 1464 1791 1510 sunt
1814 1454 1894 1510 lo—

312 1559 329 1591 c
367 1541 540 1611 quola:
570 1538 1092 1613 neque‘sermOnes,
1132 1540 1363 1616 quorum
1390 1556 1499 1602 non
1536 1547 1897 1603 exaudiantur

311 1654 328 1687 ι
364 1650 525 1691 voces
549 1648 761 1692 eorum.
806 1637 875 1693 In
909 1654 1126 1695 omnem
1163 1646 1363 1695 terram
1409 1640 1577 1696 exivit
1615 1656 1777 1696 sonus
1806 1656 1898 1696 eo-

309 1743 328 1775 ‹
363 1739 506 1791 rum,
538 1738 595 1783 et
617 1729 671 1782 in
699 1728 837 1785 lines
862 1730 1012 1786 orbis
1040 1739 1200 1786 terra:
1238 1724 1399 1787 verba
1442 1745 1652 1787 eorum.
1696 1724 1896 1788 ln'soie

310 1835 329 1869 ι
362 1819 547 1888 posuit
580 1820 990 1879 tabernaculum
1023 1830 1205 1893 suum,
1228 1833 1285 1881 et
1311 1825 1435 1896 ipse
1456 1832 1712 1897 tanquam
1742 1820 1897 1896 spon-

308 1927 326 1959 ι
361 1906 795 1981 sus'pmcedens“
813 1917 880 1971 de
908 1906 1145 1972 thalamo
1173 1931 1293 1984 suo,
1321 1908 1613 1973 exsultavit
1645 1924 1706 1973 ut
1741 1918 1895 1990 gigas

306 2018 323 2050 ι
352 2001 417 2054 ad
446 1994 977 2074 c'urrendam‘vi'am;
1018 2023 1050 2062 a
1075 2014 1289 2064 summo
1316 1998 1469 2064 caelo"
1487 2008 1726 2081 egressio
1752 2008 1887 2079 eths.‘

2001 803 2111 858 cali
2149 817 2420 872 enarrem,
2468 806 2520 861 id
2563 816 2665 873 est,
2713 806 2991 861 evidenter
3022 804 3320 861 narrabunt
3356 804 3583 876 gloriam

1998 893 2124 959 Dei,
2150 894 2289 949 hanc
2310 895 2515 951 scilicet
2537 896 2674 965 quod
2708 912 2811 951 non
2841 911 2903 951 ex
2935 896 3188 967 operibus
3212 895 3435 965 justitiae
3461 912 3583 966 qua:

2000 986 2224 1041 fecimus
2252 1002 2372 1054 nos,
2402 989 2493 1043 sed
2518 990 2810 1043 secundum
2842 1005 2991 1045 suam
3020 990 3447 1045 misericordiam
3471 990 3580 1046 sai-

1998 1094 2095 1135 vos
2121 1095 2221 1136 nos
2264 1083 2424 1137 fecit:
2470 1092 2524 1136 et
2561 1084 2663 1139 hoc
2698 1094 2780 1139 cst
2809 1100 2999 1155 magna
3032 1084 3201 1155 gloria
3236 1084 3351 1140 Dei.
3389 1082 3584 1141 Omnes

1999 1174 2133 1225 enim
2153 1186 2509 1241 peccaverunt,
2542 1186 2586 1229 et
2612 1186 2757 1246 egent
2786 1176 2955 1245 gloria
2980 1176 3094 1241 Dei,
3120 1178 3401 1247 justiﬁcati
3421 1178 3585 1248 gratis

2000 1262 2175 1333 (Rom.
2210 1267 2311 1336 ιιι).
2343 1269 2407 1323 Ει
2435 1270 2537 1323 hoc
2566 1278 2669 1334 est,
2700 1280 2960 1325 enarrant
2982 1271 3209 1339 gloriam
3239 1272 3354 1335 Dei,
3389 1272 3443 1326 id
3474 1280 3580 1339 est,

1999 1357 2420 1413 misericordiam
2452 1360 2749 1415 exhibitam
2797 1378 2894 1431 per
2922 1361 3140 1425 Filium,
3189 1364 3243 1417 in
3296 1378 3403 1434 qua
3438 1364 3585 1420 Deus
3642 1426 3646 1435 ,

1998 1446 2379 1517 giorilicandtts
2427 1461 2530 1505 est.
2568 1449 2635 1504 Et
2673 1468 2831 1521 opera
2864 1470 3116 1507 manuum
3145 1454 3259 1521 eius
3304 1456 3585 1509 annuntiat

1998 1538 2404 1606 ﬁrmamentum.
2436 1541 2588 1611 Quod
2628 1559 2792 1613 supra
2844 1544 3011 1614 gloria
3061 1544 3149 1599 hic
3177 1560 3373 1615 opera;
3438 1544 3587 1617 quod

1998 1646 2160 1702 supra
2186 1633 2333 1699 caeli,
2384 1634 2474 1689 hic
2503 1637 2923 1704 firmamentum,
2953 1638 3164 1692 diversa
3208 1637 3585 1705 similitudine,

1998 1724 2050 1779 id
2074 1732 2173 1787 est,
2192 1724 2353 1780 iidem
2374 1727 2761 1797 praedicatores
2790 1728 2924 1785 Novi
2959 1729 3296 1785 Testamenti
3320 1746 3349 1783 a
3378 1728 3589 1801 Spiritu

1997 1826 2189 1873 sancto
2215 1818 2379 1873 corde
2404 1820 2802 1889 conﬂrmati,et
2826 1820 3227 1877 firmamentum
3254 1821 3383 1877 facti
3395 1830 3583 1879 contra
3664 1825 3667 1833 '

1998 1910 2229 1983 impetus
2258 1912 2620 1983 saevientium,
2653 1926 2709 1972 et
2734 1918 2877 1972 hanc
2906 1916 3133 1987 gloriam
3162 1917 3532 1986 respuentium
3562 1932 3580 1970 :

1997 2010 2321 2065 annuntiant
2344 2026 2500 2081 opera
2527 2026 2780 2066 manuum
2798 2010 2938 2081 ejus,
2970 2010 3023 2064 id
3048 2018 3153 2073 est,
3178 2004 3392 2079 propria
3419 2022 3588 2077 opera

305 2111 323 2145 ι
353 2092 858 2167 Et'o’ccdi‘stis‘ejus
889 2110 1060 2170 usque
1088 2101 1155 2157 ad
1178 2116 1451 2158 summum
1479 2102 1636 2174 ejus:
1677 2116 1779 2158 nec
1808 2108 1894 2159 eet
1920 2100 1968 2160 B
1996 2101 2174 2167 Dci,id
2196 2113 2373 2171 est,ea
2388 2119 2551 2175 opera
2567 2119 2688 2174 quae
2716 2101 2897 2159 nullus
2917 2100 3099 2159 facere
3126 2090 3418 2172 potuitnisi
3440 2100 3589 2157 solus

306 2205 324 2237 ι
360 2188 453 2258 qui
495 2205 556 2244 se
585 2191 883 2249 absc0ndat
911 2208 941 2249 a
969 2192 1153 2250 calore
1189 2194 1325 2265 ejus.
1372 2195 1486 2251 Lex
1532 2194 1743 2251 Domihi
1792 2197 1893 2251 im-

303 2299 322 2333 ι
359 2284 633 2340 maculata
662 2295 986 2343 convertens
1011 2287 1259 2345 animas:
1283 2276 1893 2346 testimonium'Domini

303 2392 322 2426 ι
356 2372 548 2432 iidcle:
579 2379 917 2449 sapientiam
939 2370 1211 2453 priestans
1248 2383 1510 2454 parvulis.
1532 2381 1765 2441 Iustitiae
1782 2374 1891 2440 Do-

302 2482 320 2517 ι
354 2467 491 2522 mini
542 2466 736 2535 rectae,
783 2471 1120 2529 laétiilcantes
1157 2474 1361 2530 corda:
1399 2470 1729 2547 praeceptum
1785 2476 1893 2531 Do-

300 2575 320 2610 ι
354 2560 493 2615 m’ini
538 2560 774 2619 lucidum
797 2562 831 2631 ,⁵
854 2564 1170 2623 illuminans
1209 2568 1416 2624 oculos.
1462 2567 1649 2625 Timor
1678 2569 1893 2625 Domini

300 2670 319 2704 ι
349 2656 604 2721 sanctus,
642 2666 970 2726 permanens
1018 2656 1073 2714 in
1120 2660 1376 2716 saeculum
1424 2661 1649 2717 saeculi:
1686 2660 1893 2732 judicia

298 2762 318 2797 ι
348 2746 568 2803 Domini
592 2764 745 2815 vera,
760 2748 1060 2818 justiﬁbata
1081 2752 1137 2809 in
1159 2754 1471 2824 semetipsa.
1500 2752 1891 2809 Desiderabiiia

299 2854 318 2888 ι
352 2852 521 2910 super
548 2838 743 2897 aurum
764 2852 820 2898 et
852 2842 1086 2914 lapidem
1107 2847 1410 2917 pretiosum
1436 2845 1665 2903 multum
1688 2855 1745 2901 et
1768 2845 1891 2902 dul-

299 2948 317 2982 ι
353 2931 509 2987 ctera
535 2946 700 3003 super
724 2934 831 2990 mel
856 2945 912 2992 et
936 2935 1142 2994 favum.
1172 2930 1388 2996 Etenim
1420 2953 1614 2997 servus
1640 2947 1762 2995 tuus
1791 2953 1891 2995 cu-

298 3044 317 3078 (
349 3029 526 3085 stodit
566 3044 666 3098 ea,
708 3030 1176 3091 in'cu'stOdiendis
1220 3033 1327 3092 illis
1371 3033 1659 3091 retributio
1698 3034 1888 3089 multa.

296 3140 317 3174 ι
349 3123 561 3180 Delicta
587 3125 711 3197 quis
734 3126 1033 3198 intelligit?
1059 3128 1128 3185 ab
1147 3129 1377 3186 occultis
1405 3130 1541 3186 meis
1560 3126 1759 3184 munda
1782 3144 1889 3194 me,

296 3231 315 3266 ι
348 3216 504 3272 etab
538 3216 730 3273 alienis
752 3222 922 3289 parce
949 3234 1108 3277 servo
1134 3226 1267 3276 tuo.
1295 3212 1375 3276 Si~
1399 3222 1504 3276 mei
1542 3236 1650 3275 non
1690 3219 1893 3275 fuerint

296 3328 314 3361 ι
348 3309 640 3377 dominati,
671 3316 801 3368 tunc
828 3312 1209 3372 immaculatu‘s
1236 3330 1355 3383 ero,
1392 3323 1449 3371 et
1483 3314 1822 3372 emundabor
1860 3327 1892 3367 a

296 3417 314 3450 ι
351 3401 562 3457 delicto
585 3403 844 3459 maximo.
874 3404 1136 3462 Et'er'unt
1168 3414 1229 3462 ut
1262 3406 1638 3477 complaceant
1675 3404 1892 3474 eloquia

1999 2196 2267 2252 Deus.‘Et
2300 2198 2439 2251 hanc
2469 2196 2938 2251 annuntiationem
2966 2194 3172 2250 faciunt
3212 2208 3334 2249 cum
3390 2208 3586 2265 magna

1997 2278 2341 2355 discretione,
2393 2288 2517 2359 quia
2567 2290 2677 2343 dies
2730 2287 2834 2342 diei
2885 2296 3086 2341 eructat
3122 2285 3356 2351 verbum,
3396 2286 3449 2340 id
3479 2294 3586 2352 est,

1995 2381 2219 2452 perfecti
2246 2380 2501 2451 perfectis
2515 2395 2637 2436 cum
2663 2393 2859 2450 magna
2874 2372 3408 2434 meditationedivini
3418 2385 3585 2432 tatem

1999 2470 2162 2528 Verbi
2194 2465 2551 2538 annuntiant,
2595 2471 2651 2527 id
2679 2477 2783 2537 est,
2813 2470 3157 2541 sapientiam.
3206 2466 3362 2524 Nunc
3402 2474 3589 2525 autem

1996 2564 2126 2627 dies,
2160 2564 2212 2619 id
2250 2570 2353 2629 est,
2402 2563 2475 2618 illi
2502 2564 2593 2634 qui
2644 2562 2930 2618 illuminati
2978 2572 3106 2617 sunt
3133 2576 3165 2616 a
3194 2560 3412 2617 Christo
3455 2572 3589 2616 vero

1996 2654 2137 2722 sole;
2173 2662 2233 2709 ut
2260 2654 2432 2710 illud:
2469 2648 2655 2710 Illuxit
2698 2655 2845 2710 nobis
2889 2656 2967 2709 sol
3005 2653 3230 2725 justitiw
3268 2650 3426 2727 (Hal.
3473 2650 3586 2727 Iv);

1995 2748 2084 2803 alii
2125 2748 2232 2802 diei
2266 2756 2467 2803 eructat
2510 2748 2743 2813 verbum,
2776 2748 2900 2819 quia
2932 2746 3203 2802 eructatio
3253 2747 3322 2802 ab
3379 2745 3590 2801 intimis

1994 2840 2225 2905 ducitur,
2249 2848 2303 2894 et
2333 2839 2601 2913 significat
2622 2841 2925 2896 doctrinam
2964 2856 3086 2910 quae
3128 2838 3187 2893 tit
3221 2854 3345 2893 cum
3393 2851 3592 2909 magna

1994 2934 2346 2990 meditatione
2396 2940 2453 2989 et
2493 2933 2683 2988 intima
2733 2932 3075 3005 cogitatione.
3131 2929 3286 3001 Quod
3338 2940 3593 2988 eructaro

1994 3029 2130 3084 bene
2145 3026 2393 3100 jungitur
2416 3029 2485 3083 ad
2509 3022 2766 3092 Vernum,
2792 3028 2844 3083 id
2874 3035 2960 3084 est
2984 3026 3355 3094 Divinitatem,
3383 3025 3593 3084 scilicet

1996 3122 2062 3177 ad
2109 3123 2449 3192 sapientiam,
2498 3122 2626 3193 quia
2654 3121 2918 3193 sapientia
2947 3130 3034 3175 est
3068 3121 3374 3177 divinarum
3403 3134 3589 3176 rerum

1994 3213 2250 3283 cognitio.
2281 3212 2435 3270 Unde
2464 3213 2752 3284 Apostolus
2778 3231 2792 3267 :
2817 3212 3146 3283 Sapientiam
3168 3212 3436 3284 loquimur
3450 3212 3595 3268 inter

1995 3305 2247 3375 perfectos
2271 3305 2322 3375 (I
2351 3303 2475 3361 Cor.
2508 3306 2569 3378 ιι)
2601 3324 2614 3359 :
2648 3318 2881 3376 quorum
2910 3306 3273 3360 eructantium
3301 3319 3442 3361 unus
3488 3302 3593 3360 fuit

1998 3398 2087 3466 qui
2149 3398 2305 3463 dixit,
2356 3397 2422 3451 In
2476 3398 2735 3469 principio
2774 3408 2887 3451 erat
2942 3396 3169 3452 Verbum
3211 3394 3394 3468 (Joan.
3422 3394 3485 3471 1).”
3519 3394 3594 3451 Et

293 3512 313 3545 ι
349 3484 625 3563 oi'ismei,‘
651 3503 707 3553 et
726 3481 1006 3555 meditatio
1035 3500 1218 3557 cordis
1247 3500 1352 3556 mei
1388 3463 1441 3555 in
1476 3507 1764 3571 conspectu
1798 3508 1890 3556 tuo

2000 3463 2102 3545 .0.
2124 3489 2263 3544 nocti
2283 3463 2484 3545 indicat
2513 3463 2807 3555 scientiam,
2839 3490 2893 3545 id
2919 3498 3024 3555 est,
3051 3463 3353 3560 imperfecti
3385 3463 3592 3561 imper-

295 3602 313 3637 ι
346 3580 590 3656 semper.
650 3588 907 3655 Domine;
959 3591 1174 3662 adiutor
1224 3594 1429 3661 meus,‘
1468 3592 1543 3648 et'
1582 3588 1892 3663 redemptor

294 3696 311 3730 ι
346 3692 530 3736 meus.
564 3699 584 3734 ι
1070 3710 1077 3717 ι

874 3753 1333 3813 ENARRATIO.

362 3865 435 3921 In
463 3867 623 3936 ﬁnem
648 3854 883 3939 psalmus
911 3868 1189 3936 Dacid’,'id
1220 3874 1335 3939 est,
1380 3870 1496 3926 h'zec
1525 3871 1664 3925 bona
1693 3871 1891 3926 exhor-

294 3958 449 4026 latio,
468 3946 597 4030 qlia:
620 3961 677 4015 in
702 3962 807 4017 hoc
834 3958 1043 4032 psalmo
1082 3961 1425 4033 intelligitur,
1456 3970 1539 4017 est
1556 3962 1732 4017 'Da'vid
1763 3948 1891 4031 pro:

288 4052 473 4121 pheta;
500 4051 789 4124 dirigentis
834 4054 1080 4109 inﬁdeles
1101 4095 1115 4120 ,
1148 4055 1421 4126 praecipue
1446 4054 1658 4110 Judt'eos
1696 4054 1891 4123 quibus

290 4142 406 4200 hac
450 4144 761 4214 prophetat,
796 4145 854 4199 in
882 4144 1060 4213 ﬁnem,
1107 4145 1159 4199 id
1199 4153 1315 4211 est,
1359 4146 1412 4200 in
1452 4145 1625 4216 gratia
1654 4144 1890 4211 Christi,

290 4234 382 4305 qui
424 4242 516 4290 est
562 4234 685 4291 linis
706 4243 764 4291 et
790 4233 1187 4291 consummatio
1216 4237 1349 4306 legis
1384 4245 1440 4291 ct
1480 4238 1887 4307 prophetarum.

290 4323 531 4383 Intentio
554 4326 837 4398 PrOphetae
869 4336 954 4385 est
981 4328 1037 4383 in
1072 4328 1173 4383 hoc
1212 4329 1421 4399 psalmo
1448 4330 1515 4384 ad
1557 4330 1892 4385 exhortatio-

292 4430 419 4472 nem
456 4424 515 4473 et
552 4417 824 4473 salubrem
852 4418 1279 4475 admonitionem
1308 4421 1690 4476 commendare
1718 4421 1894 4475 omni-

290 4506 393 4564 bus
410 4551 429 4577 ,
470 4518 527 4563 et
548 4508 820 4581 praecipue
845 4509 1046 4567 Judaais
1067 4552 1082 4577 ,
1109 4514 1340 4584 gratiam
1371 4512 1506 4569 Novi
1537 4512 1890 4581 Testamenti,

295 4613 729 4657 consummatam
758 4617 857 4673 per
884 4603 1200 4659 Christum:
1244 4604 1384 4669 Quia
1425 4604 1509 4659 lea;
1547 4622 1639 4675 per
1678 4603 1896 4674 Moysen

295 4693 420 4748 data
444 4702 540 4759 est,
565 4688 735 4765 gra'lia
755 4704 805 4749 et
817 4696 1010 4749 veritas
1030 4713 1123 4766 per
1141 4694 1324 4749 Iesum
1356 4695 1622 4750 Christum
1648 4698 1789 4767 facta
1818 4703 1895 4756 est

321 4785 510 4856 (Joan.
556 4789 596 4858 ι)
625 4806 637 4841 :
675 4796 735 4842 ut
760 4791 1045 4844 credentes
1081 4788 1379 4854 salventur,
1419 4787 1682 4842 increduli
1712 4797 1896 4842 autem

1995 3584 2152 3639 lectis
2191 3583 2481 3639 ostendunt
2535 3581 2856 3654 simpliciter
2908 3581 3301 3638 humanitatem
3343 3581 3590 3639 Christi:

1995 3690 2116 3747 quae
2141 3674 2339 3731 dicitur
2362 3675 2604 3741 scientia,
2643 3673 2770 3747 quia
2808 3672 3033 3730 scientia
3061 3682 3147 3730 εει
3191 3675 3257 3730 de
3296 3672 3587 3738 humanis;

1998 3770 2141 3824 unde
2169 3758 2497 3839 Apostolus:
2530 3766 2681 3822 Nihil
2704 3768 2843 3822 enim
2884 3766 3122 3840 iudicavi
3150 3782 3232 3821 me
3272 3756 3415 3821 scire;
3451 3766 3590 3820 inter

1995 3878 2103 3926 vos,
2119 3861 2223 3915 nisi
2238 3859 2504 3915 Christum
2519 3859 2552 3915 J
2557 3852 2725 3926 esum,
2739 3869 2788 3914 et
2810 3860 2947 3914 hunc
2962 3858 3274 3930 cruciﬁxum
3293 3857 3348 3931 (1
3360 3856 3484 3912 Cor.
3500 3856 3587 3930 ιι).

1996 3954 2113 4009 Nox
2138 3942 2391 4008 dicuntur
2419 3940 2748 4023 imperfecti,
2778 3952 2976 4021 quibus
3019 3950 3098 4006 sol
3130 3949 3218 4007 ille
3267 3964 3430 4005 verus
3459 3964 3593 4003 non-

1999 4048 2124 4102 dum
2154 4045 2352 4111 illuxit,
2386 4045 2477 4115 qui
2508 4046 2746 4100 noudum
2776 4044 3113 4100 altitudinem
3163 4044 3461 4100 divinitatis
3499 4058 3591 4098 ca-

1999 4154 2130 4211 pere
2152 4140 2351 4205 valent,
2380 4138 2516 4196 tales
2558 4155 2664 4195 non
2703 4147 2957 4196 eructant
2982 4141 3247 4205 verbum;
3301 4138 3395 4193 sed
3449 4136 3593 4191 indi-

1999 4239 2146 4297 cant,
2175 4231 2227 4286 id
2251 4240 2353 4297 est,
2380 4232 2715 4302 simplicibus
2741 4231 2920 4287 verbis
2966 4232 3257 4287 ostendunt
3284 4229 3588 4292 scientiam,

1998 4325 2053 4379 id
2079 4332 2163 4381 est
2188 4316 2613 4380 incarnationem
2644 4325 2826 4391 Verbi,
2858 4325 2941 4378 vel
2974 4330 3199 4395 possunt
3240 4325 3421 4378 dicere
3446 4322 3593 4391 quod

2000 4416 2074 4472 illi
2097 4418 2260 4472 iidem
2289 4418 2380 4487 qui
2412 4417 2526 4472 dies
2566 4417 2670 4472 diei
2702 4425 2952 4471 eructant
2992 4406 3235 4479 verbum,
3266 4416 3594 4469 condescen-

2000 4512 2190 4566 dcntes
2244 4511 2482 4581 parvulis
2525 4510 2802 4577 Ecclesiae,
2856 4508 2983 4565 facti
3018 4525 3125 4565 nox
3177 4508 3418 4563 indicant
3445 4506 3595 4563 nocti

2001 4606 2321 4671 scientiam;
2357 4605 2499 4659 unde
2520 4604 2688 4658 illud:
2737 4602 2845 4657 Lac
2886 4603 3027 4656 vobis
3076 4612 3255 4678 potum
3296 4602 3440 4669 dedi,
3490 4617 3599 4655 non

2002 4715 2206 4763 escam;
2237 4696 2470 4751 nondum
2491 4697 2628 4750 enim
2650 4695 2899 4765 poteratis
2934 4694 3169 4749 solidum
3203 4694 3375 4749 cibum
3410 4709 3593 4763 capere

2004 4790 2053 4860 (1
2084 4790 2205 4845 Cor.
2240 4792 2344 4857 ιιι).
2370 4790 2435 4843 Et
2463 4790 2601 4843 hanc
2628 4787 3091 4842 annuntiationem
3122 4786 3327 4841 faciunt
3356 4787 3407 4840 in
3432 4785 3597 4855 pleni-

296 4892 361 4933 eo
384 4878 607 4949 gravius
628 4878 969 4943 damnentur,
995 4894 1100 4947 quo
1128 4879 1298 4950 magis
1329 4878 1433 4933 illis
1461 4879 1709 4933 innotuit.
1733 4878 1897 4933 Com-
1921 4860 1977 4919 Ῑ)
2006 4881 2191 4937 tudine
2212 4881 2453 4936 omnium
2484 4880 2812 4951 linguarum,
2847 4877 3053 4933 scilicet
3079 4895 3183 4931 non
3213 4887 3332 4932 sunt
3354 4874 3595 4947 loquelw,

298 4968 525 5024 mendat
545 4976 725 5024 autem
755 4971 898 5025 hanc
927 4970 1155 5039 gratiam
1187 4987 1255 5025 ex
1284 4971 1728 5041 praedicatoribus
1753 4973 1892 5042 ejus,

299 5068 352 5114 et
383 5076 453 5116 ex
498 5058 828 5116 discretione
856 5061 1292 5131 praedicationis,
1339 5070 1394 5117 et
1438 5077 1503 5117 ex
1542 5063 1895 5133 amplitudine

301 5154 473 5222 ipsius
496 5154 895 5225 praedicationis
921 5173 933 5207 :
976 5156 1102 5224 quia
1130 5156 1378 5210 omnibus
1404 5156 1602 5226 linguis
1619 5164 1673 5211 et
1692 5158 1747 5211 in
1775 5172 1894 5213 om-

302 5260 427 5299 nem
470 5254 694 5300 terram.
741 5245 809 5300 Et
837 5259 936 5315 per
975 5246 1220 5312 auxesin,
1253 5247 1619 5317 comparando
1646 5262 1769 5304 eam
1794 5263 1892 5304 ve-

306 5335 409 5391 teri
432 5335 551 5408 legi
565 5332 957 5392 administratae
981 5352 1077 5408 per
1096 5352 1333 5395 servum.

378 5428 508 5487 Caeli
530 5440 781 5487 enarrant
802 5430 1027 5502 gloriam
1046 5431 1165 5487 Dei.
1197 5432 1278 5488 Ac
1302 5433 1345 5488 si
1370 5433 1514 5490 dicat
1538 5451 1551 5485 :
1583 5433 1899 5493 Exteriores

307 5520 433 5580 εωὶί
455 5516 865 5588 enarraverunt,
898 5522 1113 5594 quando
1151 5533 1278 5580 nato
1311 5526 1540 5582 Domino
1563 5541 1705 5583 nova
1746 5527 1901 5584 stella

309 5617 563 5687 apparuit
589 5615 811 5689 (Matth.
848 5617 935 5690 ιι),
964 5627 1019 5673 ει
1044 5621 1261 5689 quando
1288 5620 1409 5677 caeli
1439 5621 1612 5691 aperti
1653 5628 1781 5676 sunt
1809 5637 1900 5676 su-

308 5725 411 5782 per
431 5727 575 5779 eum,
602 5721 658 5769 et
676 5728 780 5768 vox
810 5713 991 5770 audita
1022 5724 1142 5769 est:
1172 5700 1274 5768 Hié
1296 5722 1370 5769 est
1394 5712 1567 5768 Filius
1596 5730 1741 5769 meus
1768 5714 1901 5769 dile-

314 5803 661 5876 ctusufatth.
689 5805 804 5877 ιιι);
836 5804 991 5861 vobis
1026 5806 1227 5864 Judzeis
1260 5814 1656 5862 enarraverunt
1677 5807 1901 5878 gloriam

318 5894 445 5962 Dei,
462 5896 514 5953 id
536 5904 623 5953 est
646 5896 843 5953 Filium
868 5898 996 5967 Dei,
1026 5900 1078 5953 in
1123 5914 1229 5969 quo
1274 5901 1415 5956 Deus
1442 5900 1605 5955 Pater
1634 5900 1900 5972 gloriosus

321 5990 583 6057 apparuit.
609 5989 676 6043 Et
707 6005 810 6044 non
836 5990 1003 6045 solum
1026 5991 1099 6045 illi
1122 5992 1420 6046 exteriores
1451 5992 1591 6056 coeli,
1623 5994 1715 6047 sed
1737 5992 1901 6047 etiam

314 6078 538 6157 quidam
570 6083 855 6139 interiores
894 6099 1122 6152 quorum
1154 6083 1332 6139 anima
1370 6084 1523 6139 sedes
1555 6086 1644 6140 Dei
1676 6094 1777 6144 est.
1813 6085 1905 6153 qui

2006 4974 2059 5028 id
2086 4982 2171 5027 est
2207 4972 2421 5041 linguae,
2452 4988 2613 5041 neque
2647 4987 2933 5036 sermones,
2964 4971 3015 5025 id
3049 4978 3134 5027 est
3164 4971 3477 5030 varietates,
3540 4966 3595 5021 iu

2006 5064 2136 5134 ipsis
2160 5063 2379 5132 linguis,
2406 5078 2629 5132 quorum
2657 5076 2969 5116 sermonum
2996 5078 3141 5115 voces
3170 5077 3272 5113 non
3308 5050 3596 5112 audiantur

2007 5174 2036 5211 a
2068 5156 2512 5228 przedicatoribus
2541 5153 2673 5207 Novi
2707 5154 3038 5208 Testamenti
3068 5172 3079 5206 :
3138 5153 3210 5206 ita
3255 5150 3491 5221 proprie,
3536 5154 3596 5201 ut

2005 5264 2186 5302 eorum
2216 5260 2493 5304 sermones
2520 5246 2829 5311 videantur,
2850 5261 2959 5301 non
2989 5244 3177 5299 alienae
3203 5240 3598 5311 linguze.Uuus-

2007 5338 2236 5409 quisque
2290 5336 2657 5408 apostolorum
2698 5336 2887 5390 habuit
2919 5349 3111 5391 omnes
3155 5332 3398 5401 linguas;
3450 5330 3596 5399 quod

2010 5430 2296 5501 figurabat,
2333 5429 2477 5499 quod
2502 5428 2601 5497 ille
2635 5442 2795 5498 quem
2826 5425 3188 5496 praedicabant
3227 5437 3292 5477 ex
3325 5422 3599 5476 omnibus

2009 5522 2249 5576 omnium
2268 5519 2571 5590 linguarum
2596 5534 2735 5573 unus
2752 5517 3003 5573 Christus
3015 5504 3427 5585 congregandos
3448 5523 3588 5568 erat.

2010 5616 2077 5671 Et
2103 5616 2229 5686 quia
2257 5630 2445 5668 omnes
2474 5602 2691 5684 linguas“
2708 5609 3220 5673 novéi‘unt,‘.iiieo\in
3250 5624 3452 5662 omnem
3481 5616 3592 5661 ter-

2008 5723 2125 5761 ram
2144 5706 2297 5771 exivit
2326 5721 2508 5769 sonus,
2532 5704 2581 5758 id
2610 5708 2693 5757 est
2718 5700 3047 5772 praedicatio,
3078 5692 3278 5767 eorum,
3314 5700 3367 5756 id
3396 5707 3498 5765 est,
3540 5699 3595 5753 in

2010 5815 2223 5855 omnem
2256 5799 2517 5853 ambitum
2546 5805 2720 5850 terrae.
2756 5794 2897 5850 Bene
2941 5794 3129 5860 exivit,
3175 5794 3303 5865 quia
3350 5792 3499 5861 prius
3541 5791 3599 5844 in

2011 5892 2192 5948 Judaea
2230 5891 2689 5962 prmdicaverunt;
2738 5886 2879 5943 unde
2935 5887 3065 5943 illud
3101 5905 3114 5941 :
3163 5886 3488 5955 lucipientes
3528 5882 3598 5934 ab

2014 5984 2311 6040 Jerusalem
2338 5997 2459 6053 quae
2488 5990 2572 6036 est
2598 5980 2649 6035 in
2684 5978 2865 6037 medio
2896 5989 3054 6035 terrae
3104 5978 3255 6049 (Luc.
3289 5975 3436 6045 xxrv)
3464 5994 3475 6027 :
3524 5972 3599 6027 ibi

2017 6079 2161 6133 cnim
2186 6086 2363 6143 natus,
2391 6075 2461 6129 ibi
2500 6091 2714 6144 jussus,
2764 6073 2838 6130 ibi
2866 6074 3015 6143 prius
3050 6071 3389 6140 prmdicatus,
3445 6069 3503 6119 l1!
3546 6068 3599 6119 iu
