3978 6436
379 475 484 534 239

1027 472 1285 530 REMlGll
1315 468 1973 530 ANTISSIODORENSIS
2007 467 2158 526 OPP.
2198 466 2379 525 PARS
2413 469 2454 522 i.
2495 497 2565 508 --
2597 464 3006 524 EXEGETICA.

3547 468 3653 525 240

376 595 509 664 ﬁnes
537 591 674 646 orbis
695 599 872 656 terra),
913 589 966 645 id
1001 600 1104 658 est,
1151 592 1205 646 in
1247 589 1554 660 adjacentes
1582 589 1783 646 insulas
1811 590 1964 643 verba
1994 593 2042 650 Α
2069 583 2170 640 sibi
2200 591 2528 649 occurreret,
2560 582 2611 638 id
2640 589 2724 637 est
2751 581 2958 652 aequale
2979 587 3140 646 esset,
3160 589 3359 652 praeter
3384 595 3655 640 summum

377 701 597 744 eorum:
631 686 804 741 Aliter
835 701 850 739 :
898 683 1023 740 Non
1065 694 1185 739 sunt
1216 684 1455 756 loqueltv,
1490 700 1652 754 neque
1680 697 1962 745 sermones,

376 795 598 851 quorum
631 794 730 832 non
763 778 1054 832 audiantur
1073 793 1219 832 voces
1241 793 1442 831 eorum.
1467 774 1632 842 Quasi
1659 773 1803 829 dicat
1825 787 1839 826 :
1858 771 1968 826 Nec

379 869 454 925 ibi
495 878 704 926 tantum
730 877 1125 924 enarraveruut
1172 867 1292 922 illas
1337 866 1569 938 linguas,
1600 864 1686 920 vel
1742 863 1966 935 gloriam

378 964 474 1019 Dei
502 963 607 1020 illis
634 963 832 1034 linguis
859 962 949 1018 ubi
995 977 1088 1017 eas
1129 961 1432 1016 didicerunt
1472 975 1503 1015 a
1543 957 1751 1030 Spiritu
1778 966 1966 1012 sancto

381 1055 548 1122 docti,
580 1055 672 1126 qui
695 1055 776 1110 eis
803 1053 1052 1124 apparuit
1084 1055 1136 1107 in
1159 1056 1340 1124 specie
1361 1051 1524 1124 ignis,
1553 1049 1760 1108 faenum
1786 1049 1967 1105 carnis

379 1162 568 1205 eorum
595 1155 1035 1215 consumpturus,
1068 1161 1257 1200 aurum
1283 1158 1472 1199 eorum
1496 1143 1820 1214 probaturus
1839 1156 1854 1206 ;
1873 1139 1967 1196 sed

379 1241 434 1296 in
466 1255 683 1296 omnem
726 1249 928 1297 terram
973 1239 1144 1295 exivit
1187 1254 1350 1295 sonus
1394 1252 1604 1293 eorum.
1650 1236 1850 1291 Aliter:
1900 1233 1969 1289 In

379 1349 585 1390 omnem
605 1343 824 1400 terram,
850 1333 904 1389 id
944 1340 1047 1398 est,
1087 1334 1142 1387 in
1183 1347 1376 1388 omnes
1419 1339 1641 1385 vocatos
1691 1336 1746 1386 et
1786 1341 1971 1382 sacra-

377 1427 577 1482 mentis
601 1425 988 1482 ecclesiasticis
1025 1424 1285 1480 initiatos.
1336 1423 1513 1478 Exibit
1561 1437 1721 1477 sonus
1763 1435 1994 1486 eorum,

378 1524 436 1580 id
463 1533 548 1579 est
567 1522 902 1594 praedicatio,
931 1537 1054 1592 qua:
1080 1520 1185 1576 illis
1207 1519 1308 1574 fuit
1327 1532 1528 1575 sonus:
1562 1517 1689 1589 quia
1720 1531 1849 1570 aure
1876 1529 1967 1570 so-

379 1611 494 1670 lum
531 1613 777 1683 corporis
817 1620 1155 1682 receperunt,
1189 1619 1245 1666 et
1285 1625 1391 1665 non
1441 1623 1574 1664 aure
1613 1607 1814 1672 cordis,
1850 1620 1970 1676 quae

377 1713 464 1761 est
487 1704 637 1759 auris
679 1703 929 1759 audiendi
955 1721 967 1757 :
1003 1702 1137 1757 tales
1163 1701 1514 1757 nominantur
1543 1707 1754 1754 tantum
1786 1707 1965 1752 terrae.

376 1795 448 1850 Et
471 1810 580 1850 non
613 1801 820 1849 tantum
846 1794 897 1848 in
925 1794 1111 1850 orbem
1142 1803 1320 1860 terrae,
1348 1793 1402 1847 id
1432 1799 1536 1858 est,
1579 1789 1849 1860 perfectos
1875 1787 1969 1859 qui

377 1903 438 1943 se
462 1887 574 1957 jam
609 1894 789 1942 mente
814 1894 1206 1942 contraxerunt
1245 1901 1274 1939 a
1305 1884 1555 1950 terrenis,
1595 1883 1690 1939 sed
1719 1883 1881 1939 etiam
1911 1881 1970 1936 in

2066 676 2184 747 ejus
2213 691 2240 730 a
2284 691 2390 746 quo
2436 690 2649 730 summo
2683 689 2934 744 egressus
2980 682 3084 738 est,
3139 673 3192 727 id
3244 681 3330 730 est
3379 673 3562 730 Patre.
3608 677 3655 732 Δ

2065 788 2268 828 summa
2293 769 2440 836 caelo,
2470 770 2524 826 id
2553 777 2638 826 est
2656 784 2688 824 a
2713 768 2895 834 Patre,
2920 767 3161 840 egressio
3184 767 3321 838 ejus,
3373 777 3430 824 et
3460 785 3654 826 occur-

2067 880 2160 922 sus
2186 864 2302 934 ejus
2325 878 2495 934 usque
2521 863 2588 917 ad
2616 877 2889 918 summum
2911 861 3046 933 ejus,
3086 861 3140 916 id
3177 868 3280 926 est,
3311 875 3421 917 non
3451 862 3659 919 invenit

2067 956 2210 1028 quod
2239 956 2340 1012 sibi
2372 962 2686 1012 occurreret
2709 967 2883 1026 usque
2911 953 2979 1008 ad
3000 967 3272 1009 summum
3306 950 3446 1022 ejus,
3486 952 3540 1008 id
3573 962 3659 1010 est

2069 1061 2239 1117 usque
2260 1047 2384 1102 dum
2418 1046 2578 1102 rediit
2601 1045 2670 1102 ad
2689 1044 3054 1116 aequalitatem
3085 1043 3286 1111 Patris,
3301 1045 3659 1102 rediittamen

2068 1147 2440 1212 competenter
2468 1147 2712 1210 accepto.
2735 1138 2944 1194 Aliter:
2981 1136 3110 1194 Caeli
3136 1148 3387 1194 enarrant
3433 1139 3645 1212 glorian

2072 1233 2184 1290 Dei.
2237 1235 2410 1303 Quam
2456 1234 2736 1305 gloriam?
2783 1233 2853 1289 In
2894 1233 3005 1290 sole
3049 1235 3222 1306 posuit
3261 1234 3659 1290 tabernaculum

2069 1347 2242 1386 suum.
2265 1328 2450 1385 Potest
2478 1335 2534 1385 et
2553 1328 2633 1384 sic
2651 1326 2956 1384 continuari
2980 1344 2994 1382 :
3021 1326 3088 1382 In
3110 1342 3314 1382 omnem
3334 1337 3530 1383 terram
3551 1327 3661 1384 exi-

2071 1423 2139 1477 vit
2167 1438 2327 1477 sonus
2362 1438 2564 1488 eorum,
2593 1430 2642 1476 et
2669 1421 2728 1475 in
2754 1420 2887 1490 ﬁnes
2907 1419 3046 1474 orbis
3076 1429 3230 1476 teme
3262 1420 3418 1476 verba
3456 1436 3660 1476 eorum.

2072 1511 2138 1567 Et
2163 1513 2285 1568 ideo
2311 1519 2463 1582 patet
2482 1511 2624 1583 quod
2640 1511 2697 1565 in
2719 1511 2850 1577 sole,
2880 1511 2932 1565 id
2961 1518 3063 1578 est,
3091 1511 3145 1565 in
3173 1520 3359 1582 aperto
3383 1519 3437 1566 et
3463 1511 3517 1566 in
3545 1526 3664 1566 am-

2068 1604 2350 1676 plitudine,
2378 1619 2487 1659 non
2509 1603 2562 1658 in
2591 1603 2792 1675 angulo
2808 1602 2989 1675 aliquo
3014 1613 3195 1669 terrae,
3219 1618 3326 1659 non
3349 1603 3400 1658 in
3424 1601 3662 1668 occulto,

2068 1704 2129 1752 ut
2156 1696 2376 1767 quidam
2407 1696 2648 1752 haeretici
2699 1695 2909 1763 dicunt,
2956 1693 3355 1750 tabernaculum
3397 1711 3576 1760 suum,
3609 1693 3666 1749 id

2068 1795 2152 1843 est
2191 1787 2432 1844 Ecclesia
2463 1802 2599 1855 sua;
2631 1796 2693 1843 ut
2721 1789 2827 1843 hoc
2875 1786 2949 1842 sit
2992 1787 3195 1842 dictum
3222 1794 3409 1842 contra
3437 1786 3661 1843 haereti—

2071 1895 2162 1936 cos
2189 1880 2583 1952 quosdam,qui
2609 1865 2823 1936 dicunt:
2843 1878 2982 1935 Ecce
3006 1880 3149 1950 apud
3169 1893 3269 1935 nos
3291 1889 3376 1935 est
3391 1878 3662 1945 Christus,

379 1981 511 2050 ﬁnes
551 1979 689 2033 orbis
737 1988 910 2044 terrm,
946 1977 999 2032 id
1042 1985 1145 2041 est,
1179 1975 1590 2032 excellentiores
1625 1973 1976 2030 excellentio-
2000 1975 2050 2036 B
2077 1971 2306 2028 transite
2331 1971 2397 2026 ad
2425 1986 2543 2027 nos.
2577 1969 2691 2026 Hoc
2714 1971 3011 2026 secundum
3035 1969 3416 2041 Augustinum.
3447 1968 3562 2024 Nec
3587 1978 3667 2024 est

382 2071 550 2124 ribus.
583 2066 763 2124 Verba
790 2083 976 2123 eorum
1004 2067 1109 2121 illis
1140 2066 1359 2121 fuerunt
1397 2066 1584 2130 verba,
1630 2065 1722 2135 qui
1750 2073 1806 2119 et
1841 2076 1971 2118 aure

378 2162 562 2219 cordis
604 2170 982 2232 perceperunt,
1026 2169 1083 2215 et
1117 2174 1283 2230 opere
1309 2159 1740 2228 compleverunt.
1768 2157 1968 2212 Eorum

378 2256 519 2320 dico,
549 2255 845 2312 dicentium
877 2272 888 2307 :
932 2253 1074 2308 Deus
1101 2254 1156 2307 in
1205 2253 1312 2308 sole
1362 2251 1535 2322 posuit
1573 2249 1970 2306 tabernaculum

376 2366 554 2414 suum,
584 2347 638 2404 id
663 2359 749 2405 est
780 2361 1003 2404 carnem
1039 2363 1217 2413 suam,
1263 2347 1320 2402 in
1349 2362 1454 2417 qua
1502 2346 1570 2402 ad
1623 2354 1836 2416 tempus
1861 2345 1971 2399 Deo

379 2441 527 2496 Patri
562 2441 846 2507 militavit;
871 2441 1044 2512 posuit
1069 2441 1126 2494 in
1151 2439 1278 2504 sole,
1309 2439 1366 2495 id
1399 2448 1504 2506 est,
1535 2438 1973 2495 manifestatione

380 2535 647 2588 bonorum
695 2548 942 2604 operum,
975 2532 1102 2603 quia
1144 2531 1388 2586 inﬁrmos
1443 2531 1674 2596 curavit,
1728 2538 1972 2586 mortuos

377 2626 684 2689 suscitavit,
713 2634 1034 2696 peccatores
1050 2623 1388 2696 justiticavit.
1426 2621 1583 2680 Unde
1623 2637 1720 2692 per
1751 2631 1972 2677 contra-

379 2717 520 2771 rium
555 2735 567 2771 :
603 2717 708 2785 Qui
747 2725 896 2772 amat
919 2718 1194 2783 tenebras,
1217 2716 1332 2772 odit
1369 2715 1566 2782 lucem,
1596 2714 1704 2781 vel,
1745 2715 1799 2770 in
1840 2713 1970 2781 sole,

376 2807 429 2862 id
461 2815 545 2862 est
571 2808 624 2862 in
651 2808 858 2875 labore,
891 2808 958 2863 ad
994 2806 1299 2878 exemplum
1329 2822 1570 2863 suorum.
1608 2805 1822 2861 Aliter:
1864 2805 1972 2861 Ta-

376 2898 734 2962 bernaculum,
769 2900 823 2955 id
855 2909 940 2956 est
978 2899 1219 2955 Ecclesia
1263 2900 1318 2954 in
1345 2915 1451 2968 qua
1477 2898 1676 2953 militat
1717 2898 1888 2967 posuit
1917 2897 1974 2951 in

375 2992 506 3058 sole,
536 3003 596 3048 ut
632 3007 818 3062 supra.
850 2992 943 3058 Et,
969 3001 1028 3046 ut
1057 3007 1168 3046 sua:
1207 2991 1463 3046 Ecclesiae
1502 2989 1767 3061 praeberet
1791 3002 1974 3044 exem-

379 3089 529 3159 plum
549 3089 706 3144 bonae
729 3087 1061 3157 operationis
1089 3095 1145 3142 et
1171 3085 1392 3151 laboris,
1419 3086 1530 3155 ipse
1550 3093 1802 3156 tanquam
1815 3097 1974 3154 spon-

375 3196 467 3234 sus
517 3180 801 3250 procedens
845 3180 909 3234 de
953 3177 1188 3234 thalamo
1237 3195 1366 3246 suo;
1429 3177 1498 3232 ad
1561 3176 1970 3232 similitudinem

377 3270 584 3340 sponsi,
624 3271 716 3341 qui
741 3270 932 3327 exiens
955 3271 1022 3326 de
1055 3270 1315 3337 thalamo,
1345 3269 1402 3325 id
1427 3277 1514 3326 est
1536 3268 1766 3339 nuptiali
1801 3268 1966 3335 lecto,

2072 2066 2162 2136 qui
2185 2082 2239 2119 se
2253 2065 2540 2119 abscondat
2565 2082 2596 2118 a
2613 2063 2788 2118 calore
2808 2064 2943 2134 ejus.
2962 2061 3250 2133 Hucusque
3263 2061 3488 2118 fuerunt
3499 2060 3668 2116 verba

2072 2157 2483 2228 apostolorum:
2525 2173 2669 2212 nunc
2718 2155 2860 2211 redit
2900 2155 3170 2227 Propheta
3217 2157 3288 2212 ad
3335 2155 3666 2213 verbasua.

2073 2248 2237 2318 Quasi
2260 2249 2406 2305 dicat
2433 2267 2446 2304 :
2475 2249 2544 2303 Et
2577 2249 2697 2304 ideo
2719 2249 2844 2320 quia
2868 2256 2978 2303 tam
3003 2258 3192 2319 potens
3215 2256 3299 2304 est
3325 2257 3379 2304 et
3405 2257 3517 2303 tam
3550 2265 3671 2303 ma-

2072 2344 2268 2400 nifeste
2303 2343 2647 2414 praedicatus,
2678 2359 2783 2397 non
2812 2353 2888 2397 est
2916 2342 3090 2422 quise
3119 2341 3427 2407 abscondat,
3462 2341 3517 2395 id
3559 2350 3669 2406 est,

2073 2458 2335 2499 excusare
2362 2441 2534 2512 possit
2560 2459 2594 2495 a
2623 2440 2797 2495 calore
2824 2439 2962 2510 ejus,
2985 2439 3040 2494 id
3060 2447 3168 2505 est,
3190 2453 3222 2491 a
3249 2436 3563 2508 cognitione
3583 2435 3669 2490 vel

2073 2551 2105 2592 a
2139 2550 2384 2592 munere.
2424 2535 2582 2590 Sicut
2607 2535 2752 2590 enim
2781 2548 3012 2604 magnus
3041 2531 3180 2603 ignis
3225 2529 3366 2587 calet
3387 2539 3444 2586 et
3481 2529 3666 2601 splen-

2073 2629 2183 2696 det,
2214 2629 2288 2683 ita
2315 2629 2566 2685 Christus
2590 2627 2766 2694 calet;
2811 2619 2940 2697 quia
2967 2625 3150 2680 nullus
3179 2632 3263 2681 est
3299 2623 3394 2694 qui
3435 2639 3545 2680 non
3572 2624 3669 2678 hac

2072 2723 2199 2778 beat
2236 2722 2453 2793 aliquod
2501 2736 2700 2777 munus
2756 2731 2884 2775 sua:
2916 2719 3105 2791 gratia:
3156 2732 3267 2789 quo
3297 2733 3448 2774 .eum
3496 2717 3670 2787 possit

2074 2829 2387 2884 agnoscere,
2418 2828 2519 2869 nec
2546 2813 2712 2867 etiam
2746 2826 2990 2882 paganus
3013 2809 3228 2880 aliquis.
3256 2807 3447 2863 Nullus
3475 2824 3546 2878 se
3571 2823 3667 2862 ex-

2074 2923 2266 2963 cusare
2286 2914 2464 2977 potest
2485 2906 2551 2960 de
2572 2898 2897 2975 cognitione,
2929 2901 3057 2973 quia
3084 2899 3261 2954 nullus
3289 2909 3375 2955 est
3404 2913 3608 2954 vacuus
3639 2914 3666 2952 a

2073 3012 2319 3054 munere.
2351 2996 2643 3052 invisibilia
2663 2994 2808 3051 enim
2832 2992 3003 3064 ipsius
3016 3005 3113 3061 per
3130 3005 3195 3046 ea
3215 3006 3335 3061 quae
3356 2990 3498 3045 facta
3519 3000 3667 3056 sunt,

2074 3087 2368 3154 intellecta,
2401 3085 2640 3157 conspici
2684 3093 2912 3156 possunt
2932 3098 3031 3155 per
3056 3083 3324 3138 rationem
3360 3082 3670 3139 hominibus

2074 3181 2255 3236 datam
2286 3178 2465 3252 (Rom.
2491 3179 2553 3250 ι).
2587 3179 2656 3233 Ει
2696 3192 2808 3233 non
2832 3177 3055 3241 mirum,
3102 3175 3148 3230 si
3192 3174 3372 3230 nullus
3400 3189 3459 3230 se
3499 3175 3671 3245 possit

2074 3289 2334 3330 excusare
2359 3274 2425 3329 de
2450 3274 2555 3328 hac
2594 3271 2797 3342 gloria;
2829 3271 2972 3342 quod
2994 3285 3115 3326 eam
3131 3285 3252 3338 non
3278 3269 3451 3340 possit
3472 3268 3672 3324 intelii.

375 3361 580 3416 incedit
603 3361 770 3416 variis
811 3361 1148 3417 ornamentis
1174 3369 1399 3417 ornatus
1431 3379 1444 3414 :
1487 3361 1562 3416 ita
1607 3359 1858 3416 Christus
1905 3361 1971 3415 de
1999 3363 2045 3427 C
2076 3383 2204 3441 gere
2221 3368 2307 3424 vel
2327 3368 2635 3432 observare,
2657 3366 2783 3438 quia
2802 3365 2889 3420 tea;
2912 3364 3150 3431 Domini,
3179 3364 3229 3418 id
3255 3371 3340 3420 est
3358 3363 3441 3419 lex
3456 3363 3666 3433 gratiae,

379 3462 538 3509 utero
557 3453 732 3509 beata:
777 3452 984 3518 Mariae,
1015 3453 1069 3507 iu
1097 3467 1207 3524 quo
1234 3453 1336 3510 sibi
1363 3467 1642 3523 sponsam,
1672 3452 1726 3508 id
1750 3461 1836 3508 est
1863 3452 1968 3508 Ec-

377 3543 602 3599 clesium
631 3559 808 3608 suam,
834 3545 1161 3600 assumenda
1189 3554 1431 3600 nostram
1487 3559 1709 3601 carnem
1751 3544 1972 3615 copula-

374 3637 473 3704 vit,
497 3638 748 3693 omnibus
780 3636 1070 3694 virtutibus
1107 3647 1330 3694 ornatus
1373 3639 1572 3706 exivit;
1612 3647 1667 3693 et
1702 3639 1972 3709 praacipue

376 3727 706 3795 humilitate,
734 3745 840 3799 qua
869 3729 1178 3799 superbiam
1208 3730 1414 3785 inimici
1429 3739 1547 3785 erat
1574 3731 1966 3786 destructurus.

375 3821 497 3892 ipse
541 3823 722 3878 taliter
767 3832 997 3879 ornatus
1038 3823 1338 3890 exsultavit,
1391 3823 1447 3878 id
1493 3833 1596 3890 est,
1631 3823 1971 3879 exsultauter

377 3912 496 3978 ivit,
520 3923 576 3966 ut
605 3915 775 3984 gigas,
811 3913 862 3968 id
898 3922 983 3970 est
1021 3923 1081 3968 ut
1116 3912 1296 3981 fortis,
1341 3913 1412 3969 ad
1455 3915 1770 3969 currendum
1809 3915 1966 3982 viam,

385 4021 495 4059 non
521 4012 580 4059 ut
611 4005 947 4062 detineretur
977 4005 1031 4060 in
1053 4005 1176 4071 via;
1204 4005 1513 4060 humilitate
1542 4005 1686 4060 enim
1717 4018 1814 4076 per
1839 4005 1972 4059 cha-

376 4099 598 4154 ritatem
631 4095 734 4153 fuit
770 4097 910 4154 infra
930 4113 1142 4166 omnes,
1175 4099 1460 4169 majestate
1492 4113 1622 4154 vero
1649 4114 1812 4169 supra
1849 4114 1970 4154 om-

376 4206 495 4246 nes.
523 4189 655 4260 Ejus
681 4192 922 4248 charitas
951 4201 1006 4248 et
1052 4191 1330 4248 humilitas
1378 4208 1485 4247 non
1530 4201 1616 4249 est
1642 4208 1800 4264 passa
1845 4208 1969 4249 eum

377 4285 666 4352 retardari,
694 4294 754 4341 ut
795 4286 1184 4358 dedignaretur
1206 4287 1318 4357 pati
1367 4285 1587 4358 indigna
1639 4287 1883 4357 corporis
1915 4296 1972 4342 et

376 4378 611 4448 abjecta.
641 4378 892 4436 Potentia
921 4395 1048 4436 vero
1079 4379 1196 4452 ejus
1230 4379 1531 4434 divinitatis
1569 4395 1676 4436 non
1721 4381 1971 4451 permisit

381 4470 604 4526 attineri
638 4471 694 4526 in
718 4481 911 4537 morte,
939 4487 1043 4528 nec
1079 4471 1188 4526 ulla
1217 4471 1444 4527 adversa
1473 4470 1787 4526 formidare.
1845 4471 1970 4528 ideo

375 4559 436 4618 in
463 4561 551 4617 via
573 4564 838 4630 cucurrit;
871 4578 978 4618 non
1006 4571 1091 4618 est
1129 4563 1379 4618 detentus
1406 4563 1462 4618 in
1488 4564 1597 4619 via.
1626 4563 1798 4630 Quam
1824 4565 1968 4618 viam

376 4654 496 4726 ipse
521 4655 814 4728 subjungit.
844 4656 888 4708 Α
905 4671 1110 4710 summo
1137 4654 1263 4709 ctelo
1287 4655 1510 4726 egressio
1546 4654 1681 4725 ejus,
1727 4655 1781 4710 id
1811 4664 1912 4720 εει,
1937 4672 1967 4710 a

2074 3475 2193 3531 qua:
2223 3467 2307 3515 est
2333 3457 2581 3514 Christus
2595 3464 2650 3514 et
2675 3456 2794 3528 ejus
2813 3457 3088 3512 mandata.
3112 3454 3223 3510 Lex
3246 3455 3385 3510 enim
3403 3471 3496 3525 per
3517 3453 3672 3524 Moy-

2073 3567 2165 3605 sen
2193 3550 2321 3604 data
2365 3559 2461 3615 est,
2505 3548 2678 3620 gratia
2715 3557 2774 3619 _et
2825 3547 3016 3601 veritas
3066 3562 3159 3617 per
3186 3545 3370 3600 Iesum
3401 3544 3668 3600 Christum

2073 3643 2216 3712 facta
2265 3652 2340 3697 est
2371 3641 2644 3714 (Joan.1).
2685 3639 2780 3695 illa
2818 3640 2907 3695 lex
2945 3638 3157 3695 Domini
3201 3639 3564 3704 immaculata,
3618 3639 3668 3692 id

2073 3743 2176 3802 est,
2229 3735 2602 3792 immaculatos
2651 3733 2875 3800 faciens,
2920 3733 3045 3804 quia
3081 3731 3168 3788 lex
3204 3732 3347 3787 servi
3380 3731 3667 3800 maculata,

2073 3835 2293 3898 propter
2321 3824 2688 3883 diilicultatem
2726 3824 3172 3896 praevaricatores
3207 3821 3430 3879 faciens.
3471 3822 3670 3879 Jubere

2073 3919 2218 3974 enim
2250 3920 2448 3989 potuit,
2480 3935 2586 3975 non
2619 3918 2874 3990 adjuvare
2913 3926 2975 3972 ut
3030 3917 3363 3987 impleretur.
3394 3984 3396 3986 τ
3424 3916 3525 3972 Hic
3571 3933 3670 3988 per

2075 4016 2299 4070 auxesin
2323 4031 2514 4071 novam
2545 4015 2721 4087 legem
2749 4015 3114 4082 commendat,
3158 4016 3525 4086 comparando
3546 4029 3664 4068 eam

2075 4107 2262 4160 veteri.
2297 4106 2437 4162 Vere
2477 4107 2846 4173 immaculata,
2896 4108 3021 4178 quia
3061 4115 3362 4161 convertens
3388 4106 3597 4160 animas
3637 4120 3669 4158 a

2074 4201 2335 4256 servitute
2377 4202 2430 4256 in
2479 4201 2826 4259 libertatem:
2879 4217 2911 4256 a
2964 4202 3160 4256 timore
3209 4200 3265 4255 in
3319 4200 3666 4255 charitatem.

2072 4290 2199 4346 Iam
2232 4309 2337 4348 non
2359 4293 2532 4348 dicam
2568 4311 2655 4349 vos
2682 4308 2895 4360 servos,
2933 4294 3024 4348 sed
3067 4293 3265 4348 amicos
3303 4307 3445 4346 meos
3479 4290 3662 4364 (Joan.

2075 4383 2191 4458 xv).
2217 4381 2310 4440 Vel
2352 4384 2436 4440 lex
2483 4387 2623 4441 servi
2652 4386 3002 4442 convertebat
3055 4399 3278 4440 manum
3321 4383 3406 4438 vel
3449 4382 3668 4438 oculum

2075 4476 2307 4544 timore;
2363 4476 2478 4532 haec
2529 4477 2741 4533 animas
2790 4476 3060 4534 convertit
3107 4477 3176 4532 ab
3229 4475 3399 4532 illiciti
3458 4491 3663 4530 amore.

2076 4567 2452 4623 Testimonium
2487 4567 2700 4622 Domini
2747 4567 2900 4638 ﬁdele
2924 4609 2940 4636 ,
2986 4568 3136 4639 quia,
3164 4582 3273 4625 non
3310 4564 3487 4623 fallit:
3533 4566 3669 4622 nihil

2072 4663 2215 4716 enim
2266 4669 2496 4716 testatur
2547 4662 2690 4732 quod
2731 4677 2842 4717 non
2889 4662 2964 4718 sit
3015 4675 3224 4716 verum.
3272 4659 3666 4719 Testimonium

373 4747 543 4804 Patre
575 4749 820 4818 procedit
846 4745 1103 4811 Verbum,
1153 4747 1244 4817 qui
1296 4762 1567 4802 summum
1612 4745 1808 4802 caelum
1861 4747 1966 4803 dici
1996 4752 2215 4814 Dservi
2275 4751 2510 4820 infidele,
2559 4753 2686 4824 quia
2736 4767 2879 4825 saepe
2928 4750 3156 4808 fefellit:
3206 4751 3346 4808 male
3375 4760 3554 4808 tamen
3587 4753 3670 4806 in-

373 4849 578 4912 potest,
602 4855 711 4895 non
733 4839 969 4894 essentia
996 4838 1454 4909 majestatis,quae
1477 4855 1582 4894 una
1608 4848 1691 4894 est
1714 4840 1767 4895 in
1793 4839 1967 4895 tribus

375 4935 646 5007 personis,
691 4935 788 4991 sed
813 4935 1004 4991 ordine
1049 4949 1158 5005 quo
1203 4935 1511 4993 hominibus
1557 4937 1827 4994 notificari
1876 4953 1968 4992 vo-

375 5025 498 5083 luit.
527 5025 770 5081 Primum
797 5026 992 5083 coelum
1018 5035 1103 5082 est
1131 5027 1290 5083 Pater
1318 5037 1373 5082 et
1417 5045 1711 5095 summum,
1749 5030 1875 5100 quia
1901 5030 1968 5084 ab

376 5131 446 5174 eo
472 5119 716 5190 procedit
741 5116 934 5186 Filius,
969 5119 1020 5173 id
1048 5127 1152 5186 est,
1183 5120 1433 5177 voluntas
1466 5136 1565 5191 per
1595 5137 1761 5193 quam
1785 5121 1967 5177 omnia

376 5219 638 5280 Operatur
669 5228 683 5266 :
711 5224 831 5281 qua:
855 5224 964 5265 non
989 5219 1076 5266 est
1098 5209 1244 5265 aliud
1278 5211 1333 5266 in
1363 5213 1604 5268 essentia
1651 5227 1811 5281 quam
1855 5210 1969 5280 ipsc

376 5310 463 5356 est
489 5301 669 5367 Pater,
697 5301 823 5372 quia
869 5300 923 5356 in
967 5302 1078 5360 Deo
1121 5301 1270 5357 nulla
1297 5311 1383 5359 est
1411 5302 1717 5367 diversitas,
1765 5299 1967 5356 nullum

377 5392 653 5450 accidens.
706 5392 1017 5450 Secundum
1065 5394 1264 5450 caelum
1315 5404 1401 5450 est
1440 5395 1678 5450 Verbum
1729 5408 1760 5447 a
1807 5393 1970 5449 Patre

375 5484 697 5554 procedens.
729 5481 972 5540 Tertium
1000 5484 1196 5540 caelum
1226 5493 1312 5539 est
1342 5484 1603 5550 charitas,
1639 5484 1691 5538 id
1733 5492 1837 5551 est,
1889 5484 1969 5538 di-

377 5576 545 5633 lectio
571 5584 627 5632 ει
653 5576 942 5633 conwrdia
972 5576 1266 5632 voluntatis
1303 5577 1398 5632 Dei
1426 5576 1603 5630 Patris
1630 5594 1642 5628 :
1674 5576 1799 5645 quia
1829 5592 1966 5630 llllll-

376 5681 544 5737 quam
569 5665 689 5735 ejus
714 5666 965 5736 voluntas
995 5676 1259 5734 mutatur,
1288 5668 1372 5722 vel
1401 5668 1469 5723 ab
1498 5682 1564 5722 eo
1606 5667 1872 5722 dissentit.
1900 5665 1966 5721 Et

377 5773 629 5813 occursus
653 5758 766 5829 ejus
797 5775 959 5830 usque
983 5759 1053 5813 ad
1081 5775 1344 5814 summum
1366 5757 1501 5829 ejus.
1527 5755 1620 5814 Sic
1640 5758 1816 5829 ipsum
1840 5756 1969 5814 Ver-

376 5849 508 5906 bum
537 5849 935 5920 quodammodo
953 5853 1220 5922 processit
1248 5868 1277 5907 a
1300 5852 1480 5918 Patre,
1496 5852 1712 5921 quando
1737 5851 1790 5906 in
1807 5866 1968 5906 carne

378 5951 657 6015 assumpta
701 5959 760 6000 se
804 5943 1188 6011 manifestavit,
1220 5955 1278 6001 ut
1311 5945 1444 6002 nihil
1498 5945 1766 6000 inveniret
1820 5945 1964 6015 quod

2078 4845 2352 4902 tellecmm
2392 4846 2558 4902 Vetus
2605 4845 3011 4902 Testamentum
3037 4887 3053 4912 ,
3095 4845 3304 4902 scilicet
3342 4844 3658 4908 carnaliter,

2076 4937 2191 4990 haec
2217 4936 2416 4991 dicitur
2439 4937 2672 5006 cperari.
2713 4935 2857 4990 Nam
2893 4951 2991 5006 per
3036 4952 3096 4994 se
3139 4937 3226 4993 lex
3257 4936 3347 4996 illa
3373 4945 3429 4992 et
3477 4951 3509 4989 a
3561 4937 3669 4991 Do-

2077 5027 2222 5082 mino
2247 5035 2351 5092 est,
2377 5033 2432 5081 et
2451 5035 2663 5092 sancta,
2691 5036 2746 5081 et
2776 5026 3123 5082 inunaculata
3149 5035 3206 5081 et
3229 5041 3337 5081 nou
3364 5025 3520 5080 fallit.
3553 5025 3668 5079 Tibi

2075 5120 2210 5174 dabo
2225 5130 2417 5174 terram
2431 5121 2568 5174 hanc
2581 5129 2627 5174 et
2643 5121 2828 5174 semini
2843 5129 2932 5174 tuo
2946 5117 3100 5191 (Gen.
3117 5120 3234 5192 xv),
3249 5118 3543 5175 carnaliter
3566 5118 3669 5172 hoc

2079 5222 2426 5284 acceperunt,
2469 5224 2523 5268 et
2560 5214 2682 5270 ideo
2726 5213 2937 5283 decepti
2982 5222 3128 5280 sunt,
3159 5212 3316 5269 multi
3346 5212 3491 5267 enim
3520 5209 3665 5264 illam

2039 5373 2045 5382 ἡ
2078 5319 2186 5359 non
2216 5305 2488 5370 viderunt,
2517 5313 2571 5358 et
2599 5304 2705 5359 alia
2733 5305 3040 5376 hujusmodi
3067 5303 3256 5359 multa.
3285 5303 3484 5374 Legem
3510 5311 3668 5358 vocat

2077 5398 2219 5454 idem
2245 5401 2390 5468 quod
2421 5398 2787 5454 testimonium
2815 5415 2828 5452 :
2868 5397 2954 5453 lex
2984 5407 3084 5461 est,
3117 5397 3242 5468 quia
3281 5405 3517 5452 coercet.
3566 5395 3670 5451 Tc-

2076 5490 2390 5545 stimnnium
2419 5491 2470 5545 in
2495 5489 2797 5560 promissis,
2819 5489 2922 5545 hoc
2946 5488 3105 5546 modo
3129 5487 3315 5544 fidele:
3341 5486 3665 5558 Sapientiam

2075 5593 2331 5654 praestans
2360 5583 2615 5653 parvulis,
2655 5583 2707 5638 id
2748 5591 2864 5650 est,
2905 5583 3176 5653 sapienter
3203 5583 3344 5638 scire
3372 5592 3427 5636 ct
3453 5581 3666 5652 operari

2077 5673 2258 5728 omnia
2288 5689 2409 5743 quae
2434 5673 2615 5729 audivi
2639 5688 2669 5727 a
2695 5672 2858 5729 Patre
2888 5658 3029 5738 meo,
3062 5682 3188 5728 uota
3220 5673 3321 5727 feci
3362 5672 3462 5727 eis.
3496 5669 3666 5725 Nemo

2078 5765 2214 5819 novit
2247 5763 2462 5819 Patrem
2500 5765 2601 5820 nisi
2636 5763 2812 5819 Filius
2847 5775 2895 5820 et
2933 5768 3017 5820 cui
3049 5766 3265 5821 voluerit
3304 5761 3481 5819 Filius
3526 5778 3670 5816 reue-

2075 5853 2186 5908 lare
2212 5855 2426 5926 (Matth.
2466 5857 2583 5928 χι);
2621 5857 2880 5927 parvulis,
2913 5858 2964 5913 id
3003 5867 3086 5913 cst
3128 5855 3441 5912 humilibus.
3484 5851 3664 5921 Con/i-

2076 5958 2186 6001 tcor
2205 5950 2318 6016 tibi,
2334 5949 2556 6004 Domine
2583 5949 2760 6016 Pater,
2783 5951 2906 6020 quia
2929 5951 3247 6007 abscondisti
3273 5950 3384 6006 htec
3404 5966 3436 6003 a
3456 5949 3663 6014 sapien-
