3978 6432
334 484 434 542 241

1435 485 1971 571 ENABRA'I‘IONES
2007 486 2075 543 IN
2115 489 2451 550 PSALMOS.
2520 500 2527 511 '

3492 502 3601 557 242

332 604 489 670 tibus,
522 612 569 659 et
599 604 837 660 revelain
867 621 928 662 ea
954 606 1185 677 parvulis
1218 604 1369 678 (Luc.
1407 606 1483 677 χ).
1524 606 1916 663 Testimonium
1944 606 1995 667 Α
2024 616 2133 664 ιιιο.
2182 611 2387 667 Etenim
2417 630 2592 671 servus
2621 626 2742 672 tuus
2772 620 2998 674 custodit
3034 637 3117 684 ea,
3160 621 3215 676 id
3259 630 3374 689 est,
3418 622 3603 693 justus

330 698 474 756 servi
499 697 601 755 fuit
623 699 863 767 inﬁdele,
890 701 1015 772 quia
1041 692 1155 758 haec
1176 703 1459 759 abscondit
1477 704 1733 774 parvulis.
1760 704 1915 761 Unde

332 790 629 847 Dominus:
671 790 763 847 Va:
791 793 953 858 vobis,
988 792 1188 848 Scriba:
1214 804 1261 849 et
1292 794 1569 860 Phariswi,
1600 797 1687 865 qui
1716 797 1916 850 habetis

329 881 499 937 claves
534 885 841 953 sapientiae;
880 901 971 939 nec
1009 903 1093 940 vos
1126 887 1364 951 intratis,
1414 904 1505 941 nec
1552 888 1682 943 alios
1720 890 1915 943 intrare

328 976 627 1044 permittitis
652 974 866 1048 (Matth.
893 978 1075 1048 χχιιι).
1099 979 1332 1034 Justitiw
1356 980 1571 1036 Domini
1594 993 1781 1037 rectm:
1802 983 1916 1052 ejus

320 1063 755 1132 justilicationes,
770 1083 905 1139 quas
928 1069 1039 1139 ipse
1062 1070 1237 1135 docet,
1262 1080 1386 1125 sunt
1409 1080 1599 1139 rectae;
1626 1074 1751 1143 quia
1772 1075 1915 1143 quod

321 1153 481 1223 jubet
522 1157 737 1224 facere,
767 1158 882 1230 ipse
930 1158 1096 1227 facit;
1130 1160 1284 1231 jubet
1312 1164 1508 1229 verbo,
1552 1168 1696 1235 quod
1734 1176 1916 1223 monet

326 1250 580 1320 exemplo
605 1267 621 1317 ;
664 1266 854 1307 servus
884 1261 1061 1308 autem
1092 1268 1234 1324 saepe
1261 1256 1432 1319 docet,
1458 1259 1599 1327 quod
1629 1258 1807 1316 facere
1832 1259 1916 1315 vel

325 1355 439 1395 non
470 1349 645 1411 potest
672 1342 757 1397 vel
787 1358 892 1399 non
920 1344 1052 1399 vult.
1080 1344 1317 1418 Alligaut
1348 1348 1493 1403 enim
1524 1364 1689 1405 onera
1730 1353 1915 1424 gravia

323 1443 380 1489 et
411 1434 796 1505 importabilia,
825 1446 879 1492 et
917 1438 1196 1509 imponunt
1223 1440 1277 1494 in
1306 1442 1560 1498 humeros
1596 1444 1909 1514 hominum,

323 1528 497 1600 digito
517 1539 697 1585 autem
719 1546 817 1587 suo
841 1532 1029 1588 nolunt
1056 1548 1118 1588 ea
1146 1549 1360 1589 movere
1384 1535 1591 1608 (Ibid).
1615 1536 1918 1608 Lretiﬁcan-

323 1623 642 1678 tes-corda:
680 1626 809 1696 quia
839 1642 938 1696 per
984 1628 1327 1683 dilectionem
1376 1626 1513 1681 bona
1561 1636 1771 1700 operari
1821 1632 1915 1687 do-

322 1724 473 1782 cent,
505 1732 612 1772 non
641 1733 739 1788 per
762 1719 1032 1776 timorem.
1061 1720 1390 1795 Prwceptum
1425 1727 1667 1795 Domini,
1710 1730 1761 1785 id
1798 1739 1911 1799 est,

319 1805 538 1863 Novum
568 1807 999 1879 Testamentum,
1022 1812 1279 1881 Incidunt,
1312 1817 1428 1871 sine
1460 1818 1761 1876 velamento
1794 1837 1915 1878 car-

319 1898 530 1954 nalium
581 1900 1037 1959 Observationum.
1098 1905 1249 1962 Unde
1299 1908 1470 1964 illud:
1524 1909 1595 1964 Et
1632 1930 1736 1967 non
1775 1916 1910 1968 sicut

2018 703 2109 771 qui
2138 719 2241 759 non
2278 715 2479 773 servat,
2511 724 2616 763 non
2662 710 2871 781 diligit:
2915 710 2977 767 Si
3019 712 3237 782 diligitis
3284 731 3393 779 me,
3444 732 3596 769 man-

2018 792 2141 845 data
2187 812 2301 849 mea
2345 808 2544 852 servate
2590 799 2770 867 (Joan.
2820 802 2953 873 xlv).
2997 802 3066 857 Et
3096 803 3318 869 merito,
3368 805 3495 873 quia
3544 805 3599 858 in

2020 888 2367 942 custodiendis
2406 889 2509 943 illis
2550 893 2819 945 retributio
2854 894 3039 959 multa,
3081 911 3187 949 non
3233 896 3408 950 solum
3436 895 3486 949 in
3517 893 3602 950 ΐιιο

2021 985 2163 1042 turo,
2208 980 2304 1034 sed
2343 981 2505 1035 etiam
2552 982 2603 1037 in
2635 986 2910 1053 praesenti.
2940 986 3225 1057 Nunquam
3252 989 3395 1044 enim
3426 988 3602 1044 virtus

2016 1079 2101 1126 est
2127 1071 2245 1127 sine
2274 1075 2526 1143 praemio,
2559 1078 2697 1132 sicut
2729 1094 2830 1134 nec
2868 1080 3060 1135 vitium
3099 1082 3217 1136 sine
3262 1096 3461 1151 plena:
3501 1081 3602 1136 ha-

2016 1163 2108 1219 bet
2134 1166 2277 1220 enim
2312 1167 2399 1222 hic
2442 1171 2721 1238 praemium
2769 1172 2922 1227 bona:
2956 1174 3320 1240 conscientiae,
3360 1175 3447 1230 ille
3471 1189 3604 1230 vero

2019 1261 2340 1329 supplicium
2393 1263 2458 1318 de
2506 1265 2729 1333 praemio
2780 1267 3083 1334 vitiorum;
3147 1278 3241 1323 aut
3290 1267 3464 1323 virtus
3521 1276 3606 1322 est

2019 1350 2179 1404 inane
2205 1368 2401 1407 nomen
2424 1394 2439 1419 ,
2485 1363 2579 1409 aut
2621 1365 2768 1412 recte
2797 1358 2933 1427 petit
2975 1359 3101 1415 inde
3132 1360 3416 1429 praemium
3443 1374 3608 1429 expe-

2020 1443 2165 1499 riens
2186 1444 2285 1498 vir.
2324 1445 2390 1499 Et
2414 1445 2744 1516 Apostolus:
2789 1449 3176 1521 Cogitationum
3210 1452 3604 1515 accusantium,

2019 1543 2110 1589 aut
2133 1536 2288 1589 etiam
2311 1537 2700 1607 defendentium
2723 1540 2902 1611 (Rom.
2932 1541 3018 1614 ιι).
3042 1541 3208 1596 Multa
3230 1551 3315 1597 est
3334 1541 3423 1597 illa
3452 1543 3611 1596 retri-

2018 1628 2188 1692 butio,
2208 1644 2325 1698 quae
2346 1640 2399 1685 et
2419 1632 2509 1686 hic
2528 1642 2583 1686 et
2605 1633 2655 1687 in
2682 1634 2880 1690 futuro.
2902 1634 3103 1690 Servus
3121 1645 3245 1689 tuus
3267 1650 3328 1689 ea
3351 1634 3605 1689 custodit.

2018 1718 2085 1773 Et
2116 1722 2331 1776 merito.
2366 1721 2499 1776 Nam
2532 1723 2720 1777 delicta
2742 1726 2859 1794 quis
2890 1724 3402 1795 intelligit?scilicet
3422 1736 3606 1779 custo—

2017 1812 2235 1868 dienda.
2261 1812 2469 1879 Nullus,
2485 1816 2609 1884 quia
2626 1817 2788 1871 etiam
2812 1816 2900 1872 ille
2916 1818 3008 1887 qui
3034 1833 3136 1871 non
3154 1827 3232 1872 est
3250 1833 3440 1872 servus
3459 1826 3605 1871 tuus.

2016 1902 2187 1959 Aliter
2205 1922 2217 1958 :
2237 1904 2427 1961 Servus
2449 1916 2569 1961 tuus
2595 1908 2819 1962 custodit
2840 1925 2922 1973 ea,
2938 1909 3061 1978 quia
3084 1910 3351 1980 intelligit.
3369 1908 3504 1964 Nam
3525 1910 3612 1962 de-

320 1988 537 2060 Moyses
559 1992 794 2047 velatam
818 1995 983 2052 habet
1002 1995 1189 2066 faciem
1213 1998 1301 2070 (II
1316 1998 1439 2056 Cor.
1471 2002 1553 2075 ιιι)
1575 2021 1588 2057 :
1613 2004 1910 2062 illuminant

2023 1996 2148 2051 licta
2180 1999 2295 2069 quis
2325 1997 2610 2069 intelligit?
2638 1999 2847 2054 Nullus.
2893 1977 2968 2055 Si,
2989 2001 3223 2056 tenebrae
3251 1977 3523 2067 videntur,
3553 2006 3612 2054 et

325 2083 510 2138 oculos
536 2083 813 2144 interioris
840 2087 1095 2146 hominis.
1124 2091 1305 2148 Timor
1322 2092 1557 2161 Domini,
1588 2108 1786 2166 castus,
1814 2102 1918 2155 sci-

321 2176 451 2231 licet
491 2191 599 2232 non
644 2178 842 2235 timens
889 2182 1148 2238 accedere
1198 2192 1259 2238 ut
1311 2199 1529 2250 servus,
1576 2189 1670 2244 sed
1721 2191 1918 2246 timens

316 2268 579 2325 recedere
604 2278 662 2324 ut
685 2269 855 2338 ﬁlius;
881 2282 1114 2339 sanctus,
1144 2274 1196 2330 id
1226 2278 1702 2336 est'sanctilicans.
1732 2281 1918 2339 Timor

316 2368 505 2415 autem
536 2361 702 2427 servi,
730 2376 891 2433 poena
924 2362 1163 2422 alliciens
1188 2384 1200 2421 :
1242 2366 1566 2427 Permanens
1588 2373 1643 2427 in
1665 2374 1914 2430 strculum

314 2454 539 2520 saeculi,
579 2470 684 2510 non
714 2456 856 2526 perit
886 2466 945 2511 ut
984 2458 1072 2513 ille
1108 2460 1339 2530 poenalis
1378 2478 1536 2532 quem
1576 2464 1723 2523 foras
1750 2468 1917 2523 mittit

316 2548 583 2605 charilas.
611 2548 827 2604 Iudicia
860 2549 1076 2607 Domini
1104 2569 1255 2632 vera,
1287 2555 1573 2613 tribuendo
1599 2559 1794 2630 cuique
1824 2575 1913 2617 se-

313 2644 557 2699 cundum
609 2659 773 2715 opera
824 2660 954 2713 sua;
1011 2648 1153 2717 quod
1198 2649 1345 2705 enim
1390 2651 1560 2706 semel
1604 2655 1744 2723 apud
1789 2670 1913 2711 eum

309 2737 524 2809 justum
559 2746 664 2803 est,
704 2754 979 2808 nunquam
1007 2748 1284 2797 mutatur:
1324 2751 1381 2799 et
1413 2758 1732 2811 econverso,
1772 2749 1914 2817 quod

317 2832 491 2886 semel
536 2831 795 2900 injustum
823 2848 1102 2905 nunquam
1140 2835 1201 2889 ﬁt
1234 2835 1459 2907 justum.
1496 2838 1617 2894 Ideo
1650 2855 1812 2907 vera,
1860 2842 1912 2897 id
1952 2880 1965 2891 .

313 2931 403 2979 est
426 2924 803 2989 immutabilia,
833 2926 960 2996 quia
984 2926 1282 2995 justiﬁcata
1306 2928 1363 2983 in
1384 2932 1679 3001 semetipsa.
1703 2931 1911 2988 Judicia

315 3014 605 3070 hominum
629 3016 751 3071 ideo
778 3032 919 3087 saepe
946 3028 1071 3073 sunt
1097 3019 1319 3089 injusta,
1350 3022 1477 3091 quia
1509 3021 1726 3079 aliunde
1744 3024 1909 3095 justi-

315 3106 599 3173 ticantur;
643 3123 785 3178 saepe
810 3109 953 3180 quod
994 3125 1131 3166 unus
1160 3109 1358 3180 injuste
1381 3112 1607 3182 judicat,
1644 3115 1784 3171 alter
1817 3116 1912 3187 qui

313 3200 515 3255 melius
560 3200 692 3264 scit,
744 3201 875 3257 illud
917 3203 1179 3274 corrigit;
1221 3203 1435 3260 Domini
1488 3216 1666 3263 autem
1704 3209 1909 3279 judicia

312 3306 537 3363 semper
565 3307 690 3347 vera
714 3334 728 3359 ,
776 3294 905 3365 quia
943 3293 1160 3350 aliunde
1203 3310 1312 3351 non
1346 3294 1733 3366 justilicantur.
1761 3298 1909 3381 .Quis

312 3386 458 3442 enim
484 3387 721 3458 cognovit
758 3403 967 3442 sensum
1010 3386 1269 3442 Domini?
1305 3398 1395 3443 aut
1422 3391 1537 3460 quis
1576 3391 1909 3448 consiliarius

312 3486 434 3558 ejus
459 3485 563 3555 fuit
584 3485 606 3555 (
612 3483 763 3543 Rom.
796 3484 909 3555 xs)?
936 3484 1068 3551 Quis
1090 3486 1236 3554 prior
1262 3486 1403 3538 dedit
1430 3485 1545 3551 illi,
1577 3496 1625 3539 et
1655 3486 1908 3541 retribue-

314 3588 406 3633 tur
426 3578 475 3632 ei
498 3578 524 3632 2
559 3576 942 3633 Desiderabilia
973 3585 1099 3633 sunt
1138 3576 1227 3631 illa
1262 3575 1465 3645 judicia
1504 3595 1660 3648 super
1680 3578 1908 3634 multum

313 3687 512 3726 aurum
529 3669 826 3741 pretiosum
847 3680 897 3725 et
918 3686 1080 3742 super
1103 3670 1334 3727 multum
1355 3672 1581 3743 lapidem
1603 3673 1905 3744 pretiosum,

310 3762 402 3819 vel
425 3776 592 3833 super
617 3762 839 3817 multum
868 3762 1268 3829 desiderabilia,
1294 3773 1343 3819 et
1366 3763 1607 3819 dulciora
1632 3783 1789 3836 super
1807 3766 1909 3822 mel

311 3865 362 3909 et
389 3855 590 3924 favum,
632 3855 683 3910 id
710 3866 814 3921 est,
850 3856 1075 3912 meliora
1119 3865 1245 3912 sunt
1272 3872 1435 3928 quam
1460 3859 1642 3914 omnia
1669 3861 1904 3929 pretiosa

311 3946 482 4018 hujus
509 3946 690 4003 saeculi
731 3957 785 4003 et
824 3946 1085 4016 jucunda.
1132 3948 1334 4015 Aliter,
1377 3949 1423 4004 si
1466 3950 1626 4005 altius
1657 3951 1907 4009 insistere

309 4038 603 4094 volumus:
634 4037 778 4094 Dicit
823 4038 886 4095 B.
932 4038 1170 4095 Paulus:
1202 4039 1261 4095 Si
1288 4042 1404 4111 quis
1427 4041 1717 4099 aedificavit
1752 4061 1909 4115 super

309 4133 719 4203 fundamentum
747 4135 876 4198 hoc,
908 4152 1099 4191 aurum
1121 4176 1137 4203 ,
1181 4136 1382 4208 lapides
1408 4140 1658 4209 pretiosos
1677 4181 1692 4207 ,
1733 4142 1906 4197 salvus

309 4227 414 4280 erit
456 4223 508 4297 (I
537 4223 659 4280 Cor.
690 4226 795 4298 ιιι).
824 4225 905 4282 Illi
942 4236 1068 4283 sunt
1111 4242 1302 4283 aurum
1332 4240 1388 4285 et
1416 4230 1623 4302 lapides
1648 4234 1903 4303 pretiosi,

310 4316 411 4387 qui
457 4318 669 4389 purgati
718 4326 773 4374 et
813 4319 1048 4389 probati,
1074 4329 1393 4390 exspectant
1420 4330 1481 4376 ut
1508 4322 1560 4377 in
1590 4323 1907 4381 thesaurum

308 4408 413 4467 Dei
440 4409 772 4466 deferantur.
816 4410 884 4466 Et
927 4411 982 4466 hi
1012 4411 1323 4469 desiderant
1361 4412 1566 4483 judicia
1609 4416 1705 4471 Dei
1744 4432 1907 4487 super

310 4519 507 4558 aurum
543 4513 601 4559 et
645 4503 878 4575 lapidem
909 4504 1206 4574 pretiosum
1228 4546 1243 4573 ,
1285 4506 1339 4562 id
1381 4515 1496 4573 est,
1526 4507 1649 4578 plus
1677 4509 1907 4579 diligunt

307 4597 649 4653 voluntatem
697 4596 792 4653 Dei
834 4611 997 4668 quam
1028 4613 1213 4665 suam,
1242 4598 1369 4668 quia
1410 4599 1528 4671 ejus
1567 4600 1905 4658 voluntatem

309 4707 426 4748 sua:
456 4690 719 4747 voluntati
755 4698 1096 4763 prteponunt.
1132 4691 1210 4746 llli
1255 4699 1387 4747 sunt
1421 4691 1559 4758 mel,
1600 4694 1694 4763 qui
1741 4694 1903 4750 soluti
1932 4727 1984 4788 υ

310 4784 544 4841 vinculis
585 4783 800 4851 carnis,
847 4798 955 4839 non
984 4798 1043 4839 re
1072 4784 1168 4839 sed
1198 4792 1400 4849 mente,
1432 4791 1494 4838 ut
1523 4783 1653 4840 illud
1680 4803 1694 4839 :
1736 4782 1903 4856 Cupio

311 4876 527 4933 dissolvi
552 4887 603 4934 et
640 4893 751 4933 esse
774 4868 906 4933 cum
952 4875 1161 4932 Christo
1210 4874 1439 4950 (Philip.
1468 4876 1552 4950 ι),
1586 4887 1905 4950 exspectant

313 4972 459 5027 diem
486 4971 632 5027 illam
659 4972 716 5027 in
744 4986 851 5043 qua
881 4970 1195 5029 deierantur
1224 4972 1280 5028 in
1308 4972 1481 5044 epulis
1513 4973 1630 5029 Dei.
1668 4973 1749 5029 llli
1780 4984 1906 5030 sunt

312 5064 491 5131 favus,
522 5065 614 5135 qui
642 5063 964 5121 circumdati
1009 5079 1209 5132 carne,
1254 5080 1360 5121 non
1401 5067 1663 5133 concreti,
1713 5080 1909 5137 exspe-

313 5168 467 5217 ctant
518 5140 935 5230 expressionem.
962 5175 1156 5216 manus
1206 5175 1316 5215 non
1365 5159 1753 5231 opprimentis,
1809 5160 1905 5216 sed

314 5251 670 5323 exprimentis
694 5251 821 5319 Dei,
871 5258 932 5306 ut
967 5251 1277 5323 eliquentur
1309 5265 1342 5305 a
1388 5250 1672 5321 temporali
1704 5250 1813 5306 vita
1848 5251 1903 5305 in

314 5354 610 5411 aeternam;
648 5345 739 5401 isti
769 5353 915 5411 sunt,
939 5346 1032 5416 qui
1058 5346 1193 5402 adeo
1212 5345 1324 5416 jam
1347 5354 1472 5402 sunt
1498 5345 1713 5417 purgati
1737 5346 1904 5413 intus,

317 5438 461 5507 quod
492 5436 619 5493 licet
658 5437 713 5492 in
742 5438 943 5493 mundo
972 5438 1149 5494 adhuc
1179 5449 1497 5505 versantur,
1533 5447 1710 5493 tamen
1750 5437 1908 5493 facile

319 5526 390 5583 ab
417 5525 534 5597 ejus
563 5541 749 5583 amore
776 5526 1018 5598 separari
1060 5536 1315 5597 possunt;
1347 5542 1448 5583 nec
1485 5542 1621 5598 opus
1655 5536 1739 5584 est
1763 5536 1822 5583 ut
1852 5529 1906 5585 in

318 5615 599 5683 torculari,
642 5616 696 5672 id
739 5625 823 5674 est
863 5618 1012 5687 gravi
1054 5632 1310 5687 pressura
1354 5629 1688 5689 premantur,
1726 5628 1787 5675 ut
1827 5622 1908 5677 di-

323 5719 477 5766 scant
514 5711 774 5767 mundum
820 5711 1090 5768 deserere.
1133 5712 1201 5767 Et
1237 5711 1291 5766 hi
1333 5712 1641 5768 desiderant
1690 5712 1904 5767 Domini

318 5802 522 5873 judicia
549 5821 707 5875 super
738 5803 839 5859 mel
876 5814 922 5859 et
948 5804 1158 5874 favum,
1210 5805 1264 5859 id
1309 5812 1418 5874 est,
1468 5805 1587 5874 plus
1630 5819 1789 5875 quam
1824 5820 1902 5859 se.

326 5890 420 5949 Vel
463 5895 774 5950 desiderant
798 5903 858 5949 ut
899 5908 1063 5965 supra
1106 5910 1164 5951 se
1204 5895 1454 5962 veniant,
1484 5896 1608 5966 quia
1652 5894 1904 5966 intrepidi

328 5996 641 6061 exspectant
659 5987 917 6063 judicent.
942 5988 1331 6048 Desiderabilia
1355 5998 1483 6048 sunt
1517 5996 1711 6047 natura
1748 6004 1907 6047 servo

2022 2089 2217 2146 delicta
2244 2089 2629 2161 intelliguntur.
2649 2089 2863 2157 Videre,
2881 2099 2967 2147 est
2996 2107 3026 2145 a
3052 2092 3289 2147 tenebris
3317 2092 3605 2147 recedere:

2020 2190 2076 2237 et
2106 2182 2429 2254 intelligere,
2461 2198 2491 2237 a
2524 2182 2719 2239 delicto
2748 2186 3021 2248 recedere,
3052 2182 3119 2238 de
3158 2183 3244 2238 bis
3270 2183 3394 2238 dico
3418 2182 3510 2251 qui
3552 2182 3610 2238 in

2021 2272 2233 2329 delictis
2270 2281 2397 2327 sunt
2438 2272 2578 2329 sicut
2615 2273 2683 2328 de
2712 2272 2818 2328 illis
2863 2273 2954 2343 qui
2995 2274 3048 2328 in
3091 2274 3333 2329 tenebris
3368 2272 3608 2329 fuerunt.
3646 2334 3649 2337 ν

2017 2366 2192 2421 Aliter
2221 2384 2233 2420 :
2271 2366 2466 2422 Servus
2494 2376 2616 2420 tuus
2641 2368 2869 2421 custodit
2895 2384 2977 2421 ea.
3010 2366 3115 2422 Sed
3153 2366 3231 2421 illi
3272 2377 3397 2421 sunt
3430 2366 3609 2437 pauci,

2018 2459 2110 2529 qui
2141 2458 2441 2531 intelligere
2479 2460 2687 2529 possint
2719 2459 2937 2526 delicta,
2968 2468 3025 2515 et
3052 2458 3328 2516 custodire
3356 2467 3445 2513 tua
3466 2457 3611 2528 judi-

2016 2551 2120 2606 cia.
2169 2549 2304 2605 Nam
2346 2550 2540 2607 delicta
2586 2552 2709 2623 quis
2749 2551 3019 2624 intelligit,
3052 2551 3127 2606 ita
3154 2560 3216 2606 ut
3253 2562 3380 2607 sunt
3409 2550 3610 2605 intelli—

2015 2647 2190 2717 genda
2211 2647 2236 2701 ?
2260 2647 2467 2703 scilicet
2500 2656 2561 2702 ut
2586 2648 2721 2703 vitet
2749 2650 2849 2704 ea?
2877 2648 3068 2715 Pauci,
3096 2648 3206 2705 imo
3235 2664 3333 2718 per
3359 2663 3417 2703 se
3454 2646 3605 2703 nulli.

2013 2738 2139 2795 ldeo
2168 2739 2234 2795 ab
2257 2739 2474 2795 occultis
2498 2741 2629 2795 meis
2659 2741 2858 2795 munda
2881 2757 2985 2795 me.
3012 2740 3187 2795 Aliter
3216 2758 3229 2794 :
3263 2740 3400 2808 Quia
3431 2756 3609 2794 servus

2014 2838 2135 2885 tuus
2178 2831 2403 2886 custodit
2438 2848 2524 2897 ea,
2565 2830 2651 2885 vel
2686 2830 2813 2901 quia
2865 2831 2920 2887 in
2963 2831 3329 2887 custodiendis
3373 2830 3478 2885 illis
3526 2840 3611 2885 est

2014 2923 2301 2979 retributio
2330 2923 2526 2989 multa,
2560 2922 2682 2979 ideo
2710 2923 2779 2978 ab
2811 2922 3038 2979 occultis
3070 2923 3208 2978 meis
3250 2922 3448 2976 munda
3494 2937 3603 2987 me,

2014 3017 2065 3071 id
2089 3024 2193 3082 est,
2224 3016 2580 3088 originalibus
2604 3016 2837 3082 delictis,
2866 3032 2987 3088 quae
3012 3017 3222 3073 occulte
3240 3032 3272 3071 a
3292 3016 3613 3087 parentibus

2012 3109 2167 3179 quasi
2218 3109 2563 3165 hazreditario
2604 3108 2729 3178 jure
2770 3110 3146 3166 descendunt:
3181 3119 3232 3166 et
3279 3110 3343 3165 ab
3386 3109 3607 3174 alienis,

2012 3200 2065 3256 id
2095 3210 2198 3267 est,
2230 3202 2297 3257 ab
2318 3202 2404 3259 bis
2432 3218 2552 3273 quae
2580 3218 2687 3258 non
2715 3218 2745 3257 a
2768 3203 3085 3273 parentibus
3111 3202 3379 3268 contraxi,
3405 3200 3613 3256 scilicet

2014 3294 2083 3348 ab
2123 3293 2209 3349 his
2254 3309 2373 3363 qua:
2422 3288 2609 3363 postea
2645 3294 2849 3359 addidi,
2871 3310 3031 3363 parce
3061 3310 3206 3348 servo
3235 3302 3338 3355 tuo,
3371 3292 3465 3362 qui
3500 3306 3609 3347 non

2016 3387 2306 3459 pepercisti
2342 3388 2534 3443 liberto
2564 3395 2677 3442 tuo.
2726 3386 2897 3441 Aliter
2927 3403 2940 3440 :
2970 3385 3253 3442 Occultum
3285 3384 3386 3439 fuit
3419 3399 3610 3455 pecca-

2016 3490 2127 3536 tum
2176 3481 2393 3551 quando
2436 3479 2679 3536 diabolus
2724 3479 2990 3551 peccavit,
3036 3480 3163 3549 quia
3212 3478 3521 3549 superbiam
3554 3478 3607 3531 in

2013 3574 2227 3629 occulto
2254 3583 2309 3628 et
2334 3590 2364 3628 a
2395 3587 2454 3629 se
2483 3574 2688 3629 habuit.
2718 3572 2967 3627 Alienum
2991 3570 3113 3639 fuit,
3140 3588 3239 3644 per
3263 3571 3403 3642 quod
3429 3571 3605 3624 Adam

2014 3665 2211 3721 cecidit
2238 3681 2254 3719 ί
2284 3666 2409 3736 quia
2439 3680 2470 3719 a
2493 3664 2707 3721 diabolo
2738 3663 2944 3719 alienus
2975 3670 3112 3718 erat.
3158 3663 3299 3718 Dicit
3326 3677 3454 3732 ergo
3481 3676 3496 3715 :
3520 3659 3599 3713 Ab

2014 3758 2235 3813 occultis
2270 3758 2424 3824 meis,
2454 3758 2507 3812 id
2538 3766 2640 3823 est,
2681 3773 2711 3813 a
2739 3756 2897 3812 malis
2928 3744 3367 3827 cogitationibus,
3407 3754 3606 3807 munda

2010 3866 2115 3917 me,
2155 3851 2209 3905 id
2240 3858 2345 3916 est,
2377 3852 2573 3906 munda
2606 3866 2700 3905 cor
2724 3865 2926 3905 meum.
2959 3849 3025 3904 Et
3058 3849 3124 3902 ab
3168 3847 3376 3913 alienis,
3408 3847 3462 3901 id
3496 3854 3602 3909 est,

2011 3958 2043 3996 a
2091 3942 2248 3997 malis
2285 3942 2725 4011 persuasionibus
2768 3940 2995 3996 aliorum
3042 3954 3204 4010 parce
3251 3953 3320 3994 ne
3367 3952 3602 3993 consen-

2011 4036 2162 4091 tiam.
2210 4034 2373 4092 Servo
2419 4046 2531 4103 tuo,
2578 4035 2633 4091 id
2669 4044 2753 4091 est
2816 4034 2971 4098 meis,
3020 4033 3109 4103 qui
3150 4046 3247 4102 per
3291 4030 3603 4101 superbiam

2010 4146 2041 4186 a
2071 4138 2128 4186 te
2157 4131 2413 4187 recedere
2436 4129 2651 4198 nolunt,
2679 4131 2773 4186 sed
2800 4145 2901 4201 per
2925 4128 3285 4185 humilitatem
3317 4126 3414 4183 tibi
3444 4124 3603 4181 subdi

2008 4228 2216 4284 volunt.
2260 4228 2388 4285 Ideo
2432 4244 2588 4300 parce
2640 4244 2787 4283 servo
2821 4238 2934 4292 tuo,
2980 4225 3105 4295 quia
3158 4240 3263 4280 non
3314 4222 3603 4295 pepercisti

2009 4322 2203 4379 liberto
2234 4330 2350 4388 tuo,
2398 4322 2449 4376 id
2493 4329 2577 4376 est
2615 4321 2744 4375 Adae
2774 4320 2843 4374 ab
2886 4318 3059 4373 aliena
3102 4316 3478 4388 persuasione,
3509 4314 3602 4384 qui

2009 4415 2295 4485 praeceptis
2342 4414 2448 4468 tuis
2482 4411 2705 4467 obedire
2757 4410 2967 4474 noluit,
3022 4408 3207 4462 volens
3249 4422 3370 4462 esse
3418 4406 3598 4460 liber:

2009 4504 2175 4559 Erilis
2221 4503 2355 4558 sicut
2390 4504 2465 4557 dii
2516 4499 2671 4573 (Gen.
2714 4500 2818 4572 ιιι).
2870 4499 2994 4555 Ideo
3022 4514 3156 4569 rogo
3190 4506 3251 4552 ut
3294 4513 3325 4551 a
3365 4496 3603 4568 propriis

2011 4595 2261 4661 mundes,
2291 4602 2349 4651 et
2382 4595 2449 4649 ab
2492 4592 2683 4649 alienis
2723 4607 2937 4663 parcas,
2970 4589 3095 4662 quia
3127 4589 3173 4644 si
3217 4588 3321 4643 mei
3352 4604 3459 4642 non
3487 4587 3603 4657 fue-

2011 4691 2115 4744 rint
2145 4687 2423 4750 dominati,
2454 4695 2577 4739 tunc
2622 4684 2991 4739 immaculatus
3020 4699 3137 4749 ero,
3168 4682 3221 4737 id
3258 4690 3364 4749 est,
3413 4680 3602 4737 crimi-

2009 4782 2118 4837 nali
2162 4788 2387 4852 peccato
2432 4779 2577 4850 quod
2623 4779 2877 4834 maculat.
2922 4777 3059 4833 Nota
3102 4777 3247 4848 quod
3291 4792 3397 4833 non
3448 4775 3602 4841 dicit,

2008 4874 2066 4931 Si
2092 4875 2192 4929 mei
2226 4890 2307 4928 me
2355 4890 2459 4927 non
2488 4873 2733 4943 fuerint:
2791 4874 2885 4928 sed
2938 4872 3106 4938 addit,
3143 4871 3420 4927 deminuti.
3477 4866 3599 4923 Non

2008 4970 2153 5025 enim
2194 4974 2373 5038 potest
2395 4980 2537 5033 esse,
2567 4966 2803 5037 quandiu
2830 4981 3014 5022 sumus
3037 4966 3092 5022 in
3122 4966 3225 5021 hoc
3264 4961 3600 5034 corruptibili

2010 5073 2262 5130 corpore,
2292 5067 2353 5112 ut
2408 5073 2514 5112 non
2551 5059 2623 5113 sit
2658 5058 2714 5112 in
2769 5057 2924 5112 nobis
2952 5065 3268 5127 peccatum;
3323 5054 3419 5111 sed
3475 5063 3605 5107 tunc

2011 5152 2321 5208 dominatur
2341 5166 2463 5206 cum
2487 5150 2858 5208 consentimus
2892 5157 2946 5205 et
2974 5150 3308 5205 voluntatem
3358 5153 3601 5201 nostram

2008 5242 2059 5298 ei
2085 5241 2384 5297 subdimus.
2417 5240 2567 5296 Unde
2596 5239 2926 5309 Apostolus:
2961 5238 3085 5293 Non
3111 5253 3233 5309 ergo
3276 5244 3453 5306 regnet
3480 5252 3602 5306 pec.

2009 5345 2182 5391 catum
2202 5334 2258 5391 in
2276 5344 2441 5389 vestro
2473 5332 2685 5387 mortali
2706 5349 2921 5403 corpore
2952 5331 3129 5401 (Rom.
3158 5330 3255 5399 v1).
3289 5328 3358 5383 Et
3383 5337 3607 5399 proptea

2012 5444 2103 5483 rea
2134 5426 2331 5480 munda
2365 5442 2447 5479 me
2480 5433 2535 5479 et
2559 5441 2738 5492 parce,
2769 5424 2976 5478 scilicet
2998 5428 3058 5475 ut
3084 5435 3180 5474 nec
3203 5420 3435 5489 propriis
3455 5420 3603 5490 cogi-

2014 5521 2307 5578 tationibus
2333 5519 2517 5590 pravis
2548 5519 2763 5581 subdat,
2797 5532 2893 5569 nec
2920 5514 3110 5569 alienis
3138 5513 3599 5584 persuasionibus.

2012 5616 2082 5670 Et
2106 5613 2428 5670 emundabor
2451 5629 2483 5666 a
2514 5610 2699 5665 delicto
2730 5610 2983 5670 maximo,
3016 5606 3069 5660 id
3113 5614 3215 5670 est,
3267 5622 3296 5659 a
3350 5603 3601 5676 superbia

2010 5722 2131 5777 qua:
2171 5713 2253 5759 est
2280 5704 2574 5758 maximum
2605 5700 2858 5755 delictum
2891 5698 3019 5767 :qui
3076 5712 3197 5752 cum
3248 5705 3441 5752 czelera
3495 5694 3603 5747 sint

2012 5798 2247 5853 timenda
2279 5806 2484 5850 tanttnn
2510 5795 2562 5848 in
2595 5792 2733 5846 male
2758 5790 2937 5853 factis,
2973 5790 3116 5845 istud
3147 5790 3310 5844 etiam
3358 5790 3410 5841 in
3441 5786 3609 5838 benc-

2012 5892 2169 5948 l‘actis
2193 5902 2278 5947 est
2304 5888 2620 5945 cavendum.
2648 5886 2758 5941 lloc
2775 5886 3007 5955 primum
3031 5884 3249 5955 ingessit
3271 5897 3330 5935 se
3352 5878 3605 5933 receden-

2014 5990 2178 6057 tibus,
2228 5988 2329 6043 hoc
2369 5984 2532 6040 etiam
2567 5980 2765 6053 ingerit
2818 5994 2877 6036 se
2929 5977 3297 6036 redeuntibus.
3348 5971 3414 6026 Et
3452 5978 3598 6025 erunt
