3978 6410
221 385 338 439 245

1343 373 1880 434 ENARRATIONES
1915 375 1980 430 ΙΝ
2019 377 2352 438 PSALMOS.

3413 384 3521 442 ειε

231 511 380 555 stum
437 514 622 564 suum,
676 478 1052 554 resuscitando
1097 503 1153 550 et
1208 495 1275 550 ad
1331 495 1609 551 dexteram
1671 509 1822 548 suam
1851 493 1904 554 Α
1936 511 1952 544 ι
1993 494 2226 551 tribuisti
2266 498 2357 552 ei:
2394 498 2786 571 longitudinem
2824 499 3036 556 dierum
3081 501 3135 556 in
3181 499 3436 560 saeculum
3463 513 3522 560 et

233 592 579 649 collocando.
613 589 880 645 Emaudiet
907 591 1072 646 etiam
1117 589 1266 644 illum
1291 589 1567 645 sedentem
1591 589 1657 643 ad
1699 589 1828 644 dex-

228 693 412 741 teram
447 698 601 739 suam
617 682 691 737 de
715 681 844 737 calo
872 692 1054 738 sancto
1081 699 1198 749 suo,
1232 682 1282 736 id
1312 690 1417 749 est,
1445 681 1511 738 de
1540 681 1830 737 emissione

229 776 478 848 Spiritus
515 774 694 832 sancti
741 775 846 843 tui,
877 775 970 845 qui
1011 782 1095 832 est
1121 774 1241 847 ejus
1271 774 1492 831 omium.
1536 774 1831 831 Exauditus

225 877 315 925 est
341 869 398 924 in
429 879 597 934 terra,
613 867 1158 923 .utresuscitaretur:
1183 867 1469 924 exauditus
1493 876 1575 923 est
1593 868 1648 924 in
1669 866 1830 934 cmlo,

226 971 291 1016 ιιι
331 961 574 1032 Spiritus
597 967 819 1015 sanctus
855 961 1181 1016 mitteretur.
1209 960 1276 1014 Et
1309 961 1412 1016 hoc
1442 961 1566 1018 inde
1595 961 1830 1032 patebit,

226 1052 382 1123 quod
408 1052 561 1107 illum
589 1051 846 1108 exaudiet
871 1052 936 1108 de
962 1051 1103 1107 cmlo
1132 1059 1320 1109 sancto
1347 1069 1445 1108 suo
1471 1071 1484 1109 :
1515 1054 1640 1133 quia
1665 1054 1723 1108 in
1743 1069 1836 1125 po-

225 1147 525 1202 tentatibus
552 1147 696 1202 salus
721 1146 949 1202 denter-te
971 1147 1087 1217 ejus
1109 1189 1122 1214 ,
1145 1147 1198 1203 id
1225 1156 1336 1214 est,
1361 1148 1506 1205 salus
1528 1149 1650 1204 data
1679 1147 1836 1205 nobis

229 1256 330 1310 per
353 1239 575 1302 Filium,
593 1239 682 1309 qui
705 1238 875 1294 est-ad
898 1239 1200 1306 dexteram,
1220 1240 1337 1312 ejus
1352 1240 1456 1296 erit
1479 1240 1633 1296 nobis
1650 1248 1839 1312 poten-

230 1332 404 1396 tialis,
457 1331 667 1388 scilicet
693 1338 895 1387 aeterna
943 1337 1000 1387 et
1029 1331 1350 1388 'indciiciens
1380 1331 1546 1399 salus,
1578 1346 1697 1404 quae
1736 1347 1839 1388 nec

232 1425 453 1481 morbis
483 1422 750 1490 afﬁcitur,
776 1437 879 1479 nec
907 1424 1236 1480 mceroribus
1275 1425 1591 1491 sauciatur;
1631 1423 1744 1490 vel,
1781 1424 1841 1480 in

228 1519 707 1590 potentatibus,mt
739 1517 903 1574 etiam
934 1517 1150 1588 quando
1185 1518 1558 1586 inﬁrmamur,
1594 1527 1720 1575 tunc
1743 1533 1842 1589 po-

232 1621 419 1665 tentes
469 1609 671 1676 simus,
723 1608 868 1664 salus
916 1610 1144 1665 dexterae
1186 1620 1430 1680 aeterna;
1469 1621 1528 1666 ut
1575 1611 1746 1666 illud:
1781 1609 1843 1666 in

229 1703 467 1757 dextera
487 1700 615 1770 ejus
631 1716 742 1772 pax
771 1709 826 1757 et
855 1702 1121 1758 securitas
1149 1697 1333 1774 (Prov.
1359 1702 1468 1776 ιιι).
1513 1702 1673 1760 Salus
1709 1701 1844 1760 sini-

228 1805 400 1861 strae,
441 1794 802 1866 temporalis;
838 1805 899 1851 ut
943 1796 1115 1853 illud:
1155 1797 1222 1852 In
1264 1797 1481 1852 sinistra
1523 1813 1654 1854 vero
1698 1795 1842 1853 illius

1938 608 1957 641 ι
2000 589 2053 644 in
2081 591 2342 646 saeculum
2380 592 2581 648 saeculi.
2611 591 2802 666 Magna
2829 601 2915 650 est
2941 593 3113 667 gloria
3150 593 3265 664 ejus
3289 594 3345 650 in
3370 594 3520 651 salu-

1940 702 1958 735 ι
1993 684 2094 738 tari
2147 694 2274 740 tuo:
2315 686 2544 758 gloriam
2598 695 2654 742 et
2698 701 2954 760 magnum
2993 687 3241 744 decorem
3276 688 3524 758 importes

1939 794 1960 829 ι
1996 793 2160 848 super
2187 793 2333 836 eum.
2361 779 2626 847 Quoniam
2671 780 2824 838 dabis
2860 797 2983 838 eum
3011 783 3063 838 in
3089 781 3525 839 benedictionem

1939 887 1958 920 ι
1999 869 2052 924 in
2079 870 2332 926 saeculum
2358 871 2562 937 saeculi,
2595 871 2894 929 laetiﬁcabis
2923 889 3046 930 eum
3088 874 3140 928 in
3163 874 3360 946 gaudio
3398 889 3528 932 cum

1941 983 1960 1016 ‹
1993 964 2145 1022 vultu
2187 974 2294 1022 tuo.
2323 965 2589 1035 Quoniam
2639 985 2732 1025 rex
2776 979 2958 1041 sperat
3002 971 3059 1026 in
3094 972 3344 1038 Domino,
3384 979 3439 1027 et
3467 971 3528 1028 in

1943 1076 1962 1109 ι
2000 1057 2370 1116 misericordia
2407 1059 2672 1116 Altissimi
2724 1075 2830 1117 non
2873 1063 3322 1120 commovebitur.
3365 1062 3526 1119 inve-

1943 1168 1963 1200 ι
1999 1148 2182 1204 niatur
2226 1165 2420 1206 manus
2463 1159 2555 1206 tua
2597 1151 2849 1209 omnibus
2875 1152 3114 1209 inimicis
3142 1153 3273 1220 tuis,
3304 1153 3529 1210 dextera

1944 1259 1964 1294 ι
2001 1250 2089 1298 tua
2127 1242 2366 1298 inveniat
2394 1258 2584 1300 omnes
2630 1245 2720 1316 qui
2761 1255 2811 1300 te
2851 1246 3103 1302 oderunt.
3144 1245 3323 1302 Pones
3347 1261 3445 1302 eos
3471 1252 3534 1302 ut

1944 1354 1964 1388 ι
2000 1335 2272 1392 clibanum
2303 1337 2445 1407 ignis
2467 1337 2523 1393 in
2547 1347 2790 1410 tempore
2810 1340 2990 1395 vultus
3017 1340 3133 1396 tui:
3174 1339 3436 1396 Dominus
3473 1340 3533 1397 in

1947 1449 1966 1482 ι
2001 1430 2083 1485 ira
2111 1446 2207 1487 sua
2247 1433 2596 1489 conturbabit
2635 1448 2759 1501 eos,
2801 1441 2862 1489 et
2907 1434 3192 1491 devorabit
3238 1449 3330 1490 eos
3367 1435 3530 1504 ignis.

1949 1543 1968 1576 ι
1998 1522 2256 1580 Fructum
2281 1540 2470 1580 eorum
2501 1525 2568 1582 de
2597 1534 2742 1582 terra
2773 1527 2968 1598 perdes
2994 1545 3010 1594 ;
3050 1534 3106 1583 et
3131 1542 3313 1584 semen
3341 1542 3535 1583 eorum

1949 1637 1969 1672 ι
2008 1634 2038 1672 a
2087 1617 2211 1675 ﬁliis
2261 1619 2561 1676 hominum.
2613 1619 2878 1688 Quoniam
2923 1620 3335 1680 declinaverunt
3381 1621 3435 1674 in
3483 1628 3539 1676 te

1951 1729 1970 1763 ι
2005 1711 2186 1777 mala;
2233 1713 2608 1783 cogitaverunt
2656 1713 2882 1769 consilia
2929 1729 3052 1784 quae
3091 1728 3201 1769 non
3243 1719 3539 1782 potuerunt

1955 1821 1973 1854 ι
2008 1803 2274 1860 stabilire.
2305 1804 2572 1871 Quoniam
2613 1819 2783 1876 pones
2807 1820 2903 1862 eos
2929 1808 3150 1861 dorsum
3175 1822 3190 1872 ;
3221 1804 3275 1859 in
3311 1803 3539 1874 reliquis

227 1891 436 1946 diuitia’.
465 1899 514 1946 et
539 1889 729 1962 gloria.
755 1889 813 1947 in
840 1907 907 1946 eo
933 1892 1079 1962 quod
1101 1891 1269 1947 dicit:
1307 1891 1572 1947 Exaudiet
1602 1892 1753 1947 illum
1775 1893 1840 1948 de
1865 1879 1914 1942 Β
1949 1913 1967 1947 ι
2000 1894 2330 1966 praeparabis
2356 1893 2560 1950 vultum
2587 1909 2795 1952 eorum.
2844 1895 3130 1961 Exaltare,
3173 1895 3400 1951 Domine
3418 1935 3434 1961 ,
3479 1894 3538 1949 in

229 1984 384 2048 emta.
428 1985 676 2040 ostendit
717 1985 1028 2055 pmmissas
1071 1985 1377 2057 optationes
1436 2003 1544 2043 non
1601 2001 1723 2043 esse
1771 2001 1842 2044 ex

229 2079 541 2145 dubietate,
569 2078 664 2134 sed
701 2092 769 2133 ex
797 2077 1084 2134 affectione
1113 2079 1368 2144 maxima.
1401 2077 1476 2134 Hi
1500 2081 1554 2142 in
1575 2079 1840 2146 curribus,

227 2181 276 2226 et
307 2172 364 2226 hi
398 2173 455 2225 in
481 2173 647 2243 equis.
677 2170 844 2239 Quasi
868 2172 1011 2228 dicat
1036 2189 1052 2226 :
1079 2171 1159 2226 illi
1190 2180 1394 2240 autem,
1428 2188 1658 2244 quorum
1691 2171 1837 2230 salus

234 2277 317 2324 est
351 2269 414 2322 in
443 2267 687 2332 sinistra,
711 2266 1016 2338 gloriantur
1045 2266 1098 2320 in
1129 2265 1456 2322 volubilibus
1494 2274 1549 2322 et
1574 2265 1629 2320 in
1653 2275 1842 2338 poten-

231 2361 325 2416 tiis
358 2358 530 2430 hujus
559 2359 764 2415 smeuli.
798 2357 869 2413 Hi
900 2359 1154 2415 invocant
1182 2367 1235 2414 te
1262 2359 1316 2412 in
1346 2359 1607 2426 curribus,
1635 2359 1845 2416 scilicet

237 2455 532 2511 venientes
558 2455 624 2509 ad
652 2453 1074 2519 invocationem,
1103 2454 1441 2510 conﬁdentes
1467 2455 1638 2524 magis
1665 2454 1715 2508 in
1751 2469 1844 2509 vo-

234 2547 505 2603 lubilibus
528 2545 692 2618 hujus
717 2545 899 2602 saeculi
938 2561 1102 2617 quam
1143 2546 1198 2600 in
1241 2554 1326 2614 te,
1358 2554 1411 2601 et
1443 2546 1561 2602 ideo
1590 2545 1735 2601 salus
1760 2553 1846 2601 est

235 2641 345 2698 illis
393 2654 504 2696 non
543 2639 603 2694 in
633 2640 1025 2710 potentatibus,
1055 2640 1148 2696 sed
1180 2639 1232 2695 in
1262 2639 1669 2697 inﬁrmitatibus
1695 2659 1708 2695 :
1736 2656 1843 2695 non

233 2735 287 2789 in
317 2734 577 2800 dextera,
603 2734 699 2790 sed
733 2733 784 2788 in
820 2733 1040 2788 sinistra
1070 2750 1081 2786 :
1125 2731 1194 2786 Et
1217 2733 1270 2786 hi
1295 2734 1352 2786 in
1378 2733 1544 2806 equis,
1573 2733 1623 2787 id
1648 2741 1754 2807 est,
1785 2732 1843 2794 in
1874 2801 1877 2803 ἓ

235 2826 503 2897 superbia
525 2834 581 2882 et
604 2825 977 2900 dignitatibus.
1006 2825 1259 2880 Tractum
1285 2825 1352 2880 ab
1373 2826 1499 2892 illis,
1522 2826 1612 2897 qui
1640 2826 1706 2881 de
1731 2835 1843 2882 toto

233 2917 412 2975 lsrael
441 2917 616 2974 tribus
647 2916 856 2982 vicibus
885 2917 946 2976 in
973 2931 1115 2972 anno
1143 2917 1505 2974 ascendebant
1535 2917 1844 2991 llierosoly.

236 3027 389 3067 mam
415 3011 484 3067 ad
507 3012 794 3067 orandum.
831 3009 944 3065 Nos
975 3020 1171 3078 autem,
1197 3011 1393 3082 quibus
1418 3010 1574 3066 dabis
1596 3010 1843 3067 laetitiam

239 3102 507 3158 salutaris
538 3101 640 3170 tui,
666 3101 1021 3162 invocabimus
1050 3116 1155 3156 non
1189 3100 1242 3155 in
1272 3100 1396 3166 illis,
1429 3101 1525 3157 sed
1555 3102 1610 3156 in
1637 3102 1846 3157 nomine

238 3196 461 3252 Domini
509 3195 603 3252 Dei
648 3197 852 3252 nostri:
891 3203 951 3250 ut
993 3181 1324 3251 clariﬁcetur
1366 3195 1419 3250 in
1462 3196 1618 3252 nobis
1647 3209 1842 3251 nomen

240 3289 414 3356 illius,
461 3289 553 3360 qui
599 3298 683 3354 est
719 3289 862 3346 Deus
903 3291 1211 3356 creatione,
1245 3298 1299 3344 et
1342 3289 1600 3345 Dominus
1630 3303 1844 3345 recrea-
1870 3271 1917 3334 Ο

238 3381 412 3437 tione.
441 3380 645 3437 Aliter:
673 3379 744 3435 Hi
773 3381 826 3434 in
857 3380 1118 3446 curribus,
1143 3389 1189 3434 et
1213 3381 1267 3434 hi
1294 3380 1346 3435 in
1371 3381 1516 3454 equis
1542 3380 1842 3449 conﬁdunt,

241 3475 708 3546 quemadmodum
754 3474 990 3531 faciebat
1037 3474 1180 3531 Esau
1225 3483 1279 3530 et
1321 3474 1445 3530 sui:
1490 3473 1604 3529 Nos
1643 3484 1843 3544 autem,

242 3568 459 3624 scilicet
496 3565 755 3624 Jacobitze
795 3567 1171 3640 pragripientes
1215 3566 1577 3640 primogenita
1617 3581 1840 3636 eorum,

242 3661 607 3718 inebcabimus
632 3662 688 3716 in
731 3663 939 3718 nomine
975 3659 1187 3715 Domini
1216 3660 1314 3716 Dei
1350 3662 1538 3726 nostri,
1579 3661 1843 3732 quemad-

243 3753 472 3810 modum
507 3749 673 3809 Jacob
705 3749 981 3820 faciebat;
1025 3768 1131 3808 non
1164 3752 1217 3806 in
1247 3751 1354 3808 alio
1380 3751 1635 3807 ﬁduciam
1675 3765 1842 3822 pone-

244 3860 393 3901 mus.
423 3844 492 3899 Et
519 3843 736 3910 merito,
763 3842 888 3914 quia
917 3844 1016 3914 ipsi
1046 3842 1260 3915 obligati
1289 3853 1406 3898 sunt
1427 3884 1441 3910 ,
1473 3842 1537 3898 ad
1563 3859 1756 3899 currus
1790 3850 1846 3898 et

245 3941 312 3996 ad
351 3955 549 4012 equos,
574 3939 759 4012 pravis
785 3939 1170 4010 cupiditatibus
1200 3937 1312 3993 suis
1347 3936 1428 3993 vel
1467 3936 1664 3994 ﬁnibus
1687 3937 1846 3992 vitio-

247 4050 397 4088 rum.
427 4031 497 4086 Et
523 4015 842 4099 ceciderunt,
877 4031 945 4085 ab
968 4030 1056 4086 illa
1088 4030 1300 4086 salute:
1343 4031 1469 4100 quia
1501 4029 1648 4102 ligati
1679 4041 1733 4086 et
1764 4031 1846 4086 in-

245 4124 466 4181 curvati
495 4125 563 4180 ad
596 4133 837 4190 terrena,
877 4138 986 4179 non
1016 4122 1200 4178 valent
1233 4129 1414 4178 mente
1443 4136 1502 4177 se
1531 4121 1742 4194 erigere
1776 4122 1845 4176 ad

243 4217 516 4274 cmlestia.
553 4216 666 4273 Nos
692 4226 892 4284 autem,
918 4215 1126 4272 scilicet
1165 4215 1259 4288 qui
1293 4214 1609 4271 invocamus
1648 4229 1843 4270 nomen

244 4310 465 4366 Domini
498 4311 591 4366 Dei
623 4312 818 4378 nostri,
844 4311 1196 4378 surreximus,
1229 4311 1282 4366 id
1318 4318 1423 4380 est,
1452 4325 1738 4382 surgemus
1776 4311 1844 4367 ab

245 4403 338 4458 illa
391 4403 742 4466 inclinatione
782 4404 1014 4472 mentis,
1053 4402 1261 4460 scilicet
1304 4403 1373 4459 ab
1417 4403 1734 4459 inﬁdelitate
1775 4402 1843 4458 ad

245 4494 410 4550 ﬁdem
441 4511 455 4562 ;
494 4504 541 4550 et
570 4495 726 4550 erecti
757 4513 939 4550 sumus
977 4512 1076 4567 per
1105 4495 1496 4566 operationem.
1545 4493 1642 4562 Et,
1668 4510 1702 4550 o
1729 4494 1840 4550 Do-

243 4585 405 4651 mine,
433 4592 492 4642 ut
516 4601 800 4658 surgamus
842 4597 896 4643 et
938 4587 1232 4660 erigamur,
1271 4585 1474 4648 salvum
1510 4585 1595 4658 fac
1635 4603 1840 4658 regem,

247 4679 630 4736 resuscitando
678 4691 734 4738 et
782 4683 851 4740 ad
903 4683 1181 4739 dexteram
1235 4690 1381 4736 tuam
1442 4682 1721 4756 ponendo,
1785 4690 1844 4746 ut

245 4773 708 4844 quemadmodum
756 4774 913 4831 nobis
955 4775 1041 4831 hic
1085 4776 1136 4830 in
1185 4773 1437 4846 passione
1468 4788 1565 4828 sua
1616 4773 1844 4832 contulit

246 4863 558 4936 exemplum
586 4867 883 4938 pugnandi,
933 4866 1004 4923 ita
1055 4866 1122 4922 ad
1174 4867 1452 4923 dexteram
1487 4874 1630 4922 tuam
1676 4866 1844 4922 inter-

247 4956 414 5026 pellet
438 4973 538 5027 pro
564 4959 742 5028 nobis,
787 4959 901 5031 ipse
942 4960 1138 5025 hostia,
1180 4958 1293 5029 ipse
1322 4957 1597 5014 sacerdos.
1627 4957 1844 5016 Exaudi

248 5064 342 5104 nos
370 5051 429 5105 in
453 5051 566 5120 die,
610 5053 662 5108 id
685 5063 786 5121 est,
805 5053 857 5109 in
887 5055 1122 5126 puritate
1147 5052 1535 5119 mentis,velin
1563 5053 1840 5121 lucelldei,

249 5157 355 5213 qua
391 5142 479 5200 die
509 5145 918 5202 invocaverimus
940 5158 1008 5201 te.
1033 5145 1149 5202 Non
1171 5146 1315 5202 enim
1345 5144 1399 5202 in
1426 5153 1584 5204 nocte
1598 5147 1843 5208 exaudis.

815 5238 1138 5296 PSALMUS
1176 5238 1292 5296 XX.

679 5349 733 5390 IN
761 5350 923 5392 FINBH
955 5349 1189 5392 PSALIUS
1227 5351 1410 5392 DAVID.

330 5441 351 5476 ι
383 5424 638 5493 Domine,
677 5425 734 5484 in
775 5427 975 5486 virtute
1007 5435 1095 5483 tua
1131 5427 1398 5484 laetabitur
1439 5441 1559 5494 rex,
1589 5433 1646 5481 et
1681 5440 1844 5496 super

262 5533 281 5568 ι
313 5518 556 5596 salutare
586 5527 735 5580 tuum
765 5520 1055 5580 exsultabit
1081 5522 1451 5578 vehementer.
1503 5519 1840 5578 Desiderium

217 5685 228 5692 _
263 5626 282 5658 ι
322 5611 499 5666 cordis
529 5610 646 5680 ejus
678 5613 913 5669 tribuisti
937 5613 1011 5679 ei,
1050 5623 1104 5669 et
1128 5613 1407 5670 voluntate
1433 5613 1699 5669 labiorum
1727 5610 1844 5680 ejus

264 5717 283 5750 ι
322 5716 424 5756 non
462 5702 722 5760 lraudasti
769 5719 914 5760 eum.
962 5704 1226 5774 Quoniam
1276 5706 1584 5778 prmvenisti
1624 5720 1746 5761 eum
1788 5704 1840 5758 in

268 5807 286 5842 ι
323 5792 782 5854 benedictionibus
812 5797 1110 5854 dulcedinis
1135 5817 1147 5853 :
1192 5799 1416 5871 posuisti
1447 5800 1500 5854 in
1526 5799 1702 5870 capite
1725 5797 1843 5868 ejus

270 5902 286 5942 t
323 5901 573 5946 coronam
614 5888 682 5948 de
726 5889 901 5966 lapide
927 5891 1183 5966 pretioso.
1220 5889 1395 5948 Vitam
1427 5891 1583 5970 petiit
1608 5908 1637 5950 a
1674 5902 1746 5962 te,
1786 5899 1839 5949 et

1947 2005 1966 2039 ‹
2003 1986 2206 2042 virtute
2221 1995 2311 2042 tua
2352 1988 2697 2045 cantabimus
2721 1995 2779 2044 et
2801 1987 3092 2062 psallcmus
3108 1987 3340 2043 virtutes
3351 1994 3496 2042 tuas.
3511 2003 3533 2038 s

2515 2077 2620 2133 EN
2625 2075 2891 2134 ARRATI
2899 2077 2964 2135 0.
3550 2093 3553 2113 ί

2013 2170 2081 2226 In
2125 2170 2284 2240 ﬁnem
2317 2169 2554 2242 psalmus
2593 2168 2785 2227 David.
2837 2169 3037 2225 Eadem
3072 2169 3306 2226 intentio
3352 2173 3438 2223 est
3481 2166 3538 2223 in

1944 2263 2049 2318 hoc
2095 2262 2324 2334 psalmo,
2370 2278 2490 2332 quae
2521 2262 2625 2318 fuit
2669 2263 2724 2318 in
2767 2262 3033 2333 superiori
3059 2280 3075 2317 :
3105 2263 3205 2320 sed
3231 2261 3306 2318 ibi
3347 2269 3542 2332 optan-

1945 2358 2013 2414 do
2054 2358 2160 2427 egit
2209 2359 2274 2413 de
2319 2358 2757 2424 resurrectione;
2805 2358 2893 2414 hic
2938 2367 3122 2414 autem
3149 2358 3324 2429 ipsum
3350 2371 3540 2413 resur-

1946 2450 2242 2506 rectionem
2289 2451 2487 2508 merito
2526 2449 2728 2508 factam
2754 2453 3120 2510 commendat.
3143 2451 3403 2527 Jungitur
3444 2467 3545 2510 au-

1947 2547 2056 2597 tem
2088 2558 2208 2598 cum
2257 2543 2550 2612 superiori,
2585 2543 2709 2600 sic:

2019 2635 2136 2690 Dixi
2169 2653 2181 2688 :
2229 2633 2467 2700 Domine,
2497 2636 2699 2691 salvum
2727 2637 2814 2708 [ac
2839 2654 3035 2709 regem,
3057 2647 3120 2697 et
3155 2637 3352 2696 merito
3378 2637 3544 2694 debes

1947 2731 2154 2786 salvum
2196 2728 2396 2794 facere,
2423 2731 2571 2802 quia,
2603 2747 2636 2788 ο
2662 2730 2886 2786 Domine
2911 2730 3090 2796 Pater,
3118 2731 3176 2787 in
3201 2730 3392 2787 uirtute
3416 2740 3540 2798 tua,

1947 2823 2114 2890 idest,
2144 2824 2198 2882 in
2227 2822 2406 2880 Verbo
2434 2825 2537 2882 sibi
2568 2825 2741 2892 unita,
2768 2825 2914 2895 quod
2941 2839 3010 2882 ex
3042 2832 3094 2882 te
3121 2825 3308 2891 habet,
3336 2823 3546 2880 laetabi-

1947 2928 2036 2973 tur
2073 2935 2166 2976 rem
2189 2933 2210 2972 :
2235 2919 2329 2990 qui
2369 2919 2486 2974 Rex
2514 2927 2598 2974 est
2629 2933 2794 2989 super
2817 2933 3010 2976 omnes
3047 2932 3223 2988 reges,
3253 2919 3347 2987 qui
3395 2915 3544 2973 solus

1949 3012 2119 3084 regit,
2161 3012 2308 3069 solus
2340 3011 2546 3086 dirigit,
2581 3013 2790 3071 scilicet
2822 3012 3005 3071 omnia
3050 3011 3148 3068 tibi
3190 3011 3498 3068 attribuens
3523 3047 3544 3079 ,

1950 3105 2080 3160 nihil
2108 3106 2175 3161 de
2197 3120 2259 3162 se
2285 3121 2640 3177 praesumens,
2671 3115 2730 3162 ut
2769 3105 2955 3162 infelix
2999 3105 3196 3162 Adam.
3247 3103 3547 3161 Laetabitur

1949 3199 2100 3270 prius
2127 3198 2184 3254 in
2213 3213 2312 3261 sua
2347 3198 2669 3264 salvatione,
2697 3208 2748 3253 et
2775 3199 3102 3254 velumenter
3123 3195 3408 3253 exsultabit
3433 3193 3546 3264 ple-

1950 3293 2104 3349 naria
2139 3293 2505 3350 exsultatione
2531 3309 2691 3363 super
2727 3292 2961 3348 salutare
2987 3304 3158 3354 suum,
3192 3289 3244 3346 id
3283 3297 3389 3354 est,
3434 3286 3545 3342 sal—

1949 3384 2222 3444 vationem
2266 3383 2490 3440 humani
2535 3383 2754 3454 generis
2802 3382 2903 3438 sibi
2951 3381 3257 3451 impositam
3287 3419 3305 3446 ,
3357 3377 3549 3434 latitia

1949 3476 2112 3532 animi
2161 3490 2176 3529 :
2221 3474 2514 3530 exsultatio
2535 3465 2809 3545 corporis.
2865 3472 2929 3530 Et
2977 3471 3173 3529 merito
3199 3467 3540 3536 exsultabit,

1949 3566 2075 3638 quia
2122 3567 2447 3627 desiderium
2475 3565 2652 3620 cordis
2691 3564 2808 3635 ejus
2847 3562 3083 3624 tribuisti
3129 3563 3198 3620 ei.
3243 3561 3401 3631 Quod
3443 3559 3549 3618 fuit

1949 3675 2153 3732 ponere
2208 3660 2445 3718 animum
2498 3673 2621 3714 cum
2685 3657 2851 3719 vellet
2897 3665 2952 3716 et
3010 3657 3206 3718 iterum
3262 3669 3544 3712 resumere

1949 3752 2138 3826 (Joan.
2169 3753 2223 3824 ιι)
2253 3769 2267 3808 :
2300 3753 2385 3812 vel
2411 3761 2472 3809 ut
2500 3761 2808 3810 moreretur
2835 3761 3057 3822 propter
3081 3758 3302 3822 peccata
3327 3758 3538 3816 nostra,

1949 3854 2008 3903 et
2031 3855 2338 3918 resurgeret
2360 3853 2584 3916 propter
2601 3843 3052 3916 justiﬁcatiooem
3085 3852 3327 3900 nostram
3354 3841 3537 3914 (Rom.

1951 3940 2048 4013 tv).
2083 3939 2155 3998 Et
2196 3939 2462 3996 uoluntate
2496 3937 2757 3994 labiorum
2796 3938 2912 4009 ejus
2953 3955 3058 3994 non
3096 3936 3364 4005 fraudaui
3396 3951 3538 4003 sunt,

1950 4031 2002 4088 id
2045 4039 2164 4099 est,
2216 4028 2496 4092 voluntate
2537 4029 2686 4100 pacis
2730 4036 2784 4084 et
2832 4027 3286 4086 reconciliationis
3335 4041 3432 4098 per
3481 4041 3544 4084 se

1949 4125 2090 4182 data)
2119 4123 2340 4183 mundo.
2371 4121 2492 4192 Ipse
2521 4122 2666 4178 enim
2704 4121 3011 4192 paciﬁcavit
3045 4136 3167 4191 quae
3203 4120 3257 4176 in
3291 4119 3448 4175 cmlis
3483 4126 3541 4174 et

1949 4233 2068 4290 quae
2111 4217 2166 4273 in
2205 4225 2348 4274 terra
2379 4224 2526 4272 sunt.
2575 4214 2729 4272 Unde
2768 4213 3099 4284 Apostolus:
3138 4212 3258 4283 Ipse
3303 4220 3380 4268 est
3427 4225 3535 4280 pax

1951 4319 2151 4378 nostra,
2191 4309 2283 4382 qui
2309 4309 2431 4380 fecit
2468 4317 2690 4378 utraque
2735 4323 2898 4362 unum
2924 4297 3088 4377 (Eph.
3117 4304 3179 4377 ιι)
3212 4323 3225 4358 :
3256 4305 3397 4360 unde
3440 4319 3539 4358 an-

1949 4404 2054 4475 geli
2081 4404 2334 4460 concives
2361 4401 2553 4468 nostri,
2581 4401 2732 4472 prius
2761 4399 2987 4466 inimici,
3016 4399 3171 4469 quasi
3206 4396 3453 4454 translati
3481 4397 3540 4452 in

1951 4510 2174 4568 regnum
2217 4493 2442 4550 alterius
2484 4491 2719 4558 Domini,
2754 4499 2882 4548 nato
2924 4490 3016 4550 illo
3051 4490 3141 4562 qui
3176 4498 3401 4546 venerat
3443 4505 3539 4559 pa-

1949 4603 2066 4644 cem
2096 4588 2226 4643 dare
2255 4585 2475 4652 mundo,
2504 4582 2797 4640 concinunt
2827 4600 2839 4636 :
2872 4579 3057 4637 Gloria
3086 4584 3142 4638 in
3161 4581 3376 4638 excelsis
3400 4580 3538 4649 Deo,

1948 4691 1994 4735 et
2026 4680 2078 4736 in
2108 4689 2250 4734 terra
2291 4693 2398 4748 pax
2433 4675 2731 4731 hominibus
2769 4674 2916 4728 bome
2953 4673 3238 4732 voluntatis
3267 4671 3423 4745 (Luc.
3454 4672 3539 4743 ιι).

1949 4772 2002 4828 In
2043 4772 2200 4828 labiis
2243 4769 2439 4841 quibus
2479 4766 2722 4824 osculum
2767 4764 2935 4838 (quod
2974 4774 3060 4821 est
3107 4765 3320 4837 signum
3361 4761 3534 4835 pacis)

1948 4865 2157 4928 damus,
2192 4877 2379 4934 pacem
2429 4859 2799 4931 intelligimus.
2845 4858 3020 4914 Aliter
3064 4875 3077 4912 :

1948 4955 2174 5020 biorum,
2208 4953 2260 5008 id
2291 4959 2375 5008 est
2413 4965 2725 5022 praeconum
2764 4947 2900 5018 ejus,
2934 4965 3038 5003 non
3079 4947 3343 5020 fraudasti
3391 4960 3533 5012 eum,

1949 5048 2156 5104 scilicet
2192 5045 2322 5118 quin
2370 5045 2636 5102 haberent
2687 5042 2933 5098 eamdem
2992 5041 3330 5098 voluntatem
3391 5039 3539 5092 circa

1950 5141 2250 5198 Ecclesium
2283 5155 2470 5205 suam,
2499 5152 2662 5209 quam
2691 5144 2745 5193 et
2787 5136 2902 5207 ipse
2945 5134 3133 5192 habuit
3170 5129 3530 5192 conservandi

1947 5250 2090 5301 eam,
2119 5242 2175 5289 et
2212 5232 2473 5303 patiendi,
2521 5241 2574 5287 et
2610 5229 2873 5285 moriendi
2913 5243 3012 5298 pro
3055 5242 3152 5292 ea;
3194 5223 3336 5280 unde
3385 5224 3531 5291 Apo-

1946 5327 2151 5385 stolus:
2181 5324 2428 5392 Quotidie
2449 5324 2646 5379 morior
2668 5339 2762 5393 pro
2783 5322 2946 5386 vobis,
2973 5321 3163 5390 fratres
3190 5315 3243 5388 (Ι
3264 5315 3389 5372 Cor.
3415 5316 3529 5388 xv),

1946 5418 2064 5484 vel,
2117 5416 2380 5473 uoluntate
2429 5415 2690 5469 labiorum
2745 5413 2859 5483 ejus
2911 5427 3014 5466 non
3063 5407 3326 5478 fraudasti
3377 5423 3530 5474 eum,

1949 5515 2157 5572 scilicet
2193 5511 2508 5582 denegando
2549 5510 2599 5564 ei
2662 5507 2994 5564 voluntatem
3053 5502 3322 5560 labiorum
3369 5500 3486 5571 ejus
3513 5541 3534 5567 ,

1948 5610 2076 5682 quin
2105 5609 2303 5666 habeat
2334 5604 2467 5660 tales
2495 5615 2771 5673 praecones
2797 5597 2984 5667 quales
3009 5594 3264 5662 voluerit,
3293 5594 3379 5651 vel
3401 5594 3532 5664 quin

1949 5704 2016 5759 ad
2063 5699 2311 5758 eamdem
2358 5695 2584 5768 gloriam
2630 5706 2904 5762 praecones
2948 5687 3065 5759 ejus
3114 5689 3434 5760 perveniant
3479 5687 3537 5742 in

1947 5813 2054 5868 qua
2082 5795 2196 5865 ipse
2230 5801 2331 5849 est.
2373 5787 2526 5854 Volo,
2561 5787 2741 5849 Pater,
2772 5793 2828 5837 ut
2869 5783 2958 5838 ubi
2987 5799 3081 5854 ego
3108 5796 3247 5843 sum.
3275 5778 3351 5835 ibi
3382 5777 3454 5868 sit
3481 5781 3535 5830 et

1948 5887 2199 5948 minister
2237 5897 2392 5960 meus
2418 5880 2600 5953 (Joan.
2637 5877 2793 5936 xvul.
2837 5875 3046 5938 Revera
3083 5890 3190 5934 non
3227 5867 3536 5935 fraudabis:

3131 4856 3413 4916 Voluntate
3453 4855 3507 4910 la
3533 4881 3538 4886 -
3612 4871 3620 4904 .'
