3978 6410
525 378 631 437 ενι

524 494 785 561 Quoniam
812 504 1105 571 pm’venisti
1132 524 1271 579 eum,
1300 512 1354 568 id
1388 523 1472 570 cst
1499 518 1796 587 praevenies
1814 559 1830 585 ,
1861 520 1919 575 in
1951 521 2107 579 bene-

502 586 838 684 dictionibus
882 595 1209 668 dulcedinis,
1255 603 1307 658 id
1339 616 1441 672 est,
1486 586 1828 667 immunitate
1868 616 2098 684 peccati.

514 675 574 731 In
609 680 779 736 Adam
809 699 997 767 omnes
1048 695 1306 760 prreventi
1350 707 1477 753 sunt
1531 700 1941 771 maledictione;
1999 707 2104 764 iste

515 771 663 827 solus
702 773 806 830 fuit
845 777 988 835 inter
1013 791 1255 839 mortuos
1282 785 1418 845 liber
1446 787 1620 859 (Psal.
1653 794 1924 865 Lxxxvu).
1957 786 2104 853 Prce-

512 866 702 919 cenisti
747 884 887 937 eum,
936 872 989 928 id
1028 884 1129 943 cst,
1185 877 1336 947 prius
1381 879 1435 934 in
1470 897 1591 938 eum
1640 886 1829 956 gratia:
1877 903 2102 945 munera

490 958 808 1027 contulisti,
842 971 901 1019 ut
929 975 1073 1022 esset
1110 970 1499 1043 primogenitus
1529 975 1582 1031 in
1620 978 1805 1034 multis
1845 979 2104 1039 fratribus

514 1044 694 1141 (Rom.
748 1054 867 1126 vm)
902 1069 1163 1127 quantum
1208 1063 1275 1118 ad
1324 1064 1599 1135 juniorem
1653 1069 1912 1141 populum
1967 1072 2103 1129 Novi

513 1136 848 1202 Testamenti
883 1167 896 1203 :
929 1166 1089 1220 quem
1120 1153 1193 1209 illi
1219 1158 1386 1230 capiti
1417 1168 1476 1215 ut
1502 1136 1871 1234 corpus-post
1908 1166 2103 1225 mortis

511 1236 901 1303 experientiam
942 1245 1162 1313 aptasti,
1204 1249 1359 1317 quasi
1391 1251 1587 1307 victori
1630 1269 1887 1311 coronam
1933 1256 2102 1329 capiti

508 1334 633 1394 post
662 1329 965 1389 victoriam.
999 1336 1140 1393 Vere
1171 1338 1255 1394 his
1277 1340 1741 1402 benedictionibus
1770 1357 2097 1417 praeventus,

506 1417 633 1484 quia
679 1419 745 1477 de
794 1422 998 1493 Spiritu
1048 1439 1235 1486 sancto
1277 1444 1591 1504 conceptus.
1660 1437 1974 1497 Praeventus
2019 1451 2103 1499 est

505 1507 677 1563 Adam
731 1513 1066 1582 plenitudine
1100 1523 1479 1581 amaritudinis
1527 1527 1579 1581 in
1628 1544 1735 1598 quo
1760 1545 1949 1587 omnes
1984 1548 2101 1590 mo-

478 1597 722 1654 riuntur
783 1603 836 1674 (Ι
895 1604 1018 1664 Cor.
1069 1614 1194 1684 xv);
1244 1624 1549 1684 praeventus
1609 1597 1693 1673 est
1740 1619 1988 1679 Christus
2042 1624 2101 1680 in

503 1688 971 1755 benedictionibus
1029 1702 1360 1772 dulcedinis,
1434 1707 1485 1762 in
1541 1725 1649 1780 quo
1709 1725 1898 1769 omnes
1959 1715 2096 1771 vivi—

505 1779 827 1843 ﬁcabuntur.
868 1790 1010 1857 νει,
1056 1797 1370 1864 prtevenisti,
1420 1779 1752 1869 quiainullus
1800 1813 1926 1860 ante
1972 1820 2096 1862 eum

501 1874 618 1939 qui
649 1892 754 1933 non
810 1881 958 1952 prius
991 1884 1093 1941 sub
1146 1888 1464 1958 maledicto;
1510 1893 1599 1948 hic
1660 1903 1839 1951 autem
1901 1896 2173 1958 immu-B

495 1970 584 2026 nis
641 1976 742 2031 fuit
813 1981 1023 2050 primus
1064 1985 1118 2040 in
1177 2002 1373 2058 genere
1415 1991 1685 2059 humano,
1743 2002 1799 2050 et
1843 1995 1991 2052 solus
2028 1998 2096 2054 ab

501 2068 648 2122 omni
680 2081 925 2140 peccato.
976 2074 1213 2132 Posuisti
1260 2080 1314 2134 in
1356 2082 1526 2152 capite
1570 2083 1686 2155 ejus
1733 2101 1983 2142 coronam
2029 2088 2095 2144 de

478 2158 679 2232 lapide
706 2167 952 2235 pretioso.
986 2168 1123 2237 Quia
1156 2183 1460 2241 praeventus
1487 2174 1593 2231 fuit
1624 2176 2094 2238 benedictionibus

470 2254 823 2324 ~dulcediriis,
845 2259 899 2314 id
923 2269 1008 2316 est
1030 2264 1222 2319 mortis
1252 2266 1672 2325 amaritudinem
1700 2274 1995 2342 superavit.
2024 2273 2094 2329 Et

476 2358 618 2418 post
661 2351 943 2408 victoriam
981 2356 1204 2423 posuisti
1254 2359 1311 2414 in
1358 2361 1525 2431 capite
1572 2360 1686 2434 ejus
1723 2380 1973 2421 coronam
2027 2368 2093 2423 de

468 2438 675 2511 lapide
705 2446 956 2513 pretioso,
984 2447 1037 2501 id
1068 2457 1174 2515 est,
1203 2451 1610 2509 circumdedisti
1649 2470 1772 2511 eum
1817 2458 2089 2527 pretioso-

496 2547 616 2587 rum
632 2536 1201 2611 apostolornmprdine
1214 2540 1380 2598 claro.
1408 2540 1722 2615 Supradixit
1735 2588 1750 2612 ,
1769 2547 2087 2604 desiderium

470 2627 669 2682 cordis
711 2629 1100 2700 ejus'tribuisti
1150 2636 1238 2702 ei,
1289 2644 1346 2691 et
1392 2636 1495 2693 hoc
1521 2640 1802 2708 ostendit,
1854 2642 2084 2700 dicens:

504 2716 678 2777 Vitam
719 2724 865 2793 petiit
903 2734 1035 2793 ate,
1078 2735 1130 2782 et
1169 2729 1400 2784 tribuisti
1426 2731 1492 2785 ei.
1538 2729 1780 2788 Christus
1815 2750 2089 2807 resurgens

494 2830 559 2867 ea:
592 2816 812 2871 mortuis
842 2818 961 2889 jam
1003 2835 1108 2874 non
1149 2821 1374 2876 moritur
1410 2821 1591 2895 (Rom.
1632 2823 1729 2896 1v).
1771 2824 2086 2899 Longitudi-
2170 2838 2173 2841 '

494 2920 613 2959 nem
644 2907 848 2963 dierum
878 2909 935 2964 in
966 2910 1071 2966 hoc
1098 2912 1383 2978 sarculum,
1424 2922 1473 2968 et
1501 2914 1558 2968 in
1586 2914 1840 2970 sazculum
1883 2918 2082 2984 seaculi,
2166 2930 2171 2935 ‘

471 2999 546 3080 .i‘d
568 3010 671 3066 est,
695 3002 860 3058 vitam
882 3019 1097 3076 semper
1121 3016 1432 3064 manentem
1457 3009 1697 3065 tribuisti
1726 3010 1779 3065 in
1805 3013 2085 3069 membris.

492 3088 591 3144 Vel
660 3091 1049 3164 longitudinem
1111 3096 1320 3153 dierum
1387 3097 1624 3155 tribuisti
1673 3100 1733 3155 in
1779 3101 2087 3170 membris,

468 3180 623 3251 quia
653 3185 800 3254 regni
826 3185 943 3257 ejus
970 3203 1074 3243 non
1097 3189 1196 3243 erit
1230 3188 1353 3258 ﬁnis
1381 3189 1533 3261 (Luc.
1565 3190 1630 3261 ι).
1659 3190 1726 3246 Ει
1763 3191 1818 3247 ἰιι
1855 3191 1945 3249 illa
1973 3193 2084 3251 vita

467 3291 685 3351 magna
733 3286 807 3333 est
861 3278 1034 3351 gloria
1067 3281 1181 3350 ejus
1212 3282 1270 3337 in
1314 3283 1540 3339 salutari
1580 3293 1690 3353 tuo,
1723 3286 1848 3356 quia
1897 3288 2087 3344 sedere
2117 3262 2164 3327 ο

491 3379 618 3419 eum
662 3364 839 3423 fecisti
880 3367 936 3423 in
976 3370 1199 3427 dextera
1241 3381 1351 3428 tua.
1397 3371 1497 3429 Vel
1535 3374 1641 3431 hoc
1683 3376 1841 3432 modo
1886 3393 2086 3451 magna

487 3465 593 3521 est,
623 3459 749 3529 quia
785 3476 891 3518 non
922 3461 1098 3518 solum
1130 3463 1220 3519 ille
1247 3474 1334 3521 est
1374 3465 1711 3538 gloriﬁcatus
1732 3509 1749 3535 ,
1789 3470 1884 3526 sed
1917 3471 2084 3527 etiam

468 3548 712 3619 gloriam
739 3561 789 3606 et
827 3570 1077 3626 magnum
1104 3557 1344 3613 decorem
1379 3559 1613 3630 impones
1641 3578 1799 3633 super
1841 3579 1982 3629 eum,
2031 3565 2086 3621 id

489 3650 595 3708 εει,
644 3643 811 3699 addes
854 3646 906 3700 ei
955 3645 1164 3714 ﬁdeles,
1211 3648 1475 3720 gloriosos
1526 3651 1822 3720 miraculis,
1860 3655 2086 3713 decoros
2170 3674 2175 3678 ‘

487 3734 782 3791 virtutibu‘s
826 3753 840 3790 :
883 3738 976 3809 qui
1005 3739 1151 3794 enim
1176 3740 1292 3796 vult
1335 3741 1391 3797 in
1422 3740 1644 3799 Christo
1671 3759 1916 3813 manere,
1946 3748 2085 3803 sicut

490 3826 583 3885 ille
610 3829 926 3897 ambulavit,
960 3833 1123 3890 debet
1160 3843 1217 3892 et
1259 3837 1374 3905 ipse
1403 3837 1723 3894 ambulare:
1753 3840 1840 3896 vel
1885 3841 2082 3899 dedisti

486 3919 562 3988 ei,
594 3923 803 3979 scilicet
843 3935 1120 3997 assumpto
1158 3926 1365 3983 homini
1415 3928 1714 3996 Dominico,
1759 3938 2083 4002 potestatem
2166 3950 2173 3954 '

491 4014 830 4087 gloriﬁcandi
853 4034 981 4076 suos
1003 4031 1059 4077 et
1081 4022 1392 4090 decorandi,
1421 4024 1685 4095 gloriosos
1710 4025 1890 4085 facere
1917 4029 1973 4086 in
2001 4031 2082 4087 vi-

486 4107 685 4175 ctoria,
701 4108 928 4168 decoros
940 4112 992 4167 in
1014 4113 1211 4183 palma.
1226 4113 1342 4173 Hoc
1360 4116 1521 4173 modo
1538 4117 1799 4188 impones.
1819 4119 2084 4187 Quoniam

488 4199 642 4255 dabis
666 4217 784 4257 eum
811 4204 868 4259 in
894 4204 1298 4263 benedictionem
1320 4208 1375 4263 in
1396 4209 1648 4265 saxulum
1676 4211 1878 4281 seaculi,
1902 4223 1963 4268 ut
1986 4230 2085 4286 per

487 4307 615 4348 eum
639 4295 892 4353 omnibus
914 4299 1075 4355 detur
1101 4300 1425 4367 benedictio,
1452 4302 1507 4358 id
1527 4311 1634 4372 est,
1656 4305 1897 4362 omnium
1918 4307 2085 4363 bono-

480 4400 609 4441 rum
655 4387 1049 4448 incrementum
1081 4412 1094 4447 :
1124 4401 1179 4448 et
1204 4395 1350 4450 enim
1373 4411 1482 4452 non
1513 4397 1580 4453 ad
1608 4406 1822 4471 tempus
1844 4441 1860 4465 ,
1890 4401 1985 4457 sed
2024 4402 2081 4457 in

490 4481 750 4538 smeulum
773 4484 978 4540 saeculi.
1002 4484 1072 4542 Et
1092 4488 1307 4544 tandem
1330 4487 1621 4559 lwti/icabis
1642 4507 1763 4546 eum
1783 4491 1837 4546 in
1862 4493 2078 4564 gaudio,

488 4573 736 4642 plenario
758 4577 987 4644 scilicet,
1002 4580 1219 4649 quando
1238 4582 1596 4638 associabitur
1614 4583 1663 4639 ei
1680 4598 1879 4655 corpus
1899 4601 2079 4644 suum.

481 4662 619 4719 Cum
654 4665 800 4720 vultu
826 4676 939 4735 tuo,
966 4668 1021 4724 id
1046 4678 1150 4738 est,
1180 4686 1304 4728 cum
1330 4672 1766 4730 manilestabitur
1790 4677 2082 4746 priesentia

483 4764 599 4811 tua.
626 4755 694 4811 Et
719 4758 917 4815 merito
940 4760 1091 4816 dabis
1121 4778 1238 4817 eum
1279 4764 1337 4818 in
1380 4764 1804 4833 benedictionem,
1832 4768 2082 4839 quoniam

481 4861 595 4912 rex,
628 4847 836 4905 scilicet
865 4851 1174 4909 Dominicus
1202 4855 1365 4911 homo
1389 4866 1564 4927 sperat
1593 4858 1649 4912 in
1693 4858 1939 4927 Domino,
1970 4876 2080 4916 non

479 4940 643 5006 inse,
678 4951 738 4998 ut
767 4944 940 5000 Adam
961 4947 1053 5017 qui
1085 4946 1243 5005 datus
1285 4958 1371 5005 est
1410 4950 1464 5006 in
1518 4950 1968 5009 maledictionem.
2009 4953 2081 5009 Et

477 5031 542 5087 in
579 5033 939 5090 misericordia
966 5035 1246 5102 Altissimi,
1272 5041 1322 5095 id
1344 5050 1447 5106 est,
1478 5042 1551 5097 ita
1578 5052 1760 5114 sperat
1784 5052 1838 5099 et
1862 5043 1916 5098 in
1941 5058 2000 5099 se
2021 5052 2078 5100 et

480 5121 539 5178 in
554 5123 837 5201 membris,
852 5134 913 5181 ut
926 5136 1095 5182 totum
1118 5130 1377 5186 attribuat
1391 5132 1777 5189 misericordiae
1790 5132 2049 5191 Altissimi
2060 5176 2075 5201 ,

479 5223 538 5271 et
556 5214 678 5273 ideo
718 5235 820 5275 non
847 5222 1267 5288 commovebitur,
1306 5224 1511 5280 scilicet
1540 5227 1608 5281 ab
1646 5225 1736 5281 illa
1765 5242 1879 5297 spe.
1911 5226 2079 5295 Quasi

481 5308 629 5365 dicat
654 5328 667 5365 :
701 5309 804 5379 Qui
828 5322 1011 5370 autem
1055 5330 1160 5371 non
1187 5324 1408 5386 sperant
1434 5317 1490 5372 in
1520 5318 1889 5375 misericordia
1914 5320 2080 5377 Altis-

481 5397 607 5453 simi
658 5403 1016 5459 movebuntur
1042 5406 1110 5461 ab
1154 5405 1246 5463 illa
1293 5423 1410 5479 spe,
1434 5416 1490 5463 et
1519 5408 1640 5465 ideo
1673 5410 1945 5467 dabuntur
1969 5426 2077 5467 non

478 5489 541 5543 in
595 5490 1019 5564 benedictionem,
1067 5499 1161 5553 sed
1189 5499 1246 5554 in
1289 5500 1755 5569 maledictionem;
1786 5512 1843 5557 et
1871 5502 2010 5569 ideo,
2040 5518 2076 5559 ο

482 5583 735 5652 Domine,
762 5591 1138 5661 compatiendo
1159 5592 1265 5649 illis
1288 5595 1576 5650 commotis
1597 5610 1628 5650 a
1648 5610 1747 5665 spe
1783 5604 1838 5652 et
1860 5596 2075 5654 miseri-

483 5679 669 5734 cordia
698 5687 810 5746 tua,
829 5691 958 5752 opto
983 5693 1044 5740 ut
1061 5686 1360 5743 inveniatur
1379 5705 1569 5743 manus
1590 5699 1702 5753 tua,
1726 5689 1900 5757 idest,
1928 5691 2079 5747 auxi-

482 5767 614 5824 lium
668 5771 1054 5831 misericordiae
1102 5785 1205 5833 tuae
1254 5785 1363 5833 tam
1387 5776 1586 5834 Iudaeis
1609 5795 1770 5850 quam
1805 5780 2075 5851 gentibus,

484 5864 724 5924 omnibus
747 5866 972 5926 inimicis
1005 5871 1109 5927 tuis
1129 5885 1149 5925 :
1178 5881 1425 5943 quaerant
1470 5874 1898 5932 misericordiam
1928 5884 2076 5932 tuam

1162 394 1422 457 REMIGII
1458 364 2088 465 ANTISSIODORENSI:

2187 413 2311 474 lPP.
2351 420 2531 482 PARS
2568 426 2609 483 Ι.
2639 459 2710 471 --
2735 431 3143 501 EXEGETICA.

3682 461 3774 523 248

2131 528 2183 591 Α
2209 540 2264 635 et
2284 534 2563 635 invenient
2591 560 2748 613 eam;
2791 553 2932 611 unde
2963 555 3283 629 Apostolus:
3313 564 3421 634 Qui
3462 571 3573 627 uult
3617 591 3772 635 omnes

2207 628 2442 725 ltpmines
2486 638 2657 694 salvos
2681 643 2799 711 ﬁeri
2823 656 2871 702 et
2900 649 2970 703 ad
3005 628 3583 722 agnitionemvneritatis
3625 669 3773 725 venire

2209 718 2260 820 (ρ
2297 722 2432 780 Tim.
2460 726 2544 799 ιι).
2575 731 2727 799 Quod
2755 736 2800 791 si
2841 745 2893 794 te
2937 718 3181 813 qurerere
3235 749 3525 820 noluerint,
3570 718 3772 815 inveniet

2207 814 2423 916 dextera
2446 829 2562 888 tua,
2585 824 2637 880 id
2663 837 2767 897 est,
2789 831 3048 903 vindicta,
3070 856 3246 897 omnes
3271 845 3363 916 qui
3387 854 3438 901 te
3466 814 3700 904 oderunt.
3718 814 3774 906 Et

2184 907 2312 998 hoc
2332 914 2706 982 prophetando
2727 936 2833 978 non
2858 928 3112 998 optando.
3140 930 3254 991 Hoc
3279 907 3438 992 modo
3457 939 3674 993 dextera
3698 949 3772 995 tua

2178 995 2446 1092 inveniet
2472 1019 2567 1062 eos
2600 1006 2654 1063 in
2686 1008 2867 1070 futuro
2885 995 3090 1086 judicio
3121 1023 3215 1092 qui
3244 1039 3463 1083 manum
3490 1028 3774 1086 misericor-

2178 1166 2181 1171 ν
2209 1088 2310 1146 dia:
2337 1100 2443 1150 tuae
2462 1097 2553 1154 hic
2573 1099 2817 1161 invenire
2844 1088 3217 1172 noluerunt—in
3239 1117 3326 1175 die
3358 1119 3548 1177 salutis
3579 1139 3594 1175 :
3622 1120 3773 1181 Panes

2206 1196 2295 1237 eos
2318 1185 2665 1280 ut-clibanum
2707 1194 2843 1265 ignis
2889 1200 3128 1260 ardentis
3163 1204 3311 1265 intus
3343 1209 3397 1264 in
3442 1211 3772 1280 conscientia,

2207 1274 2613 1374 cum'videmnt
2643 1280 2869 1354 gloriam
2898 1287 3132 1349 ﬁliorum
3163 1294 3259 1353 Dei
3292 1305 3350 1354 et
3380 1314 3535 1356 suam
3570 1274 3777 1374 ignomi;

2175 1427 2178 1431 ῗ
2205 1362 2375 1465 r-i'iam.
2402 1364 2858 1465 hltl'cce-computali
2903 1392 3022 1438 sunt
3051 1385 3189 1441 inter
3219 1388 3360 1457 ﬁlios
3386 1390 3485 1446 Dei
3527 1362 3677 1464 (sZp.
3706 1396 3771 1465 v).

2174 1453 2311 1553 ~vis
2329 1458 2514 1516 nobis!
2546 1462 2684 1530 Quid
2713 1469 3031 1538 profuerunt
3066 1453 3306 1535 divitiae?
3339 1482 3473 1553 quid
3493 1453 3775 1553 iactantia?

2205 1542 2484 1605 Clibanum
2507 1554 2667 1625 ignis,
2698 1558 2753 1614 id
2777 1571 2882 1627 est,
2930 1565 3176 1636 ignitum.
3210 1542 3465 1632 Clibanus
3490 1542 3576 1632 est
3605 1576 3773 1633 {ornas

2204 1641 2293 1697 cui
2333 1658 2395 1700 os
2423 1646 2710 1718 clauditur,
2742 1663 2803 1710 ut
2831 1657 2977 1715 intus
3022 1662 3229 1720 ardeat.
3265 1665 3335 1723 In
3368 1677 3599 1741 tempore
3624 1669 3774 1727 uultus

2204 1734 2304 1799 tui,
2334 1736 2387 1793 id
2408 1749 2511 1808 est,
2541 1749 2841 1814 priesentiae
2875 1760 2981 1808 tute
3007 1769 3128 1826 quae
3164 1771 3258 1816 eos
3286 1734 3515 1818 terrebit
3559 1761 3618 1819 In
3658 1770 3776 1819 tem-

2202 1838 2337 1928 pore
2372 1830 2560 1901 judicii
2587 1840 2789 1896 vultum
2821 1850 2970 1900 tuum
2992 1847 3258 1906 timebunt
3277 1852 3369 1922 qui
3408 1861 3650 1924 tempore
3669 1871 3775 1928 gra-

2204 1922 2293 1978 tiae
2315 1941 2533 1984 manum
2557 1932 2935 2005 despexerunt.
2964 1938 3031 1995 Et
3051 1950 3191 2010 post,
3213 1941 3471 2002 Dominus
3496 1922 3552 2002 iu
3569 1947 3652 2002 ira
3671 1922 3771 2013 ξιια,

2180 2008 2397 2089 magna
2454 2020 2664 2079 scilicet
2725 2026 2828 2083 sibi
2870 2008 3195 2102 competenti
3225 2076 3241 2102 ,
3308 2037 3637 2093 conturbabit
3680 2008 3772 2107 eos,

2198 2107 2422 2167 dicens:
2452 2110 2711 2170 Discedite
2733 2133 2766 2170 a
2791 2134 2894 2184 me,
2926 2120 3215 2191 maledicti,
3247 2125 3306 2181 in
3327 2127 3502 2197 ignem
3546 2138 3773 2183 ceterum

2199 2197 2416 2265 (Matth.
2441 2204 2595 2278 xxv).
2623 2205 2690 2262 Et
2717 2215 2845 2265 tunc
2872 2211 3141 2268 devorabit
3190 2231 3301 2283 eos,
3349 2217 3404 2273 id
3429 2227 3539 2285 est,
3584 2219 3774 2291 penitus

2196 2292 2509 2350 absorbebit
2548 2310 2665 2365 eos,
2718 2314 2827 2355 non
2863 2301 3009 2360 intus
3064 2312 3294 2374 tantum,
3345 2310 3442 2365 sed
3472 2310 3699 2367 animam
3729 2320 3775 2367 et

2195 2397 2413 2456 corpus.
2457 2387 2525 2442 Et
2544 2404 2654 2446 non
2677 2391 2850 2448 solum
2879 2409 2996 2462 eos,
3018 2399 3113 2454 sed
3141 2399 3397 2470 fructum,
3425 2402 3482 2459 id
3506 2411 3612 2471 est,
3632 2418 3773 2477 opera

2193 2492 2375 2531 eorum
2400 2479 2465 2534 de
2501 2489 2644 2538 terra
2691 2485 2896 2555 perdes,
2934 2489 3001 2545 de
3046 2499 3192 2548 terra
3241 2493 3582 2562 viventium;
3630 2513 3772 2568 opera

2194 2582 2383 2625 eorum
2411 2588 2531 2643 qua:
2548 2573 2638 2632 hic
2662 2575 2839 2634 locum
2858 2580 3165 2641 habuerunt
3186 2585 3242 2643 in
3274 2595 3420 2644 terra
3454 2590 3772 2646 morientium

2192 2661 2451 2719 tollentur
2474 2665 2541 2721 de
2579 2676 2723 2725 terra
2750 2672 3069 2741 viventium,
3111 2675 3238 2746 quia
3268 2676 3538 2750 fulgentes
3583 2690 3641 2737 ut
3685 2681 3770 2747 sol,

2191 2761 2246 2808 et
2275 2756 2428 2824 quasi
2451 2773 2647 2828 purum
2674 2776 2867 2819 aurum
2907 2774 3184 2837 receptum
3230 2768 3284 2824 in
3314 2770 3628 2827 thesaurum
3659 2772 3768 2837 Dei;

2191 2846 2368 2937 sancti
2406 2861 2515 2903 non
2539 2849 2988 2925 habebunt‘quod
3010 2858 3228 2929 purgari
3251 2860 3467 2917 debeat.
3503 2860 3572 2916 Et
3599 2879 3767 2937 semen,

2191 2935 2245 2990 id
2264 2947 2365 3003 est,
2400 2939 2704 3001 imitatores
2746 2961 2954 3013 eorum,
2982 2966 3014 3003 a
3034 2948 3163 3019 ﬁliis
3183 2951 3479 3021 hominum,
3514 2954 3565 3011 id
3594 2936 3686 3018 εει,
3712 2960 3768 3010 ab

2192 3029 2555 3089 imitatorihus
2606 3049 2795 3092 mrum
2837 3039 3015 3109 quise
3048 3056 3155 3097 non
3178 3042 3677 3102 denominaverunt.
3713 3044 3767 3099 Et

2192 3123 2410 3178 merito.
2447 3123 2713 3189 Quoniam
2740 3126 3134 3188 declinaverunt
3158 3133 3216 3188 in
3237 3142 3285 3190 te
3304 3134 3479 3202 mala,
3506 3136 3642 3191 mala
3668 3151 3769 3207 qum

2196 3215 2515 3284 timuerunt,
2542 3219 2594 3274 id
2615 3229 2721 3286 est,
2746 3231 2975 3278 mortem
3000 3232 3057 3281 et
3085 3228 3434 3286 amissionem
3457 3230 3563 3288 loci
3588 3240 3642 3288 et
3665 3244 3768 3303 gen-

2197 3309 2267 3364 tis
2291 3307 2699 3367 deciinaverunt
2715 3328 2748 3368 a
2770 3328 2829 3370 se
2850 3316 2904 3371 in
2931 3323 2985 3372 te
3000 3317 3242 3377 dicentes
3265 3338 3279 3375 :
3312 3320 3541 3393 Expedit
3569 3333 3624 3378 ut
3650 3338 3766 3378 unus

2172 3402 2451 3457 'ntoriatur
2494 3401 2649 3458 homo
2697 3421 2793 3475 pro
2829 3405 3045 3478 populo,
3092 3418 3140 3464 et
3165 3426 3271 3465 non
3314 3419 3426 3466 tota
3470 3429 3592 3484 gens
3616 3420 3765 3483 pereat

2170 3493 2377 3568 '(Joan.
2408 3494 2585 3566 xvm).
2616 3493 2801 3552 Potest
2829 3497 2993 3553 etiam
3021 3500 3124 3556 hoc
3145 3501 3215 3558 ad
3233 3515 3423 3560 omnes
3451 3503 3639 3561 referri
3675 3511 3765 3557 tam

2191 3588 2407 3647 Judieos
2451 3601 2614 3659 quam
2636 3588 2886 3659 gentiles,
2917 3598 2973 3645 et
3006 3591 3073 3647 ad
3122 3594 3367 3650 membra
3394 3592 3616 3660 Christi,
3659 3593 3764 3663 quia

2193 3682 2474 3740 dicebatur
2501 3684 2771 3751 omnibus,
2811 3683 2962 3741 Perit
3003 3687 3231 3744 mundus
3275 3699 3323 3747 et
3373 3687 3763 3762 concupiscentia

2191 3774 2308 3844 ejus
2347 3772 2402 3846 (Ι
2424 3772 2578 3829 Ιοαη.
2603 3774 2688 3850 ιι).
2713 3775 2989 3834 Timentes
3002 3780 3258 3835 mundani
3279 3781 3509 3852 perdere
3530 3778 3762 3837 mundum

2192 3882 2353 3937 quem
2382 3866 2674 3939 diligebant
2701 3868 3102 3929 interﬁciebant
3148 3870 3308 3941 huius
3356 3874 3613 3931 doctrinae
3646 3886 3765 3943 prae-

2191 3958 2485 4016 dicatores.
2531 3959 2901 4032 Cogitaverunt
2944 3963 3163 4019 consilia
3191 3981 3309 4037 qua:
3359 3980 3466 4021 non
3509 3968 3761 4037 potuerunt

2189 4053 2423 4109 stabilire
2449 4069 2639 4111 omnes
2668 4063 2775 4110 tam
2794 4054 2968 4113 Iudici
3009 4072 3172 4128 quam
3198 4066 3408 4130 gentes,
3458 4059 3579 4131 quia
3611 4058 3761 4112 inter-

2188 4144 2436 4202 ﬁcientes
2477 4160 2674 4217 corpus
2715 4146 2917 4204 Christi
2943 4149 3207 4220 putabant
3245 4164 3338 4205 eos
3384 4149 3637 4221 perdere:
3673 4145 3759 4217 ipsi

2189 4244 2371 4292 autem
2414 4239 2775 4294 servabantur
2812 4237 3159 4297 transeuntes
3193 4241 3260 4297 de
3281 4250 3458 4297 morte
3485 4241 3550 4296 ad
3580 4240 3755 4294 vitam:

2189 4327 2296 4395 vel,
2318 4328 2373 4384 in
2396 4326 2668 4386 Christum
2692 4330 3000 4400 specialiter
3018 4330 3221 4388 Judaei:
3249 4331 3494 4398 Domine,
3522 4327 3756 4386 recordati

2185 4435 2367 4474 sumus
2378 4420 2518 4491 quod
2539 4422 2782 4476 seductor
2801 4421 2889 4477 ille
2903 4422 3058 4489 dixit,
3081 4421 3209 4479 Post
3224 4434 3328 4479 tres
3351 4423 3461 4479 dies
3479 4435 3756 4492 resurgant:

2184 4507 2322 4564 Jube
2387 4526 2509 4581 ergo
2577 4512 2833 4567 custodiri
2880 4516 3175 4586 sepulcrum
3221 4514 3437 4589 (Matth.
3485 4514 3668 4585 xxv"),
3714 4520 3757 4566 οι

2108 4634 2165 4697 D
2190 4612 2409 4660 caetera.
2437 4600 2557 4660 Non
2583 4602 2688 4659 fuit
2710 4604 2856 4661 istud
2882 4606 3199 4674 stabilitum,
3230 4609 3357 4679 quia
3378 4608 3675 4664 nolentibus
3692 4604 3757 4697 eis

2189 4697 2524 4754 resurrexit:
2551 4696 2719 4765 Quasi
2740 4698 2885 4755 dicat
2908 4717 2922 4730 -
2956 4700 3023 4755 Et
3058 4700 3200 4756 unde
3238 4700 3345 4757 illis
3389 4701 3598 4757 miseris
3632 4695 3755 4771 quod

2190 4786 2334 4842 mala
2363 4802 2460 4843 sua
2483 4787 2538 4843 in
2565 4795 2618 4843 te
2656 4788 3042 4844 declinaverunt
3062 4790 3086 4845 ?
3106 4789 3186 4844 Ex
3206 4790 3417 4847 occulto
3460 4790 3553 4846 Dei
3574 4786 3754 4863 judicio

2189 4876 2527 4933 dabunturin
2553 4877 2840 4949 reprobum
2881 4895 3099 4935 sensum
3126 4881 3550 4951 praecedentibus
3589 4892 3753 4936 eorum

2188 4968 2345 5024 malis
2366 4971 2592 5029 meritis.
2623 4969 2888 5038 Quoniam
2914 4989 3073 5043 pones
3093 4989 3180 5029 eos
3206 4974 3443 5042 dorsum,
3483 4984 3542 5030 ut
3566 4973 3650 5045 qui
3673 4985 3755 5025 no.

2185 5061 2402 5118 luerunt
2445 5064 2511 5119 ad
2549 5073 2604 5120 te
2651 5065 2893 5120 converti
2930 5065 3040 5121 sint
3094 5082 3125 5122 a
3173 5075 3227 5124 te
3273 5069 3467 5134 aversi,
3508 5068 3628 5138 quia
3647 5064 3753 5120 odio

2169 5154 2492 5211 habuerunt
2505 5156 2703 5223 lucem,
2719 5157 2966 5214 conversi
2983 5159 3051 5214 ab
3066 5173 3149 5226 ea,
3169 5169 3350 5216 ament
3366 5161 3611 5217 tenebras
3628 5155 3749 5218 avel.

2183 5263 2341 5317 pones
2382 5263 2468 5302 eos
2504 5247 2720 5303 dorsum
2755 5256 2929 5315 tuum,
2976 5250 3183 5306 scilicet
3206 5259 3266 5306 ut
3305 5263 3526 5324 propter
3549 5249 3749 5307 nimiam

2183 5351 2372 5392 eorum
2399 5338 2729 5409 impietatem
2750 5354 2857 5395 non
2881 5355 2975 5396 eos
2996 5343 3250 5411 respiciat
3272 5342 3635 5400 misericordia
3654 5349 3747 5395 tua.

2182 5432 2250 5489 Et
2269 5432 2390 5488 ideo
2416 5434 2471 5486 in
2499 5432 2732 5503 reliquiis
2774 5433 2879 5488 tuis
2910 5436 3230 5507 prtcparabis
3261 5435 3457 5490 vultum
3494 5449 3681 5497 eorum,
3706 5429 3750 5484 id

2181 5532 2284 5588 est,
2304 5522 2631 5578 voluntatem
2646 5539 2865 5595 pravam
2879 5540 3065 5582 eorum
3080 5537 3135 5583 et
3148 5526 3509 5598 impudentem
3521 5522 3749 5583 ostendes

2183 5618 2238 5672 in
2254 5616 2490 5689 reliquiis
2507 5618 2633 5684 tuis,
2654 5618 2708 5673 id
2730 5628 2831 5683 est,
2852 5620 2907 5675 in
2933 5629 3024 5675 tuo
3039 5619 3305 5687 inferiori,
3322 5622 3527 5678 scilicet
3542 5621 3591 5676 in
3606 5628 3750 5675 carne

2183 5717 2277 5764 tua
2315 5709 2369 5763 in
2404 5724 2563 5780 quam
2618 5716 2827 5766 tantum
2880 5713 3187 5768 saevierunt.
3220 5711 3497 5768 Summum
3549 5707 3745 5773 Christi,

2186 5801 2452 5861 divinitas.
2479 5802 2673 5857 deinde
2698 5803 2901 5868 anima,
2929 5802 3174 5858 intimum
3207 5814 3263 5860 et
3289 5804 3439 5875 quasi
3479 5802 3745 5873 abiectum,

2182 5908 2333 5951 caro.
2363 5893 2575 5951 Aliter:
2608 5892 2676 5951 In
2704 5894 2936 5965 reliquiis
2956 5897 3082 5964 tuis,
3112 5896 3165 5953 id
3191 5905 3297 5967 est,
3319 5897 3374 5954 in
3416 5895 3498 5953 his
3540 5886 3745 5950 terrenis
