3930 5492
171 457 281 526 εις)

1296 461 1837 523 ENABRATIONES
1874 461 1941 517 IN
1978 462 2319 521 PSALMOS.

3359 468 3469 525 250

173 597 298 652 qua:
349 589 410 636 tu
457 580 721 652 reliquisti
769 591 825 639 et
871 584 949 639 tui
988 579 1331 653 pra’parttbis,
1381 579 1580 645 idest,
1627 576 1784 631 valde
1809 579 1861 639 Α
1893 596 1915 630 ι
1948 579 2200 649 quoniam
2224 595 2330 635 non
2352 580 2553 652 sprevit
2575 594 2751 653 neque
2772 580 3016 654 despexit
3036 582 3469 655 deprecationem

173 674 400 745 parabis
428 674 647 740 vultum,
682 676 735 730 id
765 685 868 741 est,
919 676 1270 739 voluntatem,
1312 689 1516 738 eorum,
1572 679 1633 726 ut
1666 670 1784 725 haec

173 768 417 821 amando
439 766 680 821 cwlestia
702 775 1066 823 contemnant.
1096 764 1301 821 Aliter:
1330 762 1443 833 Ego
1472 762 1583 816 dixi
1624 776 1783 831 pones

170 876 260 913 eos
290 860 534 924 dorsum,
563 859 616 914 id
642 867 745 926 est,
768 858 989 929 abjicies
1018 872 1134 923 eos,
1174 866 1352 911 tamen
1390 870 1494 911 non
1542 851 1782 917 omnino,

171 949 301 1019 quia
324 948 527 1003 vultum
547 966 747 1015 eorum,
776 948 829 1004 id
844 958 949 1014 est,
975 947 1403 1004 benevolentiam
1426 960 1545 1015 quae
1566 943 1672 998 illis
1691 942 1785 997 de-

169 1040 411 1095 bebatur
431 1040 523 1111 qui
549 1039 674 1095 facti
693 1049 820 1097 sunt
848 1043 1062 1095 dorsum
1089 1041 1436 1113 prteparabis,
1463 1040 1513 1095 id
1543 1049 1645 1103 est,
1664 1052 1783 1093 ma-

173 1130 469 1187 nifestabis
495 1133 549 1186 in
578 1131 813 1205 reliquiis
850 1134 975 1201 tuis,
1005 1132 1058 1188 id
1086 1142 1171 1189 est
1216 1134 1269 1188 in
1310 1133 1413 1188 illis
1435 1134 1526 1203 qui
1578 1133 1631 1187 in
1679 1132 1786 1187 line

172 1225 383 1280 residui
432 1235 593 1281 erunt
640 1226 705 1281 de
748 1226 965 1296 populo,
995 1227 1121 1297 quia
1155 1226 1391 1296 reliquid:
1438 1226 1597 1281 salva
1633 1225 1781 1295 ﬁent.

173 1317 295 1381 Vel,
320 1317 478 1372 illttm
509 1317 708 1372 vultum
736 1318 1059 1389 prwparabis
1087 1320 1144 1373 in
1177 1318 1410 1389 reliquiis
1435 1318 1558 1383 tuis,
1598 1317 1652 1373 id
1680 1328 1782 1382 est,

173 1410 228 1463 in
256 1410 375 1464 Elia
402 1421 458 1464 et
478 1410 663 1466 Enoch
700 1426 931 1481 quorum
960 1411 1346 1482 praedicatione
1386 1410 1628 1481 reliquim
1656 1424 1789 1465 con-

173 1511 484 1558 vertentur.
515 1503 585 1558 Et
639 1514 698 1558 ut
733 1504 1029 1559 inveniatur
1069 1521 1256 1559 manus
1308 1513 1400 1558 tua
1442 1512 1496 1557 et
1521 1502 1787 1558 exaltetur

172 1597 417 1662 dextera,
458 1596 667 1651 scilicet
709 1604 1179 1652 utconvertantur
1225 1596 1309 1651 vel
1341 1595 1649 1666 judicenlur
1680 1594 1785 1648 ini-

173 1690 302 1744 mici
344 1691 448 1755 tui,
484 1690 754 1756 Exaltare,
774 1690 1017 1756 Domine,
1050 1706 1298 1761 resurge,
1322 1690 1561 1744 exaltare
1583 1704 1614 1743 a
1638 1703 1787 1743 inor-

174 1781 385 1835 talitate
419 1781 474 1836 in
511 1782 973 1837 immortalitatem
1002 1800 1016 1836 :
1046 1783 1102 1837 in
1136 1783 1323 1836 virtute
1360 1792 1475 1847 tua,
1518 1781 1568 1836 id
1602 1790 1702 1843 est,
1732 1780 1786 1834 in

174 1874 419 1942 potentia
465 1874 766 1930 divinitatis
795 1883 937 1940 tuae;
981 1875 1102 1930 ideo
1132 1875 1234 1929 hoc
1259 1885 1405 1945 opto,
1441 1875 1563 1944 quia
1594 1875 1647 1929 in
1698 1880 1786 1927 tua

1893 688 1912 722 ι
1943 671 2214 741 pauperis.
2245 670 2355 728 Nec
2384 673 2579 728 avertit
2614 671 2808 729 faciem
2839 688 2993 730 suam
3036 689 3068 729 a
3108 688 3225 741 me,
3254 684 3310 731 et
3346 692 3469 732 cum

1892 779 1911 813 ι
1945 761 2234 817 clamarem
2269 764 2335 818 ad
2360 777 2484 818 eum
2510 764 2785 820 exaudivit
2809 778 2913 820 me.
2940 763 3096 838 Apud
3132 776 3186 822 te
3210 766 3329 823 laus
3351 783 3469 823 mea

1892 874 1910 907 ι
1944 855 1996 910 ἰη
2025 855 2265 911 Ecclesia
2296 872 2512 928 magna,
2539 868 2665 912 vota
2696 872 2815 912 mea
2847 855 3066 912 reddam
3094 857 3148 912 in
3179 868 3470 928 conspectu

1891 965 1911 998 ι
1949 945 2253 1002 timentium
2293 962 2435 1003 eum.
2468 945 2641 1002 Edent
2666 962 2931 1018 pauperes
2958 954 3012 1001 et
3053 947 3470 1014 saturabuntur,

1892 1057 1911 1091 ι
1946 1048 2003 1094 et
2026 1038 2626 1095 laudabuntDominum
2656 1040 2748 1110 qui
2781 1040 3067 1110 requirunt
3102 1054 3257 1106 eum,
3288 1040 3472 1095 vivent

1892 1149 1912 1184 ι
1948 1132 2111 1187 corda
2140 1146 2327 1187 eorum
2356 1132 2410 1188 in
2441 1132 2695 1189 saeculum
2732 1131 2930 1187 saeculi.
2965 1130 3398 1188 Rcminisceutur
3417 1140 3473 1188 et

1893 1244 1911 1278 ι
1948 1233 2332 1281 convertentur
2364 1225 2429 1279 ad
2457 1225 2744 1280 Dominum
2770 1223 3007 1279 universi
3036 1222 3173 1280 flues
3195 1232 3369 1279 terra}.
3404 1225 3475 1281 Et

1891 1335 1911 1369 ι
1950 1316 2252 1373 adorabunt
2273 1318 2325 1372 in
2348 1328 2635 1387 conspectu
2658 1317 2774 1387 ejus
2800 1319 3064 1376 universae
3088 1318 3307 1375 familiae
3328 1318 3474 1376 Geu-

1892 1428 1912 1462 ‹
1952 1411 2105 1465 tium.
2137 1410 2400 1479 Quoniam
2443 1411 2656 1467 Domini
2684 1422 2767 1468 est
2797 1428 3053 1485 regnum,
3080 1424 3137 1471 et
3165 1415 3279 1486 ipse
3300 1413 3477 1470 domi-

1892 1526 1911 1559 ι
1945 1506 2163 1561 nabitur
2206 1506 2479 1563 Gentium.
2532 1507 2992 1563 Manducaverunt
3028 1517 3083 1564 et
3115 1508 3478 1564 adoraveruut

1894 1616 1913 1649 ι
1947 1614 2135 1653 omnes
2184 1599 2410 1671 pingues
2455 1608 2639 1665 terrae,
2684 1600 2738 1654 in
2786 1608 3077 1670 conspectu
3120 1599 3237 1669 ejus
3283 1600 3477 1655 cadent

1893 1707 1911 1740 ι
1947 1703 2135 1744 omnes
2158 1691 2248 1760 qui
2290 1678 2621 1745 deScendunt
2661 1690 2714 1746 in
2764 1704 2981 1748 terram.
3030 1692 3098 1746 Et
3142 1692 3321 1747 anima
3355 1706 3478 1746 mea

1893 1798 1911 1831 ι
1948 1780 2021 1835 illi
2049 1781 2210 1847 vivet,
2242 1792 2297 1837 et
2322 1798 2503 1838 semen
2538 1796 2716 1838 meum
2747 1783 2945 1840 serviet
2972 1783 3094 1854 ipsi.
3121 1783 3482 1839 Annuntiabi-
3510 1810 3519 1821 κ

1894 1892 1911 1924 ι
1949 1882 2037 1928 tur
2079 1875 2308 1929 Domino
2348 1876 2626 1947 generatio
2672 1884 2935 1941 ventura,
2983 1886 3037 1931 et
3086 1875 3480 1929 annuntiabunt

174 1966 586 2021 resurrectione
621 1966 953 2020 cantabimus
1008 1966 1062 2020 in
1117 1965 1278 2022 corde
1309 1973 1357 2019 et
1416 1963 1699 2034 psallemus
1734 1962 1787 2016 in
1816 1945 1865 2006 Β
1900 1984 1917 2016 ι
1958 1966 2081 2021 coeli
2106 1945 2371 2034 justitiam
2396 1966 2514 2036 ejus
2541 1968 2737 2040 pepulo
2758 1968 2847 2038 qui
2876 1976 3150 2035 nascetur,
3171 1982 3329 2038 quem
3352 1966 3480 2022 fecit

173 2072 342 2127 opere
356 2058 577 2111 virtutes
595 2067 711 2112 tuas
722 2097 736 2123 ,
751 2057 804 2111 id
816 2068 919 2124 est,
936 2057 1294 2113 humilitatem
1313 2066 1367 2112 et
1380 2057 1585 2111 obedeu
1597 2057 1721 2110 tiam
1738 2074 1792 2122 et

184 2158 417 2206 cceteras
430 2150 661 2206 virtutes
684 2150 1171 2216 tuasimitabimur,
1187 2151 1382 2221 quibus
1402 2163 1590 2203 omnes
1612 2146 1791 2202 inimi-

174 2262 271 2301 cos
287 2254 410 2300 tuos
423 2244 815 2316 superasti.Vel
828 2246 1155 2299 cantabimus
1169 2259 1279 2305 ore,
1300 2242 1583 2315 psallemus
1599 2256 1786 2313 opere.
1874 2240 1877 2243 ’

735 2337 1061 2395 PSALMUS
1103 2337 1251 2393 XXI.

275 2448 331 2488 IN
355 2447 519 2487 FINEI
547 2446 651 2488 ἰ)Βο
679 2447 840 2486 DAVID
868 2447 969 2486 PRO
997 2446 1354 2487 SUSCEPTIONE
1385 2445 1686 2487 MATUTINA.

256 2545 274 2577 ι
318 2526 465 2581 Deus
491 2526 635 2581 Deus
664 2512 839 2591 mcus,
868 2526 1077 2596 respice
1103 2526 1157 2580 in
1188 2542 1297 2591 me,
1326 2540 1495 2596 quare
1526 2540 1612 2580 me
1638 2526 1791 2581 dere-

184 2639 201 2670 ι
242 2618 454 2689 liquisti
493 2617 653 2689 longe
675 2632 705 2672 a
731 2618 904 2673 salute
932 2633 1054 2673 mea
1092 2618 1257 2672 verba
1286 2617 1605 2673 delictorum
1635 2632 1787 2671 meo-

187 2731 207 2762 ι
248 2726 394 2765 rum.
428 2709 573 2765 Deus
609 2725 778 2773 meus,
811 2710 1057 2766 clamabo
1084 2725 1182 2781 per
1207 2710 1346 2764 diem
1372 2750 1385 2775 ,
1409 2718 1463 2765 et
1489 2724 1593 2764 non
1623 2724 1791 2765 exau-

187 2824 207 2857 ι
244 2806 409 2861 dies:
454 2814 512 2860 et
556 2814 737 2869 nocte,
773 2813 828 2860 et
870 2819 979 2860 non
1024 2804 1092 2858 ad
1136 2803 1497 2873 insipierliam
1523 2802 1676 2857 mihi.
1708 2801 1789 2856 Tu

188 2916 206 2946 ι
244 2905 432 2950 autem
463 2896 518 2950 in
552 2904 740 2951 sancto
770 2895 1016 2960 habitas,
1046 2895 1191 2949 Laus
1217 2893 1402 2950 Israel.
1434 2894 1492 2948 In
1526 2905 1575 2948 te
1602 2908 1787 2963 spera-

188 3005 205 3038 ι
246 2994 449 3041 verunt
469 2994 654 3055 patres
685 2986 877 3053 nostri,
903 2993 1284 3056 speraverunt,
1327 2992 1381 3039 et
1406 2983 1645 3053 liberasti
1674 2998 1786 3037 eos.

191 3093 210 3127 ι
248 3076 332 3130 Ad
363 3088 420 3132 te
448 3076 840 3143 clamaverunt,
882 3085 933 3132 et
980 3076 1111 3132 salvi
1143 3075 1272 3131 facti
1301 3085 1466 3131 sunt:
1499 3075 1553 3131 in
1585 3086 1634 3131 te
1664 3089 1789 3146 spe-

191 3185 208 3218 s
250 3176 541 3233 raverunt,
570 3176 626 3223 et
648 3184 755 3223 non
787 3176 914 3223 sunt
931 3166 1163 3223 confusi.
1187 3167 1299 3237 Ego
1320 3175 1498 3221 autem
1529 3182 1645 3221 sum
1670 3181 1790 3221 ver-

190 3277 209 3309 ι
249 3260 354 3314 mis
385 3268 443 3315 et
478 3275 586 3315 non
617 3261 808 3325 homo,
850 3258 1199 3329 opprobrium
1228 3260 1506 3313 hominum
1544 3266 1600 3312 et
1644 3258 1787 3328 ahje-

192 3371 211 3404 ι
247 3352 359 3406 ctio
408 3350 602 3422 plebis.
648 3321 848 3406 Omnes
876 3321 1123 3406 videntes
1151 3364 1237 3404 me
1258 3389 1273 3415 ,
1311 3348 1619 3404 deriserunt
1664 3321 1787 3401 me:
1818 3321 1864 3386 (ἶ

194 3463 214 3497 ι
256 3444 427 3500 locuti
464 3455 592 3500 sunt
620 3443 797 3507 labiis,
830 3452 883 3500 et
923 3453 1212 3499 moverunt
1243 3451 1421 3513 caput.
1459 3441 1708 3512 Speravit
1738 3442 1792 3496 in

193 3555 213 3587 ‹
248 3535 506 3602 Domino,
536 3535 733 3605 eripiat
755 3551 878 3591 eum
904 3553 919 3590 :
948 3535 1154 3590 salvum
1182 3535 1341 3589 faciat
1365 3550 1507 3599 eum,
1536 3533 1793 3603 quoniam

194 3648 215 3681 ι
253 3629 374 3684 vult
405 3644 550 3683 eum.
584 3626 851 3695 Quoniam
873 3636 929 3683 tu
957 3644 1016 3683 es
1044 3629 1134 3698 qui
1161 3626 1443 3681 extraxisti
1471 3641 1557 3680 me
1579 3626 1645 3682 de
1668 3638 1796 3681 ven-

194 3739 215 3772 t
258 3729 361 3785 tre,
391 3734 519 3790 spes
545 3734 667 3774 mea
689 3718 759 3774 ab
784 3719 1042 3775 uberibus
1067 3718 1259 3773 matris
1285 3733 1437 3774 mete.
1468 3717 1524 3771 lu
1549 3725 1601 3772 te
1619 3713 1795 3787 proje-

194 3828 217 3862 ι
256 3818 380 3867 etus
408 3825 531 3865 sum
576 3824 644 3866 ex
692 3818 885 3865 utero:
927 3810 993 3865 de
1036 3818 1227 3865 ventre
1263 3808 1454 3863 matris
1483 3822 1615 3863 mem
1654 3808 1797 3863 Deus

196 3920 217 3953 s
257 3917 413 3957 meus
446 3916 507 3957 es
535 3910 621 3966 tu,
655 3915 723 3955 ne
761 3900 1079 3957 discesseris
1106 3915 1136 3954 a
1168 3916 1274 3955 me.
1308 3900 1574 3966 Quoniam
1620 3900 1795 3955 tribu-

196 4014 216 4047 ι
251 3995 387 4051 latio
421 3995 671 4065 proxima
716 4003 832 4061 est,
864 3994 1119 4064 quoniam
1151 4008 1259 4049 non
1291 4002 1373 4048 est
1417 3993 1508 4064 qui
1556 3991 1791 4061 adjuvet.

198 4110 217 4142 ι
254 4088 747 4144 Circumdederuut
775 4101 863 4142 me
888 4086 1039 4141 vituli
1072 4086 1250 4152 multi,
1281 4085 1421 4139 tauri
1447 4084 1672 4155 pingues
1692 4084 1792 4138 ob-

196 4202 216 4234 ι
257 4182 521 4237 sederunt
544 4197 650 4237 me.
684 4181 1028 4251 Aperuernnt
1056 4194 1220 4249 super
1249 4192 1336 4233 me
1356 4194 1417 4233 os
1446 4193 1624 4241 suum,
1657 4178 1798 4232 sicut

196 4297 215 4329 ι
250 4277 336 4332 leo
361 4278 583 4346 rapiens
611 4285 665 4331 et
699 4276 937 4345 rugiens.
975 4274 1128 4328 Sicut
1153 4287 1292 4344 aqua
1328 4271 1531 4327 eﬂ‘usus
1559 4285 1710 4337 sum,
1741 4278 1797 4325 et

195 4389 217 4423 ‹
261 4371 509 4441 dispersa
547 4379 676 4426 sunt
718 4370 898 4425 omnia
944 4383 1069 4423 ossa
1110 4382 1251 4421 mea.
1297 4366 1523 4422 Factum
1567 4374 1655 4421 est
1702 4379 1798 4421 cor

197 4483 217 4515 ί
256 4480 436 4519 meum
471 4472 733 4534 tanquam
774 4477 897 4517 cera
944 4460 1251 4530 liquescens
1292 4459 1346 4513 in
1385 4458 1565 4514 medio
1590 4458 1797 4515 ventris

197 4574 214 4605 ι
257 4553 383 4609 mei.
426 4551 588 4608 Aruit
634 4562 891 4622 tanquam
928 4559 1067 4606 testa
1109 4550 1281 4605 virtus
1311 4563 1462 4614 mea,
1514 4557 1569 4603 et
1615 4547 1795 4616 lingua

200 4664 219 4698 ε
259 4659 382 4699 mea
409 4644 639 4700 adhaesit
667 4643 914 4699 faucibus
937 4643 1091 4706 meis,
1131 4648 1185 4695 et
1217 4641 1268 4694 in
1298 4639 1575 4710 pulverem
1604 4639 1794 4693 mortis

196 4755 217 4787 ι
254 4736 528 4792 deduxisti
558 4751 665 4791 me.
699 4732 963 4802 Quoniam
1001 4732 1473 4789 circumdederunt
1516 4745 1601 4786 me
1633 4745 1793 4787 canes

201 4850 220 4882 ι
258 4831 447 4896 multi,
474 4830 765 4886 concilium
796 4829 1205 4900 malignantium
1236 4827 1446 4882 obsedit
1478 4841 1583 4880 me.
1616 4825 1789 4882 Fode-

202 4939 219 4971 ι
256 4928 381 4975 runt
412 4936 605 4976 manus
638 4935 788 4975 meas
830 4930 885 4974 et
923 4920 1083 4990 pedes
1115 4932 1286 4984 meos,
1317 4917 1793 4972 dinumeravernnt

205 5028 223 5059 ι
257 5012 439 5065 omnia
464 5027 587 5067 ossa
629 5026 775 5065 mea.
825 5010 926 5079 Ipsi
954 5025 1082 5065 vero
1112 5009 1591 5065 consideraverunt
1620 5018 1673 5064 et
1702 5009 1788 5063 in-

205 5122 221 5155 ι
257 5114 551 5175 spexerunt
575 5120 697 5171 me,
726 5104 1026 5159 diviserunt
1052 5104 1152 5160 sibi
1181 5103 1500 5161 vestimenta
1543 5118 1694 5169 mea,
1733 5110 1789 5157 et

207 5218 225 5251 ι
258 5217 416 5272 super
443 5210 655 5258 vestem
693 5214 871 5254 meam
912 5200 1172 5254 miserunt
1199 5208 1424 5255 sortem.
1463 5198 1542 5254 Tu
1570 5206 1751 5253 autem
1771 5237 1787 5261 ,

206 5309 223 5344 ι
254 5293 496 5361 Domine,
522 5309 593 5350 ne
623 5291 964 5360 elongaveris
988 5291 1245 5347 auxilium
1292 5302 1442 5345 tuum
1488 5305 1517 5344 a
1567 5305 1679 5354 me,
1722 5288 1791 5343 ad

321 5387 341 5408 "
371 5388 621 5430 ιιι-ἕονιμπῃ
652 5398 833 5424 mnum
859 5383 1125 5428 nnncninn-
1156 5385 1296 5428 En":
1321 5398 1347 5422 ο
1376 5381 1575 5420 qurnnn
1621 5381 1766 5422 “rs-lg

1900 2075 1919 2109 ι
1958 2056 2235 2113 Dominus.
2275 2078 2292 2111 ι

2463 2149 2917 2207 ENARRATIO.

1958 2241 2025 2297 In
2056 2243 2214 2311 ﬁnem
2249 2259 2342 2314 pro
2374 2246 2724 2315 assumptione
2746 2247 3002 2300 matutina
3028 2245 3259 2315 psalmus
3289 2244 3477 2299 David.

1892 2333 1993 2390 Hic
2017 2335 2257 2405 psalmus
2280 2345 2363 2391 est
2391 2338 2763 2392 attribuendus
2806 2337 3008 2401 David,
3047 2338 3101 2393 id
3133 2345 3235 2404 est,
3266 2336 3482 2393 Christo

1893 2427 2143 2499 dirigenti
2188 2427 2240 2483 in
2289 2427 2486 2495 linem,
2528 2430 2579 2484 id
2615 2438 2699 2485 est
2738 2428 3123 2500 perfectionem
3146 2446 3247 2500 pro
3273 2444 3484 2485 assum-

1890 2525 2077 2595 ptione
2105 2524 2404 2588 matutina,
2450 2525 2504 2580 id
2543 2532 2654 2591 est,
2696 2540 2792 2596 pro
2818 2527 3213 2582 resurrectione
3238 2541 3333 2581 sua
3365 2539 3486 2596 qua:

1893 2615 2038 2672 facta
2060 2626 2145 2673 est
2170 2618 2321 2673 valde
2349 2636 2503 2674 mane
2530 2636 2646 2673 cum
2670 2620 2841 2674 adhuc
2862 2621 3084 2675 tenebrte
3110 2630 3275 2676 essent
3298 2620 3484 2692 (Joan.

1893 2712 2023 2783 xx),
2054 2712 2270 2783 quando
2319 2712 2623 2768 mortalitas
2666 2714 2952 2785 assumpsit
3000 2714 3482 2781 immortalitatem,

1895 2805 1961 2858 ad
1990 2805 2395 2860 similitudinem
2428 2804 2556 2860 solis
2577 2805 2667 2875 qui
2692 2805 2952 2877 paulatim
2984 2806 3223 2875 depulsis
3252 2806 3486 2861 tenebris

1893 2895 2235 2952 ascendendo
2272 2895 2415 2950 vires
2455 2896 2700 2951 assumit.
2740 2895 2863 2962 Sic,
2892 2896 3107 2951 Christo
3137 2905 3484 2968 resurgente,

1893 2987 2152 3059 paulatim
2208 2986 2444 3041 fidelium
2500 2996 2713 3042 mentes
2762 2987 3103 3042 illuminavit.
3156 2987 3214 3043 lu
3258 2987 3488 3043 l-lebrteo

1894 3096 2063 3145 cerva,
2092 3093 2191 3149 pro
2218 3079 2480 3133 matutina
2522 3079 2665 3149 quod
2708 3078 2848 3133 idem
2876 3079 3019 3133 valet
3063 3080 3130 3134 ad
3174 3078 3485 3134 similitudi-

1893 3184 2015 3224 nem
2060 3169 2223 3238 :quia
2256 3170 2394 3223 sicut
2423 3183 2581 3223 cerva
2614 3184 2825 3225 summo
2855 3168 3089 3225 diluculo
3116 3183 3183 3223 ex
3209 3170 3322 3239 ipsa
3364 3169 3482 3224 luce

1895 3261 2196 3333 gratulatur
2224 3270 2280 3316 et
2308 3260 2412 3315 alta
2446 3260 2780 3326 conscendit,
2811 3261 2889 3315 sic
2921 3262 3155 3316 humana
3187 3270 3381 3315 natura
3419 3274 3487 3315 ex

1896 3366 1990 3406 sua
2018 3350 2417 3406 resurrectione
2441 3349 2727 3404 laetabitur.
2768 3348 3018 3405 Christus
3053 3358 3213 3420 caput
3240 3358 3485 3404 nostrum

1895 3444 1949 3499 in
1972 3445 2073 3498 hoc
2096 3443 2301 3512 psalmo
2322 3441 2434 3514 agit
2451 3443 2746 3498 secnndum
2766 3440 3158 3495 humanitatem
3182 3455 3304 3495 cum
3324 3439 3489 3495 Patro

1895 3537 1963 3594 de
1994 3539 2162 3610 gloria
2199 3552 2310 3592 suae
2350 3535 2795 3600 resurrectionis,
2827 3543 2883 3590 et
2909 3535 2973 3590 de
3000 3534 3179 3590 fructu
3206 3534 3371 3607 ipsius
3402 3548 3487 3590 re-

1896 3631 2272 3695 surrectionis,
2299 3638 2353 3685 et
2382 3630 2445 3684 de
2472 3628 2640 3697 gloria
2666 3628 2933 3699 justornm
2954 3636 3011 3682 et
3038 3627 3105 3682 de
3127 3626 3490 3683 excmcationo

1898 3723 2203 3794 impiorum.
2230 3721 2585 3776 Prmmittitur
2613 3731 2793 3775 autem
2823 3719 2939 3789 ejus
2978 3719 3161 3791 passio
3203 3728 3265 3774 ut
3315 3717 3492 3787 major

1897 3824 2156 3886 appareat
2177 3816 2295 3885 ejus
2323 3813 2674 3879 resurrectio,
2706 3813 2831 3883 quia
2869 3820 3071 3881 quanto
3102 3809 3276 3880 majus
3316 3820 3490 3866 certa-

1898 3925 2021 3965 men
2051 3925 2115 3964 eo
2138 3907 2314 3977 major
2349 3908 2591 3963 victoria:
2620 3905 2824 3961 laetitia.
2867 3903 2934 3960 Et
2965 3904 3019 3959 in
3053 3903 3173 3975 ipso
3194 3903 3492 3961 certamine

1897 4003 2166 4075 passionis
2195 4012 2317 4057 orat
2338 4009 2399 4057 ut
2426 4000 2709 4072 eripiatur,
2751 3999 2806 4056 in
2833 4011 3065 4072 persona
3090 3997 3290 4054 veteris
3314 3995 3490 4053 homi-

1898 4095 1984 4150 nis
2017 4094 2096 4149 sic
2130 4093 2314 4148 dicens
2337 4109 2352 4148 :

1970 4183 2141 4247 Deus,
2195 4185 2378 4254 quies
2416 4184 2657 4240 omnium
2697 4183 2840 4240 Deus
2878 4198 2977 4254 per
3017 4190 3304 4249 naturam,
3347 4180 3490 4237 Deus

1898 4291 2069 4340 meus,
2112 4274 2417 4345 specialiter
2461 4290 2560 4347 per
2603 4275 2831 4346 gratiam
2879 4274 2964 4331 vel
3009 4289 3105 4346 per
3160 4274 3489 4345 singularem

1898 4365 2284 4430 obedientiam,
2318 4367 2512 4436 respice
2540 4366 2597 4419 in
2623 4381 2724 4431 me,
2749 4364 2801 4419 id
2828 4372 2913 4420 est
2951 4364 3006 4419 in
3056 4363 3313 4418 auxilium
3344 4378 3491 4418 meo-

1899 4472 2053 4521 rum,
2098 4456 2189 4528 qui
2234 4472 2403 4527 usque
2443 4456 2601 4512 modo
2640 4454 2933 4526 despexisti
2980 4469 3085 4509 me.
3128 4453 3226 4510 llic
3266 4461 3491 4525 apparet

1898 4550 2043 4620 quod
2074 4548 2324 4605 Christus
2354 4563 2458 4603 non
2492 4548 2546 4603 in
2576 4547 2659 4603 sui
2690 4560 2918 4616 persona
2949 4545 3040 4601 hic
3070 4554 3244 4616 rogat,
3274 4546 3364 4616 qui
3389 4546 3489 4600 im-

1901 4642 2080 4697 munis
2114 4649 2195 4697 est
2224 4658 2252 4696 a
2286 4651 2527 4711 peccato,
2558 4639 2652 4695 sed
2680 4638 2917 4709 suscepit
2954 4637 3151 4694 delicta
3187 4647 3370 4693 nostra
3392 4678 3406 4704 ,
3433 4648 3493 4692 ut

1901 4736 2055 4790 nobis
2100 4734 2364 4788 tribueret
2401 4731 2843 4804 justiﬁcaliouem
2885 4747 3057 4788 suam.
3101 4729 3233 4787 Orat
3270 4745 3399 4801 ergo
3437 4730 3491 4784 in

1898 4828 2016 4882 vice
2040 4838 2263 4881 nostra:
2304 4825 2522 4896 Respice
2556 4825 2610 4881 in
2653 4840 2752 4889 me,
2783 4823 2833 4878 id
2875 4833 2959 4880 est
3006 4824 3176 4880 libera
3203 4839 3314 4891 me,
3344 4824 3492 4892 longe

1898 4937 1958 4976 es
1982 4940 2013 4975 α
2037 4920 2205 4975 salute
2234 4936 2372 4985 mea,
2401 4928 2459 4973 ut
2478 4918 2582 4974 illis
2608 4916 2824 4972 videtur
2849 4918 2942 4988 qui
2974 4918 3198 4974 dicunt:
3227 4913 3285 4970 Si
3314 4911 3490 4966 Filius

1896 5012 1995 5068 Dei
2040 5024 2149 5081 est,
2192 5010 2469 5066 descendat
2512 5011 2576 5066 de
2620 5025 2803 5076 cruce,
2846 5019 2891 5063 et
2938 5010 3117 5065 liberet
3156 5023 3273 5062 eum
3310 5007 3355 5059 si
3384 5004 3489 5057 vult

1899 5104 2115 5170 (Matth.
2147 5104 2353 5175 xxvn),
2400 5103 2523 5173 quia
2571 5103 2614 5159 si
2659 5118 2765 5155 non
2807 5102 3006 5158 liberas
3069 5099 3267 5154 videris
3302 5095 3494 5150 dereli—

1899 5197 2083 5267 quisse
2111 5211 2216 5251 me.
2253 5194 2429 5261 Quare
2455 5214 2535 5251 me
2569 5192 2937 5263 dereliquisti?
2969 5194 3018 5249 id
3048 5200 3167 5253 est,
3199 5201 3383 5258 quare,
3428 5202 3495 5240 eo

1898 5293 2059 5345 modo
2080 5307 2182 5347 non
2207 5288 2484 5343 liberando
2507 5306 2615 5361 quo
2641 5295 3015 5357 perspe-HM"
3060 5284 3068 5298 '

1900 5381 1965 5418 lic
1999 5383 2164 5418 νῖιΙΛινῖ
2197 5396 2312 5414 noon
