3930 5936
449 361 544 416 251

1102 358 1359 416 neuneu
1393 356 2052 416 ANTISSIODORENSIS
2073 355 2222 416 orr.
2261 359 2444 418 rans
2478 360 2520 418 ι.
2560 389 2631 404 .-
2666 331 3074 421 ΕχεαΕέιτιοΑ.

3616 365 3726 420 9.52

403 475 408 479 ’
451 476 676 548 peccati.
727 475 994 543 Meorum,
1033 476 1087 532 id
1133 485 1246 542 est,
1295 477 1534 532 omnium
1579 491 1767 530 eorum
1808 477 2032 546 propter
2055 477 2108 542 Α
2136 473 2504 546 dereliquissc,
2541 477 2666 548 quia
2690 486 2767 534 tot
2805 477 3022 552 indigna
3049 477 3162 552 pati
3201 477 3478 549 permittis
3511 486 3571 535 et
3593 479 3735 535 foris

452 585 587 639 quos
616 570 682 624 ad
725 568 1029 640 passionem
1075 570 1195 625 veni
1242 569 1611 635 liberandum,
1658 568 1808 638 longe
1839 565 1972 623 sunt
2003 580 2035 619 a

453 663 625 720 salute
651 677 790 728 mea,
809 664 911 719 hac
930 664 1133 719 scilicet
1158 674 1214 718 ιιι
1241 663 1394 718 vivus
1416 663 1480 719 de
1501 676 1664 718 cruce
1688 660 2031 717 descendam.

451 757 571 813 Non
597 757 740 812 enim
769 751 1168 827 hoc.po$tulant
1205 766 1262 812 ut
1289 757 1354 812 de
1376 771 1537 812 cruce
1565 754 1909 822 descendam,
1944 751 2039 808 sed

452 856 513 903 ut
537 848 588 904 in
620 862 783 904 cruce
812 849 1044 904 moriar:
1087 850 1186 906 hoc
1211 849 1353 904 enim
1387 849 1560 904 solum
1591 859 1674 904 cst
1700 848 1778 911 eis
1804 846 2036 920 pretium

455 941 860 1010 redemptionis.
887 941 1060 997 Aliter
1084 956 1100 996 :
1143 940 1318 1008 Quare
1349 959 1430 996 me
1456 941 1811 1020 dereliquisti,
1843 939 1894 995 id
1923 947 2039 1005 est,

454 1046 622 1100 quare
662 1031 864 1088 videris
893 1032 1275 1104 dereliquisse,
1317 1032 1442 1088 dum
1480 1048 1585 1088 non
1624 1032 1848 1104 respicis
1874 1031 1928 1086 in
1955 1044 2042 1086 me

454 1122 736 1180 liberando
764 1124 831 1180 de
857 1125 1060 1180 cruce?
1093 1123 1216 1181 ldeo
1241 1125 1393 1180 verba
1429 1110 1737 1180 tlelictorum
1773 1139 2006 1178 meorum
2023 1162 2040 1189 ,

424 1263 426 1265 ,
457 1215 510 1269 id
539 1226 642 1282 est,
667 1204 1071 1289 deprecationes
1090 1234 1324 1272 meorum
1348 1234 1466 1288 quae
1486 1227 1609 1273 sunt
1633 1216 1962 1286 delictorum,
1989 1217 2044 1274 id

457 1319 541 1364 est
570 1326 666 1382 pro
689 1311 918 1378 delictis,
946 1313 1096 1383 longe
1119 1331 1149 1367 a
1171 1313 1338 1367 salute
1364 1328 1499 1379 mea,
1525 1312 1578 1367 id
1601 1319 1706 1377 est,
1728 1327 1834 1386 non
1863 1320 2048 1386 postpu-

453 1402 570 1456 slant
593 1411 651 1457 ιιι
675 1418 776 1473 ego
801 1404 1124 1460 descendam
1157 1405 1224 1460 de
1255 1421 1434 1473 cruce,
1463 1405 1588 1475 quia
1622 1389 1747 1478 tunc
1775 1420 1882 1460 non
1911 1404 2044 1461 libe-

449 1505 712 1550 rarentur
758 1497 899 1562 mei,
957 1497 1010 1551 id
1059 1507 1160 1562 est,
1209 1499 1340 1553 mihi
1385 1499 1776 1569 praedestinati.
1831 1498 2042 1555 Aliter:

462 1588 640 1652 Quare
672 1606 750 1644 me
777 1589 1143 1662 dereliquisti?
1163 1592 1324 1659 Quasi
1355 1592 1498 1648 dicat
1522 1610 1535 1646 :
1570 1593 1694 1648 Haec
1715 1593 1878 1649 verba
1905 1592 2048 1664 quod

461 1681 604 1747 dico,
636 1684 827 1752 respice
861 1693 917 1739 ct
941 1683 1282 1756 dereliquisti,
1321 1702 1438 1756 quae
1466 1695 1591 1741 sunt
1618 1685 1767 1759 longe
1803 1704 1836 1740 a
1878 1687 2048 1741 salute

463 1790 597 1834 mea,
632 1773 689 1826 id
722 1782 805 1829 est
827 1815 841 1841 ,
891 1789 921 1830 a
965 1790 1052 1830 me
1079 1777 1169 1846 qui
1206 1792 1323 1832 sum
1351 1777 1608 1832 immunis
1641 1777 1709 1833 ab
1737 1777 1884 1832 onmi
1925 1791 2050 1848 pec-

2139 580 2245 622 non
2277 565 2504 622 liberas:
2539 574 2594 621 tu
2619 576 2822 634 autem,
2853 568 3061 625 scilicet
3095 584 3200 628 non
3227 569 3734 641 derelinquis,quia

2137 658 2390 730 insancto
2419 660 2646 729 habitas,
2677 675 2765 718 me
2795 662 3001 719 scilicet
3025 674 3303 736 assumpto
3323 665 3741 736 bominequem

2133 751 2492 816 inhabitando
2527 762 2772 818 sanctum
2818 755 2981 831 facis,
3011 759 3298 829 operando
3341 758 3561 820 occulte
3592 756 3743 812 satu-

2143 851 2271 911 tem,
2303 860 2391 902 me
2413 845 2546 902 foris
2571 862 2682 906 non
2710 846 3001 920 salvando:
3025 846 3170 920 Laus
3199 848 3392 917 latitet,
3427 850 3491 906 .id
3509 857 3623 912 est,
3643 849 3745 918 qui

2141 951 2418 1008 nunquam
2451 947 2570 993 tuos
2587 938 2821 1008 deseris,
2843 939 3059 1010 scilicet
3072 955 3176 1014 per
3196 955 3358 1012 quem
3377 949 3472 1003 est
3489 940 3749 1002 laudabi-

2141 1025 2211 1086 lis
2243 1029 2419 1085 omnis
2447 1030 2630 1099 Israel,
2659 1032 2712 1088 id
2751 1042 2854 1112 est,
2872 1034 3059 1100 omnis
3085 1034 3181 1106 qui
3196 1044 3256 1099 te
3280 1035 3430 1095 videt
3455 1049 3557 1106 per
3579 1033 3747 1090 ﬁdem

2143 1128 2198 1176 et
2229 1136 2413 1192 spem:
2444 1119 2587 1185 Laus
2639 1121 2830 1192 Israel,
2879 1125 3036 1197 cuius
3083 1124 3420 1194 habitatione
3448 1125 3751 1184 laudabilis

2146 1214 2374 1284 edicitur
2402 1216 2587 1286 Israel,
2618 1219 2721 1284 vel,
2747 1235 2909 1298 quem
2933 1219 3109 1278 solum
3129 1221 3329 1284 merito
3341 1220 3536 1280 laudat
3553 1219 3752 1282 lsrael,

2148 1309 2272 1378 quia
2300 1324 2576 1380 nunquam
2603 1310 2914 1380 derelictus,
2942 1313 3123 1369 ethoc
3150 1312 3388 1368 ostendit
3413 1325 3514 1383 per
3537 1321 3754 1381 partes.

2149 1397 2216 1454 In
2238 1409 2287 1456 te
2311 1410 2647 1478 speraverant
2667 1412 2840 1474 patres
2866 1404 3052 1472 nostri,
3075 1403 3288 1476 Moyses
3311 1413 3373 1466 et
3394 1403 3548 1465 Aron
3571 1413 3635 1458 et
3662 1401 3757 1456 alii

2147 1493 2303 1549 multi
2326 1504 2661 1563 speraverant
2701 1505 2749 1552 et
2775 1494 3007 1550 liberasti
3032 1512 3120 1552 eos
3165 1496 3232 1552 dc
3253 1511 3419 1558 manu
3448 1493 3761 1554 Pharaonis

2149 1595 2205 1642 et
2227 1585 2696 1660 Egyptiorum,et
2719 1589 2785 1645 de
2798 1604 2964 1650 manu
2991 1589 3236 1646 omnium
3253 1588 3611 1648 inimicorum
3635 1602 3762 1642 suo-

2149 1695 2290 1734 rum.
2323 1679 2403 1733 Ad
2429 1690 2475 1734 te
2497 1679 2873 1746 clamauerunt,
2897 1681 3039 1737 sicut
3059 1682 3113 1737 in
3125 1679 3363 1744 deserto,
3383 1690 3437 1734 et
3465 1679 3605 1740 salvi
3627 1677 3759 1748 facti

2152 1780 2271 1825 sunt
2287 1785 2305 1823 :
2324 1771 2516 1825 misisti
2534 1770 2613 1830 eis
2638 1787 2856 1843 manna,
2881 1771 3075 1832 dedisti
3099 1787 3294 1843 aquam
3321 1772 3388 1828 de
3401 1782 3584 1842 petra.
3615 1768 3688 1822 In
3714 1778 3762 1822 te

461 1877 605 1926 cato,
640 1879 745 1919 non
788 1874 913 1920 sunt
942 1881 1083 1934 mea,
1113 1867 1166 1922 id
1200 1877 1285 1923 est
1324 1883 1424 1939 pro
1461 1884 1568 1934 me,
1612 1883 1730 1937 quae
1775 1883 2051 1937 nunquam
2073 1864 2127 1946 ¹»Β
2155 1876 2489 1938 speraverant
2513 1875 2562 1922 et
2590 1884 2693 1922 non
2714 1877 2837 1923 sunt
2865 1868 3093 1940 confusi,
3111 1868 3243 1939 quia
3264 1876 3319 1924 et
3340 1867 3576 1926 interius
3602 1875 3764 1921 etex-

462 1955 772 2024 dcspcxisti,
799 1973 1074 2028 nunquam
1101 1959 1443 2032 dereliquisti,
1471 1960 1562 2016 sed
1584 1968 1712 2015 sunt
1732 1959 1886 2014 verba
1915 1958 2046 2014 deli-

460 2056 662 2101 ctorum
689 2065 947 2116 meorum,
973 2051 1024 2106 id
1049 2060 1129 2106 est
1159 2067 1256 2122 pro
1282 2051 1492 2123 delictis
1515 2068 1768 2117 meorum,
1796 2066 1913 2122 quae
1947 2064 2046 2121 ego

462 2148 653 2208 porto;
700 2150 758 2194 ut
789 2141 917 2197 illud
963 2161 974 2197 :
1004 2150 1060 2198 et
1085 2143 1399 2214 iniquitates
1425 2153 1640 2200 nostras
1668 2145 1777 2215 ipse
1800 2143 2044 2215 portavit,

463 2237 516 2282 et
537 2228 820 2300 languores
843 2243 1047 2289 nostros
1073 2236 1182 2306 ipse
1205 2235 1428 2291 abstulit
1456 2235 1590 2308 (lsa.
1616 2235 1756 2308 Lut).
1791 2234 1909 2312 Vel,
1937 2249 2049 2296 me-

463 2320 568 2376 rito
615 2337 832 2392 possum
874 2325 1044 2380 videri
1093 2327 1406 2394 derelictus,
1451 2337 1506 2383 et
1551 2342 1724 2398 neque
1761 2343 1848 2384 me
1876 2327 2049 2384 solum

463 2414 786 2487 dcreliquisti
808 2434 838 2472 a
862 2418 954 2474 tali
976 2419 1171 2489 salute,
1207 2423 1300 2477 sed
1326 2421 1488 2476 etiam
1517 2437 1683 2476 meos.
1716 2421 1854 2475 Deus
1883 2437 2049 2487 meus,

465 2504 703 2578 clamabo
731 2510 799 2564 ad
818 2517 874 2564 te
891 2527 984 2580 per
1003 2512 1162 2578 diem,
1190 2513 1245 2569 id
1276 2521 1379 2579 est,
1406 2527 1504 2583 per
1536 2512 1656 2568 illos
1684 2512 1774 2584 qui
1801 2513 1852 2566 in
1883 2528 2050 2577 iaetu-

465 2601 583 2656 bris
611 2603 746 2658 meis
784 2606 1115 2678 perfectione
1143 2616 1198 2664 et
1224 2609 1468 2665 claritate
1496 2610 1755 2664 virtutum
1786 2609 1900 2665 dies
1925 2623 2051 2680 pos-

467 2701 593 2750 sunt
614 2695 738 2750 diei.
773 2696 844 2752 Et
873 2716 978 2754 non
1003 2702 1270 2767 exaudies,
1312 2700 1764 2773 quemadmodum
1787 2715 1887 2772 per
1916 2700 2053 2756 Pau-

463 2785 578 2846 lum
610 2789 702 2859 qui
741 2797 824 2846 ter
864 2793 1155 2853 Dominum
1194 2796 1402 2866 rogavit
1447 2803 1508 2850 ut
1555 2793 1858 2849 auferretur
1888 2795 1955 2848 ab
1991 2809 2056 2850 eo

469 2881 720 2947 stimulus
757 2886 961 2953 carnis,
998 2896 1055 2942 et
1094 2904 1199 2944 non
1245 2896 1326 2944 est
1354 2888 1658 2944 exauditus.
1695 2887 1826 2942 Nam
1855 2888 2054 2943 dictum

467 2981 552 3027 est
573 2973 664 3029 ei:
707 2975 907 3047 Su/ﬁcit
933 2979 1025 3033 tibi
1059 2981 1229 3050 gratia
1271 2996 1406 3034 mea.
1451 2977 1592 3033 Nam
1634 2980 1794 3034 virtus
1827 2980 1881 3034 in
1913 2979 2059 3049 inﬁr-

468 3072 646 3126 mitate
672 3073 942 3142 perﬁcitur
961 3074 1013 3146 (Ι
1035 3073 1156 3130 Cor.
1183 3075 1304 3145 xu).
1331 3075 1399 3130 Et
1429 3075 1666 3131 clamabo
1691 3085 1856 3141 nocte,
1881 3076 1932 3130 id
1958 3084 2058 3142 est,

472 3162 526 3217 in
578 3165 684 3220 illis
729 3166 820 3236 qui
862 3177 1082 3238 propter
1130 3167 1488 3238 ignorantiam
1537 3167 1916 3244 mysteriorum
1968 3167 2059 3221 Dei

2149 1959 2319 2015 terius
2336 1959 2548 2014 salvati.
2576 1959 2777 2016 Dedisti
2807 1959 2888 2016 eis
2907 1960 3053 2031 quod
3075 1960 3392 2031 promisisti,
3416 1959 3632 2018 scilicet
3657 1966 3763 2013 ter-

2148 2067 2263 2107 ram
2279 2054 2670 2123 promissionis,
2685 2064 2738 2111 et
2751 2055 2916 2112 vitam
2929 2054 3227 2126 longaevam
3247 2064 3302 2112 et
3316 2055 3763 2126 procreationem

2150 2145 2404 2212 ﬁliorum.
2417 2145 2532 2216 Ego
2547 2158 2720 2204 autem
2735 2164 2852 2203 sum
2873 2150 3207 2218 opprobrium
3231 2147 3528 2212 hominum,
3550 2143 3765 2201 Iudaeo-

2149 2255 2270 2294 rum
2293 2239 2586 2294 dicentium
2605 2239 2670 2294 ad
2694 2239 3075 2313 ignominiam:
3108 2239 3186 2306 Tu
3213 2237 3505 2309 discipulus
3531 2237 3651 2307 ejus
3673 2235 3764 2300 sis,

2152 2350 2246 2388 nos
2274 2333 2446 2404 Moysi
2488 2332 2729 2406 discipuli
2753 2350 2936 2389 sumus
2977 2332 3160 2406 (Joan.
3204 2331 3312 2406 ut).
3351 2331 3424 2398 Et
3449 2345 3564 2392 non
3585 2327 3768 2388 solum

2152 2419 2430 2482 bominUm
2471 2425 2526 2480 in
2567 2426 2762 2496 quibus
2801 2434 3032 2498 possunt
3081 2425 3316 2494 majores
3361 2419 3619 2489 intelligi,
3676 2418 3767 2473 sed

2153 2518 2318 2573 etiam
2356 2516 2576 2588 abjectio
2613 2515 2799 2588 plebis,
2829 2517 3011 2585 idest,
3046 2516 3430 2584 vilissimorum
3453 2511 3770 2581 (18111090-

2155 2609 2298 2682 pulo.
2333 2608 2499 2680 Estra
2527 2608 2800 2674 civitatem
2834 2609 2980 2668 enim
3009 2623 3098 2680 me
3145 2608 3446 2680 eiecerunt,
3491 2618 3769 2674 conspue-

2155 2689 2285 2758 lrunt
2335 2702 2530 2757 facient
2568 2718 2770 2767 meam,
2822 2702 3007 2773 alapas
3046 2701 3336 2762 dederunt.
3377 2700 3458 2755 Ae
3491 2698 3536 2753 si
3585 2696 3767 2752 dicat:

2159 2793 2360 2849 Omnes
2393 2793 2488 2858 illi,
2531 2794 2656 2865 quia
2696 2793 2752 2850 in
2790 2800 2842 2850 te
2885 2800 3261 2863 speraveruat,
3303 2805 3415 2862 pou
3469 2798 3600 2846 sunt
3649 2803 3684 2842 a
3722 2796 3771 2842 te

2161 2883 2424 2950 derelicti,
2450 2901 2541 2955 ego
2581 2894 2778 2950 autem,
2810 2883 3020 2940 scilicet
3063 2882 3249 2940 videor
3290 2880 3611 2945 derelictus,
3642 2893 3769 2935 cum

2164 2986 2342 3032 tamen
2367 2977 2467 3032 sim
2516 2977 2624 3034 illis
2665 2977 2918 3037 omnibus
2968 2976 3163 3047 major,
3201 2976 3331 3047 quia
3384 2991 3505 3031 sunt
3558 2974 3767 3034 vermis,

2164 3069 2371 3125 scilicet
2408 3078 2567 3130 natus
2593 3069 2660 3128 de
2686 3067 2907 3142 Virgine
2935 3076 3109 3125 matre
3133 3069 3252 3138 sine
3275 3076 3455 3140 patre,
3499 3064 3771 3135 quemado

2166 3164 2384 3218 modum
2402 3162 2586 3218 vermis
2601 3161 2667 3217 de
2681 3160 2794 3218 solo
2808 3161 2953 3236 ligno
2968 3160 3049 3217 vel
3067 3169 3207 3216 terra
3217 3200 3232 3229 ,
3249 3158 3456 3220 scilicet
3469 3173 3593 3220 stun
3607 3157 3772 3212 homo

471 3257 578 3310 n'ox
604 3256 708 3311 dici
739 3267 1001 3327 possunt:
1044 3270 1096 3314 et
1129 3276 1229 3313 non
1260 3261 1509 3328 exaudies
1529 3301 1542 3323 ,
1585 3238 1750 3332 doces.
1776 3259 1925 3330 enim
1955 3275 2059 3316 non
2087 3238 2135 3312 (ἆ
2168 3271 2329 3328 supra
2343 3254 3313 3327 hominesquiaimmunisapepeato.
3353 3251 3772 3324 Et,“an

471 3359 593 3402 esse
627 3348 966 3406 clamandum
1000 3352 1180 3424 verbis
1208 3335 1535 3422 delictorum:
1562 3351 1771 3408 Aliter:
1813 3351 2062 3414 Clamabo

471 3441 706 3498 inimicis
730 3461 822 3515 per
845 3445 999 3522 diem,
1034 3445 1086 3501 id
1111 3455 1214 3512 est,
1241 3427 1654 3517 prosperitatem
1679 3443 1838 3515 hujus
1860 3445 2062 3520 smculi,

473 3543 530 3587 ut
555 3523 786 3591 maneat.
821 3537 886 3592 Et
919 3549 1099 3606 nocte,
1129 3525 1333 3605 idest,
1367 3525 1718 3614 ‘adversitate,
1761 3548 1820 3593 ut
1845 3523 2065 3612 prospe-

473 3638 644 3683 retur.
678 3629 742 3684 Et
770 3649 872 3711 non
897 3631 1166 3686 exaudies.
1184 3630 1254 3687 Et
1277 3633 1416 3702 quod
1441 3649 1545 3687 non
1569 3633 1835 3698 exaudies,
1866 3649 1967 3686 non
1997 3631 2066 3686 ad

472 3723 826 3801 insipientiam
869 3726 1032 3792 mihi,
1081 3727 1175 3782 sed
1210 3725 1374 3782 facies
1420 3725 1486 3780 ad
1527 3725 1878 3798 sapientiam,
1927 3725 2067 3780 hanc

478 3815 686 3871 scilicet
709 3823 768 3869 ut
799 3816 1010 3872 discant
1037 3818 1140 3873 mei
1187 3826 1238 3872 te
1273 3817 1351 3873 eis
1377 3831 1567 3888 sapere
1603 3816 1721 3888 plus
1758 3815 1838 3871 vel
1876 3815 2068 3871 melius

477 3896 762 3978 providere
789 3923 949 3980 quam
980 3909 1079 3980 ipsi
1109 3908 1230 3980 sibi.
1275 3908 1509 3964 Medicus
1535 3924 1596 3964 cs
1621 3926 1634 3962 :
1679 3923 1785 3962 non
1827 3905 1961 3982 facis
1987 3922 2070 3962 se-

478 4001 710 4056 cundum
742 3999 1066 4057 voluntatem
1091 4001 1500 4067 infirmantium,
1524 4003 1618 4057 sed
1646 4000 1940 4056 secundum
1967 3999 2072 4054 sal-

480 4093 771 4160 vationem,
807 4093 938 4149 facis
977 4108 1334 4166 cognoscere,
1385 4108 1505 4149 cum
1556 4109 1660 4147 non
1691 4101 1916 4163 pr:cstas
1951 4107 2071 4166 quze

476 4184 748 4254 postulant
768 4185 950 4242 verbis
968 4185 1299 4254 delictorum,
1327 4202 1431 4241 non
1456 4201 1577 4241 esse
1598 4200 1812 4258 pinnam
1834 4184 1900 4238 ad
1921 4185 2073 4239 dam-

478 4279 770 4344 nationem,
805 4279 898 4335 sed
944 4279 1265 4335 medicinam
1316 4281 1381 4333 ad
1427 4279 1673 4356 salutem.
1702 4278 1911 4344 Aliter:
1950 4278 2072 4350 ideo

477 4369 616 4434 dico,
657 4372 874 4442 respice,
905 4370 1054 4442 quia,
1082 4388 1244 4444 quare
1271 4388 1350 4426 me
1383 4369 1737 4442 dereliquisti,
1779 4369 1829 4423 id
1858 4377 1964 4434 est,
1995 4368 2073 4422 vi-

477 4461 614 4516 dctis
645 4478 731 4516 me
752 4463 1140 4534 dereliquissc?
1167 4460 1418 4516 Clamabo
1442 4478 1536 4534 per
1562 4462 1695 4515 diem
1723 4458 1929 4516 scilicet
1959 4473 2072 4514 vcr-

478 4553 561 4607 liis
590 4553 921 4619 delictorum,
956 4571 1054 4610 nec
1081 4555 1349 4620 exaudies,
1382 4561 1437 4609 et
1464 4552 1568 4608 hoc
1592 4551 1736 4624 quod
1768 4568 1869 4605 non
1908 4567 2070 4605 exau-

480 4645 610 4708 tlies,
643 4645 776 4700 facis
800 4647 926 4699 mihi
950 4664 1051 4700 non
1076 4648 1142 4700 ad
1164 4647 1537 4718 insipientiam,
1563 4654 1622 4700 ut
1645 4645 1902 4716 insipiens
1927 4644 2071 4712 liam,

481 4735 573 4790 sed
610 4736 675 4789 ad
707 4753 956 4807 n‘iaguam
1003 4740 1356 4808 sapientiam,
1402 4736 1608 4794 scilicet
1648 4747 1706 4793 ut
1729 4738 1939 4792 discant
1969 4737 2074 4793 mei

482 4841 587 4880 non
614 4842 733 4882 esse
758 4828 1016 4882 orandum
1046 4830 1227 4883 verbis
1253 4829 1582 4884 delictorum.
1628 4829 1832 4896 Aliter,
1871 4829 1922 4884 in
1953 4843 2076 4900 per-

481 4935 614 4974 sona
639 4922 866 4988 capitis:
912 4921 1050 4975 Deus
1082 4939 1248 4988 meus,
1287 4913 1523 4976 clamabo
1559 4939 1650 4992 per
1685 4923 1841 4988 diem,
1878 4923 2070 4988 idest,

482 5025 580 5080 per
611 5020 776 5065 totum
811 5011 937 5066 illud
969 5013 1235 5083 passionis
1279 5021 1489 5083 tempus
1520 5013 1661 5082 quod
1695 5012 1791 5065 fuit
1829 5022 1954 5066 ante
1981 5025 2076 5066 no-

483 5112 644 5170 ctem,
679 5105 728 5159 id
767 5113 865 5168 est,
900 5106 1076 5161 crucis
1103 5114 1362 5170 mortem,
1409 5117 1454 5159 et
1498 5121 1600 5158 non
1636 5105 1917 5168 examties,
1951 5103 2075 5172 quia

482 5198 746 5267 permittis
769 5199 1014 5268 conspui,
1035 5199 1268 5263 irrideri,
1289 5200 1560 5254 verberari
1587 5208 1641 5253 et
1666 5198 1829 5253 multa
1862 5197 2076 5266 indigna

483 5293 612 5360 pati.
640 5290 703 5345 Et
722 5305 889 5359 nocte,
915 5293 965 5346 id
996 5304 1097 5358 est,
1121 5295 1170 5346 in
1198 5293 1372 5346 crucis
1393 5306 1711 5363 plnumcum
1735 5291 1811 5345 sol
1827 5291 2082 5344 obscura-

485 5386 650 5440 bitur.
685 5387 749 5440 lt‘t
788 5403 891 5440 non
917 5387 1186 5451 exaudics,
1215 5386 1341 5458 quia
1367 5385 1635 5456 permittis
1665 5386 1718 5438 in
1742 5398 1901 5438 cruce
1919 5383 2077 5437 mori.

489 5477 680 5533 Ethoc
707 5480 836 5534 mihi
893 5479 1058 5535 facies
1103 5497 1205 5535 non
1250 5481 1318 5533 ad
1356 5477 1832 5550 insipientiam,sed
1861 5478 1928 5530 ad
1969 5491 2083 5529 ma-

487 5586 646 5640 gnam
678 5573 1017 5641 sapientiam.
1059 5572 1356 5642 Oportebat
1397 5572 1532 5626 enim
1576 5585 1715 5632 eum,
1755 5569 1843 5637 qui
1895 5567 2082 5620 multos

491 5663 628 5717 ﬁlios
654 5664 982 5719 adducturus
1011 5668 1204 5720 eratin
1230 5665 1458 5738 gloriam
1491 5662 1688 5725 Patris,
1713 5671 1976 5713 auctorem
1999 5678 2084 5714 sa-

494 5757 618 5809 lutis
645 5773 822 5810 eorum
854 5775 943 5826 per
966 5763 1258 5829 passionem
1293 5756 1643 5814 consmnmari
1672 5752 1854 5824 (llcbr.
1891 5754 1973 5823 tt).
2006 5753 2083 5808 Tu

494 5857 671 5908 autem
708 5849 763 5904 in
793 5861 971 5907 sancto
1001 5853 1223 5922 habitas.
1257 5850 1422 5932 Quasi
1452 5849 1631 5910 dicat:
1663 5843 1742 5910 Tu
1766 5847 1965 5930 videris
1998 5863 2083 5928 me

2100 4611 2154 4674 D

2169 3349 2330 3410 homo
2357 3362 2519 3418 supra
2545 3346 2814 3420 homines,
2847 3354 3029 3415 tamen
3062 3361 3164 3400 non
3184 3344 3338 3412 [temp
3363 3351 3604 3406 tantum,
3640 3338 3771 3410 quia

2169 3445 2333 3514 Deus,
2353 3441 2481 3512 quia
2508 3439 2735 3502 Verbum
2755 3456 2877 3494 caro
2898 3438 3098 3510 factum
3123 3447 3197 3508 est
3216 3436 3396 3505 (Jpgn.
3425 3435 3489 3508 ι),
3517 3434 3773 3496 Yet-man

2169 3515 2292 3610 eum
2341 3541 2495 3588 vocat
2531 3531 2790 3602 propheta
2839 3528 2933 3602 qui
2981 3527 3094 3599 ait:
3141 3523 3271 3598 Noli
3321 3525 3528 3593 timere,
3584 3524 3772 3584 vermis

2167 3603 2334 3700 dttrob
2350 3622 2490 3695 (lsa.
2519 3621 2650 3692 xu).
2677 3618 2868 3680 Omnes
2891 3617 3120 3688 videntes
3138 3632 3246 3689 me,
3273 3613 3480 3684 scilicet
3494 3613 3773 3678 humilita-

2171 3726 2299 3802 pepg,
2321 3703 2375 3772 et
2398 3714 2712 3788 patientiam
2737 3727 2912 3774 meam
2937 3719 2992 3769 et
3013 3709 3219 3784 nullum
3241 3707 3564 3780 adjutorem,
3585 3717 3772 3776 aperte

2171 3799 2464 3868 deriserunt
2493 3825 2594 3876 me,
2642 3807 2913 3863 dicentes:
2966 3804 3069 3873 Ave
3117 3818 3207 3868 rea:
3231 3800 3565 3865 Juda'orum,
3613 3799 3771 3858 locuti

2172 3910 2294 3957 sunt
2324 3901 2477 3955 labiis
2509 3896 2651 3954 mala
2674 3911 2793 3966 qua:
2823 3895 2878 3952 in
2911 3892 3075 3948 corde
3099 3891 3393 3960 habebant,
3422 3899 3471 3946 et
3500 3899 3770 3952 moverunt

2174 4005 2328 4072 caput
2368 3991 2696 4057 insultando,
2729 3987 2936 4046 scilicet
2973 3983 3121 4042 omni
3151 3998 3351 4056 genere
3382 3981 3658 4042 irrisionis
3689 3996 3772 4036 me

2175 4086 2504 4150 deriserunt,
2551 4081 2760 4140 scilicet
2807 4079 3082 4136 dicentes:
3129 4073 3367 4144 Speravit
3416 4073 3473 4128 in
3524 4071 3770 4140 Domino,

2176 4180 2370 4238 Filium
2400 4177 2494 4234 Dei
2523 4193 2580 4234 se
2609 4175 2755 4242 fecit,
2779 4172 2962 4242 eripiat
2989 4187 3107 4227 eum
3154 4169 3219 4225 de
3252 4167 3503 4224 manibus
3551 4166 3768 4230 nostris,

2175 4274 2375 4342 salvum
2435 4271 2594 4344 faciat
2645 4284 2763 4332 eum
2794 4263 3041 4321 faciendo
3094 4262 3420 4334 descendere
3471 4258 3541 4326 de
3593 4273 3770 4322 cruce,

2177 4365 2422 4439 quoniam
2467 4360 2571 4422 vult
2623 4375 2762 4425 cum,
2797 4356 3004 4418 scilicet
3064 4352 3274 4410 salvare
3328 4350 3545 4423 (Matth.
3581 4346 3768 4416 xxv").

2178 4455 2344 4526 Quasi
2374 4454 2548 4510 dicat:
2577 4451 2656 4507 Illi
2693 4458 2885 4523 putant
2935 4462 3019 4502 mc
3049 4444 3384 4510 derelictum,
3434 4441 3564 4512 quia
3597 4449 3770 4514 aperte

2178 4567 2285 4606 non
2312 4549 2510 4604 liberas
2529 4559 2592 4599 ca
2616 4542 2935 4598 liberatione
2966 4554 3070 4612 qua
3098 4537 3196 4608 ipsi
3219 4544 3409 4610 putant
3435 4550 3523 4605 me
3544 4533 3771 4590 liberan-

2183 4641 2334 4706 dum,
2371 4637 2415 4694 si
2448 4650 2659 4693 mecum
2685 4648 2852 4690 esses.
2882 4631 2960 4688 Tu
2985 4640 3186 4705 autem,
3218 4627 3465 4700 Domine,
3497 4644 3562 4692 ne
3587 4627 3772 4682 disces-

2183 4732 2311 4787 seris
2342 4747 2374 4784 a
2397 4745 2496 4794 me,
2523 4727 2730 4783 scilicet
2751 4725 2817 4780 da
2860 4723 2990 4779 mihi
3016 4722 3374 4780 constantiam
3415 4720 3466 4793 in
3499 4720 3768 4790 passione,

2182 4832 2236 4877 ct
2274 4820 2535 4876 rcsuscita
2573 4834 2602 4872 a
2632 4826 2826 4883 morte,
2860 4815 2986 4898 quia
3011 4814 3190 4872 nullus
3218 4821 3300 4869 est
3321 4812 3411 4883 qui
3443 4812 3642 4882 eripiat
3679 4809 3769 4866 nisi

2184 4923 2270 4967 tu:
2311 4911 2558 4982 quoniam
2597 4918 2652 4964 tu
2684 4924 2736 4962 es
2779 4906 2866 4980 qui
2912 4906 3185 4961 extruxisti
3228 4920 3308 4958 me
3344 4903 3406 4957 de
3433 4913 3613 4972 uentre
3641 4899 3770 4966 nullo

2184 5006 2463 5066 hominum
2513 5019 2596 5058 me
2637 5001 2999 5071 concipiente,
3047 4999 3187 5054 viam
3234 4997 3531 5067 aperiente.
3566 4995 3644 5068 Ex
3693 5004 3769 5048 tua

2186 5099 2352 5155 solius
2395 5095 2714 5166 operatione
2737 5094 3027 5148 humanam
3057 5091 3260 5162 sumpsi
3290 5097 3565 5158 naturam,
3615 5089 3680 5148 ad
3730 5097 3772 5141 to

2186 5197 2359 5252 solum
2388 5194 2620 5249 maxime
2659 5190 2933 5262 pertineo:
2982 5186 3105 5241 ideo
3152 5200 3259 5240 non
3304 5183 3551 5250 discedas
3600 5198 3630 5240 a
3674 5196 3768 5244 me,

2186 5291 2311 5360 quia
2338 5298 2391 5342 tu
2420 5305 2471 5342 es
2502 5302 2615 5354 spes
2653 5299 2786 5337 mea.
2818 5280 3021 5338 Tamen
3049 5275 3111 5332 ab
3140 5274 3380 5332 uberibus
3416 5273 3606 5340 matris
3635 5287 3768 5334 metr,

2191 5382 2483 5438 scilicetcx
2509 5373 2821 5432 infirmitate
2849 5387 2954 5444 qua
3002 5369 3165 5424 ubera
3206 5376 3444 5428 materna
3475 5365 3599 5430 διιξί
3634 5377 3768 5434 spem

2192 5475 2366 5532 habeo
2404 5473 2454 5528 in
2509 5479 2559 5524 te
2589 5482 2692 5522 non
2727 5481 2792 5520 ex
2824 5463 3122 5519 divinitatis
3150 5461 3406 5532 potentia,
3432 5457 3538 5524 vel,
3571 5457 3640 5512 ab
3671 5457 3771 5526 ipsa

2192 5565 2420 5638 pueritia
2459 5577 2578 5633 qua:
2608 5559 2830 5631 pronior
2873 5556 3013 5612 solet
3049 5567 3170 5610 esse
3205 5554 3272 5608 ad
3301 5551 3520 5612 malum.
3572 5549 3639 5616 Et
3669 5562 3770 5604 me‘

2193 5661 2298 5716 rito
2319 5667 2373 5710 tu
2407 5672 2458 5708 es
2485 5670 2598 5724 spes
2633 5668 2768 5712 mea,
2802 5649 2926 5721 quia
2949 5648 3002 5701 in
3030 5657 3076 5701 te
3105 5645 3362 5718 projectus
3384 5659 3497 5708 sum
3526 5658 3595 5696 ex
3615 5649 3749 5688 ut!“

2194 5751 2246 5805 id
2277 5757 2376 5810 est,
2419 5747 2485 5800 ab
2513 5744 2632 5798 aliis
2670 5742 2919 5797 omnibus
2951 5739 3107 5811 longe
3153 5747 3319 5793 rem“

2195 5842 2398 5925 suntin.
2431 5841 2642 5923 Militi:
2697 5835 2899 5910 rorm‘
2982 5844 2986 5845 ί
