3930 5936
562 445 675 504 ass
1206 437 1468 498 nemo“
1502 427 2165 496 ANTISSIODORENSIS
2198 428 2363 525 ore.
2392 429 2575 490 rans
2610 417 3160 505 1.9mm“.
3442 508 3445 509 γ
3770 430 3861 486 255

556 567 652 620 est
677 546 771 619 tua
790 543 1120 627 defensione,
1148 559 1395 632 quoniam
1418 536 1869 614 circumdederunt
1891 568 1974 635 me
2000 565 2156 607 canes
2176 536 2234 615 Ἀ
2257 555 2512 631 contexta
2543 547 2769 620 dicitur,
2799 551 2926 623 quia
2956 550 3215 624 praecedit
3256 548 3494 608 claritas
3538 548 3666 606 Dei
3693 548 3864 606 chari-

568 654 742 720 multi,
762 638 1003 709 inimico
1020 650 1389 717 blandientes,
1421 655 1608 707 contra
1630 644 1633 647 “
1655 640 1934 703 auctorem
1962 641 2154 702 salutis
2252 651 2417 700 tatem
2446 654 2710 715 nostram,
2736 654 2799 702 ut
2819 646 2972 713 illud,
3003 644 3336 716 Charissimi,
3356 644 3679 719 diligamus
3704 643 3866 699 De“

566 733 901 804 oblatrantes
924 762 940 802 :
962 745 1099 801 'Non
1120 740 1295 813 hunc,
1328 736 1417 800 sed
1443 743 1736 798 Barrabam
1767 739 1948 813 (Joan.
1970 737 2150 808 xvm).
2250 735 2501 805 quoniam
2521 735 2663 793 Deus
2686 737 2835 809 prior
2868 736 3054 793 dilexit
3094 753 3211 806 nos,
3236 745 3287 794 et
3321 733 3469 793 Deus
3503 734 3780 791 cllas-itas
3801 747 3866 789 est

568 838 842 895 Foderunt
877 854 1067 893 manus
1096 853 1239 892 meas
1284 845 1331 891 et
1372 836 1526 909 pedes
1564 850 1725 901 meos,
1769 831 1961 909 crucis,
1989 829 2156 887 clavis
2253 824 2309 898 (Ι
2334 824 2497 883 Ιοαη.
2531 816 2631 899 tv).
2663 828 2742 885 Tu
2764 838 2965 899 autem,
2985 830 3228 898 Domine,
3254 846 3317 887 ne
3343 827 3705 902 elongated:
3730 829 3869 881 ausi.

567 926 862 1000 adigentes.
908 908 1381 982 Dinumeraverunt
1404 924 1581 981 omnia
1620 937 1740 979 ossa
1774 938 1921 988 mea,
1956 908 2011 976 id
2048 928 2151 991 est,
2254 916 2385 973 lium
2426 930 2574 976 tuum
2616 938 2649 977 a
2679 939 2761 978 me
2794 936 2814 977 :
2855 923 2926 978 ad
2954 922 3307 994 defensionem
3356 939 3537 979 meum
3593 920 3865 991 conspice.

569 1018 650 1074 sic
675 1019 728 1073 iu
759 1031 921 1073 cruce
949 1018 1328 1083 extenderunt,
1357 1024 1417 1071 ut
1439 1015 1621 1072 omnia
1642 1028 1766 1071 ossa
1786 1027 1905 1068 mea
1933 1010 2158 1068 commi-
2251 1007 2400 1064 Istud
2426 1024 2533 1065 non
2563 1011 2631 1067 ad
2654 1008 2798 1068 hanc
2821 1013 3143 1069 sententiam
3163 1012 3427 1086 jungitur,
3457 1011 3565 1070 sed
3611 1010 3697 1068 ad
3735 1010 3870 1082 prio-

568 1116 801 1166 uuerent
846 1108 915 1164 ad
957 1108 1375 1164 numerandum.
1427 1106 1540 1179 Ipsi
1579 1123 1738 1173 vero,
1790 1104 1997 1162 scilicet
2047 1112 2156 1161 tam
2256 1118 2394 1159 rem.
2441 1102 2553 1161 Hoc
2582 1104 2763 1173 modo,
2812 1107 3068 1178 conspice,
3099 1103 3243 1163 Erue
3285 1124 3320 1162 a
3348 1106 3593 1178 framea,
3626 1104 3693 1160 id
3722 1113 3810 1160 est
3843 1120 3869 1159 s

534 1258 537 1261 λ
570 1199 855 1267 excaecati,
881 1208 992 1256 tam
1022 1198 1289 1256 crudeles.
1315 1198 1422 1255 Alii
1452 1199 1595 1255 enim
1618 1198 1825 1255 miserti
1855 1204 1998 1254 sunt.
2020 1188 2162 1251 Con-
2248 1186 2452 1264 morte,
2503 1212 2722 1254 causam
2761 1215 2862 1271 pro
2905 1199 3129 1266 ell‘ectu;
3174 1199 3280 1267 vel,
3323 1200 3391 1257 ad
3435 1199 3868 1257 damnatioum

568 1293 926 1349 sideraverunt
968 1307 1056 1349 me
1100 1291 1424 1347 clamantem
1477 1290 1565 1346 Eli
1600 1288 1687 1345 Eli
1720 1288 1936 1363 (Matth.
1966 1303 2155 1354 xxv“;
2257 1287 2591 1357 Iudaeorum,
2623 1294 2777 1356 unde
2810 1292 2963 1361 illud,
2996 1292 3182 1366 lingua
3211 1310 3389 1351 eorum
3417 1292 3656 1365 gladius
3688 1304 3870 1349 acutas

569 1384 740 1440 Marc.
773 1384 886 1457 xv),
917 1393 965 1440 et
998 1383 1382 1454 despexerunt.
1425 1382 1594 1440 Aliter
1622 1398 1639 1438 :
1679 1382 1777 1453 ipsi
1806 1397 1913 1436 non
1944 1380 2158 1449 mutati,
2260 1380 2376 1454 (Ps.
2391 1381 2531 1453 LVI);
2558 1383 2791 1438 animam
2815 1385 3160 1440 meamvitam
3182 1400 3379 1441 meam.
3406 1384 3566 1442 Etde
3586 1401 3777 1440 manu
3790 1402 3866 1439 ce-

568 1494 676 1533 non
719 1477 787 1532 ad
823 1477 1251 1533 misericordiam
1286 1478 1442 1545 moti,
1488 1476 1967 1542 consideraverunt,
1998 1475 2051 1533 id
2079 1482 2163 1531 est
2259 1475 2361 1540 nis,
2395 1475 2448 1529 id
2479 1486 2583 1542 est,
2601 1476 2665 1532 de
2690 1484 2957 1548 potestate
2984 1477 3193 1534 Iudaici
3223 1476 3399 1549 populi
3422 1493 3583 1537 caseo
3612 1493 3787 1534 more
3806 1478 3872 1531 la-

571 1570 855 1644 diligenter
886 1558 1209 1626 notaverunt
1249 1572 1431 1627 omnia
1477 1587 1596 1643 quae
1638 1586 1829 1642 passus
1868 1586 1987 1626 sum
2016 1569 2163 1625 nullo
2262 1566 2477 1633 trantis,
2500 1568 2711 1623 unicam
2732 1585 2924 1635 meam,
2946 1570 2999 1624 id
3022 1578 3129 1636 est,
3149 1570 3319 1628 solam
3341 1572 3460 1629 sine
3485 1580 3766 1644 peccato,
3778 1573 3867 1635 vel,

569 1661 942 1718 subveniente.
975 1660 1043 1717 Et
1079 1662 1413 1735 inspexerunt
1450 1681 1551 1731 me,
1585 1663 1636 1719 id
1668 1674 1750 1720 est
1780 1661 2007 1719 inferius
2039 1672 2160 1718 tan-
2264 1660 2362 1716 tibi
2391 1661 2628 1728 unicam,
2660 1660 2745 1717 vel
2790 1660 2858 1717 de
2906 1676 3069 1719 manu
3101 1661 3299 1721 inferni
3329 1665 3424 1736 qui
3453 1665 3681 1722 canino
3731 1679 3869 1719 more

572 1765 685 1811 tum
707 1764 1056 1829 aspexerunt,
1086 1771 1192 1813 non
1219 1757 1471 1829 superius
1496 1757 1837 1813 attendentes
1874 1769 1961 1810 me
1990 1755 2163 1811 homi-
2261 1768 2449 1810 omnes
2486 1754 2639 1811 avide
2664 1754 2907 1822 devorat,
2935 1756 3022 1812 vel
3058 1772 3192 1815 erue
3218 1773 3306 1814 me
3333 1758 3399 1814 de
3432 1766 3654 1824 morte,
3688 1766 3758 1813 ut
3780 1757 3869 1811 hoc

569 1865 713 1916 nem,
766 1859 823 1906 et
852 1840 985 1906 non
1036 1859 1423 1923 cognoscentes
1470 1850 1661 1925 Deum.
1718 1849 2020 1905 Diviserunt
2062 1848 2164 1904 sibi
2188 1916 2233 1925 __
2262 1847 2423 1903 modo
2452 1847 2612 1903 unica
2640 1862 2782 1912 mea,
2819 1848 2873 1905 id
2894 1858 2998 1915 est,
3029 1849 3272 1907 Ecclesia
3297 1850 3458 1921 unice
3499 1849 3735 1907 delecta
3772 1849 3867 1904 eri-

568 1942 867 1998 vestimenta
892 1959 1029 2010 mea,
1063 1916 1131 1998 etw
1149 1960 1307 2015 super
1344 1922 1533 1999 uestem
1562 1959 1732 1999 meam
1764 1943 2019 1997 miserunt
2047 1957 2160 1997 sor-
2188 1916 2239 1978 Β
2262 1939 2443 2011 piatur
2469 1938 2536 1995 de
2567 1946 2834 2010 potestate
2856 1939 3074 1997 diaboli.
3112 1940 3275 1999 Salva
3309 1958 3391 1997 me
3532 1959 3635 1997 ore
3687 1941 3866 2007 leonis,

569 2043 693 2089 tem.
736 2024 992 2103 Quaedam
1034 2035 1201 2092 vestis
1246 2033 1346 2091 fuit
1392 2030 1553 2092 inter
1581 2035 1899 2091 vestimenta
1949 2033 2163 2090 Domini
2265 2029 2461 2087 diaboli
2489 2030 2574 2087 vel
2605 2040 2833 2089 terrente
2865 2034 3168 2105 potestatis.
3196 2031 3266 2087 Et
3299 2052 3333 2089 a
3364 2035 3654 2102 cornibus,
3690 2033 3751 2090 id
3777 2044 3862 2100 est,

570 2140 732 2196 quam
754 2124 957 2181 milites
991 2126 1132 2183 sicut
1165 2126 1269 2182 alia
1293 2141 1400 2182 non
1432 2125 1751 2193 diviserunt,
1787 2125 2022 2181 interula
2055 2125 2162 2182 sci—

571 2215 718 2272 licet.
753 2215 924 2283 llanc,
952 2218 1079 2288 quia
1118 2227 1343 2273 consula
1368 2233 1477 2275 non
1506 2226 1624 2273 erat
1657 2218 1752 2274 sed
1777 2218 2009 2289 desuper
2028 2232 2160 2274 con-

574 2316 725 2363 texta
755 2296 1045 2365 noluerunt
1081 2308 1349 2390 scindere,
1401 2310 1497 2366 sed
1540 2317 1714 2366 sortes
1762 2309 2032 2364 miserunt
2075 2309 2164 2365 cui

579 2400 1066 2473 contingeret;ipsi
1095 2410 1201 2458 tam
1231 2402 1479 2479 crudeles
1503 2403 1556 2458 in
1593 2418 1679 2460 me
1708 2402 2050 2461 exstiterunt.
2084 2402 2163 2458 Tu

580 2486 778 2556 autem,
801 2490 1046 2559 Domine,
1071 2492 1158 2549 cui
1187 2490 1398 2549 obedivi
1437 2492 1492 2548 in
1522 2493 1606 2548 his
1630 2482 1900 2559 omnibus,
1934 2510 1997 2549 ne
2020 2482 2165 2548 eloné

581 2581 782 2651 gaveris
802 2580 1063 2637 auxilium
1099 2591 1267 2649 tuum,
1310 2583 1436 2655 quia
1465 2583 1694 2639 multum
1715 2583 2165 2656 appropinquabit

580 2672 911 2745 impugnatio
929 2689 1137 2731 eorum.
1173 2660 1684 2747 llli’conspexcrunt
1713 2675 1780 2731 ad
1804 2662 2165 2748 impugnatio§

578 2781 700 2821 nem
724 2782 924 2835 meam,
949 2775 1004 2823 tu
1019 2776 1200 2824 autem
1224 2768 1477 2839 conspice
1497 2769 1564 2825 ad
1580 2768 1948 2825 defensionem
1964 2783 2164 2836 meam,

579 2856 785 2912 scilicet
795 2850 1056 2915 resuscita
1076 2872 1183 2915 me.
1198 2859 1368 2916 Aliter
1391 2878 1406 2916 :
1434 2858 1835 2917 Circumderunt
1850 2878 1933 2916 me
1952 2862 2005 2917 in
2028 2861 2167 2918 meis

578 2967 732 3006 canes
748 2950 920 3019 multi,
946 2952 1247 3009 lacerantes
1276 2969 1424 3010 meos
1449 2955 1645 3010 canino
1669 2955 1850 3010 dente.
1871 2953 2167 3010 Concilium

581 3032 987 3115 malignantium
1015 3047 1213 3102 obsedit
1235 3064 1335 3111 me,
1365 3047 1418 3103 id
1461 3056 1548 3103 est
1567 3062 1738 3113 meos,
1759 3055 1820 3102 ut
1841 3046 1990 3112 illud,
2017 3031 2165 3102 sede?

585 3146 705 3189 runt
720 3138 981 3208 principes
995 3147 1044 3193 et
1056 3139 1328 3194 aduersum
1355 3156 1435 3195 me
1458 3138 1805 3210 loquebantur
1817 3137 1933 3212 (Ps.
1950 3139 2162 3212 cxvm).

584 3222 635 3279 F
639 3226 861 3282 oderunt
907 3244 1097 3284 manus
1130 3246 1271 3285 meas
1309 3239 1357 3286 et
1391 3233 1544 3302 pedes
1580 3247 1741 3296 meos,
1776 3230 1829 3285 id
1851 3238 1957 3296 est,
1982 3230 2167 3287 dolose

581 3317 953 3389 cogitaverunt
990 3319 1304 3378 subvertere
1356 3337 1522 3393 opera
1573 3337 1694 3378 mea
1745 3330 1801 3378 et
1853 3321 2166 3379 aﬁ‘ectiones

2264 2137 2294 2177 a
2317 2121 2566 2193 superbia
2583 2121 2909 2189 Iudaeorum,
2931 2123 3286 2190 unicornium,
3299 2123 3352 2179 iu
3366 2122 3486 2194 lege
3506 2123 3867 2197 singulariter

2263 2204 2690 2286 superbientium
2734 2223 2788 2270 et
2834 2215 3077 2286 gentium
3121 2216 3555 2288 assumptionem
3610 2231 3865 2288 respuen-

2267 2308 2403 2363 tium
2429 2322 2444 2373 ;
2471 2306 2578 2373 vel,
2611 2306 2730 2362 ideo
2752 2308 3107 2376 unicornium,
3127 2309 3254 2382 quia
3275 2324 3384 2365 uno
3412 2307 3714 2365 intellectu
3746 2308 3866 2377 legis

2266 2400 2403 2456 alios
2429 2398 2832 2468 ventilant,vel,
2855 2416 2885 2457 a
2912 2401 3233 2460 satellitibus
3258 2402 3570 2459 daemonum
3596 2404 3863 2458 humilite-

2266 2503 2368 2549 tem
2388 2509 2576 2549 meam.
2610 2493 2680 2549 Et
2707 2509 2815 2565 quo
2838 2493 3017 2551 fructu
3048 2502 3101 2551 te
3126 2495 3269 2566 petis
3308 2496 3575 2553 liberari?
3618 2495 3863 2550 Narrabo

2267 2600 2451 2640 nomen
2500 2593 2649 2639 tuum
2688 2584 2940 2656 fratribus
2970 2586 3119 2641 meis.
3172 2584 3463 2658 Hucusque
3489 2587 3565 2643 de
3614 2586 3862 2658 passione

2267 2676 2689 2744 Christi,deinde
2710 2679 2776 2734 de
2788 2677 2905 2748 ejus
2935 2679 3353 2737 resurrectione.
3369 2680 3732 2753 Augustinus
3747 2679 3865 2735 dicit

2266 2771 2383 2827 haec
2408 2786 2531 2843 qua;
2559 2780 2859 2844 sequuntur
2884 2786 2991 2828 non
3042 2773 3178 2829 adeo
3214 2789 3340 2832 esse
3365 2775 3719 2840 necessaria,
3775 2774 3859 2828 sed

2265 2879 2366 2934 pro
2386 2863 2670 2919 commodo
2713 2875 2888 2917 causis
2913 2878 3024 2919 suae
3055 2863 3283 2931 inducit,
3310 2873 3533 2937 propter
3576 2864 3860 2921 haereticos

2270 2956 2532 3028 quosdam
2562 2955 2770 3011 futuros
2789 2955 2882 3025 qui
2917 2954 3164 3013 dicerent
3185 2956 3486 3014 Ecclesiam
3516 2955 3739 3014 Christi
3766 2971 3859 3011 non

2270 3064 2390 3105 esse
2425 3048 2530 3106 nisi
2568 3048 2623 3103 in
2647 3062 2750 3103 una
2774 3055 2929 3119 parte
2952 3056 3243 3116 terrarum,
3270 3058 3332 3105 ut
3359 3049 3672 3127 Donatista:
3695 3048 3789 3121 qui
3813 3048 3857 3102 in

2270 3142 2384 3198 sola
2418 3139 2631 3205 Africae,
2662 3140 2715 3196 id
2737 3147 2841 3206 est,
2882 3141 3021 3211 apud
3048 3156 3109 3198 se
3130 3128 3378 3197 dicebant
3401 3139 3698 3197 Christum
3718 3139 3857 3203 esse,

2274 3231 2549 3289 trahentes
2579 3231 2948 3287 testimonium
2984 3232 3051 3287 de
3081 3231 3321 3288 Canticis
3349 3233 3700 3289 canticorum
3731 3252 3746 3287 :
3773 3230 3857 3286 Ubi

2270 3323 2422 3380 cubes
2454 3324 2511 3379 in
2538 3322 2793 3379 meridie?
2821 3320 2978 3391 (Can.
3011 3321 3077 3394 ι.)
3108 3320 3354 3378 Narrabo
3377 3339 3568 3378 nomen
3605 3333 3782 3387 tuum,
3816 3322 3859 3375 id

580 3412 733 3466 meas
760 3419 819 3466 ut
847 3410 994 3479 illud,
1018 3411 1259 3480 Domine,
1285 3415 1542 3469 record'ati
1568 3432 1748 3470 sumus
1774 3416 1899 3487 quia
1925 3414 2173 3471 seductor
2268 3428 2375 3486 est,
2405 3414 2632 3491 gloriam
2661 3424 2830 3485 tuam,
2868 3415 3122 3487 fratribus
3155 3417 3304 3483 meis,
3340 3415 3605 3488 apostolis
3633 3415 3855 3472 scilicet.

578 3502 669 3558 ille
693 3503 848 3572 dixit,
873 3502 1006 3560 Post
1035 3514 1139 3561 tres
1179 3506 1289 3562 dies
1335 3495 1644 3579 resurgam:
1671 3507 1802 3579 fube
1845 3524 1966 3580 ergo
1995 3517 2168 3563 cusloo

580 3595 688 3649 diri
709 3596 1002 3668 sepulcrum
1041 3593 1260 3671 (Matth.
1290 3599 1484 3672 xxv").
1510 3583 1771 3655 Similiter
1801 3614 1965 3670 opera
1994 3608 2048 3656 et
2074 3615 2170 3656 vo-

586 3685 823 3744 luntates
871 3684 1115 3745 meorum
1146 3691 1414 3762 foderunt,
1467 3706 1592 3747 cum
1646 3706 1739 3746 eos
1792 3690 2168 3748 interﬁciendo

581 3779 808 3836 salutem
860 3781 1141 3839 hominum
1193 3799 1354 3855 quam
1394 3785 1759 3856 operabantur
1809 3793 1863 3841 et
1894 3785 2169 3841 desidera-

581 3868 712 3925 bant
763 3870 1043 3930 destruere
1086 3872 1390 3930 voluerunt.
1451 3874 1927 3931 Dinumeraverunt
1992 3877 2169 3932 omnia

583 3975 701 4015 ossa
727 3977 844 4017 mea
891 3962 1032 4018 sicut
1061 3964 1349 4036 diligenter
1387 3980 1539 4022 meos
1562 3966 1943 4036 praedicatores
1970 3965 2168 4037 quaesi-

582 4061 744 4109 erunt
766 4053 835 4108 ad
863 4054 1248 4123 damnandum,
1286 4065 1347 4111 ut
1383 4067 1593 4113 certum
1639 4042 1923 4113 numerum
1979 4072 2167 4113 eorum

581 4146 805 4203 scirent.
837 4146 941 4219 Ipsi
969 4164 1086 4204 vero
1124 4150 1581 4207 considerauerunt
1610 4159 1661 4206 et
1700 4152 2033 4222 inspexerunt
2063 4168 2169 4219 me,

583 4240 637 4296 id
663 4250 766 4310 est,
796 4259 946 4300 meos
970 4244 1024 4300 in
1056 4245 1424 4317 spectaculum
1474 4246 1575 4303 sibi
1614 4245 1861 4303 fecerunt
1915 4253 2169 4318 tanquam

583 4348 771 4393 eorum
797 4337 1106 4406 ludibrium,
1133 4349 1194 4394 ut
1234 4339 1386 4407 illud,
1420 4338 1789 4412 Spectaculum
1814 4340 1943 4413 facti
1986 4334 2187 4396 sumus

584 4426 639 4499 (ι
662 4427 784 4484 Cor.
816 4428 917 4500 IV),
950 4438 1011 4484 ut
1037 4430 1234 4501 captivi
1281 4430 1374 4502 qui
1408 4430 1746 4487 ducebantur
1772 4432 1839 4488 ad
1894 4431 2169 4502 publicum

582 4523 965 4594 spectaculum.
997 4523 1297 4581 Diviserunt
1322 4525 1422 4581 sibi
1469 4525 1772 4581 uestimenta
1820 4541 1957 4591 mea,
2003 4524 2171 4595 aliqui

584 4616 650 4671 de
682 4616 774 4672 illo
821 4617 1016 4687 populo
1044 4619 1316 4691 apostolos
1368 4633 1518 4675 meos
1546 4620 1637 4689 qui
1687 4626 1814 4674 sunt
1861 4620 2166 4675 uestimenta

584 4723 720 4773 mea,
752 4718 813 4763 ut
841 4709 989 4775 illud,
1039 4708 1168 4766 Viuo
1211 4727 1328 4782 ego,
1356 4711 1482 4766 dicit
1528 4710 1781 4765 Dominus
1824 4709 1961 4783 (Isa.
1992 4711 2161 4780 xux),

528 4856 537 4869 ,
584 4799 710 4869 quia
751 4800 835 4856 his
861 4801 1111 4859 omnibus
1145 4802 1293 4858 velut
1324 4799 1647 4859 vestimento
1670 4802 1943 4860 vestieris.
1974 4802 2170 4859 Partiti

586 4898 727 4955 sunt,
761 4898 1013 4960 putantes
1043 4891 1313 4947 diversam
1365 4891 1525 4948 fidem
1551 4907 1676 4950 esse
1712 4893 1767 4948 in
1796 4894 1877 4949 eis
1914 4900 1973 4948 ut
2014 4890 2166 4960 illud,

584 4981 698 5052 Ego
745 4999 861 5037 sum
889 4981 1077 5050 Pauli,
1119 5000 1214 5056 ego
1260 4992 1434 5039 autem
1473 4983 1662 5056 Ceplue
1696 4983 1748 5054 (1
1776 4983 1899 5038 Cor.
1933 4982 2013 5055 t):
2062 4982 2168 5049 vel,

583 5076 884 5130 uestimenta
922 5092 1057 5143 mea,
1093 5076 1145 5131 id
1176 5085 1279 5142 est,
1314 5084 1650 5133 sacramenta
1696 5073 1953 5129 Ecclesia:
1976 5073 2173 5142 quibus

583 5167 806 5223 vestior.
833 5167 937 5223 Alii
963 5168 1110 5224 enim
1136 5176 1461 5240 putaverunt
1497 5169 1549 5223 in
1580 5166 1849 5236 baptismo
1878 5181 2040 5221 unam
2071 5165 2173 5220 im-

584 5261 911 5317 mersionem
933 5260 1296 5327 debere'lieri,
1330 5261 1420 5316 alii
1444 5261 1579 5315 duas
1605 5259 1738 5314 etin
1766 5258 1886 5315 aliis
1905 5258 2169 5315 similiter.

584 5349 654 5405 Et
693 5366 850 5423 super
884 5362 1078 5408 uestem
1117 5369 1288 5407 meam
1314 5352 1567 5406 miserunt
1584 5358 1798 5416 sortem,
1824 5351 1893 5405 ad
1921 5350 2172 5406 similitu-

589 5441 771 5498 dinem
816 5444 1050 5501 militum
1086 5445 1178 5513 qui
1212 5443 1682 5513 vestem'desuper
1705 5451 2032 5508 contextam,
2063 5458 2170 5500 non

586 5533 835 5589 manibus
860 5542 1165 5598 consutam,
1195 5547 1303 5587 non
1334 5532 1652 5600 diviserunt,
1684 5533 1782 5589 sed
1828 5533 2010 5590 sortiti
2043 5541 2171 5589 sunt

587 5620 809 5691 quidam
853 5624 1173 5678 charitatem
1226 5637 1333 5677 non
1370 5621 1612 5679 valentes
1659 5622 1906 5679 scindere
1956 5632 2016 5679 ut
2065 5624 2169 5679 alia

590 5722 952 5779 sacramenta,
978 5717 1070 5785 qui
1094 5716 1210 5772 haec
1237 5730 1344 5771 non
1373 5730 1540 5770 unum
1562 5716 1616 5771 in
1645 5715 1797 5787 plura
1834 5701 2048 5783 dividit,
2074 5717 2172 5773 sed

590 5805 746 5875 plura
775 5804 828 5858 in
857 5819 1024 5859 unum
1054 5804 1275 5877 colligit,
1305 5805 1482 5862 sortiti
1499 5816 1645 5872 sunt,
1670 5805 1723 5860 id
1743 5813 1848 5873 est,
1872 5806 2045 5878 gratia
2076 5806 2169 5864 Det

591 5893 739 5936 velut
759 5902 904 5936 nni-In
917 5895 1230 5936 mmlinam-n
1252 5884 1627 5936 ἰηΙρΙῘιιτρνηηΙ
1668 5894 1920 5936 Char-isne
1941 5896 2174 5936 donumm-
2202 5884 2209 5889 ﬁ

2227 3569 2235 3575 ν
2268 3508 2338 3566 Ει
2361 3524 2459 3579 per
2490 3507 2610 3564 illos
2636 3508 2694 3562 in
2721 3506 2893 3563 medie
2920 3503 3159 3561 Ecclesia
3184 3504 3410 3560 laudabo
3436 3513 3485 3560 te
3527 3520 3640 3561 non
3685 3505 3750 3559 in
3773 3502 3855 3559 Iu-

2269 3604 2384 3659 dtea
2411 3608 2640 3677 tantum,
2669 3600 2765 3657 sed
2788 3598 2843 3655 in
2870 3597 3141 3654 communi
3170 3594 3409 3652 Ecclesia
3436 3609 3561 3666 quae
3597 3595 3716 3652 erit
3742 3609 3857 3650 eou-

2262 3692 2450 3765 juncta
2478 3708 2545 3750 ex
2570 3702 2801 3762 utroque
2824 3690 3035 3763 pariete
3063 3688 3271 3746 Iudaici
3310 3687 3495 3761 populi
3517 3697 3575 3745 et
3611 3687 3853 3761 gentilis;

2269 3788 2374 3856 vel,
2406 3787 2462 3844 in
2484 3786 2756 3844 communi
2788 3785 3068 3842 catholicae
3105 3781 3381 3848 Ecclesiae,
3401 3796 3512 3838 non
3547 3781 3603 3836 in
3629 3782 3854 3852 quadam

2270 3890 2446 3956 parte,
2473 3882 2700 3938 dicens:
2743 3878 2848 3947 Qui
2875 3878 3067 3934 timetis
3103 3874 3409 3941 Dominum,
3458 3872 3682 3929 laudate
3728 3889 3854 3938 eum.

2270 3989 2376 4030 non
2406 3973 2583 4046 pauci,
2611 3971 2705 4027 sed
2733 3984 2941 4037 omnes,
2973 3968 3139 4025 nolite
3179 3981 3426 4038 quaerere
3454 3974 3706 4023 vestram
3751 3966 3853 4021 lau-

2271 4064 2416 4131 dem,
2461 4062 2560 4120 sed
2581 4060 2856 4119 Creatoris
2881 4059 3074 4117 nostri.
3109 4057 3358 4114 Ostendit
3400 4071 3501 4129 per
3542 4066 3739 4128 partes
3777 4054 3853 4125 qui

2270 4155 2380 4212 sint
2404 4154 2657 4210 timentes
2683 4151 2968 4207 Dominum
2998 4150 3298 4205 uniuersum
3334 4164 3510 4205 semen
3534 4146 3737 4215 Iacob,
3766 4147 3857 4219 glo-

2272 4247 2473 4318 riﬁcate
2496 4262 2635 4312 eum,
2668 4245 2721 4301 id
2747 4251 2853 4309 est,
2881 4256 3070 4298 omnes
3090 4240 3424 4313 pertinentes
3442 4239 3510 4295 ad
3528 4237 3735 4307 Iacob,
3757 4240 3852 4295 sive

2268 4335 2461 4403 Iudaei,
2486 4336 2601 4392 sive
2621 4343 2808 4408 gentes
2824 4332 3001 4388 dando
3021 4341 3258 4397 terrena,
3280 4329 3578 4387 mercando
3600 4328 3847 4390 caelestia.

2271 4443 2392 4500 quae
2416 4437 2567 4485 retro
2592 4435 2720 4483 sunt
2747 4424 3154 4491 obliviscentes,
3176 4422 3231 4479 in
3256 4421 3528 4478 anteriora
3556 4436 3661 4478 vos
3682 4432 3852 4478 exten-

2272 4522 2479 4577 dentes.
2510 4517 2711 4573 Timeat
2729 4534 2848 4573 eum
2868 4533 3020 4573 omne
3039 4531 3214 4572 semen
3227 4512 3419 4570 Israel.
3434 4512 3645 4582 Euntes
3663 4514 3722 4569 in
3742 4527 3851 4585 pro-

2273 4608 2525 4674 fectu,vel
2538 4622 2751 4679 semper
2770 4607 3058 4673 luctantes,
3080 4604 3173 4679 qui
3188 4605 3426 4662 minores
3452 4611 3583 4659 sunt
3609 4602 3847 4660 hortatur

2272 4700 2615 4775 glorificare:
2654 4696 2928 4754 lsraelitas
2956 4736 2973 4762 ,
3028 4697 3121 4765 qui
3169 4700 3297 4752 sunt
3337 4692 3576 4764 majores
3622 4693 3844 4756 timere;

2271 4793 2477 4850 scilicet
2519 4791 2626 4847 illis
2652 4806 2788 4862 opus
2815 4803 2937 4845 esse
2966 4788 3124 4843 laude
3150 4796 3207 4843 et
3236 4785 3551 4858 operatione
3592 4785 3691 4856 qui
3737 4793 3847 4843 sunt

2272 4884 2326 4942 in
2361 4881 2626 4956 proiectu,
2653 4896 2721 4937 ne
2742 4879 2996 4937 deﬁciant
3033 4878 3152 4935 istis
3184 4892 3321 4949 opus
3368 4890 3490 4933 esse
3519 4874 3745 4942 timore,
3790 4888 3844 4929 ue

2273 4991 2370 5048 per
2413 4973 2701 5030 elationem
2747 4973 2965 5028 cadant.
3022 4970 3147 5026 ldeo
3201 4969 3388 5024 timeat
3436 4967 3632 5024 timore
3685 4974 3844 5029 casto,

2268 5068 2517 5141 quoniam
2550 5082 2654 5121 non
2681 5064 2869 5136 sprevit
2912 5061 3326 5134 deprecationem
3364 5059 3637 5131 pauperis,
3680 5073 3842 5115 meam

2268 5160 2474 5216 scilicet
2519 5158 2608 5230 qui
2658 5173 2780 5215 cum
2827 5156 2978 5212 dives
3025 5168 3201 5211 essem
3248 5151 3421 5207 factus
3471 5164 3597 5206 sum
3655 5164 3844 5223 pauper

2268 5253 2320 5328 (1
2331 5252 2356 5308 1
2386 5252 2506 5309 Cor.
2536 5250 2690 5322 vui);
2715 5266 2821 5306 non
2851 5246 3168 5327 sprevitme
3188 5246 3570 5317 deprecantem
3610 5257 3715 5313 pro
3751 5257 3839 5307 me,

2268 5361 2431 5413 neque
2471 5343 2704 5413 despexit
2743 5342 3120 5410 deprecantem
3163 5352 3261 5409 pro
3294 5335 3451 5400 meis,
3498 5333 3842 5404 quemadmo:

2271 5436 2398 5492 dum
2422 5433 2626 5490 inimici
2651 5432 2915 5488 fecerunt.
2955 5429 3065 5486 Nec
3086 5430 3268 5486 avertit
3299 5427 3487 5496 [aciem
3515 5440 3676 5479 suam
3696 5443 3731 5480 α
3756 5440 3840 5489 me,

2272 5527 2478 5584 scilicet
2498 5539 2752 5597 paupere,
2780 5523 2873 5595 qui
2902 5523 3054 5594 prius
3082 5526 3349 5576 averterat
3388 5533 3419 5572 a
3459 5515 3633 5573 divite
3660 5516 3839 5581 Adam,

2271 5621 2364 5693 qui
2418 5637 2519 5675 non
2572 5619 2811 5689 rapinam
2861 5617 3149 5673 arbitratus
3206 5623 3281 5669 est
3324 5627 3431 5667 esse
3475 5625 3533 5665 se
3600 5610 3842 5682 (equoin

2278 5713 2385 5769 Deo
2405 5710 2573 5785 (Phil.
2601 5710 2687 5783 ll).
2729 5709 2795 5764 Et
2826 5709 2877 5764 in
2902 5708 3004 5762 hoc
3048 5713 3269 5777 apparet
3293 5702 3436 5774 quia,
3492 5716 3618 5755 cum
3659 5699 3841 5755 clama-

2274 5821 2385 5861 rem
2436 5804 2503 5859 ad
2554 5819 2697 5869 eum,
2736 5799 3002 5856 exaudiuit
3053 5814 3152 5853 me.
3219 5792 3520 5850 Clariticaui
3570 5800 3625 5842 et
3668 5794 3841 5849 item

2276 5897 2408 5936 rlnrs'
2415 5895 2542 5936 ﬁnnF-
2550 5912 2577 5925 ι·
2626 5894 2644 5920 ¹
