3978 6446
60 484 161 540 257

1217 473 1755 533 ENARRATIONES
1789 473 1857 532 IN
1895 474 2236 535 PSALMOS.

3256 478 3365 535 ass

61 605 113 659 id
160 609 299 667 est,
373 614 619 656 meorum
684 598 824 670 apud
870 605 923 654 ιε
980 605 1041 652 ιιι
1096 612 1203 653 non
1255 598 1403 654 solus
1459 596 1679 654 Iudaeus
1705 602 1754 659 Α
1782 613 1949 667 peres,
2005 598 2211 654 scilicet
2260 611 2528 669 pauperes
2556 605 2612 655 et
2657 612 2717 654 re
2747 605 2801 655 et
2845 597 3187 670 spirituzilli
3219 594 3383 657 edenti

66 698 157 752 tibi
222 694 335 749 soli
405 694 628 765 placeat.
688 691 756 747 In
810 690 1048 747 Ecclesia
1099 708 1313 762 magna,
1371 690 1512 746 facta
1555 707 1675 746 ma-

60 804 164 858 gna
204 795 268 842 et
306 794 477 841 aucta
503 784 793 840 virtutibus
841 799 939 854 per
991 784 1443 839 resurrectionem
1476 797 1674 848 meam,

62 895 181 949 qua":
210 878 388 948 prius
412 891 575 947 parva
597 884 905 931 eratmorte
936 892 1053 931 mea
1077 892 1091 943 ;
1123 876 1207 931 vel
1233 876 1286 931 in
1305 875 1543 931 Ecclesia
1563 893 1676 929 ma-

58 987 184 1039 gna,
215 968 276 1023 id
304 979 423 1033 est,
458 976 571 1024 toto
599 968 730 1023 orbe
758 965 971 1033 diffusa,
993 975 1181 1022 contra
1207 966 1509 1022 haereticos.
1544 964 1676 1021 Vota

60 1079 175 1116 mea
222 1062 466 1117 reddam
512 1062 569 1117 in
613 1070 886 1132 conspectu
920 1060 1216 1114 timentium
1261 1076 1406 1125 eum,
1458 1058 1512 1114 id
1570 1067 1699 1139 est,

59 1154 402 1224 mysterium
424 1152 671 1224 corporis
691 1160 747 1207 et
767 1150 1046 1224 sanguinis
1069 1151 1174 1206 mei
1196 1149 1419 1207 offeram
1446 1166 1570 1205 cum
1589 1149 1673 1205 his

60 1249 149 1320 qui
181 1259 278 1303 tuo
306 1248 514 1303 timore
536 1246 640 1302 hoc
660 1244 959 1301 celebrant.
992 1244 1058 1299 Et
1085 1244 1358 1299 reddendo
1371 1253 1493 1298 vota
1516 1243 1671 1298 edent

60 1358 344 1411 pauperes,
379 1339 435 1395 id
467 1348 568 1406 est,
602 1336 853 1402 humiles,
895 1335 1075 1392 omnia
1119 1335 1346 1391 Domino
1375 1335 1672 1391 attribuen-

63 1444 140 1489 tes
168 1442 224 1489 et
267 1432 418 1488 nihil
463 1432 529 1487 de
556 1446 614 1487 se
648 1438 1057 1501 praesumentes,
1104 1428 1257 1483 edent
1315 1443 1424 1494 me,
1464 1426 1518 1482 id
1564 1435 1668 1496 est,

65 1535 481 1580 sacramentum
510 1522 753 1594 corporis
783 1530 838 1577 et
884 1520 1161 1592 sanguinis
1213 1520 1320 1576 mei
1360 1529 1595 1587 sument,
1624 1530 1671 1575 et

61 1619 460 1673 saturabuntur
483 1616 744 1671 imitando
782 1630 867 1670 me
895 1623 948 1671 et
977 1602 1185 1684 scipsos
1218 1614 1478 1669 tradendo
1504 1631 1517 1667 :
1542 1614 1668 1685 quia

64 1715 217 1768 edere
250 1712 582 1779 Dominum,
613 1712 717 1767 hoc
750 1720 854 1775 εει,
883 1726 1004 1765 eum
1024 1708 1077 1763 in
1105 1708 1357 1764 omnibus
1380 1708 1518 1763 velle
1546 1707 1669 1763 imi-

66 1806 161 1859 tari
198 1816 257 1860 et
290 1805 373 1860 illi
404 1805 571 1860 uniri.
610 1804 678 1859 Et
710 1803 763 1858 in
790 1803 879 1858 illa
909 1803 1195 1858 saturitate
1224 1801 1516 1856 laudabunt
1553 1800 1666 1856 Do-

64 1904 281 1965 minum,
316 1900 454 1969 quia
482 1900 597 1954 haec
616 1907 700 1953 est
725 1913 851 1953 vera
882 1897 1002 1952 laus
1027 1897 1121 1951 Dei
1168 1896 1219 1950 in
1267 1896 1518 1952 onmibus
1566 1911 1665 1966 pro

1784 692 2096 757 Dominum,
2147 692 2271 762 quia
2317 691 2481 747 alium
2529 692 2712 748 cibum
2762 693 2958 748 animae
3004 708 3115 749 sua:
3169 694 3222 748 in
3270 695 3376 751 hoc

1783 785 1985 841 mundo
2015 784 2416 840 desiderabunt.
2454 784 2521 840 Et
2542 784 2618 840 illi
2640 787 2731 856 qui
2762 786 2849 841 hic
2872 801 2995 841 eum
3026 786 3198 852 edent,
3220 796 3371 841 satu-

1783 876 2062 941 rabuntur,
2096 876 2221 947 quia
2262 877 2341 933 sic
2365 892 2554 933 eorum
2590 879 2827 933 animam
2866 894 3019 935 amor
3043 879 3137 935 Dei
3163 881 3372 937 reficiet

1780 978 1839 1025 ut
1869 970 2010 1026 ultra
2039 970 2177 1025 nihil
2204 969 2535 1038 desiderent,
2564 972 2691 1042 quia
2737 972 2955 1028 tandem
2986 973 3090 1028 erit
3113 974 3290 1029 omnia
3314 975 3373 1030 in

1779 1061 2018 1115 omnibus
2040 1060 2087 1132 (I
2113 1059 2235 1116 Cor.
2266 1060 2379 1133 xv).
2411 1060 2473 1117 Et
2504 1078 2611 1119 non
2640 1061 2738 1118 soli
2775 1080 3051 1134 pauperes,
3079 1063 3173 1120 sed
3202 1065 3367 1120 etiam

1776 1167 1964 1208 omnes
1988 1153 2216 1224 pingues
2238 1162 2421 1220 terrae,
2440 1154 2494 1209 id
2518 1163 2620 1221 est,
2637 1156 2890 1211 omnibus
2913 1156 3087 1211 modis
3116 1155 3369 1226 pingues,

1776 1247 1987 1303 scilicet
2016 1247 2099 1301 vel
2141 1247 2339 1304 divites
2368 1247 2422 1303 in
2452 1250 2703 1318 terrenis,
2734 1249 2819 1305 vel
2862 1249 3067 1305 malitia
3114 1251 3368 1322 saginati.

1774 1337 1952 1395 Etiam
1982 1340 2117 1396 tales
2138 1341 2587 1398 manducaverunt
2610 1341 2895 1397 Dominum
2922 1357 3029 1396 non
3060 1342 3242 1409 corde,
3276 1341 3371 1398 sed

1774 1448 1889 1500 ore,
1922 1442 1977 1491 et
2006 1434 2357 1491 adoraverunt
2408 1435 2566 1503 foris,
2607 1452 2714 1491 non
2764 1436 2929 1491 intus.
2967 1436 3035 1490 Et
3058 1451 3367 1506 quanquam

1775 1525 1909 1580 tales
1930 1523 2065 1581 foris
2095 1528 2422 1583 manducent
2457 1540 2515 1584 et
2541 1529 2771 1584 adorent
2791 1527 2843 1583 in
2873 1536 3166 1599 conspectu
3198 1528 3371 1582 homi-

1773 1634 1925 1685 num,
1956 1627 2013 1673 et
2036 1633 2134 1690 per
2179 1620 2281 1676 hoc
2301 1636 2361 1677 se
2406 1631 2554 1678 stare
2586 1629 2778 1693 putent
2805 1621 2859 1676 in
2890 1620 3136 1687 Domino,
3188 1631 3367 1676 tamen

1771 1711 1827 1767 in
1850 1723 2128 1783 conspectu
2167 1713 2282 1783 ejus
2321 1713 2534 1781 cadent,
2565 1714 2772 1769 scilicet
2802 1714 2951 1769 intus
2982 1714 3036 1768 iu
3072 1713 3253 1768 anima
3277 1711 3367 1767 ubi

1772 1802 1887 1873 ipse
1913 1801 2058 1857 solus
2084 1802 2250 1867 videt,
2282 1818 2459 1857 omnes
2486 1803 2561 1859 illi
2586 1805 2676 1876 qui
2703 1803 3022 1858 descendunt
3046 1802 3101 1857 in
3128 1814 3322 1856 terram
3346 1818 3366 1857 :

1771 1911 2001 1965 quorum
2032 1910 2126 1950 cor
2158 1893 2247 1949 illo
2270 1909 2409 1965 pane
2445 1911 2661 1952 sursum
2685 1911 2792 1951 non
2818 1895 3047 1966 erigitur
3075 1892 3362 1957 desiderio,

60 2008 214 2063 posse
249 1992 544 2047 Christum
598 1990 819 2045 imitari.
881 1988 963 2043 llli
1017 1988 1313 2043 laudabunt
1360 1988 1449 2059 qui
1512 1987 1665 2058 prius
1692 1972 1741 2034 Β
1768 1986 1861 2041 sed
1893 1986 1960 2040 ad
1988 1994 2205 2043 terrena
2235 1985 2569 2043 descendunt
2591 2003 2688 2058 per
2718 1986 2960 2040 illicitam
2987 1985 3361 2055 cupiditatem.

68 2089 334 2156 requirunt
373 2102 501 2141 eum
536 2100 634 2156 per
655 2084 816 2140 ﬁdem
840 2092 895 2139 et
922 2099 1071 2155 spem
1093 2082 1200 2149 vel,
1229 2084 1498 2154 requirunt
1521 2100 1658 2149 eum,

65 2182 134 2236 illi
162 2182 311 2236 enim
337 2182 616 2253 requirunt
645 2180 738 2251 qui
770 2178 979 2249 quaesiti
1005 2194 1037 2232 a
1062 2177 1293 2232 Domino
1321 2185 1376 2233 et
1398 2177 1661 2247 redempti

68 2291 180 2328 cum
213 2282 328 2328 toto
351 2272 627 2328 desiderio
640 2280 848 2342 petunt,
866 2270 1047 2325 omnia
1076 2269 1180 2324 alia
1202 2277 1586 2338 postponentes
1608 2277 1665 2323 ut

68 2365 132 2418 illi
151 2367 491 2421 adhaereant.
511 2364 577 2418 Et
601 2363 793 2418 merito
806 2361 1099 2416 laudabunt
1124 2360 1253 2431 quia
1281 2360 1440 2413 corda
1456 2375 1659 2425 eorum,
1685 2352 1688 2356 ’

70 2457 116 2512 id
128 2455 513 2523 est,desideria
531 2454 711 2511 cordis
722 2452 1104 2518 eorum,vivent
1120 2453 1177 2505 in
1188 2450 1440 2505 sazculum
1456 2448 1658 2505 sazculi.

73 2550 127 2603 Et
147 2564 249 2602 non
277 2548 462 2603 solum
491 2561 759 2618 pauperes
783 2544 849 2599 de
873 2541 1099 2598 Judaico
1126 2542 1344 2614 populo,
1371 2543 1467 2598 sed
1496 2542 1661 2597 etiam

73 2642 283 2714 gentiles
313 2642 725 2696 reminiscentur
746 2636 977 2703 Domini,
1000 2636 1094 2707 qui
1128 2636 1279 2706 prius
1301 2634 1450 2691 obliti
1482 2644 1657 2689 erant.

75 2731 133 2784 Et
145 2741 513 2787 convertentur
524 2730 595 2785 ad
612 2728 894 2783 Dominum
907 2726 998 2798 qui
1013 2727 1163 2796 prius
1174 2726 1351 2781 aversi
1367 2726 1665 2780 erantdan-

76 2832 143 2877 tes
175 2824 444 2879 honorem
472 2822 739 2876 creaturis
768 2835 927 2890 quem
954 2817 1212 2873 deberent
1242 2815 1513 2882 Creatori;
1542 2817 1662 2870 uni-

76 2916 188 2969 uersi
199 2916 332 2985 ﬁnes
352 2925 536 2980 terrm,
552 2914 605 2969 id
627 2922 730 2980 est,
745 2913 810 2969 de
823 2921 933 2967 tota
949 2920 1113 2966 terra.
1131 2909 1457 2966 Etconversi
1471 2908 1664 2963 adora-

78 3009 182 3063 bunt
205 3009 259 3063 in
284 3016 575 3079 conspectu
590 3007 727 3077 ejus,
744 3005 798 3061 id
818 3013 920 3071 est,
939 3006 993 3060 in
1006 3004 1169 3060 corde
1188 3018 1327 3074 puro
1341 3003 1428 3059 ubi
1444 3003 1559 3073 ipse
1572 3019 1632 3058 so
1645 3032 1662 3044 -

79 3101 147 3157 lus
170 3103 461 3173 conspicit,
486 3100 572 3155 vel
599 3100 653 3154 in
670 3108 962 3170 conspectu
995 3099 1113 3171 ejus
1146 3113 1254 3153 non
1287 3098 1342 3153 in
1373 3105 1663 3167 conspectu

80 3193 364 3261 hominum,
394 3193 654 3247 universe
678 3191 899 3262 familia:
923 3191 1179 3262 gentium,
1216 3189 1271 3244 id
1312 3196 1412 3252 est,
1453 3187 1520 3243 de
1550 3187 1667 3241 uni-

82 3286 232 3341 versis
256 3284 486 3340 familiis
508 3282 771 3356 gentium.
787 3281 902 3337 Hoc
920 3282 1116 3336 iterum
1145 3288 1333 3336 contra
1354 3278 1659 3333 haereticos.

1768 2079 1872 2146 Qui
1898 2082 2033 2135 enim
2056 2098 2243 2151 corpus
2274 2092 2322 2136 et
2349 2081 2659 2151 sanguinem
2677 2079 2894 2134 Domini
2920 2078 3102 2134 sumiti
3129 2078 3362 2149 indigne,

1757 2174 2021 2246 judicium
2059 2177 2159 2231 sibi
2212 2179 2495 2231 manducat
2540 2186 2587 2230 et
2620 2175 2762 2231 bibit.
2833 2175 3022 2249 Probet
3057 2183 3232 2229 autent
3286 2191 3366 2228 se-

1763 2266 1936 2335 ipsum
1968 2267 2123 2321 homo
2146 2267 2199 2339 (I
2220 2266 2344 2322 Cor.
2379 2271 2475 2337 χι).
2497 2265 2728 2339 Pingues
2750 2277 2932 2323 terrrw
2962 2266 3367 2321 manducabunt

1764 2365 1946 2412 etnon
1979 2357 2367 2413 saturabuntur
2398 2374 2411 2411 :
2454 2359 2559 2413 imo
2600 2373 2698 2429 per
2719 2357 2866 2413 illam
2890 2357 3360 2413 manducationem

1765 2448 1981 2512 cadent,
2048 2448 2101 2502 id
2140 2458 2226 2504 est
2270 2448 2695 2515 damnabuntur,
2738 2450 2866 2520 quia
2912 2449 3087 2521 magis
3138 2458 3357 2504 terrena

1764 2555 1926 2610 quam
1969 2542 2139 2595 Deum
2191 2540 2592 2597 desiderabant.
2626 2541 2695 2595 Et
2747 2543 2924 2597 anima
2967 2559 3102 2608 mea,
3156 2543 3209 2597 id
3260 2551 3361 2607 εει,

1765 2634 1941 2688 anima
1971 2650 2236 2700 meorum,
2266 2635 2346 2688 illi
2375 2636 2583 2691 scilicet
2606 2636 2952 2701 adhazrendo,
2976 2651 3084 2690 non
3106 2634 3357 2701 terrenis,

1766 2725 1912 2779 vivet.
1946 2723 2076 2779 Htec
2103 2735 2176 2779 est
2206 2724 2347 2779 enim
2368 2727 2471 2780 vita
2499 2736 2694 2780 a'terna
2711 2735 2767 2779 ut
2785 2735 3096 2796 cognoscant
3122 2734 3171 2779 te
3185 2743 3359 2780 verum

1766 2815 1937 2870 Deum
1976 2816 2156 2887 (Joan.
2187 2820 2343 2888 xvii).
2367 2816 2446 2871 llli
2474 2827 2703 2888 possunt
2729 2818 2834 2873 dici
2857 2817 3037 2871 anima
3053 2817 3360 2886 Christiqui

1767 2906 1950 2961 omnia
1984 2906 2320 2977 reliquerunt
2341 2916 2396 2963 et
2418 2908 2591 2963 secuti
2617 2914 2743 2981 sunt
2781 2906 2897 2976 ejus
2918 2907 3274 2972 voluntatem,
3302 2915 3361 2961 ut

1768 3000 1993 3069 apostoli
2026 3009 2081 3055 et
2119 3000 2211 3055 alii
2250 3000 2477 3071 perfecti
2504 3001 2626 3056 viri.
2660 3001 2729 3055 Et
2756 3017 2929 3055 semen
2956 3016 3150 3065 meum,
3178 3000 3231 3057 id
3255 3010 3355 3063 est,

1769 3092 2072 3148 imitatores
2114 3093 2240 3159 inci,
2277 3093 2460 3153 seriu'et
2500 3093 2621 3164 ipsi,
2644 3092 2855 3148 scilicet
2881 3090 3218 3163 imperfecte,
3246 3104 3359 3146 uta

1768 3186 2032 3241 servitute
2057 3187 2273 3241 tandem
2300 3186 2484 3242 veniat
2506 3187 2559 3241 in
2588 3185 2918 3242 libertatem.
2934 3185 3142 3240 Aliter:
3170 3184 3360 3240 Anima

1770 3292 1906 3340 mea,
1931 3276 1983 3330 id
2010 3285 2113 3342 est,
2151 3276 2515 3346 perfectorum
2559 3294 2805 3334 meorum
2842 3278 2919 3333 illi
2956 3278 3101 3333 vivet
3148 3286 3357 3333 mortua

80 3376 240 3431 Potest
268 3385 327 3433 et
358 3377 465 3431 hoc
490 3351 661 3430 totum
695 3374 762 3429 de
791 3373 1042 3445 gentibus
1088 3372 1215 3438 dici,
1254 3379 1315 3427 ut
1350 3369 1480 3425 illud
1513 3372 1663 3439 prius
1690 3351 1735 3414 Ο
1766 3368 1985 3435 sarculo,
2034 3371 2167 3424 vivet
2206 3371 2304 3425 soli
2356 3371 2501 3437 Deo;
2544 3372 2625 3424 illi
2669 3372 2770 3427 soli
2818 3372 3021 3426 serviet.
3074 3369 3141 3424 Et
3182 3389 3358 3427 semen

81 3470 258 3525 dictum
290 3479 386 3526 est
402 3470 471 3525 de
488 3467 708 3534 Judzeis,
733 3468 786 3522 id
807 3477 911 3534 est,
932 3466 1190 3539 apostolis
1210 3476 1265 3522 et
1292 3465 1412 3521 aliis
1438 3466 1662 3520 creden-

83 3560 218 3616 tibus.
250 3559 392 3615 Vota
412 3576 552 3627 mea,
581 3559 634 3614 id
654 3559 965 3623 est,eadem
983 3568 1103 3614 vota
1125 3574 1246 3629 qua:
1276 3572 1376 3629 ego
1406 3555 1675 3627 persolvi,

83 3654 265 3708 scilicet
292 3662 430 3709 vota
467 3653 710 3707 omnium
739 3651 972 3722 pretium
1022 3650 1413 3722 redemptionis
1446 3666 1656 3715 eorum,

82 3748 201 3815 quod
227 3763 330 3818 ego
373 3745 605 3819 persolvi
638 3754 815 3801 morte
841 3759 985 3809 mea,
1038 3745 1231 3799 eadem
1262 3744 1501 3811 reddam,
1551 3760 1658 3799 non

83 3854 163 3909 ego
188 3841 300 3910 ipse
346 3840 402 3895 in
451 3854 557 3905 me,
590 3838 687 3894 sed
724 3839 781 3892 in
803 3847 1082 3909 conspectu
1111 3838 1405 3892 timentium
1435 3854 1574 3903 eum,
1606 3838 1660 3894 id

82 3941 165 3999 est,
190 3934 241 3988 in
269 3933 553 3990 intellectu
598 3948 788 3988 eorum
820 3934 911 4002 qui
963 3942 1297 4003 cognoscunt
1344 3932 1657 3987 misericor-

84 4022 202 4079 diam
230 4026 331 4081 Dei
357 4038 458 4094 per
501 4038 588 4079 me
606 4022 924 4088 exhibitam,
962 4031 1019 4077 ει
1061 4038 1183 4077 ευιιι
1216 4023 1406 4077 timent
1462 4024 1658 4078 timore

83 4126 226 4175 casto.
255 4119 334 4175 Et
358 4133 467 4173 non
513 4116 689 4172 solum
720 4114 909 4171 fideles
934 4112 1104 4170 Judaei
1137 4115 1229 4186 qui
1268 4116 1417 4187 prius
1460 4115 1657 4171 divites

84 4219 214 4264 erant
233 4211 288 4266 in
320 4209 636 4282 cognitione
654 4209 1036 4264 mandatorum
1069 4207 1185 4273 Dei,
1218 4209 1312 4264 sed
1338 4208 1501 4263 etiam
1530 4226 1658 4279 pau-

84 4317 222 4369 pem,
269 4304 329 4359 id
365 4311 469 4370 εει,
516 4302 743 4374 gentiles
788 4303 977 4373 inopes
1030 4310 1233 4368 mente,
1287 4310 1548 4372 quantum
1588 4303 1655 4358 ad

84 4394 424 4463 cognitionem
468 4394 581 4459 Dei,
614 4393 766 4448 edent
804 4403 851 4448 et
908 4394 1310 4459 saturabuntur,
1340 4403 1390 4448 et
1419 4394 1496 4447 sic
1539 4392 1657 4447 lau-

85 4485 250 4542 dabunt
307 4487 596 4542 Dominum
641 4487 731 4557 qui
774 4486 1044 4556 requirunt
1093 4503 1232 4540 eum.
1288 4485 1381 4541 Isti
1413 4494 1539 4541 sunt
1579 4485 1653 4541 illi

85 4594 308 4650 pauperes
336 4579 429 4650 qui
470 4580 776 4646 comedent,
833 4578 1044 4634 scilicet
1097 4578 1437 4649 requirentes
1482 4593 1604 4634 eum
1637 4595 1650 4632 :

87 4666 169 4725 hoc
202 4673 360 4728 modo
398 4671 695 4741 requirent.
739 4669 1156 4725 Reminiscentur
1191 4680 1239 4725 et
1294 4681 1655 4725 convertentur

87 4762 139 4812 ad
165 4762 461 4820 Dominum.
492 4763 558 4818 Et
586 4779 691 4817 non
719 4763 892 4818 solum
923 4764 989 4819 de
1021 4763 1289 4818 universis
1315 4763 1510 4819 finibus
1542 4773 1650 4818 ter-

89 4866 165 4920 re,
191 4857 280 4912 sed
305 4857 477 4912 etiam
502 4854 799 4910 adorabunt
822 4855 876 4908 in
900 4865 1175 4924 conspectu
1199 4855 1336 4926 ejus,
1366 4856 1419 4910 id
1454 4865 1554 4922 est,
1574 4856 1651 4911 di-

89 4960 172 5015 sna
198 4949 309 5019 ejus
353 4950 689 5020 acceptione,
736 4950 989 5003 universte
1033 4947 1252 5018 familia:
1295 4949 1544 5019 gentium,
1594 4949 1647 5003 id

91 5047 174 5104 est,
202 5041 435 5113 majores
488 5049 541 5096 et
579 5040 833 5095 minores.
882 5038 949 5093 Et
979 5039 1195 5104 merito,
1233 5038 1481 5109 quoniam
1537 5037 1649 5092 Do-

91 5131 194 5185 mini
219 5146 290 5190 est
322 5150 559 5205 regnum,
599 5131 650 5186 id
691 5140 794 5197 est,
819 5130 943 5199 quia
964 5130 1075 5199 jam
1112 5130 1241 5186 facti
1265 5140 1393 5186 sunt
1419 5145 1645 5202 regnum

93 5217 274 5282 Domini
322 5227 376 5281 in
406 5224 635 5281 victoria
679 5225 858 5280 crucis
902 5222 991 5292 qui
1041 5222 1193 5292 prius
1224 5231 1376 5278 erant
1418 5239 1645 5294 regnum

93 5312 284 5374 inimici.
342 5318 410 5373 Et
458 5320 587 5388 ipse,
634 5317 840 5372 scilicet
868 5316 959 5385 qui
1008 5314 1268 5371 Dominus
1290 5323 1396 5382 est,
1428 5331 1536 5372 non
1566 5325 1647 5387 ty-

94 5420 284 5476 rannus,
321 5409 677 5465 dominabitur
714 5409 943 5479 gentium
994 5408 1332 5463 misericordi
1383 5409 1641 5477 dominio,

95 5502 166 5567 qui
192 5505 333 5572 prius
372 5503 588 5556 fuerant
624 5501 722 5555 sub
763 5499 967 5555 crudeli
1007 5508 1256 5571 tyranno.
1292 5498 1645 5555 Handucare-

98 5602 194 5645 runt
230 5604 273 5647 et
294 5593 640 5648 adorauerunt
663 5607 840 5645 omnes
882 5590 1096 5661 pingues
1132 5599 1302 5672 terror.
1330 5589 1441 5643 l‘loc
1470 5598 1649 5660 potest

98 5681 160 5735 sic
183 5684 275 5756 legi
304 5695 361 5740 ut
391 5684 656 5740 referatur
682 5684 750 5738 ad
778 5685 878 5739 hoc
904 5682 1047 5754 quod
1084 5682 1239 5748 dixit,
1271 5682 1527 5736 universa:
1564 5682 1646 5751 fa-

99 5776 229 5832 milia:
248 5780 489 5850 gentium,
521 5788 576 5833 et
605 5792 793 5835 revera
827 5777 1103 5842 universae,
1144 5775 1272 5847 quia
1298 5789 1564 5846 pauperes
1590 5784 1647 5831 et

101 5868 282 5931 divites.
320 5877 392 5931 De
420 5875 743 5948 pauperibus
790 5873 995 5929 dictum
1033 5879 1134 5937 est,
1179 5886 1325 5928 nunc
1372 5870 1646 5941 subiungit

102 5963 153 6018 de
184 5966 439 6027 divitibus.
490 5970 707 6025 Aliter:
740 5968 950 6025 Dictum
1008 5976 1090 6024 cst
1136 5966 1260 6037 quia
1315 5965 1463 6021 edent
1513 5982 1643 6035 pau-

1762 3480 1956 3529 meum,
2002 3464 2056 3520 id
2089 3475 2200 3533 est,
2240 3454 2848 3534 imitatoresmeorum,
2893 3467 2986 3537 qui
3018 3474 3197 3521 tamen
3224 3466 3356 3520 mihi

1763 3558 2112 3629 deputantur,
2157 3562 2339 3615 serviet
2384 3561 2488 3631 ipsi
2526 3577 2630 3615 non
2662 3561 2990 3616 hominibus.
3018 3560 3086 3615 Et
3114 3560 3217 3614 hoc
3248 3575 3355 3613 non

1763 3650 1816 3703 in
1844 3650 2017 3715 brevi,
2055 3652 2460 3706 annuntiabitur
2499 3656 2638 3708 enim
2676 3654 2904 3708 Domino
2950 3652 3354 3724 generatiouen-

1763 3754 1904 3798 tura.
1938 3744 2136 3815 Tangit
2179 3734 2321 3815 quod
2353 3746 2405 3799 in
2434 3746 2616 3802 Veteri
2659 3745 3012 3801 Testamento
3040 3743 3353 3815 praefigura-

1762 3846 1873 3892 tum
1920 3845 2025 3904 est,
2067 3839 2284 3907 quando
2323 3839 2526 3894 dictum
2557 3847 2641 3895 cst
2682 3857 2694 3893 :
2739 3839 2798 3894 Si
2832 3840 2988 3911 cujus
3033 3837 3207 3893 frater
3236 3838 3355 3892 sine

1760 3932 1975 3987 hatrede
2003 3942 2249 3987 mortuus
2271 3932 2456 3999 fuerit,
2489 3941 2737 4004 supertes
2768 3932 2938 3989 frater
2958 3935 3119 3989 ducat
3137 3933 3253 4003 ejus
3275 3933 3356 3987 vi-

1758 4024 1919 4081 duam
1950 4035 2005 4081 et
2035 4028 2262 4083 suscitat
2296 4043 2483 4083 semen
2526 4028 2681 4083 fratri
2712 4044 2812 4083 suo
2859 4026 3035 4098 (Deut.
3077 4029 3228 4099 xxv).
3275 4026 3353 4081 lta

1758 4118 1977 4175 Christo
2011 4119 2269 4176 Ecclesiae
2294 4136 2495 4191 sponso
2526 4132 2740 4178 mortuo
2781 4122 3075 4176 secundum
3108 4135 3350 4185 carnem,

1760 4220 1814 4266 et
1853 4220 1996 4282 post,
2039 4211 2108 4266 ab
2144 4211 2315 4266 oculis
2355 4211 2585 4266 fratrum
2633 4211 2869 4277 sublato,
2909 4211 3064 4281 quasi
3100 4210 3217 4265 sine
3245 4209 3356 4265 bte-

1762 4308 1914 4372 rede,
1947 4306 2074 4378 quia
2100 4308 2235 4363 adeo
2267 4308 2422 4378 pauci
2456 4317 2613 4363 erant
2642 4308 2746 4371 sui,
2777 4317 2835 4363 ut
2864 4308 3021 4378 quasi
3053 4306 3184 4362 nulli
3205 4307 3355 4361 vitle-

1759 4405 1980 4464 rentur;
2026 4396 2224 4453 fratres
2271 4396 2532 4461 defuncti,
2578 4398 2630 4451 id
2658 4407 2763 4461 est,
2804 4395 3055 4479 apostoli,
3098 4408 3217 4449 eam
3267 4410 3353 4449 as-

1758 4498 2112 4561 sumpserunt
2146 4498 2200 4546 et
2226 4490 2395 4545 verbo
2427 4488 2552 4544 fidei
2606 4488 2806 4543 multos
2834 4486 2975 4542 ﬁlios
3023 4494 3350 4558 genuerunt,

1757 4599 1862 4639 non
1890 4584 2013 4650 sibi,
2046 4584 2138 4639 sed
2166 4585 2413 4639 Domino.
2449 4582 2603 4639 Unde
2634 4581 2834 4637 dicitur
2861 4594 2878 4634 :
2911 4578 3347 4643 Annuntiabitur,

1759 4676 1810 4730 id
1841 4686 1944 4742 est,
1978 4677 2268 4731 ascribitur
2301 4677 2554 4740 Domino,
2594 4690 2700 4730 non
2742 4672 3189 4746 praedicatoribus
3215 4670 3348 4726 Novi

1722 4764 1730 4825 Ϊ
1758 4767 2110 4831 Testamenti,
2144 4770 2411 4839 generatio
2450 4778 2681 4823 uentura.
2729 4765 2843 4838 Ego
2870 4765 3128 4837 plantavi,
3162 4764 3350 4834 Apollo

1751 4860 1960 4929 rigavit,
2004 4858 2146 4911 Deus
2187 4867 2361 4912 autem
2401 4858 2775 4911 incrementum
2817 4855 2959 4911 dedit
2991 4853 3043 4925 (I
3082 4852 3203 4909 Cor.
3238 4852 3343 4923 ιιι).

1752 4949 1819 5003 Et
1848 4950 1953 5005 hoc
1983 4952 2163 5015 modo,
2192 4949 2317 5019 quia
2362 4949 2750 5003 annuntiabnnt
2786 4948 2920 5008 caeli.
2945 4947 2997 5003 id
3028 4954 3133 5012 est,
3156 4945 3351 5017 praedi-

1750 5051 1964 5098 catores
2002 5041 2095 5096 alti
2141 5040 2432 5097 virtutibus
2477 5049 2532 5096 et
2576 5040 2852 5096 miraculis
2896 5040 3163 5111 justitiam
3209 5037 3347 5108 ejus,

1749 5151 1855 5191 non
1882 5149 2033 5191 suam
2063 5132 2255 5203 populo
2285 5134 2374 5205 qui
2416 5141 2663 5187 nascetur
2699 5148 2799 5203 per
2831 5130 3083 5203 gratiam.
3107 5127 3241 5195 Quis
3265 5133 3349 5180 est

1756 5228 1882 5283 ille?
1920 5244 2071 5299 quem
2110 5226 2231 5296 fecit
2281 5225 2561 5280 Dominus.
2621 5222 2869 5280 Veterem
2924 5221 3178 5295 populum
3219 5218 3346 5272 fecit

1753 5320 1927 5374 Adam
1975 5317 2056 5373 sui
2104 5315 2565 5381 conformatione,
2620 5314 2828 5371 scilicet
2868 5328 3059 5370 servus
3097 5327 3112 5367 :
3144 5324 3342 5364 novum

1752 5425 1881 5465 vero
1902 5407 2158 5479 populum
2193 5405 2323 5462 fecit
2350 5404 2633 5471 Dominus,
2663 5405 2790 5475 quia
2822 5402 2992 5475 gratis
3021 5397 3344 5470 justillcavit

1753 5503 1871 5559 sine
1913 5500 2343 5572 praecedentibus
2398 5500 2626 5555 meritis.
2687 5497 3007 5553 Peccatores
3059 5492 3203 5549 enim
3244 5508 3344 5547 nos

1752 5594 1899 5664 ipsos
1931 5592 2177 5656 fecimus,
2218 5589 2398 5661 justos
2439 5598 2619 5645 autem
2651 5587 2765 5644 sola
2809 5587 2899 5641 Dei
2946 5582 3340 5639 misericordia.

1750 5688 1923 5744 Aliter
1951 5706 1963 5742 :
1991 5685 2254 5753 Quoniam
2297 5683 2568 5738 tribulatio
2598 5681 2839 5751 proxima
2867 5688 2965 5744 est,
2996 5676 3049 5732 id
3077 5684 3183 5743 est,
3214 5676 3342 5747 quia

1750 5797 1857 5837 non
1889 5782 1943 5835 ιιι
1975 5782 2137 5835 rebus
2163 5777 2460 5842 extraneis,
2501 5775 2597 5831 sed
2620 5774 2675 5829 in
2704 5772 2912 5843 meipso
2940 5786 3030 5827 res
3053 5771 3253 5842 agitur,
3286 5777 3343 5824 et

1746 5873 1872 5929 ideo
1903 5870 2094 5942 adjuva
2124 5870 2181 5927 in
2212 5868 2465 5939 passione
2512 5881 2580 5921 ne
2621 5864 2890 5921 deliciam.
2928 5862 3189 5930 Quoniam
3238 5876 3341 5915 non

1748 5977 1824 6023 cst
1852 5968 1941 6038 qui
1963 5966 2194 6036 adjuvet,
2226 5962 2429 6019 inimici
2460 5957 2957 6025 circumdederunt,
2986 5954 3147 6012 amici
3184 5953 3307 6022 fuge
3342 5974 3348 6015 ξ
