3978 6402
135 511 237 569 96!

1285 517 1823 577 ENARRATIONES
1857 518 1926 575 ΙΝ
1964 519 2301 578 PSALMOS.

3325 535 3432 594 9.62

206 627 472 681 Dominus
521 628 650 698 regit
699 645 797 684 me.
863 628 1066 686 Rerum
1120 631 1418 700 Dominus,
1479 635 1563 690 cui
1610 633 1736 703 jure
1761 633 1982 700 Alicet.
2026 635 2148 691 Non
2186 636 2372 692 timebo
2406 642 2544 694 ntala
2573 684 2586 708 ,
2630 661 2736 699 non
2785 647 2983 704 timebo
3011 649 3247 707 incidere
3279 657 3430 722 vitia,

136 724 344 780 servio.
378 723 547 778 Adam
591 726 957 796 prcvaricator
986 742 1072 782 me
1100 728 1368 795 distorsit,
1401 737 1457 784 et
1477 745 1507 784 a
1534 743 1734 800 pascua

137 819 280 879 vitae,
321 817 376 871 id
406 827 488 872 est
513 832 543 870 a
573 818 841 874 mandatis
870 820 986 885 Dei,
1020 835 1107 875 me
1131 819 1417 876 infeliciter
1439 821 1733 877 revocavit.

137 908 405 964 Dominus
436 905 685 964 Christus
725 926 889 966 verus
924 921 1132 982 pastor,
1169 913 1260 983 qui
1315 915 1546 969 animam
1586 931 1738 970 suam

134 1000 284 1056 dedit
330 1019 429 1071 pro
457 1003 634 1058 ovibus
661 1003 769 1058 suis
804 1004 986 1074 (.Ioan.
1025 1005 1081 1077 ι)
1108 1046 1121 1072 ,
1158 1005 1318 1061 modo
1355 1007 1494 1078 regit
1539 1022 1644 1073 me,
1685 1007 1736 1062 id

135 1105 234 1164 est,
273 1095 527 1152 doctrina
584 1097 706 1150 vitae
760 1097 959 1168 dirigit.
1005 1099 1062 1154 ln
1097 1099 1322 1157 Hebraeo
1357 1101 1607 1169 habetur,
1639 1121 1736 1173 pa-

134 1187 230 1242 scit
260 1201 281 1239 .'
317 1189 465 1258 quod
509 1189 647 1244 idem
678 1189 859 1256 valet,
891 1191 1015 1261 quia
1038 1200 1227 1262 pastus
1270 1193 1464 1248 anima:
1494 1194 1740 1250 doctrina

138 1265 228 1337 Dei
267 1290 374 1337 est.
431 1282 496 1336 Et
534 1282 658 1353 quia
691 1283 814 1338 talis
853 1293 1042 1353 pastor
1090 1300 1176 1340 me
1220 1286 1413 1357 pascit,
1454 1286 1584 1341 nihil
1612 1287 1740 1342 nti/ti

135 1375 334 1439 deerit,
376 1375 524 1445 quod
548 1376 614 1430 ad
653 1376 882 1431 salutem
905 1384 959 1431 et
982 1392 1164 1433 veram
1194 1377 1544 1435 refectionem
1567 1380 1738 1450 perti-

137 1475 276 1522 neat.
309 1467 434 1537 lpse
461 1467 606 1521 enim
657 1467 711 1521 in
744 1466 1041 1538 Scripturis
1072 1471 1245 1525 sacris
1290 1480 1526 1527 mentem
1558 1486 1740 1527 meam

137 1558 338 1628 dirigit.
397 1559 523 1614 Ideo
567 1559 700 1614 nihil
729 1560 942 1628 deerit,
992 1562 1117 1632 quia
1148 1571 1209 1616 ut
1245 1564 1420 1618 bonus
1447 1574 1636 1636 pastor
1683 1567 1739 1620 in

135 1650 244 1705 loco
273 1668 516 1722 pascute,
542 1651 594 1706 id
615 1661 698 1707 est
713 1693 728 1718 ,
771 1653 824 1708 in
850 1653 1123 1708 intellectu
1145 1669 1314 1710 sacrae
1337 1654 1656 1726 Scripturae,
1684 1655 1737 1710 in

135 1751 351 1814 quo‘est
402 1759 596 1816 magna
643 1745 838 1800 anima:
889 1745 1151 1810 refectio,
1191 1746 1277 1802 vel
1307 1747 1361 1802 in
1403 1763 1498 1818 spe
1543 1745 1740 1802 futura:

135 1833 516 1903 beatitudinis,
549 1837 623 1891 ibi
668 1855 748 1893 nte
777 1830 1048 1894 collocavit
1076 1852 1096 1892 .'
1123 1840 1227 1908 ibi,
1269 1840 1322 1896 id
1361 1850 1474 1909 est,
1508 1841 1558 1896 in
1593 1850 1741 1898 tanta

136 1931 491 1994 certitudine,
525 1939 579 1987 et
615 1932 666 1987 in
725 1941 873 1988 tanta
923 1935 1254 1991 abundantia
1303 1937 1614 1994 omnimodo
1653 1953 1740 1995 me

1843 743 1961 798 quae
2003 730 2142 784 mala
2193 742 2420 801 possunt
2467 734 2570 790 dici
2628 739 2950 796 criminalia.
3001 742 3075 797 De
3118 745 3310 814 quibus
3357 749 3432 804 di-

1843 831 1989 876 ctum
2021 831 2141 889 εει,
2195 822 2317 878 Non
2372 837 2544 897 regnet
2590 842 2858 897 percolunt
2915 834 2970 888 in
3015 847 3178 890 vestro
3222 841 3434 895 mortali

1842 932 2056 987 corpore
2103 916 2290 990 (Rom.
2337 920 2446 990 γι).
2498 919 2594 976 Est
2636 936 2902 992 peccatum
2952 929 3020 982 ad
3047 941 3300 997 mortem,
3339 950 3434 1003 pro

1844 1005 1939 1082 hoc
1967 1023 2071 1062 non
2094 1007 2212 1062 dico
2238 1019 2295 1062 ut
2322 1012 2437 1080 quis
2466 1021 2573 1068 oret
2599 1012 2652 1084 (1
2675 1013 2836 1069 Joan.
2866 1016 2944 1088 v),
2971 1018 3177 1075 scilicet
3203 1029 3423 1078 tantum.

1847 1096 1940 1154 Vel
1971 1100 2024 1154 in
2049 1102 2220 1155 medio
2260 1103 2461 1158 umbra:
2481 1145 2496 1170 ,
2538 1105 2588 1161 id
2619 1118 2700 1162 est
2726 1109 2778 1163 in
2810 1113 3082 1168 communi
3112 1114 3256 1171 illius
3283 1116 3436 1186 igno-

1843 1192 2033 1246 rantiae
2055 1209 2175 1262 quae
2217 1205 2301 1250 est
2340 1197 2552 1264 mortis,
2591 1200 2642 1254 id
2674 1212 2776 1267 est,
2808 1219 2968 1274 quam
2992 1206 3164 1263 habeo
3195 1224 3264 1263 ex
3292 1225 3435 1264 mor-

1845 1282 2051 1340 talitate
2079 1295 2133 1342 et
2180 1287 2558 1357 passibilitate.
2610 1291 2733 1349 Non
2786 1296 2972 1351 timebo
2999 1300 3172 1366 mala,
3200 1311 3260 1356 ut
3301 1317 3432 1374 grex

1843 1374 1933 1430 ille
1980 1392 2086 1432 non
2117 1378 2269 1434 timet
2313 1380 2490 1452 aliqua
2532 1385 2692 1451 mala,
2727 1387 2933 1443 scilicet
2963 1390 3044 1444 vel
3074 1390 3325 1449 incursus
3356 1393 3434 1448 lu-

1843 1483 2056 1539 porum,
2091 1471 2172 1526 vei
2227 1484 2412 1545 raptus
2465 1476 2646 1532 furum
2675 1519 2688 1544 ,
2722 1479 2804 1535 vel
2851 1481 3052 1553 aliquid
3092 1484 3431 1556 hujusmodi,

1841 1560 1934 1632 qui
1965 1561 2165 1617 bonum
2206 1565 2370 1621 habet
2406 1577 2702 1638 pastorem.
2739 1561 2863 1628 ld'co
2901 1589 3005 1627 non
3033 1574 3220 1630 timebo
3249 1575 3391 1632 mala
3412 1595 3432 1645 ;

1841 1652 1966 1722 quia
2005 1655 2149 1724 virga
2205 1666 2297 1711 tua
2346 1667 2392 1712 et
2433 1660 2652 1715 baculus
2693 1672 2814 1718 tuus
2845 1705 2860 1730 ,
2902 1666 3015 1736 ipsa
3047 1683 3128 1722 me
3165 1669 3436 1726 consolata

1840 1755 2004 1800 sunt:
2033 1757 2092 1802 ut
2132 1749 2398 1807 discretus
2427 1762 2611 1822 pastor
2640 1756 2807 1812 habes
2842 1757 3072 1830 virgam,
3093 1777 3200 1831 qua
3241 1778 3433 1820 erran-

1843 1846 1926 1894 tes
1963 1855 2095 1895 oves
2123 1851 2176 1895 et
2209 1857 2376 1914 agnos
2406 1843 2602 1901 leniter
2640 1849 2911 1919 corrigas;
2947 1850 3114 1906 habes
3148 1852 3432 1921 baculum,

1843 1945 1952 2000 quo
1996 1931 2199 2000 majora
2231 1935 2481 1992 animalia
2509 1948 2564 1994 et
2593 1937 2813 1995 fortiora
2842 1943 2910 1999 ab
2935 1954 3117 1999 erratu
3145 1961 3430 2016 coerceas;

137 2013 361 2091 locavit,
401 2040 520 2094 quae
549 2025 700 2094 prius
729 2024 1055 2082 ﬂuctuabam
1099 2030 1388 2098 quaerendo
1426 2045 1649 2100 pascua,
1680 2028 1734 2084 id
1765 2025 1812 2084 B
1839 2025 1985 2098 virga
2025 2038 2145 2097 tua,
2176 2029 2229 2084 id
2265 2039 2369 2097 est,
2403 2032 2550 2088 mitis
2576 2033 2881 2106 disciplina,
2907 2053 3013 2108 qua
3044 2055 3128 2094 me
3156 2013 3432 2098 errantem

135 2127 212 2172 cst
241 2117 636 2172 beatitudinem
670 2133 813 2172 nunc
851 2120 982 2186 hac,
1013 2136 1156 2176 nunc
1188 2121 1341 2188 illac;
1372 2137 1515 2176 nunc
1545 2122 1596 2176 in
1620 2120 1736 2192 opi-

135 2211 248 2276 bus,
281 2215 433 2264 nunc
487 2208 539 2264 in
590 2209 889 2267 honoribus
937 2221 992 2266 ct
1037 2212 1158 2268 aliis
1185 2211 1514 2282 hujusmodi.
1564 2213 1630 2268 Et
1678 2219 1737 2266 ut

137 2304 300 2358 bonus
344 2310 535 2372 pastor
575 2311 861 2372 postquam
905 2303 1190 2360 collocavit
1240 2321 1324 2361 me
1355 2321 1451 2377 per
1483 2306 1642 2360 fidem
1681 2313 1736 2360 et

137 2391 468 2448 intellectum
495 2391 547 2446 in
576 2391 693 2448 loco
715 2409 948 2463 pascuaz,
979 2410 1083 2451 non
1103 2395 1172 2450 ibi
1194 2395 1452 2462 deseruit,
1487 2397 1580 2452 sed
1608 2397 1738 2450 edu-

138 2488 268 2540 cavit
311 2502 437 2552 me,
487 2487 538 2540 id
580 2495 665 2540 est
691 2487 972 2553 cnutrivit,
1003 2505 1160 2559 super
1194 2507 1386 2561 aquam
1418 2490 1733 2560 refectionis,

139 2577 187 2631 id
243 2587 328 2632 est
384 2578 684 2634 doctrinam
750 2577 885 2633 Novi
952 2578 1318 2647 Testamenti,
1383 2597 1502 2652 quin
1554 2582 1729 2637 dicit:

145 2668 317 2725 Venite
346 2672 421 2724 ad
451 2687 532 2726 me
573 2688 750 2726 omnes
788 2673 878 2742 qui
904 2671 1157 2726 laboratis
1183 2684 1230 2728 et
1266 2675 1468 2728 onerati
1499 2677 1646 2741 estis,
1683 2685 1731 2730 et

135 2779 217 2833 ego
246 2763 491 2832 reﬁciant
522 2782 608 2820 vos
651 2763 865 2836 (Matth.
915 2765 1014 2835 ιιι).
1064 2765 1236 2821 Aliter
1279 2766 1516 2821 Ecclesia
1559 2767 1732 2836 posita

137 2863 184 2915 in
207 2862 319 2916 loco
347 2879 586 2932 ραεεαω,
612 2862 666 2918 id
693 2862 851 2918 estin
882 2875 977 2932 spe
1003 2861 1195 2917 futurae
1233 2861 1583 2918 beatitudinis
1611 2904 1624 2929 ,
1648 2879 1734 2918 os-

138 2954 295 3009 tendit
322 2955 603 3025 quomodo
621 2955 745 3011 illuc
762 2955 1094 3026 pervenerit,
1126 2970 1223 3025 per
1243 2955 1470 3026 gratiam
1503 2955 1728 3011 scilicet.

139 3046 297 3118 Super
321 3065 494 3119 aquas
522 3048 815 3119 refectionis
856 3049 1092 3104 educavit
1137 3066 1218 3103 me
1243 3090 1258 3116 ,
1308 3050 1360 3104 id
1403 3061 1517 3115 est,
1552 3052 1738 3120 posuit-

138 3144 254 3198 mibi
291 3144 715 3200 fundamentum
746 3160 940 3215 aquam
989 3145 1275 3218 baptismi,
1305 3146 1359 3202 id
1395 3156 1477 3203 est
1500 3188 1514 3212 ,
1568 3146 1727 3201 [idem

138 3251 243 3306 quae
293 3238 359 3292 in
411 3237 682 3308 baptismo
742 3239 1009 3310 accipitur
1059 3239 1213 3309 quasi
1268 3241 1723 3295 lundamentum:

139 3331 250 3400 quia
275 3331 396 3386 sine
423 3331 530 3400 fide
555 3332 870 3403 impossibile
896 3343 972 3388 est
1000 3333 1206 3404 placere
1237 3333 1346 3388 Deo
1381 3333 1584 3405 (allobr.
1611 3352 1662 3390 xt
1680 3343 1722 3406 ).

76 3444 82 3449 ·
138 3421 197 3478 Et
231 3439 400 3496 super
430 3423 576 3478 illam
615 3440 814 3496 aquam
853 3425 1106 3480 educavit
1133 3441 1240 3482 me.
1269 3426 1382 3481 Hoc
1418 3427 1579 3481 modo
1607 3429 1730 3481 ani-

141 3534 265 3573 niam
315 3535 496 3574 meam
547 3520 833 3586 convertit,
887 3520 1039 3590 prius
1096 3534 1426 3576 aversam-:1
1475 3521 1734 3578 Creatore

143 3612 202 3665 ad
248 3621 567 3678 creaturas,
612 3611 681 3667 ab
711 3613 1030 3669 immutabili
1057 3615 1125 3669 ad
1153 3612 1452 3669 mutabilia.
1491 3614 1558 3668 Et
1581 3623 1729 3684 post-

140 3719 287 3773 quam
316 3705 591 3760 eonvertit
611 3705 846 3760 animam
863 3721 1038 3762 meam
1065 3722 1164 3776 per
1199 3707 1379 3773 fidem,
1409 3706 1626 3762 deduxit
1649 3725 1732 3763 me

140 3812 284 3868 super
326 3799 542 3853 semitas
565 3799 817 3870 justitite,
847 3799 901 3855 id
925 3809 1011 3856 est
1035 3798 1168 3855 fecit
1205 3815 1293 3854 me
1331 3801 1411 3854 ire
1443 3799 1509 3854 de
1532 3801 1731 3856 virtute

142 3887 188 3943 in
230 3890 511 3946 virtutem.
561 3888 817 3946 Tractum
873 3906 903 3944 a
960 3891 1307 3961 pastoribus,
1357 3891 1451 3962 qui
1511 3907 1726 3962 gregem

141 3999 284 4041 suum
317 3987 594 4042 deducunt
639 3986 704 4041 de
749 3985 868 4042 loco
895 3985 962 4040 ad
1005 3986 1180 4042 locum
1209 4027 1223 4052 ,
1272 3987 1325 4041 id
1355 3995 1440 4042 cst
1462 4027 1476 4050 ,
1509 3988 1575 4042 de
1623 4003 1727 4042 una

142 4093 335 4147 pascua
365 4077 435 4132 ad
482 4076 662 4132 aliam.
715 4077 782 4132 Et
815 4078 919 4133 hoc
953 4078 1082 4133 fecit
1109 4087 1320 4149 propter
1358 4095 1545 4134 nomen
1572 4096 1726 4134 suum

142 4172 542 4242 gloriﬁcandum
578 4173 634 4226 in
674 4187 790 4237 me,
842 4189 947 4228 non
1002 4173 1199 4228 merito
1231 4187 1370 4230 meo.
1423 4172 1724 4231 Notandum

143 4266 270 4334 quod
327 4264 490 4330 dicit,
550 4262 722 4334 Super
765 4265 980 4319 semitas
1020 4265 1280 4334 justitite;
1334 4267 1489 4336 quasi
1530 4267 1720 4322 dicat:

141 4351 245 4411 Non
285 4355 466 4412 solum
507 4355 690 4412 docuit
735 4371 824 4412 me
861 4357 1136 4412 custodire
1189 4357 1442 4413 mandata
1511 4359 1718 4422 facilia,

142 4463 248 4518 qua“:
297 4450 388 4504 via
454 4455 679 4520 possunt
727 4448 870 4514 dici,
925 4448 1051 4520 quia
1082 4464 1111 4502 a
1150 4449 1331 4504 multis
1377 4460 1597 4521 propter
1645 4451 1724 4506 fa-

143 4540 391 4598 cilitatem
423 4540 872 4612 frequentantur;
919 4541 1016 4597 sed
1053 4541 1220 4596 etiam
1257 4552 1435 4608 arcta,
1476 4559 1597 4614 qum
1637 4559 1723 4599 se-

144 4635 274 4690 mita:
309 4634 421 4690 dici
467 4642 713 4704 possunt,
765 4633 892 4704 quia
934 4649 965 4687 a
1013 4633 1202 4704 paucis
1247 4633 1570 4690 insistuntur
1597 4651 1722 4704 pro-

144 4738 252 4797 pter
290 4728 679 4784 difﬁcultatem.
718 4727 775 4782 In
821 4729 925 4784 hoc
956 4738 1180 4799 apparet
1219 4730 1360 4798 quod
1414 4745 1578 4800 super
1630 4746 1718 4785 se-

1837 2121 2091 2194 corripis,
2123 2123 2333 2182 scilicet
2365 2127 2653 2185 infirmitas
2684 2131 2766 2186 vel
2795 2132 2971 2203 aliqua
3002 2135 3307 2208 hujusmodi
3336 2141 3432 2197 ad-

1837 2215 2070 2271 versitas
2099 2235 2112 2271 :
2148 2217 2214 2272 Et
2245 2219 2463 2275 baculus
2489 2231 2634 2291 tuus,
2679 2223 2733 2278 id
2771 2233 2877 2293 est,
2909 2229 3090 2299 gravis
3122 2230 3432 2301 tribulatio,

1835 2306 1951 2378 ipsa
2000 2325 2082 2364 me
2128 2311 2399 2367 consolata
2444 2326 2588 2369 sunt.
2641 2314 2806 2383 Quasi
2858 2319 3049 2378 dicat:
3082 2321 3200 2379 Non
3255 2324 3432 2381 solum

1835 2404 1978 2472 quod
2015 2404 2212 2474 parcis,
2269 2405 2320 2459 in
2367 2421 2432 2461 eo
2497 2409 2798 2466 consolaris
2857 2427 2976 2479 me;
3027 2415 3121 2470 sed
3163 2425 3219 2472 et
3264 2419 3318 2472 in
3365 2434 3431 2476 eo

1835 2495 1978 2564 quod
2034 2493 2274 2566 flagellas
2309 2515 2322 2551 :
2363 2499 2488 2568 quia
2553 2518 2709 2572 quem
2770 2498 2932 2558 Pater
2993 2506 3165 2578 diligit
3215 2509 3434 2582 corripit

1834 2583 2038 2656 (Hebr.
2077 2587 2198 2659 xu).
2235 2589 2457 2644 Aliter:
2507 2589 2664 2664 Virga
2719 2603 2850 2660 tua,
2906 2595 2958 2650 id
3009 2607 3096 2653 est
3143 2598 3431 2672 ﬂagellatio

1834 2686 1959 2745 tua,
1990 2695 2158 2749 parva
2209 2681 2292 2736 vel
2341 2700 2531 2756 magna
2563 2703 2574 2738 :
2604 2698 2653 2739 et
2680 2687 2899 2742 baculus
2946 2700 3091 2758 tuus,
3131 2693 3182 2746 id
3221 2703 3303 2749 est
3335 2711 3429 2750 su-

1834 2773 2092 2826 stentatio
2124 2781 2212 2827 tua
2239 2792 2252 2827 :
2282 2773 2487 2830 Fidelis
2532 2776 2670 2832 Deus
2699 2781 2789 2848 qui
2820 2797 2924 2836 non
2952 2785 3185 2852 patietur
3205 2803 3290 2840 vos
3323 2798 3434 2842 ten-

1833 2861 1942 2914 tari
1965 2879 2124 2932 supra
2157 2864 2211 2918 id
2263 2867 2402 2936 quod
2427 2869 2642 2938 potestis
2666 2868 2714 2940 (l
2746 2869 2868 2925 Cor.
2900 2872 2977 2944 ι),
3003 2875 3115 2944 ipsa
3138 2893 3222 2931 me
3247 2895 3432 2934 conso-

1833 2949 1942 3006 lata
1977 2965 2118 3009 sunt.
2172 2955 2306 3011 Nam
2344 2957 2504 3014 aliam
2552 2961 2976 3018 consolationem
3027 2968 3250 3036 quaisivi
3285 2987 3297 3023 :
3330 2971 3433 3028 hoc

1834 3047 1995 3101 modo
2037 3058 2162 3103 sunt
2193 3051 2499 3119 consolata;
2553 3055 2680 3124 quia
2721 3056 2766 3109 si
2823 3055 3300 3128 foris.amaritudo
3332 3064 3429 3118 tri-

1833 3137 2150 3208 bulationis,
2184 3148 2240 3194 tu
2278 3149 2457 3197 tamen
2510 3147 2714 3214 parasti
2761 3164 3019 3217 mensam,
3065 3151 3117 3206 id
3157 3162 3241 3208 est
3287 3156 3432 3212 refe-

1833 3230 2068 3286 ctionem
2102 3234 2157 3287 in
2196 3247 2474 3306 conspectu
2504 3254 2640 3304 meo,
2690 3239 2742 3293 id
2793 3251 2905 3308 est,
2951 3244 3198 3302 in-oculis
3238 3250 3432 3304 anima:

1833 3337 1968 3377 mea:
1986 3323 2140 3394 juxta
2170 3325 2297 3378 illud
2332 3345 2344 3380 :
2379 3328 2608 3394 Quando
2629 3330 2767 3384 enim
2797 3332 3059 3403 inﬁrmor,
3089 3348 3211 3391 tunc
3237 3338 3430 3396 fortior

1832 3433 1950 3471 sum
1971 3427 2025 3472 et
2048 3429 2228 3488 potens
2251 3418 2338 3490 (11
2355 3419 2477 3474 Cor.
2502 3422 2622 3492 xu).
2642 3423 2706 3477 Et
2731 3423 2784 3477 in
2806 3423 3044 3482 Canticis
3065 3415 3428 3489 canticorum:

1840 3510 2010 3582 Nigra
2036 3530 2152 3567 sum
2173 3555 2188 3579 ,
2216 3523 2264 3569 et
2306 3514 2539 3584 formosa
2569 3514 2756 3586 (Cant.
2789 3516 2838 3589 ι)
2872 3535 2884 3570 :
2918 3519 3180 3576 Adversus
3223 3540 3310 3579 eos
3339 3527 3430 3596 qui

1836 3606 2089 3660 tribulam
2128 3623 2232 3673 me,
2262 3607 2317 3662 id
2360 3616 2464 3674 est,
2495 3609 2597 3664 hoc
2620 3609 2798 3665 fecisti
2829 3622 3016 3667 contra
3044 3630 3202 3684 quam
3236 3617 3308 3670 illi
3338 3634 3432 3688 pu-

1837 3708 1990 3754 tent:
2025 3701 2130 3756 illis
2156 3701 2615 3772 enim-disciplina
2642 3711 2731 3758 tua
2763 3704 2814 3759 in
2861 3707 3114 3774 prtrsenti
3158 3725 3264 3764 non
3300 3727 3430 3782 gutt-

1834 3797 1982 3854 di‘um
2033 3798 2268 3863 videtur,
2300 3799 2394 3854 sed
2441 3813 2644 3855 mceror
2674 3798 2864 3872 (Hebr.
2913 3801 3034 3868 xu).
3069 3802 3238 3858 Aliter
3267 3824 3278 3858 :
3312 3805 3428 3862 Non

1831 3893 2006 3949 solum
2052 3892 2335 3962 disciplina
2371 3901 2459 3946 tua
2518 3908 2606 3948 me
2655 3894 2928 3949 consolata
2975 3906 3086 3960 est,
3136 3899 3227 3953 sed
3267 3899 3428 3955 etiam

1831 3987 2029 4058 parasti
2077 3988 2132 4040 in
2171 3995 2445 4057 conspectu
2477 4002 2590 4041 meo
2619 4001 2873 4050 mensam,
2911 3988 2963 4042 id
2992 3998 3092 4054 est,
3123 3989 3428 4046 doctrinam

1831 4078 1964 4150 legis
1991 4090 2113 4142 tuae,
2138 4094 2243 4148 qua
2275 4091 2381 4133 non
2403 4077 2515 4147 jam
2539 4088 2598 4134 ut
2623 4079 2878 4148 parvulus
2901 4080 3042 4136 lacte
3069 4083 3299 4146 nntrlar,
3331 4085 3424 4139 sed

1831 4171 1885 4225 in
1917 4172 2095 4226 virum
2121 4170 2422 4242 perfectum
2452 4170 2698 4225 eruditus
2719 4209 2736 4237 ,
2769 4171 3224 4240 spirituali‘vdente
3256 4175 3426 4228 rumi-

1829 4275 1968 4320 nans
2009 4262 2128 4334 ejus
2177 4264 2511 4329 sententias,
2566 4264 2768 4334 possim
2827 4265 3080 4321 resistere
3133 4269 3424 4336 perversis.

1829 4355 1954 4412 Haec
1989 4364 2072 4411 est
2108 4355 2196 4410 illa
2227 4369 2409 4410 mensa
2442 4371 2562 4425 quae
2587 4363 2710 4424 poet
2740 4355 2980 4410 laboretur
3007 4371 3096 4411 me
3121 4358 3318 4412 reﬁcit.
3359 4360 3425 4414 Et

1827 4451 1932 4506 hoc
1962 4450 2122 4505 modo
2151 4448 2492 4519 impingtmsh'
2521 4456 2675 4518 caput
2705 4459 2879 4500 meum
2903 4469 2917 4511 -,
2939 4448 3134 4503 .idt‘est
3185 4460 3422 4504 mentem

1828 4557 2027 4606 meam,
2056 4543 2110 4596 in
2137 4541 2339 4603 oleo,-itl
2367 4549 2450 4594 est
2477 4538 2742 4609 spirituali
2775 4538 2982 4605 laetitia,
3009 4541 3273 4596 eteadem
3299 4543 3426 4596 doc-

1827 4635 1967 4690 trina
1985 4643 2220 4703 tua,qua‘.
2233 4641 2312 4687 est
2329 4631 2505 4687 oleum
2524 4631 2723 4685 mentis
2739 4646 2870 4684 mem
2890 4649 2901 4684 :
2921 4631 3044 4688 ideo
3058 4633 3183 4702 quia
3196 4650 3314 4688 eam
3333 4652 3428 4688 ex.-

1829 4729 2024 4782 hilarat
2048 4728 2333 4797 promissio
2355 4739 2421 4778 ne
2445 4725 2648 4794 prtemii
2671 4734 2792 4794 ιιοει
2821 4725 3080 4780 laborem.
3106 4727 3260 4783 Catia:
3279 4747 3424 4785 meus

146 4820 295 4876 mitas
320 4820 552 4890 justitiae
578 4820 802 4875 deduxit
828 4837 841 4874 :
875 4821 1001 4891 quia
1033 4821 1135 4876 etsi
1165 4820 1308 4876 inter
1340 4821 1720 4892 impedimenta
1748 4792 1800 4852 D
1829 4820 2093 4875 inebrians
2113 4859 2128 4884 ,
2171 4817 2438 4888 spirituali
2471 4817 2670 4886 gaudio
2704 4817 2776 4871 ita
2828 4827 3064 4872 mentem
3109 4836 3285 4876 meam
3335 4838 3423 4877 rc-

144 4916 290 4987 bujus
329 4919 512 4975 saeculi
540 4934 748 4984 verser,
781 4919 976 4974 ducatu
1008 4918 1151 4975 illius
1179 4934 1402 4976 securus
1443 4919 1722 4988 incedam,

146 5027 240 5067 non
271 5014 468 5069 timens
505 5013 612 5067 labi
651 5013 703 5066 in
732 5013 949 5082 aliquod
983 5013 1362 5083 crimen-quod
1394 5028 1480 5069 me
1509 5025 1725 5085 separet

145 5106 206 5162 ab
239 5123 323 5164 eo.
378 5108 450 5162 Et
473 5109 575 5163 hoc
601 5116 697 5164 est
723 5108 867 5179 quod
899 5108 1049 5164 dicit.
1091 5107 1233 5163 Nam
1265 5109 1362 5163 etsi
1391 5109 1725 5164 ambulavero

146 5200 193 5252 in
236 5201 405 5254 medio
449 5199 646 5254 umbra:
695 5199 914 5265 mortis,
947 5198 1001 5254 id
1030 5207 1149 5267 est,
1193 5198 1319 5254 licet
1362 5199 1534 5253 vivam
1585 5200 1728 5255 inter

147 5289 256 5347 illos
295 5291 389 5363 qui
433 5291 488 5346 in
542 5291 646 5348 hac
683 5291 790 5346 vita
829 5289 1160 5346 obumbrant
1191 5289 1326 5347 alios
1373 5290 1609 5356 divitiis,
1642 5291 1726 5346 vel

147 5387 406 5454 potentia,
455 5384 541 5441 vel
590 5385 916 5451 honoribus,
964 5400 1072 5440 non
1109 5385 1177 5440 ad
1211 5385 1468 5450 salutem,
1514 5385 1608 5441 sed
1656 5387 1724 5441 ad

148 5478 508 5545 perditionem.
547 5475 674 5532 Non
699 5477 890 5532 timebo
919 5491 1007 5533 ex
1031 5493 1219 5532 eorum
1265 5477 1724 5548 supereminentia

148 5569 312 5635 mala,
347 5568 664 5624 scilicet'ut
710 5568 790 5624 ab
823 5568 906 5624 eis
946 5568 1177 5624 devocer
1208 5586 1220 5622 :
1254 5575 1308 5624 et
1354 5569 1456 5622 hoc
1502 5582 1606 5622 non
1653 5583 1720 5622 ex

150 5664 368 5726 me,'sed
392 5663 643 5733 quoniam
663 5670 723 5716 tit
749 5679 950 5717 mecum
979 5679 1057 5729 es,
1093 5671 1201 5716 tam
1228 5661 1484 5732 providus
1518 5669 1725 5731 pastor,
1756 5666 1778 5695 -‘

152 5758 250 5806 tam
279 5753 413 5809 bene
438 5754 668 5825 vigilans
691 5768 1103 5825 supra-gregem
1131 5768 1307 5808 suum.
1344 5753 1439 5808 Vel
1469 5754 1526 5806 in
1553 5753 1727 5808 medio
1772 5773 1777 5779 ·

153 5847 334 5902 umbra:
374 5848 586 5912 mortis,
638 5847 692 5902 id
721 5857 850 5914 est,
895 5848 947 5902 in
987 5849 1264 5915 communi
1315 5847 1730 5903 conversatione

152 5937 300 6008 hujus
326 5941 468 6008 vitae,
493 5955 614 6011 quat
643 5957 749 5997 non
774 5952 858 5998 est
885 5958 1008 5998 vera
1058 5958 1204 5998 mors
1226 5983 1239 6006 ,
1273 5940 1367 5996 sed
1419 5939 1609 5995 umbra
1628 5981 1642 6007 ,
1673 5939 1726 5996 id

156 6039 230 6084 est
258 6033 428 6105 imago
474 6033 787 6091 ultimarum
850 6035 1217 6095 tenebrarum,
1254 6035 1582 6090 exteriorum
1619 6034 1723 6089 sci-

1832 4913 2014 4983 plens,
2045 4921 2106 4966 ut
2151 4926 2255 4964 non
2293 4909 2524 4966 sentiam
2573 4909 2714 4964 mala
2760 4911 3053 4964 exteriora.
3107 4913 3219 4968 lloc
3266 4916 3424 4971 modo

1832 5006 1974 5061 facta
2016 5002 2156 5058 calix
2193 5001 2489 5065 inebrians,
2515 5018 2678 5072 quam
2705 5002 2996 5072 pratclarus
3026 5013 3108 5056 est
3135 5005 3291 5068 mihi,
3321 5007 3421 5059 etsi

1833 5115 1940 5154 non
1965 5098 2084 5153 aliis
2115 5097 2186 5151 ita
2217 5095 2481 5149 videatur.
2513 5093 2970 5149 Aliterzlmitatio
3001 5096 3270 5165 passionis
3298 5105 3421 5162 tum;

1836 5190 1970 5245 mihi
1998 5188 2140 5243 facta
2166 5187 2306 5242 calix
2331 5187 2620 5253 inebrians,
2648 5185 2812 5240 id'est
2837 5185 3011 5242 dulcis
3037 5195 3226 5258 potus;
3243 5187 3424 5241 ret'fa-

1834 5286 1984 5340 ciens
2017 5282 2263 5338 oblivisci
2291 5281 2474 5336 omnia
2501 5287 2794 5345 tormenta,-
2817 5289 3012 5351 quam,
3040 5281 3092 5335 id
3121 5280 3422 5346 est'valde,

1832 5377 2120 5449 prteclarus
2149 5384 2258 5439 est;
2293 5373 2395 5429 etsi
2432 5372 2554 5427 aliis
2579 5372 2828 5428 videatur
2858 5372 3244 5429 obscuritssret
3261 5373 3426 5443 'igno-

1832 5470 1996 5524 minia
2048 5467 2177 5523 mihi
2230 5465 2445 5520 videtur
2487 5480 2681 5534 magna
2735 5464 3023 5518 claritudo.
3076 5461 3208 5517 Mihi
3247 5469 3424 5520 autem

1828 5565 1961 5620 absit
1992 5563 2232 5636 gloriari,
2264 5562 2365 5615 nisi
2399 5562 2453 5614 in
2484 5577 2634 5614 cruce
2651 5559 2860 5613 Domini
2891 5558 2994 5613 mei
3028 5557 3158 5612 Jcsu
3192 5557 3418 5624 Christi,

1828 5673 1920 5728 per
1953 5671 2106 5727 quem
2133 5655 2257 5708 mihi
2282 5653 2509 5707 mundus
2539 5651 2822 5719 cruciﬁasus
2873 5660 2982 5715 est,
3013 5660 3068 5705 et
3103 5669 3196 5722 ego
3219 5654 3422 5708 mundo

1829 5745 1973 5818 (Gal.
2005 5746 2104 5816 γι).
2137 5745 2303 5813 Quasi
2329 5745 2475 5800 dicat
2503 5757 2518 5796 :
2552 5740 2665 5796 Non
2713 5741 2885 5795 solum
2914 5742 3160 5798 doctrina
3205 5753 3306 5798 tua-
3335 5757 3422 5799 me

1829 5841 2171 5906 consolatur,
2218 5838 2311 5894 sed
2352 5839 2516 5893 etiam
2584 5835 2813 5891 imitatio
2856 5838 3144 5906 passidnis
3177 5847 3297 5893 tuae.
3353 5836 3419 5890 Et

1829 5936 2189 5992 misericordia
2219 5945 2312 5988 tua
2358 5938 2698 6002 subsequatur
2723 5949 2824 5986 me.
2854 5932 3018 5999 Quasi
3065 5933 3248 5992 dicat:
3273 5931 3419 5986 Prat-

1831 6029 1995 6086 ccssit
2028 6024 2399 6082 misericordia
2446 6033 2536 6079 tua
2581 6025 2821 6081 vocando
2858 6039 2957 6080 oer
2983 6024 3184 6080 ﬁdem:
3231 6030 3410 6084 secuta
