3978 6416
488 480 635 539 263')~

1125 469 1386 528 REMIGII
1410 426 2080 524 .ANTISSIODORENSIS
2114 455 2266 515 OPP.
2307 452 2489 511 PARS
2525 451 2569 509 ι.
2600 480 2671 495 -
2708 449 3125 509 EXEGETICA.

3677 445 3793 504 εει

491 600 577 649 est
605 590 658 645 in
683 583 1049 645 custodiendis
1075 582 1368 649 mandatis,
1389 590 1445 637 et
1459 580 1822 649 subsequetur
1850 588 1937 630 me
1966 588 2076 628 om-
2107 574 2153 634 Α
2184 550 2283 640 per
2307 582 2400 622 vos
2425 565 2659 641 introeat
2681 564 2930 620 Christus
2957 563 3120 620 corda
3158 558 3416 618 ﬁdelium.
3444 557 3515 614 Et
3550 558 3795 614 introibit

456 704 457 707 η
492 683 644 740 nibus
674 679 856 736 diebus
886 679 1007 734 vita:
1035 692 1184 743 mete,
1212 688 1259 730 et
1287 673 1469 729 tandiu
1498 670 1882 741 subsequetur,
1912 681 2082 736 usque

494 779 622 834 dum
649 773 933 831 inhabilem
968 771 1026 825 in
1077 769 1232 824 domo
1261 764 1498 832 Domini,
1538 763 1592 819 id
1617 771 1724 828 est,
1751 773 1921 831 usque
1954 757 2083 814 dum

494 880 525 921 a
570 858 920 919 tabernaculo
943 857 1051 914 isto
1074 857 1130 912 in
1155 869 1263 926 quo
1289 853 1358 909 ad
1384 862 1599 922 tempus
1641 849 1840 916 milito,
1866 846 2082 903 veniam

497 954 564 1012 ad
598 951 921 1019 Jerusalem,
947 949 1003 1006 id
1041 957 1126 1005 est
1149 963 1216 1002 aa
1246 944 1496 1001 visionem
1520 943 1687 1015 pacis,
1710 940 1767 996 in
1798 953 1905 1011 qua
1932 936 2085 993 habi-

498 1055 578 1102 tat
609 1044 887 1111 Dominus,
906 1050 963 1099 et
974 1040 1051 1099 ibi
1066 1050 1295 1097 manebo
1306 1037 1363 1092 in
1384 1034 1766 1108 longitudinem
1778 1031 2006 1097 dierum,
2031 1028 2084 1084 id

496 1147 600 1208 est,
643 1137 699 1195 in
745 1135 996 1194 claritate
1023 1146 1301 1203 nunquam
1328 1127 1623 1186 delicienti.

1003 1222 1328 1283 PSALMUS
1364 1220 1555 1278 XXIII.

770 1337 1007 1381 manuus
1036 1335 1200 1378 DAVID
1234 1335 1289 1376 IN
1329 1332 1495 1375 PRIIIA
1531 1329 1779 1371 SABBA’I‘I.

571 1438 593 1475 ι
624 1417 837 1476 Domini
862 1424 947 1473 est
972 1424 1146 1481 terra,
1171 1420 1228 1469 et
1255 1408 1534 1483 plenitudo
1561 1406 1709 1477 ejus;
1741 1402 1890 1460 orbis
1917 1408 2088 1457 terra-

499 1532 521 1568 ι
562 1527 686 1570 rum
731 1520 788 1566 et
842 1507 1084 1566 universi
1122 1504 1216 1579 qui
1264 1503 1512 1559 habitant
1562 1500 1616 1556 in
1657 1513 1746 1555 eo.
1791 1495 1929 1565 Quia
1974 1494 2091 1565 ipse

503 1625 521 1660 ι
567 1621 731 1678 super
757 1603 930 1660 maria
957 1599 1203 1657 fundavit
1227 1613 1375 1665 eum,
1402 1605 1458 1651 et
1495 1608 1659 1666 super
1684 1590 1907 1647 ﬂumina
1952 1602 2092 1660 pra:-

503 1718 521 1752 ‹
563 1697 776 1770 paravit
813 1710 959 1751 eum.
989 1692 1123 1762 Quis
1164 1688 1423 1747 ascendet
1461 1687 1516 1743 in
1561 1693 1800 1742 montem
1841 1679 2092 1736 Domini?

504 1809 522 1842 s
572 1799 667 1846 aut
694 1787 817 1859 quis
843 1786 1007 1842 stabit
1035 1784 1091 1840 in
1116 1784 1235 1840 loco
1260 1790 1451 1838 sancto
1480 1778 1644 1850 ejus?
1672 1777 1943 1832 lnnocens
1977 1789 2093 1828 ma-

504 1901 523 1936 t
569 1882 727 1938 nibus
756 1889 814 1937 et
857 1868 1061 1936 mundo
1101 1877 1283 1943 corde,
1310 1874 1403 1947 qui
1445 1889 1548 1929 non
1600 1870 1810 1940 accepit
1852 1870 1906 1923 in
1948 1880 2092 1920 vano

2185 658 2298 714 Rex
2326 650 2542 731 ‘gloriw,
2582 672 2687 712 non
2718 671 2814 712 rex
2857 654 3186 727 ignominiae.
3214 654 3389 725 Reges
3417 650 3623 708 terreni
3663 659 3799 706 sunt

2186 768 2343 825 reges
2388 750 2737 824 ignominiaa:
2790 765 2858 805 ex
2907 748 3202 821 ignominia
3252 746 3420 813 enim,
3464 744 3518 801 id
3564 752 3676 811 est,
3726 758 3800 799 ex

2184 845 2449 901 virtutum
2479 841 2716 910 defectu,
2746 842 2909 898 homo
2951 840 3229 897 hominem
3266 839 3370 896 sibi
3415 851 3601 909 regem
3634 836 3798 902 tecit,

2186 935 2279 1008 qui
2314 941 2592 991 coerceret
2637 932 2707 988 ab
2752 931 2974 988 illicitis.
3025 929 3151 986 Non
3200 930 3347 986 enim
3377 939 3453 985 est
3478 927 3649 1000 justis
3706 926 3798 982 lea:

2186 1031 2380 1102 posita,
2434 1029 2527 1085 sed
2568 1028 2782 1100 iniustis
2825 1026 2897 1101 (Ι
2925 1025 3062 1082 Tim.
3091 1026 3173 1099 ι).
3204 1025 3264 1083 Si
3306 1025 3450 1082 enim
3505 1031 3805 1081 manerent

2188 1124 2442 1181 homines
2472 1122 2662 1195 quales
2683 1121 2856 1179 creati
2898 1130 3026 1178 sunt
3062 1136 3093 1177 a
3121 1120 3233 1177 Deo
3262 1120 3316 1176 in
3341 1118 3531 1191 primis
3552 1117 3807 1189 parenti-

2189 1215 2310 1282 bus,
2344 1229 2452 1271 non
2497 1223 2646 1272 esset
2669 1213 2808 1270 alius
2849 1212 2957 1269 alio
2998 1212 3246 1270 inferior.
3274 1210 3524 1268 Christus
3565 1220 3653 1267 est
3679 1209 3804 1266 Rex

2190 1309 2400 1381 gloriae,
2463 1308 2588 1380 quia
2642 1307 2880 1380 regendo
2929 1306 3194 1380 gloriosos
3234 1305 3384 1371 facit,
3446 1306 3534 1363 cui
3590 1306 3806 1377 servire

2192 1416 2421 1475 regnare
2448 1410 2551 1459 est.
2592 1400 2890 1472 Responsio
2915 1400 3219 1472 principum
3245 1417 3258 1456 :
3294 1399 3425 1467 Quis
3450 1409 3527 1456 est
3553 1399 3657 1455 iste
3684 1399 3805 1455 Res

2191 1494 2410 1567 gloria?
2452 1494 2574 1552 Etsi
2603 1496 2719 1552 haec
2764 1495 2933 1552 verba
2989 1510 3096 1551 non
3132 1494 3406 1562 dicantur,
3438 1495 3493 1551 in
3522 1495 3808 1552 evidentia

2198 1597 2376 1645 tamen
2402 1603 2587 1644 rerum
2628 1595 2854 1659 apparet
2896 1587 3209 1659 Propheta;
3252 1586 3504 1642 Dominus
3543 1586 3708 1657 fortis
3750 1586 3808 1641 in

2192 1680 2479 1752 passione;
2512 1690 2562 1735 et
2599 1690 2781 1752 potens
2812 1679 2866 1736 in
2900 1679 3239 1752 resurgendo
3274 1697 3290 1734 :
3326 1677 3433 1748 vel,
3465 1679 3645 1751 fortis,
3676 1678 3810 1750 quia

2194 1778 2483 1850 superavit"
2509 1785 2781 1833 mortem:
2826 1784 3030 1847 potens,
3074 1774 3280 1832 scilicet
3304 1784 3497 1846 potens
3522 1773 3581 1830 in
3610 1774 3807 1845 praelia

2196 1878 2385 1925 contra
2437 1867 2736 1934 diabolum,
2779 1882 2903 1923 eum
2959 1867 3183 1924 vincens
3230 1874 3286 1923 et
3337 1865 3508 1937 spolia
3547 1864 3673 1936 ejus
3703 1867 3813 1922 dis-

503 1996 523 2028 (
567 1976 805 2032 animam
840 1988 1015 2039 suam,
1044 1986 1145 2027 nec
1177 1968 1385 2040 juravit
1418 1967 1472 2023 in
1508 1964 1632 2021 dolo
1674 1962 1923 2035 proximo
1962 1973 2081 2015 suo.
2115 1952 2162 2013 B
2193 1960 2467 2029 tribuens;
2509 1960 2594 2017 vel
2652 1960 2806 2032 fortis
2856 1961 2911 2017 in
2964 1974 3148 2029 carne,
3192 1970 3374 2033 potens
3414 1959 3677 2027 Deitate;
3720 1956 3810 2017 vel

504 2090 524 2124 ι
570 2070 671 2127 Hic
702 2068 934 2140 accipiet
975 2064 1404 2123 benedictionem
1451 2075 1481 2115 a
1517 2058 1770 2124 Domino,
1796 2063 1854 2112 et
1881 2052 2094 2109 miseri-

507 2179 525 2214 ι
571 2160 814 2217 cordiam
854 2173 886 2213 a
924 2157 1037 2214 Deo
1083 2155 1311 2213 salutari
1351 2168 1469 2210 suo.
1513 2150 1639 2206 Haec
1685 2156 1770 2205 est
1818 2140 2113 2218 generatio

506 2273 525 2307 ι
571 2250 929 2324 quaerentium
955 2264 1101 2315 eum,
1135 2247 1490 2318 quaerentium
1539 2242 1735 2299 faciem
1768 2238 1862 2296 Dei
1904 2231 2102 2293 Iacob.

508 2364 528 2397 ι
570 2343 816 2399 Attollite
850 2339 1059 2413 portas,
1105 2338 1403 2411 principes,
1441 2343 1673 2400 vestras,
1704 2339 1758 2387 et
1785 2327 2096 2394 elevamini,

506 2457 528 2493 ι
571 2444 742 2509 porta:
761 2435 1068 2501 aeternales,
1099 2442 1157 2490 et
1180 2427 1430 2488 introibit
1460 2429 1574 2483 Rex
1603 2426 1808 2499 gloriae.
1854 2421 1987 2491 Quis
2016 2421 2145 2476 εει*

508 2548 528 2583 ι
575 2530 678 2585 iste
698 2528 815 2583 Rex
842 2526 1027 2599 gloria:
1055 2525 1078 2578 ?
1103 2524 1365 2580 Dominus
1399 2520 1556 2576 fortis
1587 2527 1642 2572 et
1672 2524 1884 2588 potens,
1917 2511 2101 2568 Domi-

508 2643 529 2678 t
572 2640 676 2681 nus
714 2631 908 2695 potens
937 2622 992 2677 in
1027 2619 1236 2693 przelio.
1266 2615 1512 2673 Attollite
1546 2620 1760 2685 portas,
1802 2607 2117 2693 principes,

510 2733 530 2768 ι
574 2723 806 2781 vestras,
835 2721 892 2769 et
919 2709 1230 2776 elevamini,
1273 2717 1443 2780 portae
1473 2703 1781 2768 :eternales,
1809 2709 1866 2757 et
1910 2698 2103 2755 introi-

509 2826 529 2862 ι
570 2807 651 2864 bit
678 2806 795 2863 Rex
841 2804 1050 2876 gloriae.
1083 2803 1216 2871 Quis
1238 2810 1324 2858 est
1371 2800 1474 2857 iste
1506 2798 1624 2855 Rex
1658 2792 1883 2869 glorize?
1914 2790 2104 2849 Domi-

510 2916 530 2952 t
572 2913 676 2955 nus
696 2896 960 2953 virtutum
982 2898 1097 2967 ipse
1122 2902 1207 2950 est
1229 2893 1347 2949 Rex
1374 2890 1579 2964 gloriae.
1615 2907 1634 2941 ι

990 3010 991 3013 ‘
1080 2984 1533 3044 ENARRATIO.

579 3085 829 3143 Psalmus
860 3080 1032 3138 David
1054 3081 1130 3147 in,
1161 3080 1334 3151 prima
1356 3073 1596 3132 Sabbati.
1625 3070 1923 3127 Sabbatum
1942 3080 2106 3124 voca-

508 3184 598 3233 tur
635 3183 751 3234 tota
798 3171 1140 3231 bebdomada
1187 3167 1328 3240 apud
1375 3165 1650 3229 Hebraeos,
1707 3161 1982 3218 nominata
2036 3157 2106 3215 ab

510 3267 699 3323 ultimo
744 3264 852 3321 die.
899 3261 1087 3318 Prima
1122 3257 1341 3315 Sabbati
1385 3264 1470 3312 est
1512 3254 1630 3310 dies
1668 3246 2104 3316 resurreCtionis,

2196 2053 2368 2124 fortis,
2415 2053 2541 2124 quia
2568 2052 2700 2108 vicit
2737 2052 2957 2120 fortem,
3001 2053 3057 2108 id
3105 2061 3191 2108 est
3236 2052 3549 2121 diabolum;
3594 2064 3808 2126 potens,

2196 2146 2322 2216 quia
2356 2145 2606 2216 spoliavit
2635 2144 2930 2200 infernum.
2962 2143 3222 2200 Dominus
3255 2154 3438 2217 potens
3480 2145 3537 2200 in
3574 2146 3767 2216 prtzlio
3788 2157 3808 2197 :

2199 2239 2447 2309 repetitio
2468 2238 2604 2306 haec,
2626 2238 2991 2311 aggratulatio
3011 2245 3113 2294 est.
3136 2237 3341 2294 Deinde
3361 2238 3635 2295 convertit
3657 2252 3724 2293 se
3738 2237 3807 2294 ad

2197 2331 2468 2403 principes
2490 2332 2860 2399 tenebrarum,
2899 2332 2993 2402 qui
3029 2330 3148 2387 illas
3180 2329 3504 2387 auferendas
3532 2338 3731 2402 portas
3753 2330 3811 2385 in

2199 2422 2513 2479 hominibus
2533 2431 2894 2480 erexerantet
2915 2422 3047 2478 dicit
3073 2440 3088 2477 :
3117 2420 3163 2478 Ο
3186 2422 3466 2493 principes,
3500 2422 3555 2477 id
3587 2432 3677 2478 est
3707 2420 3812 2477 das-

2200 2526 2319 2579 nes,
2341 2513 2431 2584 qui
2453 2528 2627 2583 usque
2653 2515 2814 2569 modo
2833 2512 3194 2585 principatum
3218 2511 3483 2569 habuistis
3506 2512 3561 2567 in
3575 2512 3813 2569 homini-

2200 2605 2324 2672 bus,
2351 2602 2573 2659 attollite
2598 2616 2793 2660 vestras
2822 2614 3026 2676 portas,
3055 2604 3263 2662 scilicet
3285 2604 3417 2660 vitia
3445 2619 3545 2675 per
3572 2620 3699 2675 qua:
3725 2604 3810 2659 in-

2201 2697 2483 2770 gredimini
2514 2699 2580 2753 ad
2609 2698 2856 2755 homines
2876 2740 2891 2766 ,
2921 2699 3018 2765 Et,
3053 2716 3087 2756 ο
3116 2697 3387 2755 wlernales
3412 2709 3580 2771 porta:
3599 2740 3616 2766 ,
3647 2699 3703 2755 id
3727 2705 3815 2755 cst

2202 2790 2451 2857 virtutes,
2494 2789 2768 2845 elevamini
2797 2790 2851 2844 in
2878 2790 3133 2846 cordibus
3154 2790 3465 2857 hominum,
3501 2806 3627 2860 qua:
3650 2790 3808 2862 prius

2202 2879 2457 2950 deiectae,
2487 2878 2686 2936 fuistis.
2716 2877 2849 2935 Citm
2879 2880 3017 2936 enim
3054 2881 3190 2935 servi
3237 2881 3419 2936 essetis
3446 2881 3655 2952 peccati
3680 2924 3697 2948 ,
3741 2882 3809 2935 li-

2205 2973 2316 3029 beri
2335 2973 2513 3043 fuistis
2533 2971 2758 3044 justitia:
2787 2972 2964 3043 (Rom.
3005 2972 3103 3045 vi).
3137 2971 3439 3045 Responsio
3463 2973 3811 3030 daemonum:

2208 3062 2340 3131 Quis
2377 3074 2475 3131 est,
2506 3064 2603 3119 iste
2638 3062 2753 3118 Rea:
2776 3064 2982 3136 gloriae.
3017 3065 3182 3135 Resp.
3217 3064 3478 3121 Dominus
3514 3067 3812 3132 virtutum,

2207 3154 2466 3211 Dominus
2494 3154 2841 3229 angelorum,
2866 3156 2980 3227 ipse
3004 3166 3080 3212 est
3105 3156 3223 3212 Rea:
3259 3156 3446 3230 gloria:
3465 3198 3483 3226 ,
3509 3173 3621 3214 non
3651 3160 3811 3215 alius.

2210 3245 2399 3302 Potest
2424 3255 2480 3303 et
2505 3246 2586 3302 sic
2610 3245 2751 3319 legi,
2772 3255 2832 3302 ut
2856 3247 2907 3302 in
2935 3247 3127 3320 primis
3147 3236 3523 3306 ﬁat'allocutio
3547 3251 3616 3307 ad
3642 3250 3816 3308 bonos

507 3364 635 3413 ante
661 3353 816 3425 cujus
840 3361 1022 3409 ortum
1070 3347 1328 3404 Dominus
1366 3343 1686 3402 resurrexit.
1711 3341 1909 3398 Totum
1953 3339 2102 3405 illud,
2133 3334 2180 3398 C
2211 3340 2456 3411 angelos,
2480 3340 2585 3397 hoc
2605 3340 2790 3397 modo.
2814 3340 2860 3396 0
2884 3341 3164 3414 principes,
3182 3341 3388 3400 scilicet
3414 3343 3565 3423 cives
3594 3346 3814 3417 superni

513 3461 721 3521 tempus
766 3445 1004 3512 Domini,
1053 3442 1199 3515 quod
1248 3440 1349 3496 fuit
1395 3447 1524 3495 ante
1575 3435 2031 3494 resurrectionem
2074 3447 2107 3488 a

512 3540 668 3610 lapsu
694 3537 845 3604 Adae,
880 3550 988 3592 nox
1017 3533 1125 3591 dici
1159 3540 1336 3603 potest
1368 3537 1591 3601 propter
1620 3527 1874 3584 tenebras
1911 3536 2106 3595 pecca-

513 3640 711 3696 torum,
738 3628 935 3701 quibus
953 3625 1250 3682 humanum
1272 3636 1440 3693 genus
1460 3618 1856 3682 involvebatur,
1875 3623 1931 3671 et
1954 3612 2110 3669 caeci-

515 3732 680 3780 tatem
706 3720 930 3779 mentis.
954 3716 1148 3774 Totum
1185 3725 1366 3772 autem
1396 3703 1610 3785 tempus
1636 3713 1739 3767 hoc
1767 3710 1835 3765 de
1865 3722 2110 3765 resurre-

515 3815 695 3871 ctione
718 3809 999 3868 Dominica
1024 3822 1199 3879 usque
1222 3806 1290 3863 ad
1313 3804 1476 3864 linem
1489 3802 1672 3861 saeculi
1696 3808 1873 3874 potest
1898 3798 2107 3854 vocari:

514 3907 683 3978 prima
743 3904 980 3970 Sabbati,
1026 3902 1082 3957 id
1127 3907 1234 3957 εει
1263 3898 1439 3971 prima
1486 3897 1604 3953 dies
1652 3893 2023 3959 hebdomadm,
2054 3891 2110 3946 in

516 4013 621 4070 qua
670 3996 919 4053 Christus
974 4008 1136 4050 verus
1188 3991 1289 4059 sol,
1319 3999 1626 4061 assumpta
1677 3985 2108 4052 immortalitate,

517 4089 717 4144 mundo
749 4087 925 4143 lucem
946 4085 1097 4141 dedit
1137 4099 1417 4155 nunquam
1445 4081 1805 4140 deiicientem.
1844 4079 1941 4136 Est
1978 4093 2111 4151 ergo

517 4181 759 4253 psalmus
776 4180 879 4236 iste
903 4178 1076 4235 David
1101 4178 1380 4250 prophetae
1400 4174 1920 4232 in'consitleratioue
1943 4170 2109 4239 illius,

517 4271 647 4339 diei,
676 4286 781 4342 qua
809 4270 1059 4327 Christus
1084 4258 1261 4327 victor
1290 4284 1324 4324 a
1355 4267 1588 4325 mortuis
1616 4266 1937 4334 resurrexit,
1964 4264 2113 4321 devi-

517 4371 606 4419 cto
634 4362 825 4419 mortis
859 4361 1126 4434 principe,
1161 4369 1218 4418 et
1244 4357 1364 4432 ejus
1401 4374 1571 4432 regno
1597 4358 1857 4430 spoliato:
1889 4357 2126 4414 hortan-'

520 4455 587 4512 tis
625 4468 815 4511 omnes
862 4453 1069 4511 scilicet
1112 4450 1293 4523 hujus
1322 4450 1510 4508 mundi
1557 4450 1847 4522 principes,
1876 4457 1933 4505 et
1973 4463 2113 4520 prae-

518 4547 675 4619 cipue
721 4547 937 4604 Judaeos
992 4547 1222 4605 rebelles
1273 4553 1328 4603 et
1362 4542 1725 4610 incredulos,
1775 4552 1835 4597 ut
1893 4540 2114 4597 Christo

520 4640 709 4696 victori
754 4642 1149 4711 congaudeant,
1196 4648 1254 4696 et
1292 4630 1719 4709 triumphantem
1761 4650 1885 4692 cum
1915 4635 2111 4707 gaudio

2211 3433 2304 3503 qui
2329 3432 2472 3488 inter
2497 3431 2752 3488 concives
2784 3440 2998 3490 vestros
3046 3434 3294 3492 homines
3335 3436 3707 3508 principatum
3739 3447 3817 3493 te-

2212 3512 2376 3589 netis,
2409 3521 2634 3578 attollite
2659 3523 2715 3578 in
2742 3523 3053 3581 hominibus
3072 3535 3249 3595 portas
3270 3535 3488 3593 uestras,
3510 3527 3567 3582 id
3583 3538 3696 3594 est,
3719 3530 3814 3583 ad-

2207 3611 2423 3684 juvate,
2452 3621 2512 3669 ut
2530 3614 2762 3671 virtutes
2780 3625 2979 3671 vestra:
2997 3633 3132 3688 quas
3170 3635 3446 3689 nunquam
3478 3620 3808 3677 deseruistis

2212 3706 2493 3778 erigantur
2533 3706 2589 3761 in
2631 3707 2965 3775 hominibus,
2999 3724 3120 3778 qua:
3160 3726 3333 3781 usque
3371 3711 3534 3766 modo
3587 3713 3815 3783 dejecta:

2207 3799 2514 3871 jacuerunt.
2559 3798 2670 3867 Et,
2703 3815 2738 3857 0
2793 3801 3066 3857 wternales
3101 3813 3298 3874 portae,
3339 3804 3393 3860 id
3427 3814 3513 3860 est
3555 3806 3814 3877 angeiicae

2212 3897 2474 3962 virtutes,
2506 3912 2629 3967 qua:
2652 3910 2868 3967 semper
2900 3897 2952 3952 in
2983 3899 3063 3953 eis
3088 3896 3267 3955 fuistis
3297 3907 3353 3955 et
3379 3914 3598 3972 semper
3618 3902 3813 3967 eritis,

2211 3988 2484 4044 elevamini
2517 3987 2569 4042 in
2620 3988 2929 4046 hominibus
2964 3989 3033 4044 Et
3072 3990 3306 4046 introibit
3352 3989 3463 4047 Rea:
3492 3992 3721 4063 σιω-ἔα»,
3758 4002 3817 4047 ut

2214 4096 2401 4154 supra.
2457 4079 2762 4151 Responsio
2812 4082 3163 4154 angelorum:
3214 4083 3347 4150 Quis
3399 4094 3477 4141 est
3532 4087 3633 4141 ista
3702 4086 3815 4141 Res:

2213 4173 2549 4246 gloriw?nos
2579 4175 2794 4231 Patrem
2824 4177 3085 4251 et_Filium
3116 4193 3332 4250 semper
3351 4179 3513 4235 simul
3540 4181 3807 4237 vidimuS'

2216 4267 2317 4323 iste
2339 4266 2455 4324 Rex
2479 4268 2665 4340 gloriae
2686 4269 2809 4339 quis
2834 4269 2953 4326 est?
2984 4269 3097 4327 Hoc
3123 4280 3350 4343 possunt
3373 4272 3555 4329 dicere
3595 4272 3675 4328 illi
3699 4275 3812 4346 spi-

2214 4359 2353 4415 ritus
2404 4360 2497 4431 qui
2543 4375 2759 4432 semper
2803 4376 2926 4417 cum
2979 4361 3090 4418 Deo
3136 4361 3382 4432 fuerunt,
3421 4374 3477 4421 et
3526 4381 3811 4438 nunquam

2214 4452 2368 4507 missi
2402 4461 2531 4507 sunt
2559 4454 2627 4507 ad
2653 4454 3087 4525 cognoscendam
3130 4455 3523 4512 humanitatem
3565 4457 3808 4514 Christi:

2214 4543 2474 4598 Dominus
2504 4542 2659 4614 [ortis
2679 4554 2728 4599 et
2763 4556 2947 4616 potens
2967 4587 2983 4613 ,
3026 4555 3087 4601 ut
3116 4560 3303 4618 supra.
3335 4547 3541 4603 Deinde
3585 4548 3650 4603 ﬁt
3684 4564 3813 4603 con-

2215 4637 2392 4693 versio
2421 4629 2786 4694 seruionis‘ad
2812 4638 2980 4695 malos
3010 4639 3248 4711 angelos,
3272 4647 3333 4696 ut
3353 4654 3538 4712 supra.
3572 4640 3813 4697 Attollite

520 4730 836 4800 suscipiant,
866 4730 1355 4788 adsimilitudinem
1380 4729 1688 4802 principum
1713 4728 1875 4798 hujus
1904 4728 2107 4796 saeculi,
2140 4732 2190 4792 D
2215 4738 2414 4800 portas,
2456 4727 2741 4800 principes,
2778 4739 2996 4786 vestras.
3027 4729 3139 4786 Hoc
3183 4746 3290 4786 non
3329 4740 3589 4786 mutatur.
3642 4732 3811 4800 Quasi

522 4823 613 4894 qui
651 4823 1075 4895 triumphatores
1116 4837 1247 4879 suos
1271 4823 1562 4879 redeuntes
1591 4836 1714 4879 cum
1745 4836 1944 4895 magno
1977 4835 2114 4893 gau-

522 4914 613 4969 dio
653 4914 981 4985 suscipiunt,
1016 4922 1074 4971 et
1116 4914 1378 4986 ampliaut
1415 4924 1606 4987 portas
1647 4930 1797 4980 suas,
1827 4922 1888 4969 ut
1933 4913 2129 4984 ingre-'

522 5006 797 5063 dientibus
817 5013 878 5063 et
914 5006 1316 5080 egredientibus
1349 5023 1476 5066 cum
1500 5022 1700 5082 pompa
1734 5005 1873 5062 nihil
1912 5006 2111 5062 obstet.

523 5094 672 5152 Dixit
696 5111 828 5170 ergo
852 5115 867 5153 :

592 5188 866 5262 Principes
894 5189 1057 5264 hujus
1097 5191 1304 5261 saeculi,
1337 5191 1560 5249 attollite
1596 5200 1797 5249 uestras
1828 5201 2031 5265 portas,
2061 5190 2117 5249 id

524 5289 629 5349 est,
655 5280 865 5339 auferte
885 5297 919 5339 a
940 5282 1096 5340 vobis
1117 5284 1468 5357 cupiditatem
1493 5293 1736 5342 vestram
1757 5293 1815 5341 et
1843 5284 2114 5350 timorem,

521 5390 620 5446 per
653 5390 791 5447 quas
828 5382 916 5433 est
940 5377 1195 5435 introitus
1234 5378 1303 5434 ad
1333 5374 1599 5436 mortem:
1630 5378 1715 5434 ba:
1756 5385 1883 5435 sunt
1915 5376 2118 5450 princi-

523 5469 673 5539 pales
706 5480 875 5543 portae
914 5473 981 5529 ad
1007 5487 1168 5529 omne
1201 5485 1486 5545 peccatum
1513 5473 1657 5544 quod
1696 5472 1846 5529 ducit
1871 5473 1938 5528 ad
1968 5486 2116 5528 mor-

525 5569 656 5617 tem.
676 5561 879 5623 Omnes
898 5568 1167 5633 hortatur,
1191 5566 1284 5622 sed
1304 5567 1574 5638 praecipue
1585 5565 1887 5637 principes;
1907 5566 2033 5636 quia
2058 5563 2115 5619 hi

524 5654 763 5713 maxime
773 5672 871 5728 per
887 5658 988 5716 has
1008 5670 1194 5731 portas
1221 5660 1290 5716 ad
1309 5657 1578 5715 infernum
1593 5659 1947 5715 descendunt.
1979 5657 2064 5723 Et,
2079 5674 2115 5714 ο

525 5745 797 5803 wternales
811 5760 995 5821 ρον-ιω,
1009 5766 1164 5808 amor
1174 5752 1404 5823 proximi
1423 5760 1479 5809 et
1499 5752 1665 5808 timor
1683 5752 1780 5809 Dei
1792 5760 1995 5819 castus,
2010 5751 2115 5808 sci-

525 5829 653 5889 licet
673 5835 968 5909 eleoantini,
988 5857 1109 5913 qua:
1128 5841 1380 5912 jacuistis
1398 5859 1569 5915 usque
1592 5845 1754 5901 modo
1782 5853 2066 5916 prostratae
2080 5860 2112 5902 a

525 5937 659 5984 casu
679 5929 841 5998 primi
868 5933 1112 6003 parentis
1134 5950 1149 5987 :
1179 5950 1326 5992 nunc
1346 5945 1600 6006 apparetc
1624 5937 1677 5993 in
1698 5937 2028 6006 hominibus,
2052 5946 2112 5993 ut
2138 5995 2147 6005 ,

2219 4823 2393 4878 dicat:
2419 4821 2532 4892 Ego
2556 4823 2745 4879 hortor
2768 4838 2883 4887 vos,
2906 4837 2940 4879 o
2962 4824 3256 4895 principes,
3288 4833 3348 4879 ut
3369 4824 3559 4881 victori
3589 4823 3811 4882 Christo

2220 4915 2353 4986 Regi
2372 4915 2556 4988 gloriae
2579 4918 2983 4989 congaudeatis,
3012 4927 3067 4973 et
3092 4918 3164 4973 illi
3192 4918 3470 4991 aperiatis.
3490 4918 3562 4975 Et
3587 4922 3807 4988 merito,

2220 5009 2346 5079 quia
2374 5008 2593 5064 Domini
2619 5019 2696 5065 est
2723 5021 2885 5079 terra,
2908 5010 3036 5082 quae
3060 5012 3213 5084 prius
3244 5023 3365 5070 erat
3395 5014 3602 5071 inimici
3634 5024 3809 5085 terra,

2219 5103 2271 5160 id
2296 5111 2398 5170 est,
2423 5119 2613 5161 omnes
2640 5104 2714 5160 illi
2735 5105 2828 5177 qui
2857 5105 3054 5162 initiati
3088 5106 3472 5166 ecclesiasticis
3497 5123 3813 5166 sacramen-

2217 5198 2308 5266 tis,
2340 5199 2444 5255 hoc
2492 5201 2653 5256 modo
2682 5199 2845 5267 culti,
2894 5209 3039 5256 terra
3079 5201 3185 5258 dici
3235 5212 3483 5274 possunt.
3518 5202 3590 5258 Et
3634 5202 3811 5277 pleni-

2216 5295 2343 5350 tudo
2378 5295 2514 5366 ejus,
2554 5294 2763 5351 scilicet
2790 5304 2875 5352 est
2911 5295 3156 5362 Domini,
3182 5294 3237 5352 id
3261 5306 3378 5365 est,
3406 5296 3636 5370 perfecti
3665 5296 3812 5353 illius

2216 5395 2414 5454 terrai,
2449 5386 2659 5444 scilicet
2692 5385 2968 5454 Ecclesizc,
3013 5388 3088 5444 illi
3118 5388 3329 5446 scilicet
3367 5390 3460 5461 qui
3487 5398 3616 5446 sunt
3661 5389 3813 5461 pleni

2219 5477 2324 5534 lide
2347 5487 2404 5533 ει
2431 5477 2589 5534 bonis
2621 5478 2892 5549 operibus.
2923 5478 2992 5535 Et
3014 5478 3131 5535 haec
3162 5488 3309 5536 terra
3334 5495 3443 5536 non
3483 5480 3539 5537 in
3570 5480 3811 5553 quadam

2221 5579 2378 5641 parte
2404 5571 2623 5637 mundi,
2654 5578 2713 5626 ut
2755 5570 2972 5642 quidam
3004 5571 3214 5639 volunt,
3239 5581 3325 5630 est
3347 5570 3464 5643 ejus
3484 5613 3501 5640 ,
3528 5572 3624 5629 sed
3659 5571 3814 5628 orbis

2224 5672 2509 5720 terrarum.
2544 5665 2611 5720 Et
2644 5680 2713 5721 ne
2751 5665 2873 5735 quis
2907 5665 3181 5737 acciperet
3207 5665 3410 5722 dictum
3436 5680 3559 5722 esse
3585 5665 3657 5721 de
3707 5664 3810 5720 ho-

2219 5754 2456 5812 minibus
2483 5756 2643 5811 bonis
2686 5755 2928 5823 scilicet,
2967 5765 3023 5813 et
3051 5756 3209 5813 malis
3256 5758 3313 5813 in
3344 5772 3411 5814 eo
3442 5757 3588 5829 quod
3636 5756 3809 5821 dixit,

2218 5846 2358 5902 orbis
2402 5857 2698 5914 terrarum,
2730 5847 2785 5903 id
2814 5856 2930 5916 est,
2966 5847 3020 5904 in
3053 5857 3166 5906 toto
3201 5848 3333 5905 orbe
3371 5858 3681 5915 terrarum,
3717 5848 3813 5903 de-

2219 5942 2474 5998 terminat
2504 5956 2641 6013 quos
2666 5941 2811 6000 dicat
2839 5958 2963 6001 esse
3003 5943 3059 6000 in
3085 5943 3315 6002 victoria
3346 5941 3438 5999 illa
3484 5941 3803 6014 acquisitos.
