3930 5598
104 374 215 431 Ἣῢ

1194 360 1726 427 ENARRATIONES
1764 367 1831 420 IN
1874 368 2207 425 PSALMOS.

3273 361 3378 427 sos

112 491 226 546 lloe
256 489 449 544 modo:
492 488 612 543 Dixi
658 488 801 558 quod
852 487 1000 542 orbis
1028 496 1295 541 terrarum
1341 489 1415 542 sit
1445 486 1687 549 Domini,
1721 488 1767 544 Α
1797 486 1900 541 Ιίιιε
1926 486 2139 549 delicti,
2189 502 2287 540 nec
2326 484 2503 541 animo
2528 501 2644 540 suo.
2681 485 2745 539 Et
2788 494 3069 555 propterea
3098 484 3259 540 etiam
3287 490 3380 539 nec

114 583 317 640 scilicet
354 580 581 635 universi
622 581 711 650 qui
752 579 990 633 habitant
1036 578 1090 632 in
1130 594 1213 642 eo,
1264 596 1368 632 non
1411 578 1501 648 qui
1536 579 1694 632 inha-

114 675 359 728 bitantur
388 670 479 739 qui
512 670 767 723 mundum
818 669 918 724 sibi
950 667 1373 738 subjugaverunt
1396 710 1411 733 ,
1453 684 1557 722 non
1597 667 1696 737 ipsi

114 760 314 820 mundo
361 763 586 833 subjecti
638 773 783 819 sunt.
831 764 1013 819 Potest
1046 772 1102 818 et
1154 765 1235 818 sic
1278 764 1417 833 legi,
1447 772 1503 817 ut
1552 763 1699 817 orbis

117 866 382 911 terrarum
410 856 478 909 sit
508 855 863 923 expositivum
894 854 1034 907 illius
1063 854 1203 923 quod
1235 853 1399 916 dixit,
1431 852 1698 921 plenitudo

114 945 246 1015 ejus.
271 943 438 1010 Quasi
468 943 639 998 dicat:
678 943 791 997 lloc
818 953 900 997 cst
927 943 1203 1011 plenitudo
1234 952 1390 997 terra:
1420 942 1560 995 illius
1580 956 1698 1010 quae

113 1039 256 1092 facta
288 1045 371 1091 est
396 1036 641 1100 Domini,
671 1035 818 1089 orbis
869 1043 1169 1099 terrarum,
1204 1036 1255 1089 td
1302 1042 1417 1098 est,
1471 1032 1696 1102 perfecti

116 1128 188 1183 illi
228 1128 321 1198 qui
361 1136 588 1196 possunt
631 1126 735 1180 dici
760 1125 934 1189 orbis,
969 1125 1019 1178 id
1046 1135 1149 1188 est,
1176 1124 1495 1178 extremitas
1531 1132 1700 1177 terra-

120 1234 261 1282 rum,
295 1218 421 1288 quia
454 1226 841 1271 contraxerunt
875 1230 933 1269 se
976 1216 1195 1269 omnino
1233 1230 1262 1267 a
1288 1213 1432 1267 vitiis
1473 1221 1528 1266 et
1571 1227 1701 1265 con-

119 1292 469 1377 cupiscentiis
507 1305 663 1375 hujus
714 1305 928 1369 saeculi,
972 1319 1206 1373 quorum
1258 1302 1601 1358 conversatio
1648 1303 1699 1355 in

119 1398 268 1453 ccelis
292 1406 396 1451 est.
430 1398 493 1452 Et
523 1397 756 1451 universi
786 1396 877 1465 qui
908 1396 1149 1451 habitant
1190 1395 1244 1449 in
1274 1394 1425 1450 caelis
1448 1432 1462 1459 ,
1505 1395 1557 1449 id
1584 1404 1699 1458 est,

86 1564 89 1565 ν
119 1506 307 1545 «nues
338 1490 415 1543 illi
445 1491 537 1560 qui
567 1505 664 1559 per
702 1489 1053 1543 imitationem
1082 1489 1133 1542 in
1168 1488 1269 1543 illis
1312 1488 1564 1559 perfectis
1612 1487 1704 1541 ﬁr-

121 1584 277 1638 miter
322 1592 564 1637 manent.
605 1583 682 1637 Ae
723 1583 766 1637 si
804 1583 974 1637 dicat:
1005 1581 1239 1637 Perfeeti
1286 1583 1390 1637 viri
1420 1591 1474 1637 et
1514 1597 1701 1637 eorum

123 1675 422 1729 imitatores
479 1684 605 1728 sunt
670 1673 1077 1742 plenitudo,et
1124 1674 1244 1727 tunc
1285 1672 1561 1743 plenitudo
1622 1680 1704 1726 est

122 1762 355 1819 Domini.
417 1763 483 1816 Et
539 1764 729 1818 merito
775 1764 922 1819 orbis
987 1771 1250 1818 terrarum
1309 1774 1389 1818 est
1446 1763 1699 1818 Domini:

1791 576 1990 645 juravit
2013 576 2249 645 proximo
2279 593 2374 629 suo
2400 577 2453 628 in
2481 575 2601 628 dolo
2624 616 2636 639 ,
2666 575 2717 629 id
2755 584 2838 629 cst
2879 576 2946 629 ad
2987 575 3380 642 deceptionem.

1800 668 1952 737 Strpe
1979 668 2119 722 enim
2150 668 2239 736 qui
2270 684 2404 721 vana
2447 665 2606 734 hujus
2640 667 2819 721 saeculi
2864 676 3013 737 grata
3060 665 3241 720 animo
3285 679 3382 720 suo

1801 759 2024 824 faciunt,
2060 768 2117 813 ut
2145 774 2206 812 ea
2231 760 2537 825 obtineant,
2581 760 2631 813 in
2677 758 2967 829 perjurium
3013 759 3228 813 cadunt.
3282 755 3384 810 llic

1800 852 2026 915 Scilicet,
2060 866 2162 904 non
2191 851 2345 913 alius,
2378 852 2595 921 accipiet
2635 852 3037 905 benedictionem
3062 869 3108 904 α’
3128 852 3346 904 Domino
3365 891 3381 915 ,

1802 943 1851 997 id
1873 953 1978 1007 est,
2011 944 2129 997 talis
2156 944 2237 997 vir
2260 944 2363 998 erit
2389 952 2530 997 terra
2563 944 2649 998 illa
2677 944 2760 999 cui
2786 946 3066 999 hencdicet
3090 944 3379 1005 Dominus,

1793 1032 1943 1102 juxta
1971 1034 2093 1088 illud
2125 1034 2402 1104 Apostoli:
2448 1033 2609 1088 Terra
2651 1043 2828 1089 autem
2861 1035 3132 1104 accipiens
3170 1034 3385 1088 imbrem

1799 1134 1846 1176 et
1868 1124 2152 1193 proferatis
2174 1125 2383 1178 herbam
2406 1136 2746 1194 opportunam
2770 1126 2873 1178 illis
2904 1143 2935 1178 a
2959 1126 3146 1196 quibus
3171 1124 3383 1189 colitur,

1803 1215 1854 1267 in
1879 1215 2246 1269 benedictione
2268 1216 2369 1270 erit
2400 1214 2585 1286 (lIebr.
2622 1216 2714 1285 ιι),
2746 1216 2795 1269 id
2826 1225 2927 1281 est,
2964 1217 3014 1269 in
3048 1217 3384 1270 incremento

1804 1308 2080 1363 virtutum.
2121 1307 2185 1361 Et
2225 1308 2343 1363 ideo
2373 1307 2494 1362 talis
2522 1308 2603 1361 vir
2635 1309 2737 1362 erit
2775 1309 2828 1362 in
2861 1309 3188 1363 incremento
3214 1310 3383 1362 virtu-

1805 1412 1946 1465 tum,
1982 1402 2103 1470 quia
2133 1402 2358 1472 accipiet
2389 1402 2801 1455 misericordiam
2841 1419 2873 1455 a
2903 1401 3046 1466 Deo,
3084 1402 3173 1471 qui
3208 1402 3300 1457 dat
3333 1412 3380 1458 et

1804 1493 1927 1548 velle
1956 1505 1999 1547 ct
2027 1494 2271 1563 perﬁcere
2300 1510 2393 1563 pro
2422 1494 2555 1547 bona
2584 1493 2847 1547 voluntate
2874 1491 3052 1564 (Phil.
3095 1494 3190 1562 ιι).
3227 1493 3387 1547 Salu-

1805 1587 1906 1639 tari
1933 1603 2050 1648 suo,
2085 1585 2135 1639 id
2164 1596 2281 1649 est,
2328 1602 2358 1639 a
2397 1600 2503 1655 quo
2531 1585 2643 1640 solo
2674 1584 2877 1640 salvari
2917 1585 3205 1640 desiderat.
3259 1583 3390 1637 ch

1803 1686 1876 1730 est
1917 1678 2199 1746 generatio.
2243 1676 2406 1743 Quasi
2453 1677 2631 1731 dicat-
2675 1677 2779 1730 Ista
2808 1677 2920 1731 sola
2948 1694 3067 1749 qua:
3099 1688 3204 1733 tam
3237 1677 3389 1731 inno~

1805 1776 1990 1822 center
2033 1767 2185 1831 vivit,
2213 1776 2272 1821 et
2318 1782 2422 1821 non
2469 1767 2571 1820 alia
2596 1808 2610 1830 ,
2636 1778 2722 1821 est
2747 1768 3024 1838 generatio
3048 1768 3391 1837 quwrentium

141 1857 265 1925 quia
287 1856 400 1925 ipse
420 1872 576 1925 super
600 1855 769 1909 maria
792 1855 1031 1925 {undavit
1067 1871 1205 1919 eum,
1255 1854 1308 1908 id
1361 1863 1481 1917 est,
1533 1854 1587 1908 in
1618 1854 1703 1910 his
1736 1836 1779 1895 Β
1809 1857 2092 1911 Dominum
2119 1872 2217 1927 per
2252 1857 2407 1911 ﬁdem
2452 1868 2505 1912 et
2547 1859 2739 1913 bonam
2778 1859 3142 1928 Operationem
3188 1858 3243 1911 in
3290 1859 3392 1912 hac

122 1964 240 2019 quae
271 1949 423 2018 prius
456 1963 605 2002 mare
661 1947 897 2012 fuerunt,
940 1947 993 2002 id
1021 1958 1125 2011 est,
1166 1946 1386 2003 omnino
1433 1947 1703 2002 s'eculares

122 2051 178 2096 ct
230 2041 553 2111 procellosi,
611 2039 773 2094 variis
823 2039 991 2094 animi
1050 2040 1284 2094 uzotihus
1334 2055 1551 2111 semper
1590 2040 1705 2111 agi—

125 2132 244 2196 tati,
296 2132 542 2187 fundavit
584 2132 728 2186 hunc
786 2133 979 2187 orbem
1048 2131 1295 2188 faciendo
1359 2134 1424 2188 de
1477 2132 1708 2189 inﬁdeli-

123 2225 226 2279 bus
262 2223 445 2279 ﬁdeles
480 2264 496 2290 ,
546 2224 610 2277 de
664 2225 1097 2293 persecutoribus
1147 2224 1457 2296 discipulos,
1520 2240 1707 2295 quem-

123 2319 409 2374 admodum
466 2319 532 2371 dc
572 2316 735 2372 Saulo
778 2316 1022 2383 Paulum,
1056 2329 1112 2372 ut
1155 2332 1251 2387 per
1277 2320 1443 2372 maria
1475 2318 1705 2388 accipia-

125 2427 245 2466 mus
293 2410 528 2479 majores
554 2410 846 2481 principes,
877 2411 1087 2466 scilicet
1115 2426 1268 2481 reges
1295 2419 1349 2467 et
1384 2412 1702 2466 tetrarchas.

125 2502 193 2556 Et
222 2519 375 2573 super
399 2503 623 2571 ﬂumina
652 2503 961 2573 prteparavit
985 2519 1122 2566 eum,
1154 2504 1204 2557 id
1232 2512 1347 2567 est,
1386 2505 1451 2559 de
1484 2504 1587 2559 illis
1616 2504 1706 2573 qui

122 2593 383 2649 satellites
411 2594 717 2663 principum
766 2593 927 2663 hujus
980 2594 1159 2649 saaculi
1206 2603 1363 2649 erant
1407 2610 1533 2650 suos
1579 2594 1707 2649 fecit

123 2686 509 2741 convertendo.
542 2685 743 2741 Aliter:
777 2684 899 2755 Ipse
919 2702 1077 2755 super
1099 2685 1270 2739 maria
1299 2686 1535 2751 fundarit
1566 2703 1703 2749 eum,

124 2778 176 2831 id
207 2786 322 2840 est,
353 2792 518 2847 super
546 2777 921 2832 ﬁuctuationes
952 2777 1111 2847 hujus
1136 2777 1319 2832 mundi
1342 2818 1355 2843 ,
1380 2778 1575 2848 quibus
1622 2780 1705 2833 in-

122 2868 439 2923 volvebatur
464 2868 532 2922 ab
562 2869 733 2933 initio,
756 2868 1012 2924 stabilivit
1042 2868 1333 2924 Ecclesiam
1361 2882 1512 2925 suam
1538 2872 1587 2925 in
1606 2871 1708 2928 ﬁde

122 2968 182 3013 ut
212 2957 325 3026 jam
356 2958 707 3013 conculcetur
750 2958 839 3012 hic
869 2959 1100 3013 mundus
1135 2968 1188 3012 et
1234 2969 1610 3015 contemnatur
1640 2962 1708 3017 ab

122 3063 207 3101 ea.
234 3046 395 3101 Fides
426 3047 572 3101 enim
600 3045 801 3102 Christi
833 3047 986 3117 quasi
1032 3063 1185 3101 mons
1212 3058 1316 3113 est,
1361 3065 1521 3120 super
1545 3064 1705 3119 quem

126 3136 350 3190 fundata
383 3144 498 3199 est,
538 3146 596 3190 ut
632 3135 884 3206 procella:
929 3135 1088 3205 hujus
1134 3138 1311 3192 saeculi
1342 3154 1448 3193 non
1502 3141 1707 3208 possint

126 3247 245 3284 eam
274 3244 519 3293 movere,
550 3229 702 3299 quasi
726 3228 940 3283 inﬁrmo
969 3238 1020 3283 et
1052 3229 1230 3283 altiori
1266 3230 1381 3285 loco
1407 3230 1703 3286 fundatam.

129 3322 195 3377 Et
223 3340 388 3394 super
412 3323 633 3393 flumina
679 3323 995 3393 prtepararit
1026 3339 1142 3376 eum
1162 3364 1176 3388 ,
1215 3324 1265 3378 id
1296 3331 1400 3387 est,
1428 3339 1591 3392 super
1614 3340 1711 3393 po-

132 3423 304 3469 tentes
355 3414 440 3467 vel
484 3414 705 3483 cupidos
753 3412 913 3483 hujus
955 3412 1165 3477 smculi,
1207 3421 1265 3466 ut
1294 3413 1371 3466 ait
1416 3411 1709 3467 Salomon:

132 3505 326 3561 Omnia
362 3507 585 3575 ﬂumina
625 3506 826 3559 intrant
848 3520 1027 3569 mare,
1062 3514 1108 3557 et
1141 3519 1284 3557 mare
1314 3519 1414 3557 non
1460 3503 1713 3557 redundat

131 3597 330 3667 (Ercle.
374 3598 411 3667 ι)
444 3614 458 3662 ;
510 3598 583 3650 ita
615 3605 668 3652 et
700 3605 947 3667 potentes
980 3595 1135 3665 hujus
1178 3596 1359 3651 saeculi
1408 3611 1714 3666 quanquam

130 3691 300 3743 multa
358 3689 674 3757 acquirant,
728 3704 1000 3761 nunquam
1051 3699 1229 3744 tamen
1273 3690 1560 3744 satiantur.
1611 3688 1716 3742 Su-

134 3797 230 3850 per
271 3781 388 3834 luec
436 3779 655 3834 ﬁumina
704 3791 789 3836 est
826 3790 1128 3851 praeparata
1162 3780 1440 3845 Ecclesia,
1492 3788 1553 3834 ut
1601 3779 1718 3834 illos

130 3872 397 3941 pradicet
421 3880 476 3925 et
506 3881 803 3926 convertat.
835 3870 902 3925 Et
941 3873 1063 3940 quia
1097 3873 1297 3926 dictum
1345 3880 1465 3927 est:
1509 3870 1719 3924 Domini

133 3972 205 4016 est
246 3972 389 4015 terra
415 4002 429 4026 ,
464 3976 533 4015 ne
579 3961 702 4030 quis
745 3961 846 4016 sibi
897 3960 1096 4015 frustra
1153 3961 1479 4031 applaudat,
1525 3968 1721 4029 putans

133 4068 191 4108 se
229 4068 353 4107 esse
402 4051 517 4120 ejus
574 4064 775 4106 terram
801 4093 817 4117 ,
850 4068 969 4107 emn
1028 4068 1132 4107 non
1180 4053 1286 4117 sit,
1327 4052 1585 4106 describit
1627 4049 1719 4119 qui

133 4151 261 4196 sunt
306 4143 426 4212 ejus
457 4151 599 4195 terra
626 4183 638 4201 ,
677 4143 1008 4211 praemittens
1048 4142 1545 4213 interrogationem.
1578 4139 1724 4207 Qua—

134 4233 176 4287 si
210 4233 406 4287 dicat:
464 4232 575 4303 Ego
628 4232 737 4286 dixi
790 4242 986 4287 terram
1035 4233 1243 4286 Domini
1300 4232 1575 4287 fundatam
1605 4245 1723 4286 esse

134 4337 301 4392 super
332 4322 502 4376 maria
540 4331 595 4375 et
622 4322 905 4374 elevatam.
941 4321 1069 4387 Quis
1104 4322 1341 4375 ascendet
1391 4321 1445 4375 in
1496 4331 1724 4375 montem

135 4413 383 4478 Domini,
416 4413 499 4467 vel
531 4414 598 4467 ad
647 4414 917 4467 Christum
945 4414 1033 4482 qui
1079 4426 1162 4468 est
1197 4430 1351 4468 mons
1388 4422 1721 4485 prmparatus

134 4506 187 4559 in
231 4506 440 4561 vertice
481 4506 783 4560 montium?
826 4507 942 4575 quis
973 4506 1212 4560 ascendet
1257 4507 1511 4577 gradibus
1554 4494 1723 4561 virtu-

135 4604 270 4658 tum,
304 4605 365 4649 ut
395 4597 464 4649 sit
495 4607 637 4649 terra
662 4595 818 4664 ejus?
849 4594 941 4648 Vel
970 4595 1025 4647 in
1048 4604 1297 4659 montem,
1330 4594 1380 4648 id
1407 4604 1511 4659 est,
1541 4595 1593 4649 in
1627 4595 1726 4649 Ec-

132 4687 355 4742 clesiam
389 4685 658 4740 elevatam
700 4701 730 4737 a
764 4684 990 4738 terrenis
1026 4684 1092 4737 ad
1122 4683 1363 4738 caelestia
1400 4685 1501 4738 ﬁde
1530 4696 1583 4738 et
1612 4700 1725 4754 spe.

131 4779 245 4850 Ego
276 4778 412 4843 dixi,
439 4779 557 4849 quis
589 4776 879 4830 ascendet?
917 4784 1007 4829 aut
1035 4776 1213 4845 potius
1240 4774 1383 4841 dico,
1420 4777 1535 4847 quis
1573 4778 1728 4830 stabit

131 4873 186 4925 in
232 4871 350 4925 loco
390 4880 575 4924 sancto
605 4868 765 4937 ejus?
802 4867 853 4921 id
880 4877 980 4930 est,
1011 4869 1133 4937 quis
1162 4869 1564 4938 perseverabit;
1602 4868 1727 4937 quia

131 4962 289 5016 multi
318 4961 644 5023 ascendunt,
664 4966 722 5012 et
752 4973 856 5011 non
886 4968 1270 5027 perseverant;
1302 4960 1369 5014 ad
1399 4960 1556 5014 ﬁdem
1582 4959 1725 5013 enim

129 5056 418 5119 accedunt,
446 5070 567 5123 qua:
610 5063 697 5106 est
732 5050 879 5105 locus
915 5052 1162 5115 sanctus",
1210 5051 1555 5106 sanetilicaus
1586 5059 1730 5106 recte

129 5150 440 5213 credentes,
471 5146 562 5215 qui
605 5160 709 5198 non
739 5151 883 5196 stant
908 5144 958 5195 in
988 5158 1049 5197 ea
1082 5144 1253 5199 otiose
1283 5143 1558 5207 viventes;
1598 5142 1729 5211 ﬁdes

126 5242 276 5295 enim
306 5242 419 5294 sine
455 5238 703 5308 operibus
745 5244 951 5287 mortua
982 5245 1053 5287 est
1088 5234 1229 5307 (Jac.
1262 5237 1343 5307 ιι).
1374 5235 1424 5292 ls
1453 5235 1728 5298 ascendit,

129 5333 220 5387 hic
248 5329 456 5387 stabit:
500 5329 768 5382 Innoccns
796 5323 1064 5392 manibus,
1114 5326 1164 5379 id
1195 5336 1277 5380 est
1316 5327 1599 5397 operibus,
1640 5324 1729 5394 qui

126 5438 230 5477 ηρρ
273 5423 337 5454 μ’·
362 5423 375 5433 ·
428 5430 564 5462 ωηο·
600 5416 744 5470 mala
774 5417 1063 5483 operando,
1096 5432 1195 5472 nec
1222 5417 1396 5473 alteri.
1433 5418 1498 5471 Et
1536 5417 1731 5470 mundo

779 5507 790 5518 '
827 5507 960 5559 mala
989 5510 1329 5578 cogitatione.
1360 5510 1609 5567 Ostendit
1640 5508 1731 5577 qui

1806 1948 1937 2001 vita.
1971 1948 2037 2001 Et
2068 1956 2187 2017 post
2214 1949 2557 2017 quaerentium
2584 1948 2792 2016 faciem,
2836 1950 2885 2003 id
2915 1958 3001 2005 est
3027 1950 3388 2020 praesentiam,

1805 2040 1902 2094 Dei
1923 2040 2108 2105 Jacob,
2135 2041 2187 2095 id
2216 2050 2315 2103 est,
2347 2040 2556 2096 illorum
2585 2042 2674 2110 qui
2707 2051 2835 2095 sunt
2863 2022 3162 2097 imitatores
3188 2041 3354 2096 Jacob
3376 2078 3391 2105 ,

1809 2133 2119 2204 temporalia
2151 2142 2489 2203 spernentes,
2523 2144 2575 2189 et
2614 2144 2814 2189 zeterna
2850 2134 3257 2197 desiderantes;
3298 2134 3389 2203 qui

1807 2241 1912 2281 non
1942 2226 2084 2280 aliud
2126 2226 2403 2296 prtemium
2446 2242 2556 2281 sum
2604 2226 2922 2281 innocentiae
2966 2237 3244 2297 quaerunt,
3291 2225 3394 2279 nisi

1808 2319 2008 2371 vultum
2038 2318 2152 2371 Dei.
2181 2318 2297 2383 Vel,
2325 2318 2435 2371 lucc
2455 2328 2527 2372 est
2558 2320 2819 2386 generatio
2842 2319 3183 2389 qurerentium
3208 2318 3392 2371 Domi-

1809 2427 1954 2473 nutu,
1992 2410 2042 2464 id
2079 2421 2161 2464 est
2182 2450 2195 2471 ,
2227 2410 2330 2464 hoc
2360 2409 2518 2464 modo
2548 2418 2605 2463 ιιι
2633 2409 2780 2474 dixi,
2812 2419 3137 2478 generantur
3182 2409 3256 2463 illi
3293 2404 3390 2479 qui

1807 2511 2054 2572 qtnerunt
2086 2502 2390 2557 Dominum.

2232 2640 2657 2703 PSALMUS
2720 2646 2960 2703 XXIV.

2370 2776 2611 2816 PSALMUS
2646 2775 2823 2815 DAVID.

1881 2889 1900 2922 ι
1920 2870 2000 2925 Ad
2022 2878 2097 2935 te,
2115 2871 2359 2935 Domine,
2384 2871 2552 2926 levavi
2576 2872 2811 2926 animam
2834 2885 3029 2936 meam,
3052 2871 3193 2927 Deus
3214 2886 3389 2933 meus,

1813 2979 1831 3011 ι
1865 2960 1996 3015 inte
2024 2960 2261 3026 conﬁdo,
2290 2975 2393 3014 non
2430 2961 2765 3016 erubescam.
2800 2960 2986 3029 Neque
3022 2960 3280 3015 irrideant
3306 2974 3391 3014 me

1816 3068 1834 3101 ι
1870 3050 2071 3105 inimici
2101 3051 2205 3105 mei
2231 3068 2245 3106 :
2287 3051 2485 3106 etenim
2519 3052 2753 3107 universi
2781 3053 2873 3122 qui
2899 3053 3167 3108 sustinent
3188 3062 3259 3117 te,
3285 3068 3392 3107 non

1817 3159 1836 3192 ι
1875 3141 2288 3196 confundentur.
2321 3144 2732 3199 Confundantur
2758 3160 2946 3200 omnes
2972 3146 3151 3215 iniqua
3180 3155 3399 3215 agentes

1819 3250 1836 3282 ι
1871 3247 2220 3302 supervacue.
2256 3234 2384 3288 V'ias
2421 3242 2562 3296 tuas,
2599 3236 2843 3300 Domine,
2883 3236 3193 3292 demonstra
3230 3238 3395 3302 mihi,

1818 3340 1837 3374 ι
1873 3332 1929 3377 ει
1957 3323 2180 3377 semitas
2207 3330 2325 3378 tuas
2349 3325 2483 3380 doce
2510 3340 2616 3378 me.
2652 3325 2827 3394 Dirige
2850 3341 2936 3381 me
2961 3327 3012 3379 in
3049 3327 3273 3380 veritate
3306 3335 3397 3380 tua

1819 3431 1837 3463 ι
1870 3420 1927 3466 ει
1964 3412 2097 3467 doce
2133 3428 2251 3477 me,
2295 3414 2423 3481 quia
2470 3424 2524 3468 tu
2570 3428 2629 3469 es
2666 3414 2805 3468 Deus
2833 3414 3069 3469 salvator
3092 3430 3243 3470 meus
3268 3423 3322 3468 et
3345 3422 3399 3469 te

1819 3522 1839 3554 ι
1875 3503 2105 3557 sustinui
2149 3511 2260 3558 tota
2304 3504 2417 3557 die.
2445 3503 2810 3559 Reminiscere
2851 3504 3255 3559 miserationum
3283 3513 3402 3560 tua-

1823 3610 1841 3643 ι
1882 3609 2022 3656 rum,
2052 3593 2303 3658 Domine,
2349 3602 2405 3649 et
2448 3594 2941 3650 misericordiarnm
2967 3605 3179 3651 tuarum
3209 3612 3329 3667 quae
3367 3613 3397 3651 a

1823 3704 1841 3737 ι
1881 3685 2078 3740 ειεευιο
2106 3695 2249 3740 sunt.
2280 3685 2482 3741 Delicta
2508 3684 2805 3753 juventutis
2832 3702 2967 3742 meae
2986 3697 3040 3741 et
3067 3687 3398 3758 ignorantias

1825 3796 1843 3827 ‹
1878 3790 2026 3832 meas
2085 3793 2151 3831 ne
2208 3777 2540 3832 memineris.
2612 3777 2919 3831 Secundum
2973 3777 3398 3841 misericordiam

1826 3884 1845 3916 ι
1884 3876 2029 3920 tuam
2071 3877 2341 3921 memento
2376 3866 2478 3919 mei
2520 3874 2615 3927 tu,
2652 3874 2873 3934 propter
2897 3865 3188 3922 bonitatem
3221 3875 3397 3930 tuam,

1825 3976 1845 4008 ι
1883 3957 2124 4013 Domine.
2178 3958 2354 4025 Dulcis
2392 3966 2446 4012 et
2490 3968 2669 4012 rectus
2705 3957 2989 4023 Dominus,
3034 3969 3251 4029 propter
3298 3961 3403 4016 hoc

1826 4066 1845 4099 ι
1881 4046 2050 4117 legem
2080 4048 2229 4101 dabit
2255 4046 2691 4116 delinquentibus
2719 4048 2767 4101 in
2797 4048 2901 4102 via.
2930 4048 3129 4120 Diriget
3154 4065 3397 4105 mansue-

1828 4154 1848 4187 ι
1880 4146 1963 4193 tos
1984 4138 2036 4191 in
2069 4136 2298 4205 judicio,
2335 4136 2551 4192 docebit
2595 4138 2750 4193 mites
2789 4138 2902 4192 vias
2940 4154 3086 4193 suas.
3131 4138 3404 4194 Universae

1830 4249 1848 4280 ι
1879 4229 1979 4282 via:
2008 4227 2219 4282 Domini
2260 4228 2628 4283 misericordia
2674 4237 2729 4282 et
2758 4228 2977 4292 veritas,
3007 4229 3402 4298 requirentibus

1831 4340 1850 4371 ι
1883 4327 2263 4375 testamentum
2296 4316 2411 4385 ejus
2453 4328 2509 4373 et
2547 4319 2852 4372 testimonia
2891 4318 3028 4387 ejus.
3058 4318 3285 4387 Propter
3311 4334 3399 4372 no-

1831 4433 1849 4464 ι
1890 4429 2011 4467 men
2043 4420 2229 4476 tuum,
2272 4412 2529 4475 Domine,
2569 4411 2948 4481 propitiaberis
2992 4420 3213 4481 peccato
3243 4426 3397 4466 meo'.

1833 4523 1851 4556 ι
1888 4504 2111 4558 multum
2150 4511 2234 4559 est
2257 4504 2420 4557 enim.
2449 4502 2579 4568 Quis
2611 4511 2694 4557 est
2730 4501 2890 4556 homo
2919 4502 3011 4572 qui
3052 4502 3204 4557 timet
3228 4502 3398 4556 Domi-
3488 4572 3493 4579 Α

1834 4619 1852 4650 ι
1891 4601 2061 4653 num?
2096 4600 2263 4670 legem
2292 4598 2482 4651 statuit
2515 4597 2563 4652 ci
2595 4598 2647 4650 in
2682 4596 2765 4649 via
2808 4612 2967 4665 quam
2996 4596 3175 4667 elegit.
3214 4594 3407 4650 Anima

1835 4709 1852 4740 ι
1888 4690 2005 4759 ejus
2028 4690 2078 4742 in
2110 4690 2264 4743 bonis
2300 4686 2697 4751 demorabitur,
2743 4699 2796 4741 et
2828 4702 3011 4741 semen
3040 4687 3157 4757 ejus
3185 4684 3413 4741 haeredi-

1837 4798 1856 4831 ι
1893 4780 2026 4833 tabit
2061 4788 2282 4833 terram.
2317 4778 2737 4831 Firmamentum
2775 4788 2859 4831 est
2889 4777 3146 4831 Dominus
3175 4774 3412 4831 timenti-

1839 4887 1857 4920 ι
1889 4870 1989 4923 bus
2015 4884 2158 4931 eum,
2182 4876 2235 4921 ει
2260 4875 2643 4921 testamentum
2666 4863 2783 4931 ejus
2804 4874 2863 4920 ut
2890 4866 3263 4921 manifestetur
3286 4863 3411 4917 illis.

1842 4977 1859 5009 ι
1891 4957 2042 5013 Oculi
2071 4959 2174 5011 mei
2206 4972 2418 5025 semper
2447 4959 2513 5011 ad
2543 4956 2852 5021 Dominum,
2876 4956 3127 5025 quoniam
3150 4956 3261 5022 ipse
3280 4953 3418 5006 evel-

1842 5068 1860 5099 ι
1898 5047 1974 5103 let
2007 5048 2073 5103 de
2098 5046 2291 5116 laqueo
2314 5044 2481 5114 pedes
2507 5060 2672 5100 meos.
2715 5043 2941 5113 Respice
2979 5045 3032 5098 in
3059 5059 3144 5098 me
3172 5050 3227 5096 ct
3252 5040 3413 5093 misc-

1843 5158 1859 5188 ι
1896 5154 2018 5194 rere
2044 5138 2171 5202 mei,
2201 5137 2327 5204 quia
2358 5136 2548 5192 unicus
2578 5143 2633 5191 ct
2661 5149 2862 5204 pauper
2889 5152 3005 5191 sum
3030 5150 3148 5204 ego.
3182 5128 3421 5185 Tribulu-

1843 5249 1861 5282 ι
1898 5232 2069 5286 tiones
2096 5229 2274 5285 cordis
2303 5228 2405 5283 mei
2437 5226 2810 5298 inultiplicatte
2838 5236 2991 5288 sunt,
3021 5226 3087 5279 de
3126 5219 3421 5276 necessita-

1814 5340 1859 5373 .‹
1899 5322 2042 5376 tibus
2079 5320 2211 5376 meis
2251 5333 2381 5375 erue
2419 5336 2526 5377 me.
2571 5318 2706 5373 Vide
2751 5316 3106 5370 humilitatem
3154 5322 3327 5363 meam
3369 5320 3425 5361 et

1842 5431 1860 5464 ι
1900 5412 2139 5467 laborem
2172 5426 2375 5475 meum,
2406 5419 2463 5466 et
2500 5409 2716 5467 dimitte
2752 5407 3003 5459 universa
3047 5400 3241 5455 delicta
3280 5413 3421 5453 mea.

1844 5522 1862 5554 ι
1902 5503 2130 5573 Respice
2157 5502 2404 5556 inimicos
2430 5517 2606 5563 meos,
2625 5494 2879 5565 quoniam
2909 5488 3242 5559 multiplicati
3263 5499 3386 5542 sunt
3413 5506 3423 5539 :
