3978 6414
500 422 619 479 “267

1161 406 1418 464 REillCtl
1462 389 2118 460 ANTISSIODORENSIS
2154 388 2306 448 OPP.
2338 384 2516 444 PARS
2555 382 2578 441 l
2612 414 2681 431 -η-
2718 376 3128 447 EXEGETICA.

526 557 545 590 ι
582 532 716 593 tinui
741 540 815 589 te.
844 528 1064 591 Libera,
1091 525 1257 588 Deus,
1292 518 1457 576 lsrael
1479 510 1546 573 ex
1592 513 1846 571 omnibus
1878 505 2098 564 tribula-
2122 510 2173 568 Α
2198 520 2252 559 es
2287 501 2427 558 Deus
2451 500 2682 557 salvator
2710 514 2877 563 meus,
2902 496 2955 552 id
2978 504 3084 562 est,
3110 500 3306 565 potens
3335 503 3422 546 me
3451 488 3683 545 saivare.
3712 489 3783 545 Et

518 647 546 682 -ι
580 625 815 684 tionibus
840 621 1006 678 suis.»

1076 706 1183 765 EN
1188 701 1528 762 ARRATIO.

592 804 839 873 Psalmtts
880 807 1070 864 David.
1118 805 1175 860 In
1217 787 1321 857 hoc
1359 798 1568 870 psalmo
1603 809 1707 848 vox
1755 799 1840 847 est
1884 788 2097 844 illorum

521 909 613 981 qui
636 919 790 963 suam
822 899 1094 957 miseriam
1136 891 1439 955 attendunt,
1475 894 1532 943 et
1558 900 1709 942 suam
1752 881 2099 952 fragilitatem

521 967 656 1057 adeo
685 1009 955 1068 magnam,
986 998 1043 1044 ut
1067 988 1231 1043 etiam
1275 980 1451 1053 quivis
1479 974 1801 1034 vermiculus
1828 971 1996 1042 possit
2022 967 2103 1023 eis

523 1105 739 1148 nocere.
770 1060 865 1141 i’el
893 1083 1020 1137 dum
1053 1080 1119 1136 de
1154 1090 1213 1132 se
1252 1073 1477 1129 nimium
1521 1070 1684 1124 homo
1724 1060 2101 1136 praesumpsit,

522 1178 757 1252 etquod
781 1173 963 1231 amisit
984 1185 1084 1242 per
1110 1163 1420 1238 superbiam
1451 1168 1507 1216 et
1530 1154 1952 1244 inobedientiam
1992 1164 2099 1204 non

520 1243 681 1344 posse
716 1276 1035 1337 recuperare
1070 1259 1174 1315 nisi
1214 1271 1310 1328 per
1347 1249 1705 1309 humilitatem
1754 1253 1808 1301 et
1850 1243 2102 1297 obedien-

523 1336 683 1430 tiam,
736 1336 996 1417 imitando
1042 1351 1340 1409 Christum.
1388 1344 1575 1399 Potest
1624 1339 1724 1411 legi
1772 1336 1825 1391 in
1875 1347 2101 1406 persona

522 1427 721 1511 Christi
741 1451 947 1523 primus
968 1455 1023 1501 ει
1045 1439 1310 1498 secundus
1338 1448 1526 1489 versus
1557 1432 1659 1487 hoc
1688 1427 1884 1483 modo:

594 1544 674 1599 Ad
701 1520 766 1606 te,
798 1540 1020 1596 Domine
1063 1533 1253 1595 Pater,
1300 1526 1462 1581 levavi
1499 1523 1728 1576 animam
1764 1532 1957 1579 meam,
1991 1520 2103 1567 toto

524 1604 792 1693 desiderio
836 1630 904 1685 ad
951 1637 1004 1683 te
1049 1639 1167 1681 eam
1197 1618 1389 1682 direxi,
1438 1630 1544 1670 non
1574 1611 1641 1667 ad
1668 1620 1881 1666 terrena
1910 1604 2099 1677 deieci.

514 1712 677 1785 Deus
690 1741 857 1789 meus,
889 1739 992 1777 non
1021 1718 1319 1774 erubescam
1347 1724 1453 1765 non
1492 1704 1781 1777 surgendo,
1814 1700 1904 1771 qui
1947 1697 2057 1754 dixi
2085 1713 2101 1751 :

528 1821 722 1879 Solvite
740 1800 985 1888 templum
1008 1812 1122 1874 hoc,
1149 1817 1198 1862 et
1217 1812 1331 1876 post
1356 1801 1590 1857 triduum
1617 1793 1947 1862 reaediﬁcabo
1970 1788 2105 1844 illud

526 1912 710 1984 (Joan.
741 1879 981 1979 u),'quia
1010 1904 1065 1957 in
1088 1910 1137 1955 te
1158 1896 1387 1966 conﬁdo,
1410 1905 1515 1947 non
1546 1891 1598 1945 in
1631 1902 1737 1949 me,
1764 1899 1870 1940 non
1900 1883 1953 1937 in
1976 1880 2102 1984 alio.
2133 1879 2178 1938 B

529 1962 714 2075 lVeque
737 1962 992 2055 irrideant
1017 2010 1096 2048 me
1119 1987 1317 2045 inimici
1338 1986 1437 2040 mei
1465 1979 1655 2044 Judaei,
1674 1986 1732 2034 ιιι
1759 1976 1971 2032 dicant:
2006 1962 2106 2025 Hic

528 2060 679 2150 homo
702 2091 851 2161 carpit
873 2084 1160 2155 mdiﬁcare,
1186 2088 1231 2135 et
1256 2092 1358 2132 non
1382 2073 1548 2145 potuit
1567 2081 1928 2123 consummare
1952 2060 2106 2135 (Luc.

530 2185 665 2254 xiv).
712 2156 787 2236 Et
828 2166 1015 2233 revera
1062 2187 1170 2228 non
1198 2166 1519 2224 erubescam
1565 2169 1620 2215 te
1664 2156 1969 2219 sustinens,
2021 2160 2109 2206 tua

530 2248 780 2331 mandata
809 2258 1141 2326 cusmdiens.
1170 2258 1378 2314 Etenim
1402 2250 1628 2310 universi
1650 2251 1740 2323 qui
1761 2248 2014 2302 sustinent
2037 2253 2109 2310 te,

528 2376 634 2423 non
674 2360 1079 2432 confundentur.
1110 2350 1396 2420 ilucnsque
1432 2347 1484 2401 in
1511 2356 1739 2416 persona
1767 2339 1978 2410 capitis.
2005 2336 2109 2391 Le.

529 2457 677 2530 gitur
717 2426 895 2508 autem
934 2455 1077 2502 totus
1118 2444 1173 2497 in
1219 2452 1452 2511 persona
1499 2433 1758 2503 cujusque
1791 2428 1995 2494 lideiis,
2029 2426 2113 2481 sic

526 2546 745 2623 agentis
779 2557 899 2599 cum
930 2536 1155 2594 Domino
1187 2534 1294 2588 Deo
1325 2544 1423 2585 suo
1451 2546 1463 2582 :

598 2640 682 2695 Ad
717 2648 787 2704 te,
822 2633 1058 2692 Domine,
1099 2625 1304 2682 scilicet
1331 2620 1657 2682 habendum,
1688 2614 1850 2670 levavi
1880 2612 2113 2666 animum

531 2746 737 2795 meam,
769 2702 882 2782 toto
911 2718 1180 2778 desiderio
1216 2731 1247 2770 a
1286 2712 1517 2769 terrenis
1556 2723 1676 2764 eam
1717 2704 1890 2761 levavi
1936 2702 2002 2758 ad
2031 2711 2112 2766 te,

535 2839 643 2880 non
675 2828 862 2877 contra
892 2826 966 2881 te,
994 2821 1054 2868 ut
1082 2806 1267 2868 infelix
1301 2805 1493 2861 Adam.
1532 2801 1600 2857 Et
1640 2798 1833 2854 merito
1857 2837 1872 2860 ,
1904 2795 2031 2865 quia
2058 2801 2115 2847 tu

530 2927 590 2970 es
617 2911 758 2966 Deus
785 2924 948 2971 meus,
964 2918 1071 2958 non
1097 2916 1219 2972 ego,
1244 2912 1351 2952 non
1375 2893 1540 2949 aliud.
1563 2891 1630 2967 Et
1654 2889 1783 2960 quia
1807 2896 1865 2942 ιιι
1893 2898 1956 2940 es
1975 2884 2117 2939 Deus

533 3017 706 3067 meus,
737 2998 983 3061 Domine,
1014 2995 1069 3048 in
1092 3003 1139 3047 te
1163 2987 1392 3058 conﬁdo,
1417 2997 1635 3040 omnem
1661 2979 1911 3034 fiduciam
1942 2990 2116 3032 meam

533 3096 590 3149 in
619 3102 671 3148 te
694 3065 942 3159 coniicio.
971 3080 1284 3139 Maledictus
1310 3077 1465 3130 homo
1483 3073 1573 3145 qui
1597 3069 1811 3139 conﬁdit
1833 3067 1889 3122 in
1911 3065 2119 3120 hancine

526 3183 673 3255 '(Jer.
705 3155 864 3251 xvn).
895 3174 961 3232 Et
987 3174 1113 3245 quia
1139 3172 1193 3226 in
1222 3178 1277 3225 te
1312 3164 1549 3230 confido,
1593 3177 1699 3218 non
1726 3160 1782 3215 in
1810 3173 1914 3225 me,
1944 3166 2006 3212 ut
2034 3155 2118 3210 inc

534 3273 665 3330 felix
685 3272 875 3335 Adam,
898 3267 988 3338 qui
1020 3264 1261 3335 rapinam
1287 3258 1583 3315 arbitratus
1609 3262 1691 3309 εει
1717 3265 1836 3307 εεεε
1856 3264 1918 3305 εε
1935 3262 2115 3338 aequa-

536 3472 601 3513 ex
632 3452 1053 3528 presumptione
1080 3464 1196 3504 mea
1227 3446 1364 3502 adeo
1402 3441 1680 3506 inﬁmus,
1723 3447 1786 3494 ut
1822 3435 2116 3492 vilissimus

536 3526 864 3607 vermiculus
907 3558 993 3601 me
1033 3541 1267 3613 aﬂligere
1311 3537 1530 3592 valeat:
1571 3532 1737 3588 redde
1770 3526 1903 3585 mihi
1941 3526 2120 3580 humi-

538 3643 670 3697 liato
695 3648 750 3696 et
774 3636 1066 3695 confidenti
1088 3636 1139 3689 in
1169 3642 1219 3686 te
1244 3630 1388 3686 illam
1416 3625 1788 3687 valitudinem,
1812 3634 1974 3691 quam
1996 3630 2119 3688 per—

541 3733 653 3790 didi
683 3746 779 3803 per
802 3720 1133 3799 superbiam.
1169 3721 1350 3791 Neque
1377 3716 1633 3772 irrideant
1658 3729 1740 3765 me
1765 3709 1973 3765 inimici
1997 3707 2118 3771 mei,

544 3799 756 3896 quia—in
790 3830 843 3877 te
880 3817 1128 3875 confido:
1170 3810 1420 3870 carnales
1457 3816 1514 3864 et
1545 3802 1855 3877 spirituales
1882 3799 2118 3865 inimici,

538 3917 633 3987 qui
659 3916 714 3970 in
749 3923 800 3968 te
820 3926 929 3967 non
951 3905 1249 3968 confidunt,
1278 3914 1387 3957 non
1410 3898 1676 3954 irrideant
1695 3907 1782 3948 me
1807 3896 2120 3962 superatum

542 3982 598 4065 et
632 4024 663 4063 a
692 4015 746 4062 te
774 4006 1112 4060 devocatnm.
1146 3997 1211 4052 Et
1240 4008 1432 4051 revera
1473 4005 1581 4046 non
1625 3983 1958 4049 confundat,
1994 3982 2119 4053 quia

542 4095 775 4152 sustinui
806 4102 878 4157 te,
903 4090 957 4146 id
982 4098 1086 4153 est,
1113 4083 1320 4157 pondus
1343 4086 1731 4153 praeceptorum
1753 4086 2004 4130 tuorum:
2037 4070 2124 4127 vel

544 4204 668 4245 cum
691 4183 948 4258 patientia
975 4174 1280 4249 exspectavi
1311 4185 1363 4229 te
1390 4176 1878 4227 remuneraturum.
1915 4160 2125 4217 Etenim

543 4252 768 4334 universi
803 4274 891 4346 qui
934 4270 1189 4327 sustinent
1217 4274 1297 4331 te,
1328 4280 1433 4319 non
1458 4259 1870 4331 confundentur,
1919 4252 2127 4308 scilicet

549 4368 618 4424 ab
658 4343 1062 4436 exspectatione
1111 4371 1227 4414 sua.
1272 4351 1679 4423 Confundantur
1722 4346 1901 4420 potius
1940 4343 2127 4414 iniqua

547 4433 776 4530 agentes:
802 4453 881 4508 illi
918 4450 1100 4523 potius
1133 4440 1624 4518 erubescant,qni
1672 4450 2022 4509 supervacue,
2075 4433 2128 4488 id

547 4524 652 4615 est,
685 4547 849 4603 nimis
875 4540 1222 4599 incilicaciter
1259 4543 1385 4591 sunt
1411 4533 1594 4601 iniqua
1627 4536 1880 4601 agentes,
1921 4524 2128 4581 scilicet

558 4639 676 4695 odio
704 4634 965 4692 habentes
991 4643 1179 4687 servos
1207 4636 1330 4681 tuos
1354 4623 1640 4694 diligentes
1664 4634 1796 4675 eos:
1837 4619 1881 4674 si
1911 4617 1966 4672 in
2003 4631 2131 4687 per-

555 4744 683 4788 sona
709 4726 941 4790 Christi,
969 4723 1154 4793 iniqua
1184 4728 1407 4792 agentes
1444 4728 1731 4787 possumus
1753 4713 2001 4783 accipere
2032 4709 2128 4766 Ju-

551 4823 716 4885 dmos,
742 4812 796 4874 in
822 4818 990 4873 Deum
1013 4822 1285 4868 auctorem
1309 4807 1520 4872 salutis,
1551 4812 1779 4860 mortem
1809 4802 2128 4859 machinan-

552 4915 635 4969 ωε
657 4922 1018 4982 supervacue,
1058 4905 1112 4961 id
1143 4911 1228 4960 est
1266 4899 1635 4957 inefﬁcaciter.
1669 4897 1737 4952 Et
1762 4904 1823 4951 ut
1851 4911 1958 4951 non
1999 4909 2131 4950 con-

550 5002 772 5066 fnndar,
796 5006 857 5054 ιιι
885 5013 990 5053 non
1020 4995 1282 5051 irrideant
1303 4989 1535 5069 inimici,
1561 4989 1672 5043 vias
1709 4997 1858 5051 tuas,
1885 4984 2127 5052 Domine,

551 5091 847 5148 detnonstra
888 5076 1045 5151 mihi,
1073 5086 1129 5141 id
1163 5092 1267 5149 est,
1300 5068 1550 5137 mandata
1591 5088 1680 5134 tua
1718 5076 1973 5142 ostende,
2011 5088 2132 5146 qua:

552 5194 641 5237 me
665 5194 773 5236 non
816 5176 1134 5251 permittant
1170 5185 1378 5230 errare.
1418 5169 1485 5223 Et
1514 5170 1724 5224 semitas
1755 5178 1903 5231 tuas,
1930 5166 1984 5221 id
2015 5174 2131 5232 est,

552 5281 705 5328 arcta
732 5279 789 5327 et
815 5267 1050 5326 diﬁicili’a
1080 5271 1367 5337 prmeepta,
1397 5262 1553 5317 edoce
1570 5276 1675 5327 me,
1712 5259 1766 5316 id
1787 5260 1899 5325 est,
1916 5254 2134 5314 evidcm

555 5371 638 5418 ter
665 5361 821 5427 doce,
856 5367 917 5415 ut
949 5372 1055 5414 non
1101 5356 1157 5410 in
1196 5354 1302 5410 illis
1330 5351 1505 5407 fallar.
1537 5353 1698 5416 Doce,
1742 5350 1892 5414 dico,
1927 5356 1988 5404 ut
2025 5362 2132 5403 non

555 5453 724 5507 sciam
755 5458 987 5515 tantum,
1009 5448 1105 5503 sed
1127 5454 1184 5501 ut
1203 5459 1368 5515 opere
1395 5442 1695 5513 compleam
1720 5459 1736 5495 :
1771 5441 1895 5510 quia
1922 5441 2026 5495 hoc
2050 5448 2137 5494 est

506 5548 515 5555 '
557 5533 796 5613 perfecta
826 5532 1093 5603 doctrina,
1115 5537 1322 5593 scilicet
1338 5535 1392 5589 in
1415 5534 1521 5589 illis
1545 5524 1831 5587 mandatis.
1857 5530 2036 5601 Dirige
2055 5546 2137 5584 me

559 5632 614 5685 in
643 5631 856 5686 veritate
894 5639 1005 5693 tua,
1042 5628 1097 5684 id
1142 5634 1263 5691 est,
1302 5624 1354 5679 in
1399 5622 1667 5677 mandatis
1708 5620 1813 5675 tuis
1851 5633 1970 5688 quae
2008 5631 2136 5673 vera

560 5731 705 5785 sunt,
738 5721 866 5791 quia
902 5734 1004 5791 ego
1043 5720 1096 5773 in
1133 5714 1413 5773 mendacio
1436 5726 1556 5768 meo
1580 5720 1852 5767 tortuosos
1889 5723 2029 5764 sum.
2066 5705 2136 5761 Et

561 5815 665 5870 hoc
693 5806 848 5868 modo
875 5812 1001 5866 doce
1039 5826 1141 5866 me.
1181 5809 1303 5864 Ideo
1334 5820 1464 5876 rogo
1493 5812 1553 5858 ιιι
1581 5813 1635 5857 ιιι
1671 5801 1896 5867 doceas,
1925 5799 2057 5870 quia
2080 5802 2136 5850 tu

2200 597 2321 652 ideo
2346 608 2417 661 te,
2463 594 2515 655 id
2556 601 2660 658 est,
2690 600 2779 647 tua
2809 590 3062 645 mandata
3097 586 3184 643 vel
3229 594 3282 644 te
3316 591 3783 641 remuneratorem

2199 684 2444 750 sustinui,
2467 684 2520 739 id
2545 691 2650 746 est,
2674 697 2795 737 cum
2816 677 3075 751 patientia
3101 676 3429 748 exspectavi,
3458 684 3568 730 tota
3589 673 3710 738 die,
3730 672 3789 729 id

2200 786 2284 834 est
2307 776 2563 833 assidue:
2598 773 2681 830 vel
2711 774 2762 828 in
2794 773 3069 842 prosperis
3096 778 3152 825 et
3173 769 3229 824 in
3251 767 3511 825 adversis.
3535 764 3788 830 Domine,

2201 869 2368 938 dirige
2395 880 2513 921 me:
2550 874 2607 921 et
2650 864 2756 919 hoc
2802 863 2890 918 fac
2934 859 3268 917 recordando
3309 855 3702 912 misericordis
3733 862 3791 910 et

2201 958 2567 1017 obliviscendo
2609 956 2948 1011 delictorum.
2995 949 3343 1006 Reminiscere
3385 946 3793 1001 miserationem

2202 1062 2437 1115 tuarum,
2464 1049 2711 1112 Domine,
2744 1057 2793 1101 et
2823 1043 3306 1099 misericordiarum
3351 1048 3564 1094 tuarum
3603 1052 3727 1108 qua
3756 1051 3793 1089 ι

2202 1143 2394 1200 sacculo
2419 1151 2560 1198 sunt.
2606 1140 2690 1195 Ab
2718 1140 2870 1194 initio
2908 1136 3091 1192 mundi
3134 1129 3663 1195 misericors-luisti,
3700 1126 3794 1199 qui

2202 1248 2303 1289 nec
2332 1232 2605 1288 hominem
2635 1234 2949 1300 peccantem
2991 1225 3110 1281 sine
3144 1238 3239 1294 spe
3277 1221 3475 1283 veniae,
3507 1219 3564 1273 in
3597 1233 3794 1273 corru-

2202 1325 2442 1396 ptionem
2484 1321 2678 1375 cadere
2708 1326 2763 1373 et
2792 1332 2821 1370 a
2855 1326 2906 1371 te
2931 1316 3187 1371 recedere
3218 1310 3530 1384 permisisti.
3575 1307 3799 1363 Miseri-

2204 1414 2439 1470 corditer
2455 1411 2726 1467 hominem
2754 1407 2885 1463 foris
2914 1406 3182 1471 formasti,
3198 1401 3627 1460 misericorditer
3647 1400 3800 1455 intus

2204 1504 2543 1564 reformasti:
2584 1503 2687 1574 qui
2718 1516 2803 1556 me
2833 1501 3100 1572 perditum
3146 1492 3443 1560 revocasti,
3475 1500 3797 1547 revocatum

2206 1596 2628 1656 misericorditer
2650 1606 2932 1649 conserva.
2982 1589 3137 1644 Aliud
3172 1595 3256 1643 est
3293 1584 3607 1649 miseratio,
3647 1580 3801 1636 aliud

2208 1686 2597 1745 misericordia.
2638 1682 2912 1738 Miseratio
2948 1690 3034 1736 est
3077 1675 3465 1734 misericordiae
3490 1672 3797 1737 exhibitio,

2209 1779 2579 1837 misericordia
2605 1791 2734 1832 vero
2757 1773 3077 1844 compassio.
3109 1769 3311 1826 Delicta
3325 1766 3615 1837 juventutis
3646 1780 3797 1827 metr,

2206 1885 2253 1927 et
2273 1870 2596 1943 ignorantias
2616 1883 2762 1922 meas
2784 1882 2847 1920 ne
2869 1862 3182 1919 memineris.
3201 1858 3401 1914 Delicta
3412 1855 3730 1927 juventutis,
3745 1853 3800 1909 id

2206 1970 2308 2025 est,
2321 1959 2507 2031 gravia
2527 1966 2780 2029 peccata;
2802 1953 3172 2024 qniajnvcnes
3191 1947 3465 2004 temerarii
3482 1954 3632 2009 sunt,
3647 1953 3709 2000 et
3725 1953 3804 2000 te-

2206 2050 2454 2105 meritate
2475 2046 2693 2119 gravius
2713 2044 2774 2099 ﬁt
2793 2043 3163 2100 commissum.
3187 2037 3257 2099 Et
3276 2035 3606 2109 ignorantias
3626 2050 3800 2099 meas,

2208 2139 2259 2195 id
2281 2148 2384 2205 εει,
2413 2138 2612 2193 leviora
2635 2143 2879 2207 peccata,
2902 2132 3029 2203 quia
3052 2129 3196 2201 quod
3218 2130 3530 2200 igneranter
3549 2124 3802 2181 εοιιιιιὶιο

2210 2231 2398 2294 timus,
2423 2229 2603 2283 minus
2633 2241 2919 2297 peccamus
2943 2240 2960 2289 ;
2993 2222 3099 2287 vel,
3124 2220 3339 2285 delicta,
3368 2217 3421 2273 id
3452 2226 3537 2273 est
3561 2215 3806 2286 origina-

2210 2321 2305 2386 lia,
2333 2336 2453 2391 quae
2475 2320 2528 2374 in
2562 2319 2676 2391 ipso
2702 2314 2995 2386 primordio
3019 2309 3262 2369 contraxi
3303 2323 3333 2363 a
3365 2305 3717 2379 parentibus;
3754 2313 3803 2358 et

2209 2390 2549 2482 ignorantias,
2567 2390 2626 2462 id
2647 2414 2752 2473 εει,
2774 2403 3028 2469 actualia,
3047 2417 3168 2473 qua;
3193 2401 3506 2470 ignoranter
3523 2394 3802 2461 commisi,

2212 2498 2719 2573 postquamjuvenis
2742 2496 2916 2553 factus
2934 2509 3077 2557 sum,
3094 2492 3145 2547 id
3167 2498 3271 2557 est,
3287 2490 3578 2545 innovatus
3596 2503 3629 2542 a
3655 2495 3805 2543 veto.

2211 2604 2353 2651 state
2374 2593 2531 2665 primi
2566 2591 2825 2662 parcatis.
2858 2589 2926 2644 Et
2954 2586 3278 2659 ignorantiae
3305 2599 3445 2638 meas
3467 2598 3489 2637 :
3520 2582 3641 2637 haec
3678 2588 3807 2635 sunt

2214 2685 2304 2753 illa
2324 2681 2857 2752 delictajnventutis,
2883 2680 3011 2750 quia
3039 2676 3236 2746 aliquis
3260 2689 3358 2744 per
3392 2672 3552 2728 ﬁdem
3580 2672 3807 2727 innova-

2217 2784 2301 2832 tus
2315 2776 2586 2856 promisit,
2606 2773 2832 2829 lideliter
2850 2771 3072 2842 implere
3091 2768 3300 2851 studet:
3324 2773 3481 2822 cavet
3497 2764 3569 2818 de
3582 2763 3805 2829 futuris,

2217 2842 2505 2922 mundatus
2520 2848 2601 2921 ide
2628 2862 2937 2935 pmteritis,
2966 2860 3069 2916 nisi
3107 2842 3153 2914 si
3199 2872 3307 2926 qua
3345 2854 3484 2910 levia
3515 2868 3586 2908 ex
3641 2853 3799 2923 igno-

2219 2958 2393 3012 rantia
2417 2955 2729 3020 committit,
2757 2969 2789 3008 a
2815 2952 3012 3023 quibus
3037 2950 3125 3004 vix
3154 2955 3237 3003 est
3268 2946 3403 3002 ullus
3426 2946 3501 3001 ita
3528 2942 3807 3015 perfcctus

2218 3053 2309 3118 qui
2334 3047 2436 3103 sibi
2462 3061 2657 3102 cavere
2686 3051 2864 3115 queat.
2898 3040 3023 3096 llaec
3049 3039 3236 3094 delicta
3262 3052 3326 3092 ne
3377 3034 3678 3091 memineris
3697 3072 3715 3097 ,
3753 3032 3808 3087 id

2218 3145 2302 3194 cst
2321 3177 2337 3205 ,
2373 3153 2443 3194 ne
2473 3152 2658 3193 serves
2688 3134 2904 3190 tandem
2950 3131 3016 3186 ad
3063 3144 3278 3200 poenam
3300 3167 3316 3194 ,
3346 3127 3442 3183 sed
3491 3124 3808 3181 misericor-

2142 3237 2187 3298 ρ
2218 3230 2359 3286 diter
2398 3229 2484 3285 hic
2513 3243 2578 3284 ea
2607 3226 2835 3283 delenda
2860 3222 3220 3279 obliviscaris.
3257 3219 3323 3274 Et
3348 3226 3407 3273 nt
3444 3232 3508 3272 ea
3541 3231 3652 3271 non
3689 3230 3808 3270 ser-

2217 3338 2311 3379 ves
2360 3322 2426 3377 ad
2470 3320 2766 3390 judicium,
2814 3324 3071 3377 memento
3111 3314 3210 3368 mei
3250 3323 3351 3366 tu:
3392 3309 3521 3380 quia
3560 3322 3664 3378 ego
3702 3307 3808 3363 mei

2217 3431 2336 3472 sum
2373 3414 2590 3478 oblitus,
2615 3426 2738 3467 cum
2765 3424 2793 3464 a
2818 3407 3090 3463 mandatis
3116 3405 3222 3459 tuis
3251 3401 3468 3458 recessi.
3497 3398 3806 3455 Secundum

2218 3504 2633 3559 misericordiam
2673 3511 2849 3563 tuam,
2883 3513 3048 3569 quam
3090 3512 3194 3551 non
3225 3492 3437 3556 merui,
3466 3506 3574 3547 non
3604 3504 3808 3545 secun-

2220 3600 2345 3655 dum
2374 3598 2510 3652 iram
2537 3609 2699 3665 quam
2730 3592 2922 3648 merui.
2959 3590 3020 3644 Et
3052 3590 3153 3644 hoc
3182 3602 3287 3642 non
3319 3584 3514 3640 merito
3542 3597 3691 3645 meo,
3714 3579 3808 3635 sed

2219 3698 2427 3761 propter
2438 3687 2715 3747 bonitatem
2731 3695 2897 3747 tuam,
2913 3681 3153 3737 Domine.
3170 3678 3275 3734 Sed
3290 3691 3446 3738 nemo
3463 3675 3811 3730 bmcandiens

2222 3782 2326 3838 sibi
2352 3779 2638 3850 applandat
2660 3777 2718 3832 in
2742 3774 2976 3847 peccatis
2994 3814 3009 3838 ,
3042 3787 3268 3828 securus
3297 3771 3366 3825 de
3391 3769 3543 3824 venia
3590 3776 3814 3838 propter

2222 3875 2518 3931 bonitatem
2558 3880 2736 3927 tuam:
2775 3869 2901 3939 quia
2936 3866 3110 3923 dulcis
3135 3874 3222 3923 est
3253 3863 3505 3917 Dominus
3538 3861 3593 3914 in
3650 3861 3811 3913 mise-

2223 3964 2474 4031 riwrdia,
2509 3961 2752 4020 vocando
2785 3959 2852 4014 ad
2878 3957 3252 4029 paenitentiam
3271 3995 3285 4021 ,
3316 3952 3567 4010 donante
3590 3949 3809 4005 delicta.

2224 4059 2293 4113 Et
2316 4066 2437 4128 post
2472 4053 2897 4123 misericordiam
2928 4061 3095 4105 rectus
3144 4056 3270 4112 est,
3315 4045 3442 4117 quia
3478 4042 3651 4097 reddit
3693 4043 3812 4095 uni-

2224 4152 2410 4220 cuique
2426 4148 2585 4219 juxta
2609 4162 2766 4217 opera
2806 4159 2924 4197 sua.
2963 4142 3029 4195 Et
3051 4150 3264 4211 propter
3289 4139 3407 4200 hoc,
3439 4135 3649 4192 scilicet
3685 4134 3811 4204 quia

2227 4251 2408 4299 rectus
2433 4248 2539 4307 est,
2569 4239 2696 4309 quia
2724 4238 3091 4305 incorruptus,
3118 4239 3241 4303 post
3270 4228 3698 4285 misericordiam
3726 4226 3808 4281 ni-
3844 4250 3845 4257 η

2228 4333 2303 4388 hil
2331 4332 2563 4388 dimittet
2591 4327 2936 4398 impunitum.
2967 4323 3033 4378 Et
3058 4323 3162 4377 hoc
3193 4319 3439 4389 estquod
3468 4318 3620 4382 dicit,
3648 4317 3811 4387 legent

2228 4423 2393 4489 dabit,
2425 4422 2480 4477 id
2514 4427 2631 4485 est,
2658 4416 2866 4488 ﬂagella
2895 4423 2950 4470 et
2975 4412 3363 4472 correctiones.
3390 4406 3813 4477 delinquentibus

2229 4516 2284 4569 in
2309 4513 2412 4581 via,
2442 4512 2497 4568 id
2524 4519 2643 4575 est,
2679 4509 2733 4564 in
2764 4506 3030 4563 mandatis
3057 4502 3269 4560 Domini
3306 4515 3428 4571 quae
3456 4506 3585 4555 sunt
3612 4497 3703 4553 via
3745 4495 3814 4551 ad

2158 4586 2211 4649 D
2233 4606 2433 4660 vitam:
2470 4600 2555 4657 vel
2582 4601 2638 4655 in
2682 4599 2789 4664 νεα,
2813 4597 2866 4652 id
2890 4604 3009 4662 est,
3041 4596 3094 4650 in
3140 4594 3360 4650 Christo
3376 4593 3477 4662 qui
3520 4591 3719 4647 estvia
3740 4590 3814 4645 ad

2229 4698 2431 4762 vitam,
2461 4694 2610 4750 dabit
2649 4691 2821 4762 legem
2864 4687 3301 4757 delinquentibus
3325 4725 3341 4751 ,
3388 4684 3522 4755 quia
3564 4681 3814 4738 Christus

2228 4789 2314 4844 lex
2362 4796 2477 4853 est,
2521 4785 2574 4840 id
2602 4791 2688 4839 est
2726 4781 2863 4837 liber
2913 4788 2966 4835 et
3005 4778 3176 4833 forma
3222 4776 3377 4833 bonis
3422 4774 3669 4830 imitandi
3694 4784 3816 4843 qua

2231 4879 2358 4934 fecit
2384 4886 2440 4933 et
2467 4875 2648 4930 docuit
2662 4915 2677 4939 ,
2698 4872 2862 4928 malis
2888 4868 3091 4925 vitandi
3117 4883 3236 4939 qua:
3265 4868 3378 4937 ipse
3398 4865 3587 4921 vitavit
3607 4873 3669 4919 et
3690 4878 3818 4934 pro-

2232 4967 2422 5025 hibuit.
2454 4965 2661 5020 Aliter:
2706 4961 2840 5029 Quia
2871 4968 3042 5015 rectus
3058 4968 3149 5031 est
3169 4998 3184 5024 ,
3210 4957 3353 5011 dabit
3377 4956 3563 5027 legem,
3606 4953 3665 5008 id
3690 4960 3816 5018 est,

2230 5058 2473 5129 ﬂagella,
2502 5052 2919 5125 delinquentibus
2944 5052 3001 5106 in
3046 5050 3148 5115 via,
3196 5048 3249 5104 id
3288 5057 3373 5104 est
3419 5046 3474 5102 in
3514 5046 3617 5101 hac
3662 5043 3776 5098 vita
3801 5082 3817 5108 ,

2232 5159 2294 5206 ιιι
2319 5150 2373 5219 in
2398 5164 2464 5204 eo
2491 5146 2634 5219 quod
2660 5141 3028 5215 temporalitcr
3056 5140 3210 5211 punit
3241 5137 3614 5209 temporaliter
3639 5134 3819 5191 delin-

2232 5250 2494 5314 quentes,
2531 5236 2782 5295 ostendat
2823 5234 2968 5305 quod
2990 5230 3319 5287 :eternaliter
3366 5227 3554 5300 puniet
3588 5234 3822 5281 aeternas

2233 5312 2359 5390 liter
2412 5332 2809 5400 delinquentes.
2869 5322 3267 5393 Temporaiitcr
3314 5325 3541 5390 peccat,
3589 5315 3686 5385 Qui
3709 5353 3727 5379 ,
3774 5312 3820 5370 si

2237 5425 2478 5495 longaeva
2526 5422 2637 5476 vita
2678 5419 2929 5480 daretur,
2983 5420 3260 5470 cessaret:
3309 5405 3643 5465 aeternaliter
3689 5416 3824 5459 vero

2236 5518 2457 5583 peccat,
2486 5509 2573 5565 cui
2612 5506 2855 5565 aufertur
2883 5504 3133 5569 facultas,
3179 5517 3290 5558 non
3314 5498 3585 5556 voluntas.
3620 5495 3822 5565 Dirige:

2239 5613 2536 5659 mansuetos
2563 5601 2621 5657 in
2636 5600 2842 5671 judicio
2866 5612 2884 5650 :
2910 5597 2965 5652 in
3015 5595 3109 5650 tali
3126 5593 3365 5664 judicio,
3400 5590 3452 5647 id
3480 5597 3565 5645 est
3589 5627 3607 5653 ,
3638 5587 3694 5642 in
3720 5585 3823 5639 be-

2234 5697 2468 5770 jnsmodi
2520 5696 2635 5766 lege
2663 5692 2857 5762 diriget
2895 5697 3227 5745 mansuetos.
3257 5685 3395 5741 Nam
3433 5684 3823 5738 immansuetos

2242 5810 2349 5851 non
2397 5793 2626 5864 diriget,
2659 5790 2767 5845 imo
2795 5784 3162 5843 disturbabit:
3215 5788 3447 5838 tractum
3471 5777 3545 5833 ab
3575 5771 3819 5831 animali-
