3930 5656
112 444 216 502 269

1231 441 1760 500 ENARRATIONES
1795 440 1864 496 IN
1900 437 2235 496 PSALMOS.

3266 440 3377 505 270

116 561 234 620 bus.
261 570 386 627 qua:
414 554 460 610 si
485 553 594 609 sint
627 560 904 608 mansueta
937 592 952 618 ,
1000 551 1046 606 si
1090 551 1461 620 deviaverint,
1505 553 1690 626 ﬁagel-
1722 562 1767 623 Α
1795 558 1852 606 et
1899 563 2130 620 aquam,
2167 549 2472 606 bonumet
2501 549 2734 616 malum,
2787 551 2953 608 vitam
3007 562 3064 610 et
3109 566 3374 627 mortem,

116 649 274 703 lando
302 648 355 702 in
391 647 531 700 viam
577 643 938 709 reducuntur;
972 643 1054 698 sin
1097 658 1226 698 vero
1256 644 1612 701 immansueta
1639 653 1694 700 et

1795 641 1933 715 elige
1981 641 2146 696 vitam
2177 650 2232 697 et
2281 643 2426 698 vives
2455 642 2668 714 (Eccli.
2701 660 2769 699 xv
2790 644 2832 717 ).
2887 645 2955 700 Et
2988 646 3091 704 hoc
3123 658 3207 705 est
3233 653 3376 721 quod

117 738 402 801 indomita,
431 735 655 807 ﬂagellis
684 750 820 791 cazsa
853 735 1022 806 magis
1052 735 1360 790 exorbitant
1386 745 1440 790 et
1468 736 1696 792 eﬂ'eran-
1795 732 1963 788 dicit:
1995 731 2114 802 Ipse
2148 732 2400 803 proponit
2431 741 2487 788 et
2534 734 2738 790 indicat
2769 735 2897 806 quid
2939 738 3010 792 sit
3044 738 3371 812 eligendum.

117 839 221 883 tur.
241 828 308 882 Et
337 829 441 882 hoc
463 827 622 882 modo
642 826 970 898 castigando,
1001 826 1202 881 docebit
1233 827 1382 882 mites
1404 827 1512 882 vias
1537 844 1659 882 suas
1674 842 1694 880 :

117 933 236 972 nam
265 917 506 972 immites
534 931 612 971 suc
648 916 941 971 removebit
981 931 1011 970 a
1040 917 1141 970 viis
1167 916 1300 971 suis.

180 1008 315 1075 Quae
362 1008 474 1062 siut
501 1007 604 1063 illa:
631 1007 731 1062 viae
756 1007 1023 1063 ostendit:
1061 1005 1323 1062 Universae
1365 1008 1459 1063 vim
1481 1007 1695 1063 Domini

116 1101 479 1155 misericordia
518 1109 566 1154 et
604 1101 816 1155 ueritas.
840 1099 1041 1155 Omnes
1082 1099 1182 1154 vite
1221 1099 1324 1154 illa:
1353 1116 1449 1170 per
1472 1115 1608 1170 quas
1628 1102 1697 1158 ad

116 1209 214 1249 nos
227 1192 402 1258 venit,
433 1202 556 1248 sunt
590 1192 956 1248 misericordia
983 1201 1039 1247 et
1067 1192 1282 1248 veritas.
1307 1191 1695 1258 Misericordia,

112 1301 213 1356 per
235 1301 400 1356 quam
431 1286 548 1341 sine
572 1285 1000 1355 praecedentibus
1028 1285 1236 1340 meritis
1273 1287 1482 1340 veniam
1512 1287 1694 1341 donat.

127 1374 349 1438 Veritas,
387 1376 517 1445 quia
553 1383 676 1445 post
704 1374 1131 1430 misericordiam
1172 1376 1474 1432 vocationis
1501 1384 1556 1432 et
1599 1391 1694 1431 vc-

116 1466 218 1520 nite
242 1467 405 1537 digne
434 1465 624 1520 ultimo
648 1463 851 1534 judicio
877 1465 1069 1520 merita
1107 1463 1370 1534 cujusque
1397 1466 1696 1520 examinat.

115 1557 326 1612 Primus
356 1556 476 1624 ejus
498 1558 760 1612 adventus
787 1555 888 1610 fuit
912 1556 965 1610 in
1002 1555 1398 1622 misericordia,
1433 1556 1700 1611 secundus

114 1649 219 1703 erit
256 1649 310 1702 in
351 1649 616 1713 veritate,
659 1647 712 1701 id
757 1656 842 1702 est
869 1688 882 1712 ,
913 1647 965 1700 in
1012 1647 1440 1716 incorruptione,
1493 1646 1544 1702 in
1591 1661 1700 1716 quo

114 1740 286 1795 solum
341 1740 536 1796 merita
572 1739 852 1809 requiret:
885 1746 939 1793 et
977 1738 1077 1794 has
1122 1737 1238 1793 vias
1277 1737 1490 1793 docebit
1517 1738 1696 1804 mites,

112 1838 176 1884 ut
207 1839 536 1902 cognoscant
562 1827 988 1884 misericordiam
1032 1827 1159 1894 Dei,
1203 1842 1306 1882 non
1347 1825 1540 1882 merita
1566 1841 1694 1881 sua:

1794 823 1954 878 Aliud
1981 823 2192 894 signum
2224 843 2236 878 :
2271 824 2461 879 Anima
2501 824 2638 895 ejus,
2667 826 2720 880 id
2750 835 2836 881 est
2858 842 2963 902 cor
2981 827 3120 898 ejus,
3146 831 3203 884 in
3227 831 3378 887 bonis

1794 917 2193 972 demorabitur:
2258 933 2473 989 semper
2541 918 2753 974 insistet
2815 919 2994 986 bona;
3041 923 3378 979 declinansa

1798 1009 1991 1075 malis;
2035 1009 2120 1064 vel
2167 1010 2222 1064 in
2266 1010 2421 1065 bonis
2462 1010 2566 1066 illis
2605 1026 2724 1081 quae
2764 1026 2887 1067 vere
2934 1014 3073 1068 bona
3122 1023 3247 1069 sunt
3287 1015 3380 1070 illa

1797 1097 1912 1152 sola
1942 1098 2288 1164 desiderabit,
2331 1099 2535 1155 scilicet
2563 1109 2785 1156 mterna.
2818 1101 2888 1155 Et
2928 1102 3047 1159 ideo
3075 1121 3246 1158 semen
3264 1105 3380 1174 ejus

1798 1188 2122 1243 hwreditabit
2145 1198 2362 1256 terram,
2379 1191 2431 1244 id
2461 1199 2560 1256 est,
2589 1192 2726 1247 bona
2748 1207 2914 1263 opera
2939 1193 3055 1263 ejus
3073 1209 3201 1250 eum
3222 1210 3382 1250 exco-

1797 1281 1930 1348 lent,
1971 1291 2031 1337 ut
2061 1280 2156 1337 ﬁat
2198 1284 2486 1339 hacreditas
2523 1284 2756 1340 Domini.
2789 1283 3155 1352 ereditabit,
3185 1286 3242 1341 id
3269 1295 3377 1352 est,

1801 1373 1962 1429 faciet
1989 1375 2286 1442 hzercdem,
2325 1375 2406 1430 vel
2436 1390 2532 1445 per
2561 1390 2724 1446 opera
2755 1374 2981 1445 justitite
3007 1361 3378 1433 haereditatem

1801 1464 2031 1534 accipiet
2087 1475 2282 1519 terram
2348 1465 2666 1521 viventium.
2726 1465 2795 1520 Et
2852 1467 3069 1522 tertium
3118 1468 3383 1537 signum“:

1802 1552 2216 1609 Firmamentum
2249 1565 2323 1610 est
2363 1553 2622 1610 Dominus
2676 1555 2976 1610 timentibus
3017 1572 3158 1610 eum.
3189 1556 3386 1613 Timor

1799 1643 2079 1700 hominum
2120 1644 2386 1711 inﬁrmat,
2426 1645 2594 1700 timor
2631 1647 2844 1702 Domini
2886 1649 3191 1705 conﬁrmat.
3225 1651 3296 1706 At
3328 1660 3388 1706 ut

1803 1734 2020 1789 tandem
2043 1735 2406 1804 mauifestetur
2424 1734 2572 1801 illis;
2603 1744 2662 1790 ut
2692 1752 2796 1792 non
2822 1738 3075 1794 deﬁciant
3098 1749 3387 1811 antequam

1803 1839 1924 1880 curn
1950 1825 2188 1882 videant.
2233 1825 2298 1880 Et
2330 1826 2454 1897 quia
2499 1827 2614 1896 ipse
2646 1836 2728 1883 est
2764 1828 3162 1885 firmamentum
3193 1833 3393 1888 timen-

111 1932 171 1978 et
212 1936 306 1992 per
332 1922 435 1976 hoc
466 1936 571 1977 non
603 1920 958 1990 superbiant,
985 1921 1077 1975 scd
1121 1918 1512 1983 luunilientur,
1541 1919 1698 1989 juxta
1731 1929 1775 1989 ιι
1806 1914 1946 1969 tinus
1999 1930 2144 1980 cum,
2179 1915 2299 1970 ideo
2348 1915 2486 1969 oculi
2526 1916 2646 1980 mei,
2694 1916 2874 1973 cordis
2915 1919 3144 1986 scilicet,
3189 1923 3388 1991 quibus
3445 1904 3456 1916 ’

113 2011 286 2066 illud:
344 2011 489 2077 Quid
527 2013 666 2066 enim
707 2011 863 2065 habes
892 2011 1032 2080 quod
1062 2025 1163 2062 non
1199 2009 1486 2080 accepisti?
1512 2007 1573 2064 Si
1616 2027 1704 2064 ac-

112 2103 330 2172 cepisti,
389 2101 518 2172 quid
556 2101 801 2172 gloriaris
845 2101 1000 2171 quasi
1041 2117 1141 2154 non
1171 2101 1470 2170 acceperis?
1496 2100 1544 2172 (Ι
1579 2099 1701 2155 Cor.

112 2194 214 2265 ιν.)
241 2193 309 2247 Et
330 2203 449 2263 post
478 2204 832 2265 prmrogatam
860 2191 1286 2247 misericordiam
1309 2191 1707 2264 attcndantjju-

111 2283 315 2338 dieium
346 2283 588 2337 futurum
608 2323 624 2347 ,
651 2297 760 2353 quo
790 2283 976 2338 reddet
1019 2282 1306 2351 unicuique
1338 2282 1491 2352 juxta
1539 2297 1702 2352 epera

107 2389 208 2429 sua
271 2373 471 2444 (Rom.
524 2375 649 2444 u):
702 2384 758 2428 et
819 2374 940 2428 ideo
998 2374 1250 2428 studeant
1299 2373 1477 2430 facere
1542 2375 1704 2429 bona.

108 2467 228 2523 Non
253 2467 508 2523 omnibus
527 2477 652 2522 sunt
679 2467 1047 2523 misericordia
1065 2477 1119 2523 et
1142 2468 1360 2530 vei-itas.
1392 2469 1487 2524 sed
1509 2469 1705 2535 solum,

108 2561 500 2632 requirentibus
540 2569 904 2615 testamentum
939 2561 1054 2631 ejus
1075 2602 1092 2626 ,
1115 2562 1172 2616 .id
1197 2571 1302 2626 est,
1339 2564 1708 2634 sata'gentibus

109 2653 228 2713 ﬁeri
263 2658 387 2728 ejus
418 2658 739 2722 luereditas,
779 2667 832 2712 et
863 2657 1239 2728 requirentibus
1269 2657 1564 2712 testimonia
1594 2656 1708 2726 ejus

107 2750 458 2815 testamenti,
485 2749 540 2803 id
570 2759 652 2804 est
671 2789 685 2813 ,
713 2749 980 2820 praeconia
1011 2749 1396 2817 prophetarum
1419 2747 1709 2819 diligenter

105 2839 485 2910 quaerentibus
539 2841 628 2911 qui
677 2841 857 2896 testati
921 2850 1048 2895 situt
1093 2840 1224 2894 illud
1297 2850 1703 2896 testamentum.

106 2930 518 3001 Hieronymus:
550 2930 639 2985 Ille
670 2933 976 2993 miseretur,
1007 2932 1099 3000 qui
1157 2931 1388 3001 requirit
1415 2941 1709 2988 testamen-

89 3031 224 3077 ‘tum
256 3023 379 3090 ejus
405 3022 612 3076 Novum
633 3063 648 3086 ,
678 3030 732 3077 et
771 3023 1079 3078 testimonia
1107 3063 1122 3088 ,
1157 3022 1206 3076 id
1242 3031 1326 3078 est
1348 3063 1363 3089 ,
1413 3024 1704 3094 prophetas

101 3123 163 3169 et
191 3113 506 3184 apostolos,
556 3128 784 3182 (piorum
817 3111 1140 3167 testimoniis
1181 3121 1266 3168 est
1292 3112 1528 3170 Ecclesia
1577 3129 1707 3169 con-

104 3213 360 3273 gregata.
400 3201 558 3256 Redit
585 3200 810 3255 all-illud
839 3201 979 3271 quod
1017 3200 1152 3256 dixit
1178 3219 1191 3256 :
1216 3201 1485 3258 Memento
1515 3205 1617 3257 mei
1645 3214 1701 3257 tu

1809 2006 1950 2061 Deus
1980 2006 2208 2071 videtur,
2252 2023 2454 2077 semper
2487 2007 2557 2060 ad
2599 2006 2884 2062 Dominum
2921 2009 3288 2067 liberat-mem.
3322 2012 3392 2066 Et

1807 2098 2026 2162 merito,
2073 2098 2319 2168 quoniam
2361 2101 2469 2168 ipse
2507 2097 2684 2153 evellet
2715 2100 2778 2153 de
2809 2099 2993 2172 laqueo
3028 2103 3182 2171 pedes
3222 2120 3384 2167 meos,

1807 2188 1858 2242 id
1899 2197 2001 2252 est,
2051 2203 2240 2243 omnes
2289 2188 2602 2244 atl‘ectiones
2651 2205 2802 2246 meas
2860 2206 2890 2244 a
2939 2192 3390 2249 sollicitudinibus

1809 2277 1965 2346 lrijus
1988 2279 2166 2333 szceuli
2199 2289 2374 2344 eruet,
2411 2289 2468 2334 ut
2497 2280 2676 2334 anima
2722 2297 2840 2336 mea
2885 2281 3055 2339 libero
3102 2299 3288 2354 gressu
3321 2285 3388 2338 ad

1806 2383 1929 2425 enn-
1959 2370 2176 2447 tendere
2203 2371 2392 2439 possit,
2425 2371 2531 2436 vel,
2555 2371 2618 2425 de
2637 2370 2846 2442 laqueo,
2879 2374 2930 2429 id
2957 2383 3059 2438 est,
3092 2375 3159 2430 de
3183 2375 3392 2430 insidiis

1807 2458 2025 2514 diaboli.
2055 2459 2121 2512 Et
2151 2469 2209 2513 ut
2236 2460 2455 2525 cvellar,
2485 2463 2678 2532 respice
2703 2463 2760 2516 in
2792 2480 2872 2518 me
2906 2465 3266 2531 humiliatum,
3295 2466 3389 2536 qui

1806 2549 1958 2619 prius
1989 2549 2280 2619 despexisti
2315 2551 2647 2620 superbum:
2681 2552 2733 2606 in
2766 2569 2873 2616 me,
2922 2555 2974 2610 id
3004 2565 3106 2619 est,
3153 2558 3204 2611 in
3231 2558 3388 2612 auxi-

1808 2639 1938 2694 lium
1963 2655 2164 2695 meum.
2192 2639 2262 2694 Et
2287 2642 2532 2698 miserere
2555 2644 2675 2708 mei,
2701 2645 2751 2698 id
2782 2655 2885 2711 est,
2919 2646 3003 2702 l‘ac
3028 2663 3115 2704 me
3147 2664 3393 2719 perseve-

1808 2747 1931 2786 rare
1953 2732 2005 2786 in
2027 2731 2114 2787 illa
2141 2733 2436 2802 ereptione.
2471 2733 2536 2787 Et
2574 2749 2710 2804 opus
2737 2746 2820 2791 est
2851 2745 2908 2790 ut
2935 2746 2988 2792 tu
3012 2740 3234 2805 evellas,
3263 2743 3390 2811 quia

1812 2823 1996 2876 unicus
2017 2832 2064 2876 et
2086 2839 2285 2894 pauper
2303 2841 2416 2876 sum
2444 2841 2558 2894 ego.
2583 2823 2730 2880 Ordo
2752 2837 3118 2898 przeposterus
3143 2845 3161 2884 :
3191 2847 3395 2902 pauper

1811 2931 1952 2980 sum,
1981 2914 2031 2968 id
2066 2923 2168 2979 est,
2207 2930 2313 2970 non
2340 2915 2553 2971 sufﬁcio
2581 2917 2810 2972 mihi-ad
2847 2920 2984 2985 hoc;
3019 2929 3074 2975 et
3094 2921 3308 2987 unicus,
3338 2921 3394 2975 id

1808 3015 1892 3062 est
1917 3001 2066 3063 solus
2095 3025 2109 3061 :
2138 3023 2243 3064 non
2265 3008 2439 3064 habeo
2461 3008 2596 3065 alios
2618 3018 2816 3080 praeter
2837 3019 2908 3078 te,
2937 3028 3164 3083 quorum
3190 3014 3394 3069 auxilio

1807 3097 1889 3154 vel
1915 3099 2162 3170 exemplo
2195 3101 2356 3154 nitar.
2404 3099 2610 3156 Revera
2631 3099 2851 3172 nequeo
2879 3119 2967 3160 me
3005 3120 3220 3161 eruere.
3251 3104 3393 3174 Quia

1809 3189 2172 3245 tribulationcs
2234 3191 2558 3246 cordismei
2611 3193 2971 3263 multiplicata
3024 3206 3166 3261 sunt,
3224 3213 3391 3267 supra

101 3302 328 3363 propter
369 3293 653 3345 bonitatem
689 3302 834 3344 tuam
855 3331 872 3356 ,
917 3291 1141 3346 Domine
1168 3305 1183 3346 :
1236 3302 1433 3349 caetera
1483 3293 1701 3348 luerunt
1733 3282 1778 3344 C
1810 3281 2024 3335 ηιοιιυιη
2051 3291 2376 3348 creverunt;
2405 3283 2530 3353 quia
2549 3283 2807 3339 ῑτίιιυίθηι
2830 3301 3111 3356 Prosper“:
3138 3289 3397 3344 “illum”

106 3385 464 3455 interposita.
501 3384 622 3437 Ideo
670 3383 888 3454 rogavi,
921 3393 974 3437 ut
1010 3383 1114 3438 mei
1167 3399 1374 3438 memor
1401 3398 1551 3440 esses
1598 3399 1704 3440 non

103 3477 419 3531 secundum
461 3478 710 3531 meritum
731 3516 746 3541 ,
779 3478 870 3530 sed
901 3475 1198 3532 secundum
1233 3475 1662 3531 misericordium
1685 3515 1701 3541 ,

102 3571 232 3640 quia
266 3578 488 3638 propter
510 3587 695 3623 nomen
745 3579 924 3633 tuum,
959 3569 1210 3634 Domine,
1241 3567 1448 3623 scilicet
1502 3567 1706 3638 gloriﬁ-

99 3661 352 3715 candum
378 3700 394 3724 ,
427 3660 787 3729 propitiaberis
836 3661 1044 3730 peccato
1073 3658 1312 3712 utea..Et
1365 3672 1550 3712 revera
1580 3673 1708 3728 pro-

101 3753 442 3824 pitiaheris:
493 3751 717 3806 multum
755 3761 829 3806 est
877 3753 1046 3816 enim,
1084 3751 1134 3805 id
1179 3759 1266 3805 est
1312 3749 1539 3806 multum
1579 3750 1709 3806 mihi

97 3846 356 3902 videtur.
391 3843 558 3912 Quasi
591 3845 774 3899 dicat:
823 3843 1026 3897 Locum
1055 3841 1420 3911 propitiationi
1455 3850 1558 3895 tum
1593 3841 1708 3908 jam

100 3936 330 4004 paravi.
364 3932 730 4004 Augustinus:
767 3931 1007 3986 Eatenus
1053 3931 1192 3986 Deus
1223 3929 1482 4001 ignoscit,
1511 3939 1707 3999 quate-

97 4038 213 4079 nus
236 4032 300 4077 tu
332 4021 650 4093 cognoscis;
677 4021 817 4075 unde
842 4019 1101 4075 Dominus
1127 4019 1193 4074 ad
1221 4019 1348 4074 Sail!
1375 4037 1388 4073 :
1413 4017 1546 4074 Cum
1572 4035 1708 4075 esses

97 4130 310 4183 parcus
363 4114 418 4166 in
462 4111 627 4166 oculis
665 4113 792 4178 tuis,
827 4127 1052 4182 magnus
1099 4110 1389 4180 apparebas
1437 4111 1490 4162 iu
1519 4109 1707 4164 .oculis

98 4205 284 4268 meis;
343 4219 462 4257 cum
512 4214 685 4257 autem
717 4219 938 4274 magnus
965 4202 1136 4271 factus
1167 4218 1221 4255 es
1272 4202 1324 4255 iu
1373 4201 1540 4255 oculis
1570 4201 1709 4266 tuis,

97 4308 311 4367 parvus
333 4298 484 4367 fuisti
507 4297 559 4350 in
587 4296 748 4350 oculis
766 4297 891 4350 meis
916 4295 965 4366 (Ι
993 4295 1118 4366 Reg.
1149 4294 1362 4366 xv)..Ne
1380 4296 1501 4364 quis
1526 4305 1709 4351 autem

99 4389 212 4444 sibi
236 4389 295 4442 in
319 4389 424 4441 hoc
443 4385 809 4457 applauderet,
829 4387 970 4456 quod
986 4385 1188 4440 dictum
1202 4393 1310 4439 est:
1337 4382 1709 4455 l’ropitiaberis

100 4491 336 4550 peccato
354 4495 488 4544 meo,
513 4479 735 4532 multum
757 4488 830 4533 est
855 4479 1012 4542 enim,
1042 4477 1259 4533 dicens:
1281 4477 1344 4530 Et
1369 4476 1498 4531 mihi
1531 4477 1713 4548 propi-

104 4571 375 4631 tiabitur,
402 4569 529 4638 quia
559 4583 734 4623 meum
762 4576 1045 4638 peceatum
1081 4566 1304 4620 multum
1338 4575 1444 4630 est,
1476 4566 1714 4620 ostendit

1811 3371 2060 3436 adversa,
2105 3371 2367 3426 tribulant
2408 3373 2634 3429 diversa:
2679 3375 3052 3446 suggestiones
3091 3378 3255 3432 animi
3294 3395 3391 3434 seu

1811 3460 2076 3530 corporis.
2107 3459 2299 3516 Merito
2343 3463 2524 3518 multis
2549 3464 3011 3529 tribulationibus,
3039 3468 3125 3522 cui
3167 3453 3391 3526 necesse

1813 3557 1896 3604 est
1923 3548 2106 3604 multis
2152 3548 2329 3606 fulciri
2369 3567 2436 3606 ne
2481 3551 2712 3608 labatur.
2743 3553 2885 3621 Quot
2925 3564 2980 3610 et
3026 3566 3240 3626 quanta:
3261 3570 3392 3614 sunt

1814 3637 2156 3694 inﬁrmitates
2183 3649 2238 3694 et
2277 3642 2663 3710 passibilitates
2703 3645 2903 3711 carnis,
2937 3646 2989 3701 in
3023 3648 3164 3703 fame
3191 3659 3246 3704 et
3277 3649 3392 3712 siti,

1815 3730 1867 3784 in
1899 3729 1925 3784 l'
1925 3732 2117 3801 rigore,
2147 3733 2398 3798 statione,
2432 3736 2676 3791 sessione
2701 3744 2756 3791 et
2785 3737 2904 3793 aliis
2929 3740 3152 3795 multis?
3174 3743 3392 3811 quibus,

1814 3835 1882 3875 ne
1935 3819 2198 3887 labantur,
2254 3823 2494 3892 quotidie
2556 3822 2733 3880 fulciri
2805 3828 3146 3900 indigemus?
3196 3831 3251 3886 ln
3309 3833 3394 3888 his

1813 3913 2066 3967 omnibus
2112 3928 2206 3968 cor
2235 3915 2541 3982 lribulatur,
2581 3931 2648 3971 ne
2690 3917 2983 3988 impediant
3009 3931 3067 3977 et
3112 3923 3391 3982 devorent.

1814 4001 1882 4056 Et
1908 4002 2026 4058 ideo
2053 4021 2175 4058 erue
2204 4021 2303 4072 me,
2337 4006 2388 4060 id
2411 4016 2496 4062 est
2523 4007 2694 4063 libera
2736 4010 2800 4064 de
2821 4014 3212 4069 necessitatibus
3244 4017 3394 4084 meis.

1814 4093 1867 4148 id
1899 4103 2002 4158 est,
2057 4094 2124 4149 da
2178 4105 2237 4149 ut
2291 4096 2519 4151 mortale
2549 4098 2652 4155 hoc
2682 4100 2870 4156 induat
2901 4103 3394 4174 immortalitatem,

1813 4198 1870 4244 et
1921 4190 2194 4260 corruptio
2235 4190 2647 4262 incorruptelam
2707 4194 2760 4265 (Ι
2807 4195 2930 4251 Cor.
2990 4197 3102 4271 xv).
3148 4199 3397 4256 Necessi-

1816 4287 1954 4335 tates
1981 4288 2139 4334 vocat
2164 4280 2486 4351 indigentias
2525 4292 2574 4339 ct
2606 4285 3009 4354 possibilitates,
3039 4304 3174 4358 quas
3209 4305 3398 4346 neces-

1819 4375 1966 4429 sario
1997 4375 2204 4444 patitur
2235 4377 2361 4430 dum
2408 4377 2463 4431 in
2497 4379 2598 4432 hoc
2623 4382 2962 4452 corruptibili
2986 4398 3218 4453 corpore
3244 4386 3403 4456 quasi

1816 4479 2036 4520 carcere
2093 4475 2315 4521 manet:
2369 4467 2456 4522 cui
2507 4471 2782 4539 proposita
2829 4471 2931 4526 fuit
2981 4473 3306 4532 sufﬁcientia
3343 4485 3402 4532 et

1820 4556 2132 4627 indigentia,
2159 4558 2461 4614 mortalitas
2491 4567 2545 4614 et
2575 4560 2952 4632 immortalitas
2980 4582 2995 4618 :
3025 4565 3302 4622 declinans
3327 4565 3399 4624 ab

97 4661 238 4731 quis
272 4660 368 4714 me
389 4635 460 4714 είι
484 4659 571 4714 cui
601 4635 827 4713 ,ιιυιιιῂη
853 4657 1119 4719 videatur,
1147 4654 1351 4710 scilicet
1375 4655 1584 4710 timenti
1609 4656 1714 4709 Do-
1741 4635 1790 4694 Ῑ)
1818 4647 2226 4723 immortalitate
2271 4658 2328 4704 et
2369 4649 2726 4721 sufﬁcientia,
2763 4657 3086 4724 necessario,
3123 4657 3312 4727 incipit
3342 4657 3401 4712 in

100 4751 432 4812 minum.Ei
450 4751 572 4805 ideo
592 4748 972 4820 quieritzﬂuis
994 4747 1236 4802 estliomo
1255 4747 1346 4817 qui
1367 4746 1510 4801 timet
1532 4747 1713 4800 Domi-
1818 4751 2002 4790 earum
2040 4739 2331 4792 contraria.
2387 4739 2454 4792 Et
2493 4749 2553 4795 ut
2610 4757 2803 4809 eruas,
2858 4744 3174 4817 inquantum
3211 4750 3394 4811 valeo.

103 4859 243 4897 num
261 4843 286 4895 ?
299 4841 436 4907 Quia
455 4848 634 4894 autem
654 4838 805 4892 multi
818 4837 1044 4908 suntqui
1061 4837 1315 4891 dicuntse
1332 4835 1703 4891 timereDomi-

1815 4828 2115 4898 promercri
2169 4837 2395 4901 satago:
2443 4831 2559 4886 vide
2613 4833 2961 4904 Iutmilitatem
3019 4856 3206 4904 meam,
3238 4857 3402 4910 quam

99 4947 273 4992 nunt,
306 4937 365 4984 et
390 4944 495 4983 non
523 4927 711 4982 timent
739 4927 933 4982 timore
971 4937 1265 4997 perpetuo;
1301 4927 1424 4995 quia
1467 4927 1554 4998 qui
1585 4926 1711 4980 dicit
1819 4918 1915 4974 libi
1955 4919 2212 4994 exhibere
2266 4921 2475 4977 studeo.
2531 4924 2598 4978 Et
2653 4925 2883 4980 laborem
2933 4946 3132 4998 meum,
3187 4932 3240 4986 id
3293 4940 3402 4994 est,

101 5023 387 5076 setimere
405 5019 716 5085 Dominum,
745 5027 796 5073 et
840 5019 1094 5072 mandata
1151 5019 1264 5088 ejus
1308 5034 1411 5072 non
1461 5018 1711 5084 custodit,
1815 5012 2292 5088 persevcrantiam.
2329 5030 2435 5084 qua
2484 5016 2702 5071 assidue
2750 5015 2935 5086 laboro
2984 5021 3266 5076 humiliari:
3309 5021 3406 5074 tibi

102 5113 360 5171 mendas:
394 5122 474 5168 est
501 5111 684 5185 (Joau.
736 5111 845 5183 ιι);
889 5109 1044 5180 juxta
1076 5102 1259 5167 illud:
1306 5112 1498 5178 Beatus
1524 5112 1602 5166 vir
1623 5111 1714 5183 qui
1819 5115 2041 5156 carnem
2095 5116 2297 5178 meum,
2332 5111 2392 5158 ut
2445 5111 2496 5160 te
2547 5121 2814 5162 sessorem
2867 5109 3144 5179 recipiam.
3196 5108 3404 5176 Castigo

101 5209 271 5260 lima
353 5204 660 5270 Dominum,
724 5205 784 5258 ίη
831 5205 1094 5257 mandati,
1167 5205 1280 5274 ejus
1355 5203 1489 5258 υοιει
1560 5204 1714 5257 nimi;
1820 5191 1962 5244 enim
1999 5209 2185 5272 corpus
2227 5212 2421 5259 meum,
2465 5205 2512 5250 et
2556 5200 2611 5252 iu
2654 5199 2954 5252 servitutem
2992 5197 3254 5270 redigoU
3281 5195 3405 5256 Cor.

100 5295 308 5368 (Psal.
359 5293 514 5364 cxi);
582 5293 695 5350 ideo
745 5291 1031 5361 subiungit
1075 5303 1221 5348 certa
1278 5292 1450 5363 signa,
1521 5294 1719 5362 quibus
1822 5282 1943 5352 lx).
1972 5279 2040 5335 Et
2072 5282 2273 5339 dimitte
2309 5287 2552 5343 universa
2581 5289 2774 5344 delicta
2820 5304 2958 5353 mea,
3007 5292 3212 5348 scilicet
3252 5287 3406 5358 igno-

97 5388 482 5461 cognoscitur
506 5387 695 5443 timens
734 5384 1022 5441 Dominum
1050 5393 1200 5440 casto
1225 5385 1436 5438 timore.
1471 5383 1713 5445 Scilicet,
1822 5377 2028 5433 ranliﬂs
2061 5395 2230 5444 meas,
2261 5397 2397 5452 quas
2434 5385 2716 5440 committo
2741 5383 3069 5440 necessitate
3097 5383 3213 5436 vim.
3243 5380 3410 5444 Nemo

98 5482 299 5554 legem
351 5480 536 5533 statuit
586 5480 652 5542 ei,
703 5479 760 5534 id
811 5484 919 5540 est,
978 5477 1170 5532 stabile
1217 5477 1559 5547 propositum
1609 5489 1718 5530 non
1822 5471 1970 5525 enim
2016 5470 2091 5526 ita
2138 5471 2302 5540 lotus,
2349 5476 2478 5546 quin
2525 5475 2932 5546 pulverulentos
2986 5481 3153 5544 pedes
3193 5475 3410 5538 habeat,

99 5569 419 5625 declinans
463 5566 533 5621 ad
571 5566 850 5623 dexteram
896 5579 1067 5634 neque
1114 5568 1179 5620 ad
1236 5565 1509 5635 sinistram
1560 5566 1614 5619 in
1634 5565 1722 5618 uia
1825 5563 1929 5617 iter
1959 5570 2079 5632 post
2111 5562 2438 5621 lavationem
2469 5565 2716 5622 faciens:
2747 5564 2819 5616 ita
2843 5563 3031 5618 nullus
3076 5580 3213 5635 aqua
3241 5563 3416 5633 bapti-
