3930 5408
532 458 631 516 271

1172 444 1432 503 REMlGll
1472 438 2124 517 ANTISSIODORENSIS
2160 437 2312 497 OPP.
2354 435 2532 491 PARS
2568 436 2608 490 l.
2649 465 2718 474 —
2753 432 3162 489 EXEGETICA.

3692 428 3789 491 2ῗὶ

530 550 727 635 delicta
752 571 1015 635 dimittas,
1054 570 1147 624 sed
1169 566 1333 622 etiam
1361 563 1554 634 respice
1583 562 1820 616 inimicos
1854 574 2013 622 meos,
2044 564 2104 610 ut
2131 563 2174 617 Α
2205 568 2308 608 vox
2329 550 2571 623 perfecti,
2592 547 2795 604 orantis
2815 557 2869 602 et
2890 546 3097 618 agentis
3119 560 3239 599 cum
3263 542 3372 599 Deo
3392 557 3514 608 suo,
3537 553 3596 597 ιιι
3616 560 3791 614 quem.

530 673 816 736 convertas
846 676 942 717 eos
966 677 984 713 ς
1006 657 1504 723 'sicenimjsecurus
1534 651 1630 707 tibi
1664 648 1897 706 serviam
1926 646 1971 702 si
1996 660 2105 702 nou

530 735 600 825 sit
631 758 991 827 impugnator.
1023 747 1287 815 Quoniam
1318 742 1652 813 multiplicati
1681 750 1800 796 sunt
1826 752 1843 790 :
1870 736 1963 807 qui
1986 735 2106 792 ideo

531 858 658 907 sunt
710 843 930 912 inimici,
987 839 1241 911 quoniam
1292 836 1367 891 ad
1404 833 1601 889 multas
1657 831 1925 884 vanitates
1981 832 2107 881 sunt

533 938 724 1006 detorti
754 952 783 991 a
810 934 987 990 fructu
1010 928 1285 993 frumenti,
1312 915 1420 980 vini
1444 933 1500 981 et
1523 923 1625 980 olei
1654 922 1735 977 sui
1767 917 1956 993 (Psal.
1987 932 2041 972 iv
2063 916 2103 987 ).

534 1004 601 1083 Et
633 1028 756 1100 quia
812 1019 1145 1092 multiplicati
1203 1016 1423 1071 oderunt
1473 1031 1553 1068 me
1605 1026 1710 1067 non
1739 1009 1922 1065 multis
1960 1004 2107 1062 beati

530 1097 877 1189 quaerentem,
940 1111 1033 1167 sed
1082 1123 1190 1163 uno
1217 1120 1242 1147 ιι
1271 1125 1285 1161 :
1316 1106 1495 1176 iniquo
1533 1102 1675 1168 odio,
1704 1101 1827 1172 quia
1876 1097 2103 1155 salutem

530 1186 718 1264 eorum
773 1202 955 1273 diligo.
1022 1198 1120 1254 Est
1176 1206 1231 1252 et
1272 1195 1478 1267 justum
1544 1192 1726 1247 odium
1774 1197 1879 1254 ;ut
1930 1186 2098 1242 illud:

530 1294 771 1367 Perfecto
810 1292 930 1349 odio
992 1290 1205 1345 oderam
1260 1286 1381 1341 illos
1438 1282 1634 1356 (Psal.
1682 1279 1983 1346 cxxxvm).
2041 1277 2108 1332 Et

527 1390 653 1462 quia
722 1388 906 1457 iniquo
973 1384 1097 1440 odio
1160 1394 1245 1435 me
1320 1379 1525 1438 odiunt,
1606 1372 1808 1429 custodi
1873 1370 2106 1425 animant

527 1458 734 1546 meam,
800 1475 1009 1531 scilicet
1084 1488 1114 1527 a
1198 1466 1625 1525 conformatione
1704 1477 1922 1526 eorum,
2003 1458 2104 1514 etsi

529 1584 635 1625 non
685 1580 905 1637 carnem
965 1578 1161 1618 meam.
1228 1560 1294 1614 Et
1348 1559 1561 1613 tandem
1609 1572 1733 1611 erue
1777 1569 1877 1618 me,
1935 1558 2104 1606 totum

528 1657 827 1728 separando
866 1653 933 1709 ab
971 1653 1096 1718 illis,
1141 1659 1197 1706 et
1233 1650 1481 1725 ponendo
1518 1646 1584 1701 ad
1621 1646 1897 1701 dexteram
1935 1650 2105 1696 tuam.

534 1748 655 1826 Non
695 1747 993 1802 erubescant
1031 1742 1266 1806 tandem,
1316 1739 1525 1795 scilicet
1578 1736 1646 1792 ab
1699 1732 2107 1805 exspectatione

529 1856 682 1904 mea,
746 1837 993 1910 quoniam
1056 1835 1259 1906 speravi
1350 1833 1406 1887 in
1466 1840 1544 1893 te,
1623 1828 1831 1885 scilicet
1894 1838 2106 1896 prome-

2207 641 2493 697 admodnm
2517 638 2569 693 in
2600 638 2701 692 hac
2736 635 2840 690 vita
2873 633 3170 689 mortaliter
3191 634 3257 689 ab
3284 632 3462 701 impiis
3489 642 3790 702 separatur,

2208 733 2280 788 ita
2302 733 2354 787 in
2376 730 2562 785 futura
2594 726 2834 783 localiter
2874 734 3179 795 separetur:
3226 722 3307 779 vel
3333 732 3391 779 ut
3419 723 3506 778 hic
3531 733 3796 793 tempora-

2208 824 2328 881 liter
2355 830 2567 886 uratur,
2596 827 2827 884 secetur,
2858 815 3173 888 llagcllctur,
3198 829 3263 870 ne
3298 814 3513 870 tandem
3547 824 3675 868 cum
3706 814 3795 869 iut-

2207 915 2310 986 piis
2335 914 2640 968 damnetur.

2274 1023 2472 1078 Judica
2496 1037 2595 1087 me,
2644 1019 2886 1074 Domine.
2911 1006 3027 1073 Non
3058 1014 3288 1073 formido
3308 1013 3578 1085 judicium
3632 1023 3797 1079 tuoin,

2208 1119 2317 1173 imo
2352 1129 2482 1186 rogo
2515 1122 2575 1167 ut
2605 1110 2787 1168 veniat
2813 1118 2869 1164 et
2905 1118 3118 1180 separet
3144 1124 3228 1163 me
3255 1123 3287 1162 a
3311 1107 3577 1162 societate
3611 1106 3798 1176 impio.

2208 1197 2350 1271 rum,
2376 1220 2541 1277 quam
2567 1204 2742 1259 habeo
2768 1216 2874 1257 non
2905 1208 3109 1266 mente,
3154 1199 3249 1255 sed
3277 1213 3529 1268 corpore.
3562 1194 3801 1252 Diﬂicilis

2206 1299 2381 1355 oratio
2408 1304 2463 1352 et.
2488 1292 2823 1351 formidanda
2848 1291 3100 1356 maxime,
3125 1289 3268 1344 illius
3290 1304 3481 1360 rogare
3509 1286 3799 1357 judicium,

2210 1392 2263 1447 in
2287 1389 2439 1462 cujus
2470 1394 2762 1457 conspectu
2781 1384 2903 1441 θωιί
2945 1383 3032 1439 vix
3071 1381 3252 1438 mundi
3306 1381 3664 1452 reperiuntur
3689 1378 3801 1447 (Job

2207 1482 2331 1553 xv),
2382 1480 2427 1537 si
2457 1495 2561 1535 non
2603 1486 2802 1534 caetera
2839 1483 3194 1546 sequerentur
3224 1475 3417 1530 merita
3447 1474 3592 1528 unde
3635 1472 3804 1543 perfe—

2206 1583 2328 1630 ctus
2350 1572 2434 1626 vir
2468 1569 2743 1626 conﬁdens
2785 1567 2888 1623 sibi
2936 1567 3001 1623 de
3043 1566 3256 1632 merito,
3287 1564 3502 1621 subdit:
3540 1562 3803 1631 Quoniam

2206 1680 2299 1735 ego
2321 1664 2374 1717 in
2400 1660 2698 1735 innocentia
2721 1675 2834 1712 mea
2862 1658 3125 1727 ingressus
3145 1672 3284 1721 sum,
3310 1655 3363 1709 id
3405 1663 3514 1720 est,
3548 1653 3804 1723 quoniam

2208 1763 2331 1826 post
2358 1750 2724 1809 innocentiam
2746 1764 2910 1819 quam
2936 1747 3067 1802 mihi
3097 1746 3409 1818 praerogasti
3432 1760 3531 1816 per
3574 1744 3805 1815 gloriam

2211 1855 2379 1912 tuam,
2404 1843 2560 1900 sicin
2593 1858 2657 1898 ea
2675 1839 2971 1912 permansi,
2997 1847 3056 1893 ut
3078 1852 3289 1908 sperem
3313 1852 3398 1895 me
3427 1836 3482 1890 in
3508 1851 3575 1892 ea
3610 1836 3807 1891 habere

529 1931 785 1987 rendam:
811 1929 891 1983 vel
915 1929 1039 1982 inte
1065 1925 1389 1997 adjutorem,
1408 1937 1511 1977 non
1534 1918 1939 1976 alium.Aliter:
1970 1916 2109 1970 Erue
2142 1923 2184 1983 Β
2212 1938 2426 2009 aliquod
2454 1935 2728 1992 meritum.
2754 1932 2848 1987 me
2895 1932 3209 1988 inuocem“
3240 1929 3389 1994 vim,
3436 1928 3533 1998 qui
3576 1943 3686 1983 nec
3716 1925 3807 1981 sibi

528 2040 612 2079 me
630 2040 672 2093 _a
701 2022 1053 2095 perplexitate
1074 2017 1232 2088 hujus
1255 2016 1375 2071 vitze
1394 2023 1675 2086 postquam
1701 2009 2020 2067 custodieris
2045 2009 2111 2063 ab

529 2116 870 2189 inimicorum
892 2111 1340 2175 conformatione,
1372 2122 1492 2177 qua:
1520 2105 1896 2177 perplexitates
1934 2099 2114 2156 multa:

526 2215 671 2272 sunt,
702 2206 996 2260 amicorum
1022 2200 1322 2272 persuasio,
1363 2199 1595 2255 ﬁliorum
1624 2195 1931 2261 delectatio,
1962 2209 2115 2249 amor

524 2308 829 2368 parentum.
858 2297 999 2352 Erue
1026 2311 1113 2352 me
1140 2298 1193 2350 in
1226 2294 1311 2350 bis
1339 2292 1654 2363 implicitum
1682 2298 1737 2345 et
1776 2288 2111 2359 impeditum,

526 2404 596 2453 ne
617 2389 878 2445 devocer:
927 2387 1028 2454 Qui
1049 2397 1190 2441 amat
1204 2395 1403 2457 patrem
1424 2393 1472 2437 et
1492 2392 1707 2436 matrem
1722 2379 1837 2451 plus
1862 2393 2018 2450 quam
2035 2392 2114 2431 me

528 2498 631 2537 non
653 2490 726 2536 est
748 2496 828 2535 me
843 2480 1029 2550 dignus
1052 2476 1264 2548 (Matth.
1301 2475 1375 2547 χ).
1396 2474 1517 2530 ldeo
1542 2472 1704 2529 etiam
1730 2470 1958 2535 custodi,
1988 2467 2114 2537 quia

525 2571 821 2625 innocentes
836 2579 882 2624 et
902 2568 1025 2623 recti
1043 2567 1375 2621 adltwserunt
1395 2564 1543 2619 mihi.
1568 2562 1897 2627 Innocentes,
1917 2575 1947 2614 a
1974 2557 2114 2614 malo

526 2656 880 2722 declinantes,
919 2666 965 2710 et
990 2656 1134 2722 recti,
1153 2655 1205 2710 id
1231 2663 1336 2719 est,
1360 2654 1500 2709 bono
1529 2651 1859 2713 insistentes,
1878 2648 2114 2704 adltmse-

526 2759 645 2802 runt
676 2748 802 2802 mihi
829 2746 1127 2802 imitatione
1151 2753 1207 2800 et
1224 2742 1627 2809 conformitate,
1664 2749 1723 2796 ut
1761 2754 1859 2811 per
1906 2753 1991 2793 me
2019 2735 2114 2792 tibi

489 2879 491 2881 ι
515 2835 842 2911 jungantur:
860 2840 1002 2895 sicut
1025 2838 1267 2894 membra
1283 2837 1443 2908 capiti
1460 2851 1557 2907 per
1576 2834 1770 2890 collmn
1792 2835 2110 2903 junguntur,

525 2933 597 2985 ita
624 2945 718 3001 per
739 2931 1121 3002 przedicatorcs
1138 2938 1191 2985 et
1209 2926 1477 2999 perfectos
1499 2926 1737 2981 minores
1759 2922 1977 2979 Christo
1991 2920 2114 2991 jun-

525 3030 745 3093 guntur,
798 3036 894 3075 eos
942 3019 1221 3075 imitando.
1258 3017 1381 3073 Ideo
1437 3015 1567 3070 mihi
1601 3014 1960 3077 adhaeserunt,
1991 3012 2115 3082 quia

527 3112 749 3191 sustinui
774 3123 844 3177 te,
876 3110 928 3165 id
958 3121 1061 3176 est,
1094 3109 1346 3164 mandata
1392 3116 1479 3161 tua
1528 3103 1814 3169 custodivi,
1845 3101 1929 3158 vel
1960 3110 2010 3156 te
2034 3115 2117 3154 re-

526 3215 929 3285 muneratorcm
957 3218 1076 3257 cum
1099 3200 1353 3271 patientia
1384 3196 1710 3268 exspectavi.
1741 3193 1809 3250 Et
1832 3203 2114 3265 propterea

528 3314 608 3353 me
634 3280 776 3360 erue,
817 3311 885 3350 ne
935 3309 1020 3349 me
1049 3294 1333 3349 deﬁciente
1380 3289 1634 3347 deﬁciant
1695 3296 1751 3343 et
1799 3287 1887 3342 isti
1936 3286 2028 3356 qui
2066 3293 2116 3339 te
2145 3278 2187 3340 (ἶ

532 3394 800 3458 (luxerunt.
825 3386 893 3441 Et
921 3394 981 3440 ut
1007 3382 1342 3451 adhaereant,
1384 3399 1414 3436 o
1452 3381 1610 3445 Deus,
1641 3379 1803 3433 libera
1844 3376 2035 3442 Israel,
2065 3376 2117 3431 id

526 3484 1017 3548 cst,desiderantes
1036 3482 1220 3536 videre
1251 3492 1331 3537 te:
1375 3496 1439 3534 ex
1476 3479 1714 3533 omnibus
1761 3472 2115 3529 tribulationi-

514 3575 623 3628 ‘bus
641 3576 773 3638 suis,
792 3572 1097 3627 carnalibus
1120 3581 1175 3624 et
1202 3569 1552 3640 spiritalibus,
1576 3582 1642 3622 ne
1664 3566 1731 3620 ab
1757 3565 1840 3619 his
1859 3564 2117 3618 devocea-

512 3671 635 3737 tur.
664 3660 785 3715 Non
812 3676 935 3729 rogo
966 3670 1017 3713 ut
1039 3658 1193 3714 tollas
1217 3675 1302 3712 eos
1332 3657 1398 3711 de
1447 3657 1663 3720 mundo,
1722 3652 1811 3707 sed
1855 3662 1908 3706 ut
1950 3667 2118 3706 serves

536 3768 620 3825 eos
651 3769 680 3804 a
713 3750 852 3804 malo
877 3750 1060 3820 (Joau.
1095 3749 1246 3820 xvii).

1061 3841 1286 3897 PSAth
1297 3839 1380 3903 US
1420 3838 1586 3895 XXV.

665 3981 689 3986 ._
761 3985 787 3986 η
1021 3983 1049 3986 _
1097 3926 1332 3986 Pssuws
1361 3927 1541 3986 nxvtn.

539 4004 543 4008 ·
604 4002 626 4037 ι
665 3981 991 4049 Ἰιιὸἰςειηιρ,
1021 3983 1264 4044 Domine,
1305 3983 1558 4053 quoniam
1596 3994 1697 4051 ego
1729 3978 1781 4033 in
1804 3977 2117 4032 innocentia

537 4097 557 4130 ι
604 4092 723 4133 mea
746 4078 1021 4148 ingressus
1046 4090 1166 4131 sum
1194 4082 1249 4130 et
1281 4075 1333 4128 in
1360 4074 1584 4129 Domino
1612 4087 1837 4142 sperans
1877 4086 1980 4124 non
2038 4071 2123 4123 in-

536 4184 555 4220 ι
597 4168 874 4223 ﬁrmabor.
906 4167 1080 4222 Proba
1131 4181 1237 4231 me,
1277 4165 1522 4228 Domine,
1549 4173 1603 4220 et
1656 4172 1801 4218 tenta
1858 4174 1963 4225 me,
2023 4176 2118 4216 ure

539 4276 557 4307 ι
603 4271 762 4313 renes
799 4271 949 4312 meos
985 4265 1040 4311 et
1082 4271 1177 4312 cor
1207 4271 1405 4310 meum.
1442 4255 1706 4323 Quoniam
1749 4253 2115 4307 misericordia

538 4366 557 4397 ι
603 4355 692 4401 tua
721 4356 848 4402 ante
874 4346 1058 4402 oculos
1088 4360 1237 4400 meos
1265 4354 1369 4410 est,
1401 4352 1456 4399 et
1482 4343 1777 4413 complacui
1810 4343 1860 4396 in
1890 4342 2119 4395 veritate

538 4456 557 4488 ε
605 4445 713 4491 tua.
742 4434 859 4491 Non
883 4434 998 4490 sedi
1027 4450 1152 4489 cum
1175 4433 1400 4489 consilio
1420 4432 1691 4495 vanitatis,
1713 4439 1767 4485 et
1792 4444 1912 4486 cum
1938 4430 2119 4499 iniqua

539 4545 559 4577 ι
604 4514 914 4596 gerentibus
940 4541 1045 4579 non
1074 4524 1323 4579 introibo.
1342 4522 1497 4579 Odivi
1512 4522 1807 4577 Ecclesiam
1826 4520 2122 4591 malignan-

535 4636 559 4667 τ
606 4616 756 4678 tium,
782 4623 969 4670 etcum
996 4615 1174 4684 impiis
1200 4630 1304 4668 non
1325 4614 1544 4669 sedebo.
1561 4612 1778 4667 Lavabo
1797 4613 1937 4665 inter
1964 4613 2116 4665 inno—
2150 4629 2196 4687 υ

535 4722 562 4754 ‹
608 4714 793 4760 centes
840 4718 1030 4759 manus
1078 4719 1240 4767 meas,
1284 4713 1338 4759 et
1366 4702 1715 4759 circumdabo
1749 4702 1917 4758 altare
1949 4713 2117 4766 tuum,

539 4816 560 4846 τι
609 4795 850 4851 Domine.
903 4795 975 4852 Ut
1012 4796 1226 4851 audiam
1268 4811 1455 4852 vocem
1510 4794 1703 4861 laudis,
1760 4803 1816 4849 et
1872 4807 2119 4848 enarrem

534 4905 562 4936 -ι
611 4887 857 4942 universa
902 4887 1167 4943 mirabilia
1200 4898 1306 4943 tua.
1363 4888 1607 4952 Domine,
1663 4887 1823 4943 dilexi
1871 4886 2120 4956 decorem

534 4999 564 5029 4
612 4979 802 5036 domus
833 4987 958 5046 tute,
993 4989 1049 5036 et
1090 4980 1265 5036 locum
1314 4980 1661 5035 habitationis
1681 4979 1864 5049 gloria:
1890 4987 2013 5031 tute.
2046 4975 2123 5029 Ne

534 5088 563 5118 4
610 5071 804 5140 perdas
828 5084 952 5125 cum
978 5068 1175 5139 impiis,
1225 5056 1648 5132 Deus,‘animam
1696 5081 1890 5129 meam,
1921 5072 1977 5118 et
2000 5077 2124 5116 eum

533 5179 565 5211 ‹
608 5161 743 5216 viris
762 5160 1083 5231 sanguinum
1108 5160 1270 5213 vitam
1307 5174 1502 5213 meam.
1532 5159 1587 5212 ln
1617 5172 1844 5228 quorum
1879 5156 2126 5211 manibus

536 5272 564 5304 ἰι
610 5254 923 5324 iniquitates
946 5261 1107 5308 sunt:
1137 5255 1358 5306 dextera
1387 5267 1574 5307 eorum
1601 5249 1801 5320 repleta
1831 5258 1915 5304 est
1942 5263 2131 5302 mune-

546 5366 565 5397 ‘
611 5348 783 5401 τίδιιε-
806 5346 918 5396 Επο
932 5355 1110 5394 “mem
1133 5345 1184 5390 ίη
1213 5345 1514 5397 innocentia
1539 5357 1657 5396 mea
1682 5343 1949 5394 ineressns
1970 5354 2120 5388 sum:

2209 2033 2383 2097 obest,
2420 2044 2519 2085 nec
2550 2027 2727 2084 alteri.
2764 2025 3042 2096 Ingressus
3072 2039 3209 2087 sum,
3240 2022 3294 2079 id
3337 2030 3443 2086 est,
3479 2021 3537 2075 in
3571 2018 3686 2076 hac
3710 2020 3805 2073 vita

2211 2124 2342 2189 vixi,
2362 2137 2484 2193 quae
2529 2119 2685 2191 quasi
2731 2118 2952 2189 quidam
3005 2116 3278 2187 ingressus
3324 2122 3410 2170 est
3462 2113 3517 2167 in
3550 2113 3803 2166 futuram.

2213 2220 2362 2285 Dico,
2394 2226 2657 2289 ingressus
2682 2230 2820 2270 sum.
2849 2212 2914 2268 Et
2942 2229 3045 2267 non
3070 2209 3397 2281 inﬁrmabor,
3433 2207 3486 2262 id
3534 2216 3649 2271 est,
3698 2220 3808 2275 per-

2213 2309 2472 2367 severabo
2494 2309 2546 2362 in
2578 2307 2664 2361 illa
2695 2304 3025 2369 iuramentis,
3057 2312 3236 2357 tamen
3277 2300 3344 2355 de
3373 2313 3463 2354 me
3506 2313 3621 2353 non
3673 2311 3805 2367 ιιι-ει

2213 2418 2456 2467 sumens,
2483 2402 2576 2457 sed
2598 2402 2651 2457 in
2684 2400 2908 2455 Domino
2929 2413 3165 2470 sperans,
3192 2395 3401 2451 scilicet
3422 2393 3601 2449 audeo
3632 2391 3706 2448 de
3728 2405 3806 2446 me

2212 2498 2317 2553 hoc
2334 2495 2668 2567 promittere.
2694 2493 2763 2548 Et
2782 2502 2839 2547 ut
2858 2505 2967 2547 non
2988 2488 3246 2553 inﬁrmer,
3269 2496 3411 2543 tenta
3434 2501 3541 2549 me,
3568 2483 3805 2543 Domine.

2214 2590 2267 2646 id
2301 2598 2405 2654 est,
2431 2587 2535 2643 duc
2559 2602 2645 2641 me
2672 2586 2725 2640 in
2745 2582 3134 2655 experientiam
3164 2579 3430 2643 laborum,
3460 2587 3518 2631 et
3545 2576 3629 2631 sic
3656 2574 3810 2644 probs

2212 2699 2317 2747 me,
2346 2683 2401 2737 id
2425 2688 2510 2737 cst
2544 2679 2829 2750 probatum
2853 2690 2939 2731 me
2966 2671 3098 2730 mihi
3127 2671 3356 2729 ostende
3381 2669 3628 2724 ﬁrmum.
3666 2664 3807 2721 Multi

2213 2776 2358 2833 enim
2379 2772 2481 2829 sibi
2500 2770 2711 2844 probati
2726 2768 2995 2833 videntur,
3014 2765 3107 2836 qui
3121 2778 3298 2819 senon
3325 2764 3698 2832 cognoscunt,
3719 2756 3804 2811 sed

2215 2869 2269 2924 in
2305 2865 2604 2923 tentatione
2650 2862 2976 2934 probantur;
3025 2865 3085 2912 ut
3116 2855 3329 2921 Petrus,
3385 2853 3480 2922 qui
3518 2851 3628 2907 sibi
3684 2848 3810 2905 satis

2214 2966 2471 3015 constans
2491 2955 2792 3017 videbatur,
2820 2966 2941 3007 cum
2979 2948 3227 3004 diceret:
3263 2944 3487 2999 Etiamsi
3525 2939 3813 3012 oportuerit

2215 3054 2447 3110 memori
2476 3061 2666 3115 tecum,
2694 3064 2798 3103 non
2835 3054 2883 3101 te
2907 3043 3103 3115 negabo
3150 3040 3365 3113 (Matth.
3405 3037 3584 3107 xxvi).
3631 3034 3813 3091 Potest

2216 3154 2271 3200 et
2296 3146 2375 3201 sic
2413 3139 2745 3199 continuari:
2780 3136 2891 3209 Ego
2919 3136 3034 3191 dixi
3062 3133 3205 3204 quod
3234 3149 3337 3187 non
3358 3129 3716 3200 inﬁrmabor;
3752 3141 3814 3180 ne

2219 3237 2344 3307 quid
2359 3244 2538 3290 tamen
2559 3229 2889 3288 occultorum
2905 3241 3144 3283 meorum
3168 3222 3459 3286 melateat,
3480 3222 3718 3276 ostende
3738 3232 3815 3273 me

2224 3327 2381 3392 mibi,
2407 3324 2612 3381 scilicet
2636 3321 2798 3393 proba
2824 3335 2929 3385 me,
2953 3317 3198 3380 Domine,
3226 3324 3275 3368 et
3306 3322 3449 3367 tenta
3476 3327 3583 3376 me,
3623 3311 3682 3364 id
3715 3319 3812 3369 est.

2223 3419 2308 3473 t'ac
2330 3425 2388 3470 ut
2415 3429 2516 3470 nec
2542 3411 2781 3469 delecter
2803 3409 2855 3463 in
2885 3406 3059 3471 vanis,
3081 3420 3180 3460 nec
3206 3401 3436 3473 cogitem
3466 3399 3534 3455 de
3560 3400 3812 3454 terrenis.

2221 3506 2289 3562 Et
2316 3515 2373 3561 ut
2397 3511 2631 3560 tentatus
2659 3501 2887 3571 prober:
2930 3514 3025 3552 ure
3049 3511 3196 3551 renes
3229 3508 3370 3547 meos
3418 3499 3468 3544 et
3496 3505 3593 3544 cor
3620 3504 3812 3543 meum.

2223 3596 2278 3652 Si
2300 3596 2426 3667 quid
2447 3603 2529 3649 est
2543 3594 2596 3647 in
2608 3588 3050 3647 delectationibus
3071 3584 3253 3641 carnis
3272 3598 3407 3637 mea:
3420 3579 3503 3636 vel
3534 3580 3818 3650 cogitatio-

2223 3688 2380 3742 nibus
2397 3684 2578 3740 cordis
2602 3682 2706 3736 mci
2729 3680 2869 3751 quod
2881 3679 2953 3735 sit
2973 3675 3386 3738 absumendum,
3409 3670 3614 3726 adhibe
3634 3670 3813 3740 ignem

2221 3777 2423 3834 amoris
2448 3776 2547 3841 tui,
2573 3775 2663 3844 qui
2696 3773 2823 3828 illud
2855 3780 3023 3828 totum
3075 3770 3326 3824 absumat
3348 3773 3408 3821 et
3438 3763 3599 3834 quasi
3628 3777 3814 3816 aurem

2222 3871 2277 3925 in
2301 3869 2522 3925 fornace
2544 3866 2828 3937 probatum
2857 3877 2942 3917 me
2970 3857 3328 3928 reddat(Sap.
3365 3855 3483 3923 Ill);
3518 3867 3673 3907 amor
3698 3860 3815 3905 tuus

2220 3960 2399 4018 omnia
2452 3967 2667 4013 terrena
2713 3971 2743 4009 a
2788 3950 3234 4009 delectationibus
3273 3947 3410 4001 meis
3455 3951 3727 4015 amputet,
3766 3948 3815 3994 et

2219 4050 2402 4107 omnia
2429 4062 2568 4103 vana
2611 4062 2641 4100 a
2693 4042 3152 4114 cogitationibus;
3205 4037 3310 4101 vel,
3366 4035 3420 4089 in
3455 4034 3814 4089 tentationmn

2221 4149 2354 4197 aestu
2393 4137 2476 4193 l'ac
2514 4147 2571 4192 ut
2601 4135 2985 4191 delectationes
3014 4143 3070 4187 et
3130 4127 3486 4200 cogitationes
3541 4139 3674 4179 mese
3714 4137 3815 4176 non

2220 4232 2590 4287 ahsumantur.
2622 4227 2690 4282 Et
2739 4225 2932 4281 merito
2979 4238 3108 4294 rogo
3144 4230 3204 4275 ut
3231 4234 3373 4282 uras,
3399 4226 3676 4279 utseces;
3740 4210 3817 4265 vel

2220 4322 2415 4379 merito
2443 4335 2572 4391 rogo
2602 4328 2659 4373 ut
2688 4326 2883 4381 tentes,
2917 4325 2976 4369 ut
3011 4316 3061 4369 in
3105 4319 3383 4368 certamen
3433 4307 3636 4362 ducas:
3689 4303 3812 4374 quia

2221 4412 2334 4468 scio
2357 4411 2410 4464 in
2432 4409 2535 4463 hoc
2565 4422 2686 4462 esse
2709 4403 3128 4460 misericordiam
3165 4412 3332 4463 luant,
3354 4413 3461 4467 qua
3495 4395 3646 4451 velut
3664 4401 3817 4462 pater

2218 4501 2458 4573 ﬂagellas
2493 4512 2706 4553 omnem
2740 4496 2905 4550 lilium
2929 4510 3089 4563 quem
3129 4490 3323 4560 recipis
3347 4486 3512 4559 (Heb.
3547 4484 3682 4555 xu);
3705 4483 3815 4537 scio

2226 4593 2355 4646 mihi
2386 4591 2487 4645 hoc
2524 4602 2647 4643 esse
2674 4587 2740 4639 ad
2767 4581 3309 4643 consummationem,
3330 4591 3437 4631 non
3461 4576 3533 4629 ad
3559 4588 3815 4629 consum—

2224 4684 2482 4753 ptionem.
2532 4679 2599 4733 Et
2643 4679 2746 4733 hoc
2791 4684 2875 4731 est
2916 4673 3058 4744 quod
3104 4672 3268 4735 dicit,
3307 4668 3565 4739 quoniam
3608 4664 3814 4719 miseri-

2218 4752 2401 4827 cordia
2437 4780 2528 4823 tua
2567 4778 2686 4822 ante
2715 4765 2892 4820 oculos
2938 4778 3078 4817 meos
3122 4771 3218 4825 est,
3246 4766 3374 4813 ante
3415 4756 3609 4812 oculos
3641 4752 3815 4809 cordis

2225 4862 2349 4933 mei.
2372 4859 2439 4914 Et
2474 4860 2592 4914 ideo
2616 4854 2904 4926 complacui
2932 4852 3065 4908 mihi
3085 4850 3366 4905 inreritate
3400 4858 3516 4912 tua,
3543 4846 3596 4900 id
3629 4854 3730 4906 est,
3764 4842 3815 4894 in

2224 4952 2492 5007 mandatis
2520 4950 2640 5013 tuis,
2673 4964 2793 5019 quae
2813 4961 2940 5001 vera
2971 4953 3126 5000 sunt:
3162 4942 3245 4997 vel
3274 4941 3327 4995 in
3351 4938 3456 4994 ﬁde
3482 4937 3690 4994 Christi
3714 4934 3812 4996 tui,

2226 5047 2317 5116 qni
2349 5046 2496 5115 prius
2524 5042 2656 5098 mihi
2683 5040 2927 5112 displicui
2960 5041 3012 5093 in
3039 5035 3320 5093 mendacio
3348 5048 3504 5098 meo;
3528 5031 3619 5086 vel
3656 5033 3710 5085 in
3735 5046 3814 5083 re-

2228 5140 2379 5191 ritate
2404 5147 2494 5190 tua
2514 5149 2676 5204 quam
2703 5143 2756 5187 tu
2793 5146 2877 5186 me
2904 5129 3159 5193 docuisti,
3189 5126 3397 5182 scilicet
3418 5134 3472 5180 te
3496 5139 3621 5179 esse
3648 5124 3810 5178 Deum

2229 5242 2431 5293 meum,
2446 5239 2554 5281 non
2579 5223 2774 5296 gulam,
2803 5236 2908 5276 non
2930 5233 3195 5284 ventrem,
3212 5233 3319 5273 non
3342 5216 3581 5285 aliquam
3605 5222 3814 5270 creatu-

2229 5335 2365 5373 ram.
2396 5318 2451 5368 In
2490 5317 2593 5366 hac
2615 5315 2842 5362 veritate
2867 5311 3186 5363 eomnlactti.
3220 5307 3346 5363 Non
3387 5307 3502 5360 sedi
3528 5323 3657 5361 cum
3686 5320 3813 5361 m-
