3930 5664
85 365 211 418 9.75

1268 371 1794 434 ENARRATIONES
1831 379 1895 432 IN
1933 369 2265 441 psamtosi

3277 393 3378 446 Ti!
3402 403 3404 406 '

92 471 246 533 tium
286 481 450 535 mala.
499 479 562 533 Et
619 498 731 534 cum
762 483 955 553 impiis,
1013 483 1064 537 id
1109 492 1210 548 est,
1263 501 1362 540 nec
1410 487 1574 542 Deum
1607 505 1704 544 nec
1734 492 1778 552 A
1807 492 1914 564 egit
1943 492 1993 547 in
2017 496 2284 552 mandatis
2313 496 2416 552 tuis
2443 513 2562 569 qua:
2590 499 2791 556 directa
2821 511 2966 554 sunt.
2995 500 3087 556 Vel
3131 502 3182 555 in
3214 501 3378 572 justi-

91 572 431 638 proximum
493 571 856 640 diligentibus,
913 589 1015 627 non
1059 574 1262 637 sedebo,
1296 575 1608 631 delectando
1647 578 1698 632 in

93 678 308 716 eorum
341 665 644 733 impietate:
678 664 728 717 hi
761 674 883 717 sunt
906 665 1162 720 lueretici.
1196 665 1399 720 Lat-alto
1425 667 1702 732 autem,id

93 762 184 808 est
210 753 540 824 purilicaho.
563 770 749 806 manus
777 771 940 818 meas,
987 755 1035 809 id
1067 765 1149 810 est
1202 771 1363 827 opera
1401 772 1542 823 mea,
1569 758 1704 810 inter

93 846 440 907 innocentes,
472 845 521 898 id
557 853 638 898 est
667 845 927 900 imitando
953 845 1290 911 innocentes,
1330 857 1383 902 et
1422 849 1522 902 hoc
1547 847 1702 901 modo

92 953 203 992 ens
235 938 388 992 inter
418 952 534 1001 eos,
568 938 632 992 ad
662 939 1067 994 similitudinem
1097 939 1411 1004 sacerdotis,
1436 941 1524 1009 qui
1555 940 1702 1010 prius

93 1047 155 1085 sc
179 1031 360 1094 lavat,
395 1041 447 1085 et
476 1031 552 1084 sic
580 1030 645 1084 ad
683 1030 850 1085 altare
882 1032 1106 1086 accedit.
1139 1033 1206 1088 Et
1228 1045 1350 1104 post
1378 1033 1699 1088 lavationem

91 1137 374 1176 manuum
397 1121 729 1176 circumdabo
745 1121 1089 1188 altaretuum,
1109 1124 1346 1191 Domine,
1364 1126 1414 1180 id
1427 1124 1697 1190 est,lidem

95 1223 254 1268 tuam
281 1228 450 1282 quam
474 1213 664 1267 dedisti
710 1213 865 1277 mihi,
892 1213 944 1267 in
972 1231 1078 1283 qua
1098 1214 1246 1270 locus
1267 1228 1348 1270 est
1379 1217 1491 1271 veri
1533 1219 1701 1275 sacri-

93 1301 232 1365 l‘u-ii,
255 1303 472 1356 ornabo
488 1302 644 1359 bonis
658 1303 930 1372 operibus,
955 1311 1012 1357 ut
1027 1304 1196 1360 altare
1214 1315 1439 1360 ornatur
1454 1306 1630 1376 palliis
1645 1319 1699 1364 et

91 1394 219 1447 aliis
251 1395 618 1450 ornamentis.
670 1394 783 1461 Vel,
823 1397 1160 1452 circumdabo
1208 1399 1376 1454 altare
1423 1411 1592 1468 tuum,
1647 1404 1697 1458 id

88 1495 198 1546 est,
224 1501 389 1538 aram
411 1487 707 1540 cordismei
729 1488 934 1542 ornabo
959 1489 1121 1542 variis
1135 1489 1450 1545 virtutibus:
1471 1492 1696 1549 ubivola

87 1575 175 1628 vel
205 1577 487 1641 vovenda,
511 1585 635 1630 sunt
657 1588 709 1630 el
735 1577 1011 1632 solvenda.
1044 1579 1164 1634 Ideo
1188 1581 1394 1635 ornabo
1419 1581 1500 1636 vel
1539 1583 1696 1637 fidem

86 1683 277 1722 meam
304 1667 468 1723 bonis
487 1669 739 1739 operibus
810 1670 890 1724 vel
925 1686 1020 1725 cor
1049 1687 1226 1727 meum
1280 1673 1587 1739 virtutibus,
1641 1684 1696 1727 ut

85 1759 347 1822 audiam,
389 1758 597 1814 scilicet
633 1775 660 1812 a
696 1760 885 1828 spiritu
917 1760 968 1814 in
1025 1775 1112 1814 me
1147 1763 1488 1832 praesidente,
1528 1779 1695 1818 vocem

85 1832 322 1912 laudis;
361 1859 418 1902 ut
474 1865 604 1904 aure
633 1851 812 1905 contis
863 1852 1100 1916 audiam,
1157 1853 1208 1907 id
1257 1863 1361 1921 est,
1401 1855 1692 1926 intelligam
1729 1844 1770 1899 Ιῖ

87 1953 213 2005 qua:
245 1939 324 1992 sit
343 1954 448 1992 vox
487 1937 573 1992 illa
604 1955 723 2010 quae
751 1949 802 1995 te
842 1939 1042 2008 laudat,
1079 1942 1282 1998 scilicet
1335 1943 1474 1998 bona
1504 1945 1611 2000 vita
1645 1955 1698 2000 et

87 2030 234 2083 bona
287 2031 655 2086 conversatio.
680 2033 775 2086 Vel
802 2033 1017 2088 audiam
1045 2051 1214 2090 vocem
1263 2035 1458 2102 laudis,
1493 2036 1698 2094 scilicet

88 2136 283 2175 veram
319 2132 377 2176 et
406 2124 553 2177 cordi
587 2138 876 2179 consonam
905 2143 918 2180 :
954 2134 1080 2182 tunc
1133 2127 1479 2196 intelligimus
1511 2144 1695 2185 vocem

90 2211 274 2266 laudis
303 2228 429 2266 cum
457 2229 520 2268 ex
545 2230 682 2284 puro
702 2217 863 2270 corde
889 2232 1071 2271 vocem
1116 2219 1410 2288 procedere
1449 2220 1701 2292 intelligi-

90 2317 236 2356 mus.
263 2303 405 2369 Qua:
435 2313 519 2358 est
554 2305 643 2358 illa
674 2321 777 2360 vox
813 2307 1020 2361 laudis?
1057 2307 1211 2365 Htec:
1246 2321 1293 2364 et
1323 2327 1560 2366 enarrem
1581 2312 1699 2366 uni-

89 2411 243 2447 rersa
300 2396 567 2450 mirabilia
617 2408 726 2461 tua,
780 2399 1034 2455 interiora
1090 2411 1148 2456 et
1190 2403 1503 2458 exteriora:
1555 2402 1696 2472 quod

92 2485 382 2540 hominem
436 2487 763 2543 mirabiliter
801 2505 956 2546 creas
984 2490 1135 2556 foris,
1169 2491 1472 2547 mirabilius
1518 2501 1695 2547 autem

94 2576 243 2630 intus
263 2591 508 2632 recreas.
541 2577 710 2646 Maius
729 2580 871 2634 enim
895 2580 960 2636 de
977 2579 1138 2636 Saule
1166 2591 1514 2651 persecutore
1538 2583 1696 2638 disci-

92 2665 283 2732 pulum
309 2666 492 2722 facere
521 2683 681 2738 quam
703 2669 970 2725 Lazarum
996 2671 1062 2726 de
1093 2681 1440 2728 monumento
1461 2674 1698 2728 resusci-

96 2767 235 2822 tare,
277 2759 544 2829 quidquid
579 2761 700 2815 boni
727 2763 921 2828 habeo,
948 2763 1041 2818 tibi
1084 2764 1372 2819 attribuam
1397 2782 1412 2818 :
1438 2765 1696 2835 quidquid

94 2851 246 2915 mali,
274 2851 434 2905 mihi.
470 2853 564 2907 Vel
592 2853 881 2925 intelligam
911 2855 1144 2925 qualiter
1172 2856 1472 2911 laudandus
1513 2857 1614 2922 sis,
1644 2869 1698 2912 et

96 2956 350 2997 enarrem
383 2943 522 2998 aliis.
574 2943 696 2999 ldeo
725 2946 862 3000 inter
909 2948 1206 3002 innocentes
1255 2948 1439 3003 lavabo
1482 2965 1694 3014 manus,

95 3033 175 3085 vel
204 3035 332 3090 ideo
385 3036 720 3090 circnmdabo
772 3038 939 3092 altare
989 3048 1168 3092 tuum:
1199 3039 1344 3109 quia,
1372 3054 1406 3092 ο
1454 3039 1695 3105 Domine,

97 3125 257 3178 dilexi
315 3126 553 3179 decorem
616 3127 800 3180 domus
861 3137 988 3189 tua',
1041 3129 1091 3181 id
1139 3137 1241 3192 est,
1292 3128 1561 3196 perfectos
1607 3130 1695 3199 qui

98 3226 224 3270 sunt
269 3227 652 3272 ornamentum
706 3219 959 3274 Ecclesia:
1019 3227 1144 3283 tute,
1191 3221 1281 3289 qui
1334 3229 1460 3274 sunt
1495 3198 1696 3288 lapides
1725 3205 1766 3261 (ἶ

97 3307 339 3375 pretiosi.
392 3306 460 3360 Et
515 3305 686 3362 locum
727 3308 1062 3362 habitationis
1109 3308 1288 3378 gloria:
1338 3319 1462 3374 tute,
1495 3310 1547 3364 id
1590 3317 1689 3370 est,

99 3398 216 3452 illos
246 3397 304 3451 in
330 3397 527 3466 quibus
553 3397 818 3452 inhabitat
838 3397 1005 3468 gloria
1035 3405 1150 3458 tua,
1174 3397 1262 3468 qui
1289 3399 1420 3452 nihil
1445 3399 1568 3461 sibi,
1599 3401 1693 3453 sed

102 3494 271 3541 totum
303 3487 687 3541 misericordia:
733 3496 836 3540 tua:
892 3488 1212 3541 attribuunt.
1273 3488 1341 3542 Et
1396 3489 1536 3551 ideo,
1567 3490 1692 3559 quia

98 3578 187 3632 hic
235 3577 522 3632 moraliter
567 3587 846 3646 separatus
877 3593 993 3633 sum
1030 3578 1098 3631 ab
1135 3579 1334 3648 impiis,
1397 3596 1460 3634 ne
1503 3579 1692 3650 perdas

100 3687 214 3723 cum
244 3671 440 3740 impiis,
476 3669 634 3734 Deus,
659 3670 890 3725 animam
917 3687 1118 3735 meam;
1148 3672 1274 3741 quia
1319 3686 1425 3726 non
1477 3670 1693 3726 fuerunt

99 3775 311 3813 mecum
361 3759 413 3811 in
443 3759 788 3829 generatione
838 3761 1031 3828 prima,
1075 3777 1180 3815 non
1213 3761 1440 3815 habeam
1485 3771 1692 3830 partem

100 3863 220 3901 eum
241 3849 326 3901 eis
370 3848 423 3901 in
450 3848 796 3917 generatione
824 3849 1089 3902 secunda:
1123 3865 1241 3903 cum
1279 3850 1472 3919 impiis,
1514 3849 1563 3904 id
1584 3859 1689 3916 est,

101 3953 218 3991 cum
243 3937 351 3991 illis
375 3937 468 4007 qui
489 3938 556 3993 ab
578 3937 852 4007 impietate
882 3953 977 3992 sua
1007 3954 1281 4009 nunquam
1309 3940 1588 3995 recedunt.
1622 3939 1690 3994 Et

102 4045 215 4082 cum
265 4027 393 4081 viris
432 4028 765 4098 sanguinttm,
823 4027 875 4082 id
901 4037 1002 4094 est,
1039 4044 1161 4084 cum
1191 4030 1316 4085 odio
1369 4031 1692 4088 habentibus

101 4121 320 4174 fratrem
343 4134 524 4183 suum,
549 4119 599 4174 id
625 4130 709 4175 est
753 4120 1039 4176 hcereticis.
1069 4119 1252 4176 Omnis
1273 4123 1416 4177 enim
1468 4124 1555 4193 qui
1581 4125 1690 4178 odit

101 4210 316 4279 fratrem
332 4227 507 4276 suum,
522 4211 782 4265 homicida
795 4220 868 4266 est
883 4211 934 4283 (1
948 4210 1109 4267 Joan.
1136 4213 1240 4284 ιιι),
1256 4230 1318 4268 ne
1330 4215 1518 4282 perdas
1532 4217 1689 4270 vitam

101 4317 291 4365 meam,
324 4301 380 4356 id
406 4310 510 4366 est,
541 4317 607 4356 ne
649 4303 892 4356 damnes.
921 4302 1001 4356 llli
1031 4303 1227 4358 merito
1261 4303 1604 4371 damnantur,
1635 4307 1690 4361 in

100 4406 318 4458 quorum
341 4391 603 4456 manibus,
635 4391 687 4446 id
715 4400 798 4446 est
833 4392 1106 4462 operibus,
1138 4395 1436 4465 iniquitates
1465 4405 1607 4461 sunt,
1637 4397 1688 4452 id

99 4487 200 4542 est,
229 4479 324 4548 qui
349 4493 627 4548 nunquam
652 4489 945 4550 operantur
971 4482 1072 4536 nisi
1098 4481 1434 4551 iniustitiam.
1469 4483 1689 4539 Dextera

99 4586 296 4634 eorum,
324 4569 380 4623 id
424 4577 528 4634 est,
579 4569 626 4624 si
660 4585 764 4640 qua
793 4586 979 4626 eorum
1008 4588 1172 4643 opera
1201 4575 1474 4629 nvideatur
1523 4576 1685 4643 bona,

99 4662 287 4729 repleta
338 4670 415 4715 est
481 4660 802 4717 muneribus.
851 4664 947 4718 Est
996 4665 1140 4718 enim
1189 4681 1386 4720 munus
1436 4681 1465 4719 a
1502 4682 1686 4734 manu,

101 4768 288 4807 munus
312 4768 341 4806 a
375 4752 578 4825 lingua,
601 4769 796 4809 munus
821 4757 889 4810 ab
919 4754 1112 4812 olﬁcio.
1147 4752 1307 4813 Tales
1354 4767 1546 4828 putant
1574 4761 1688 4830 pie-

100 4853 256 4898 tatem
285 4858 411 4900 esse
431 4853 728 4913 quaestum;
758 4846 946 4900 nolunt
986 4847 1276 4918 quidquam
1323 4851 1557 4920 operari,
1582 4852 1684 4906 nisi

97 4937 158 4990 ad
181 4937 398 4991 laudem
411 4937 726 4992 humanam.
757 4938 870 5008 Ego
883 4949 1058 4995 autem
1075 4941 1337 5011 ingressus
1351 4959 1487 5008 sum,
1516 4944 1683 5012 idest,

98 5031 196 5083 vixi
215 5031 271 5084 in
299 5031 600 5084 innocentia
634 5047 749 5084 mea
780 5041 1098 5100 przerogata,
1127 5034 1179 5088 id
1209 5043 1293 5089 est
1330 5050 1685 5105 perseveran-

97 5130 169 5175 ter
191 5123 238 5175 in
268 5136 333 5175 ea
357 5121 469 5191 egi,
499 5137 604 5176 non
642 5122 1025 5191 perfunctorie.
1052 5125 1119 5179 Et
1144 5125 1262 5180 ideo
1289 5126 1482 5182 redime
1510 5145 1592 5185 me
1614 5130 1682 5186 ad

96 5214 581 5270 conformationem
628 5230 850 5280 eorum;
889 5216 1124 5284 quandiu
1177 5217 1320 5272 enim
1367 5218 1420 5273 in
1466 5220 1568 5278 hoc
1599 5231 1680 5276 ta-

95 5307 382 5362 bernaculo
413 5321 537 5360 sum
559 5347 574 5370 ,
620 5307 912 5378 implicitus
953 5325 1080 5365 sum.
1108 5326 1294 5368 eorum
1319 5313 1682 5383 perplexioni-

95 5399 202 5463 bus,
239 5399 625 5455 conversando
654 5413 776 5453 cum
818 5399 916 5455 eis.
960 5401 1026 5456 Et
1051 5405 1261 5458 tandem
1284 5405 1525 5460 miserere
1552 5408 1674 5471 mei,

95 5490 262 5556 idest,
285 5507 316 5545 a
354 5489 582 5544 miseria
610 5489 770 5561 hujus
798 5491 923 5544 vitae
965 5507 1048 5548 me
1090 5495 1310 5564 eripias,
1343 5495 1590 5554 faciendo
1613 5497 1679 5552 de

96 5582 298 5636 mortali
333 5580 738 5645 immortalem,
780 5582 845 5636 de
865 5584 1107 5651 passibili
1140 5587 1546 5656 impassibilem.
1610 5589 1678 5643 Et

1805 584 1902 648 tia,
1928 585 2010 640 vel
2040 586 2092 639 in
2122 589 2340 655 directo,
2370 590 2420 644 id
2449 592 2604 646 estin
2639 603 2718 658 te,
2752 595 2873 664 quia
2901 610 2996 665 pes
3025 596 3218 650 animm
3243 612 3375 652 nica:
3413 629 3416 633 -

1803 689 1908 729 non
1934 685 2015 730 est
2045 677 2224 747 lapsus
2254 681 2319 734 ad
2347 681 2545 736 malum
2565 726 2578 746 ,
2611 694 2696 739 tua
2744 686 3118 742 misericordia
3146 697 3249 741 est.
3308 687 3376 741 Et
3421 742 3428 746 .

1801 763 1921 819 ideo
1942 766 2236 822 benedicam
2265 780 2332 836 te,
2368 770 2606 839 Domine,
2641 775 2695 829 in
2727 773 2998 842 Ecclesiis,
3031 777 3082 831 id
3111 786 3213 836 est,
3247 793 3376 847 aug-

1803 856 2054 909 mentabo
2081 856 2288 912 laudem
2322 870 2494 929 tuam,
2531 862 2913 921 subinl’ercndo
2962 864 3230 922 dilectioni
3273 873 3377 921 tute

1801 944 2145 1002 dilectionem
2175 950 2429 1017 proximi.

2320 1065 2636 1124 PSALMUS
2691 1068 2879 1125 XXVI.

1870 1191 1924 1229 ΙΝ
1964 1191 2121 1232 ΗΝΕΙ
2159 1194 2391 1236 Ρειιιιιιυε
2436 1198 2595 1238 »Δι’-ιι)
2647 1201 2943 1250 Ριιιιιεουμι
2981 1204 3298 1243 ιικιιιεγιιιι.

1876 1284 1894 1316 ι
1943 1267 2201 1324 Dominus
2230 1270 2550 1328 illuminatio
2577 1291 2693 1330 mea
2741 1287 2798 1332 et
2845 1278 2992 1334 salus
3018 1293 3160 1346 mea,
3203 1271 3374 1349 quem

1805 1373 1824 1406 α
1865 1355 2105 1412 timebo?
2129 1359 2386 1417 Dominus
2412 1373 2685 1432 protector
2707 1369 2832 1423 vita:
2854 1383 3002 1430 meze.
3031 1384 3060 1424 a
3079 1386 3184 1440 quo
3205 1372 3372 1442 trepi-

1805 1463 1823 1495 ι
1860 1445 2034 1502 dabo?
2053 1449 2188 1504 Dum
2203 1454 2518 1522 appropiant
2545 1470 2708 1524 super
2722 1473 2807 1513 me
2846 1468 3120 1526 nocentes,
3135 1469 3197 1516 ut
3211 1461 3376 1516 edant

1805 1555 1823 1586 ‹
1866 1553 2057 1592 carnes
2106 1555 2274 1596 meas.
2299 1543 2398 1609 Qui
2444 1545 2707 1600 tribulant
2753 1563 2839 1602 me
2865 1549 3067 1604 inimici
3098 1550 3223 1615 mei,
3268 1550 3370 1621 ipsi

1805 1649 1822 1678 ι
1854 1629 2108 1686 inﬁrmati
2123 1643 2266 1699 sunt,
2285 1637 2680 1692 etceciderunt.
2701 1638 2757 1694 Si
2773 1641 3070 1698 consistant
3087 1642 3396 1698 adversum-

1804 1741 1822 1772 ι
1869 1740 1954 1780 me
1980 1734 2178 1793 castra,
2204 1743 2307 1784 non
2342 1731 2551 1787 timebit
2576 1748 2670 1788 cor
2703 1749 2902 1789 meum.
2933 1733 2988 1788 Si
3009 1742 3263 1805 exsurgat
3287 1735 3375 1789 ad-

1806 1835 1824 1866 ‹
1869 1832 2082 1872 versum
2113 1835 2200 1876 me
2219 1823 2552 1892 pratlium,in
2577 1825 2678 1882 hoc
2702 1842 2801 1897 ego
2827 1827 3073 1896 sperabo.
3095 1826 3267 1882 Unam
3284 1841 3374 1895 pe-

1805 1925 1846 1958 ι.
1873 1908 1932 1962 tii
1949 1907 2238 1974 aDomino,
2267 1912 2407 1970 hanc
2432 1916 2803 1984 requiram,ut
2828 1916 3120 1972 inhabilem
3141 1917 3192 1970 in
3217 1917 3378 1972 domo

1804 2013 1822 2044 ι
1871 1996 2081 2053 Domini
2100 2001 2350 2058 omnibus
2372 2003 2559 2059 diebus
2592 2006 2713 2060 vita:
2733 2021 2884 2060 mem.
2903 2006 2975 2060 Ut
2999 2006 3208 2060 videam
3228 2006 3379 2060 volu-

1805 2105 1823 2136 ι
1870 2096 2071 2156 ptatem
2087 2091 2318 2158 Domini,
2345 2102 2400 2149 et
2419 2094 2631 2150 visitcm
2661 2096 2913 2166 templum
2943 2096 3076 2167 ejus.
3111 2095 3374 2166 Quoniam

1804 2197 1823 2228 ι
1868 2179 2148 2235 abscondit
2185 2197 2268 2238 me
2296 2183 2349 2238 in
2377 2185 2723 2240 tabernaculo
2758 2201 2855 2241 suo
2885 2186 2936 2240 in
2967 2187 3053 2241 die
3084 2187 3373 2251 malorum,

1805 2289 1823 2319 ε
1870 2273 2102 2339 protexit
2123 2289 2209 2328 me
2241 2274 2291 2328 in
2321 2275 2638 2331 abscondito
2670 2279 2998 2334 tabernaculi
3031 2279 3208 2333 sui.ln
3226 2287 3374 2350 petra

1805 2383 1822 2414 ι
1869 2366 2126 2422 exaltavit
2157 2384 2261 2434 me,
2289 2379 2345 2425 et
2369 2387 2512 2427 nunc
2535 2373 2795 2428 exaltavit
2826 2387 3180 2444 caputmeum
3212 2390 3374 2445 super

1805 2473 1823 2503 ε
1853 2455 2098 2512 inimicos
2113 2473 2278 2515 meos.
2295 2459 2582 2516 Circumivi
2600 2473 2654 2517 et
2669 2465 2937 2518 immolavi
2953 2465 3005 2518 in
3025 2463 3370 2519 tabernaculo

1805 2565 1822 2596 ι
1869 2547 1988 2618 ejus
2010 2550 2244 2607 hostiam
2273 2551 2716 2621 vociferationis;
2757 2557 3005 2619 cantabo,
3033 2568 3088 2612 et
3108 2558 3372 2626 psalmum

1805 2655 1824 2686 ι
1867 2638 2040 2692 dicam
2062 2640 2307 2695 Domino.
2336 2641 2562 2706 Exaudi,
2583 2644 2830 2710 Domine,
2853 2662 3039 2700 vocem
3065 2662 3237 2700 meam
3268 2661 3378 2717 qua

1804 2744 1822 2777 i
1866 2727 2093 2782 clamavi
2121 2730 2188 2783 ad
2238 2737 2325 2794 te;
2355 2732 2615 2787 miserere
2647 2735 2752 2788 mei
2779 2744 2833 2788 et
2862 2736 3053 2790 exaudi
3103 2751 3208 2790 me.
3249 2735 3372 2790 Tibi

1803 2833 1821 2864 α
1870 2815 2007 2870 dixit
2033 2832 2128 2872 cor
2152 2833 2351 2884 meum,
2388 2821 2677 2888 exquisivit
2706 2830 2756 2877 te
2785 2821 2956 2879 facies
3007 2839 3146 2885 mea.
3178 2824 3370 2879 faciem

1804 2923 1822 2954 ι
1869 2914 2039 2972 tuam,
2057 2906 2301 2972 Domine,
2326 2910 2620 2978 requiram.
2637 2910 2714 2967 Ne
2731 2922 2945 2969 avertas
2969 2914 3156 2968 faciem
3184 2923 3373 2968 tuama

1805 3013 1822 3045 (
1865 3011 1971 3060 me,
2001 3011 2067 3051 ne
2113 2996 2349 3054 declines
2379 2999 2432 3053 in
2465 2999 2544 3054 ira
2581 3016 2611 3053 a
2643 3017 2798 3056 servo
2832 3013 2941 3056 tuo.
2967 3001 3194 3073 Adjutor
3221 3017 3374 3057 meus

1804 3107 1822 3139 ι
1865 3098 2002 3152 esto,
2027 3104 2095 3143 ne
2119 3089 2460 3160 derelinquas
2489 3108 2598 3156 me,
2623 3109 2796 3164 neque
2809 3094 3074 3163 despicias
3095 3109 3204 3159 me,
3230 3095 3372 3149 Deus

1868 3179 2124 3234 salutaris
2148 3195 2318 3236 meus.
2351 3181 2612 3247 Quoniam
2631 3193 2786 3253 pater
2803 3200 2956 3241 meus.
2973 3194 3024 3238 et
3056 3194 3228 3238 mater
3252 3200 3368 3242 mea

1804 3287 1822 3319 ι
1865 3268 2392 3338 dereliqueruntme,
2423 3271 2683 3326 Dominus
2718 3283 2906 3330 autem.
2940 3275 3232 3342 assumpsit
3261 3289 3368 3328 me.

1800 3379 1818 3410 ‹
1864 3359 2060 3429 Legem
2077 3376 2217 3430 pone
2240 3361 2391 3427 mihi,
2414 3362 2670 3432 Domine,
2687 3364 2738 3418 in
2758 3364 2840 3418 via
2871 3373 2979 3427 tua,
3003 3372 3057 3418 ct
3085 3364 3255 3434 dirige
3285 3380 3370 3417 me

1799 3470 1817 3502 ι
1865 3452 1915 3506 ἰη
1931 3452 2120 3507 semita
2138 3460 2283 3507 recta
2295 3454 2774 3524 propterinimicos
2792 3471 2960 3511 meos.
2981 3456 3057 3509 Ne
3085 3455 3368 3510 tradideris

1799 3559 1816 3590 ι
1861 3542 2016 3596 mein
2035 3541 2245 3596 animas
2275 3542 3042 3615 tribulantiumme,quoniam
3073 3545 3371 3599 insurrexe-

1799 3647 1816 3680 ι
1862 3639 1990 3685 runt
2016 3630 2068 3684 in
2112 3644 2198 3684 me
2227 3639 2390 3686 testes
2421 3632 2608 3702 iniqui,
2661 3642 2716 3687 et
2745 3634 2968 3687 mentita
2999 3642 3082 3686 est
3110 3633 3369 3702 iniquitas

1798 3739 1824 3794 «ι
1862 3721 2174 3776 sibi.Credo
2195 3721 2378 3776 videre
2406 3722 2543 3777 bona
2561 3723 2770 3777 Domini
2799 3723 2850 3778 in
2878 3733 3019 3779 terra
3045 3723 3360 3776 viventium.

1798 3833 1819 3864 ι
1861 3813 2123 3883 Exspecta
2147 3811 2450 3873 Dominum,
2487 3814 2716 3868 viriliter
2750 3830 2890 3884 age:
2944 3823 2999 3869 et
3042 3812 3375 3875 eonl‘ortetur

1798 3919 1816 3968 ς
1862 3917 1954 3956 cor
1985 3911 2134 3956 tuum
2163 3909 2216 3956 et
2239 3902 2444 3958 sustine
2476 3903 2780 3959 Dominum.
2830 3923 2848 3955 ι

2343 4017 2794 4074 ΕΝΑΒΒΑΤΙΟ.

1865 4127 2111 4183 Psalmus
2133 4128 2300 4182 David
2324 4129 2626 4200 priusquam
2649 4129 2909 4183 (iniretur.
2927 4128 3124 4184 Tribus
3157 4127 3382 4183 vicibus.

1792 4229 1986 4275 unctus
2023 4220 2215 4291 legitur
2255 4220 2462 4274 David:
2505 4221 2653 4290 prius
2697 4220 2748 4274 in
2789 4221 2949 4274 domo
2983 4219 3154 4289 patris
3191 4233 3220 4271 a
3265 4217 3364 4272 Sa-

1791 4313 1967 4367 mnele
2026 4314 2195 4367 misso
2244 4327 2273 4365 a
2329 4312 2557 4366 Domino
2597 4321 2719 4382 post
2768 4311 3199 4381 reprobationem
3237 4309 3368 4363 Saul

1793 4406 1861 4478 (1
1893 4407 2022 4477 Reg.
2053 4404 2183 4476 xw)
2215 4422 2229 4470 ;
2291 4405 2527 4459 secundo
2567 4404 2618 4457 in
2661 4402 2901 4466 Hebr-on,
2934 4401 3092 4455 tertio
3127 4401 3178 4456 in
3213 4398 3387 4453 Jeru--

1793 4499 1985 4560 salem,
2059 4498 2274 4567 quando
2321 4498 2646 4551 constitutus
2691 4506 2777 4551 est
2826 4508 2919 4549 rex
2975 4509 3143 4564 super
3199 4493 3383 4548 Israel.

1793 4589 1903 4658 (11
1938 4590 2058 4659 Reg.
2094 4605 2131 4642 ιι
2160 4599 2207 4642 et
2247 4605 2278 4643 v
2307 4589 2345 4658 ).
2394 4589 2459 4642 Et
2501 4598 2628 4642 ante
2669 4588 2808 4644 hanc
2848 4587 3100 4640 ultimam
3140 4595 3196 4640 et
3239 4600 3386 4655 per—t

1794 4679 1986 4734 lectam
2027 4682 2330 4735 unctionem
2359 4681 2598 4734 cantavit
2641 4679 2782 4734 hunc
2821 4678 3085 4748 psalmum
3121 4677 3383 4732 Domino”

1794 4768 2146 4840 Ungebanlur
2181 4777 2360 4823 autem
2422 4770 2578 4838 prius
2618 4769 2702 4823 lue
2745 4768 2864 4823 dua:
2897 4782 3160 4838 personat,
3193 4781 3284 4820 rex
3311 4774 3380 4818 et.

1793 4860 2084 4915 sacerdos:
2131 4859 2182 4913 in
2213 4859 2407 4928 quibus
2443 4859 2690 4915 Christus
2730 4857 3180 4930 praeﬁgurabatur
3209 4870 3377 4909 verus.

1793 4952 1908 5006 Rex
1931 4963 1984 5008 et
2012 4967 2171 5007 verus
2197 4951 2486 5017 Sacerdos,
2515 4962 2712 5009 unctus
2734 4968 2840 5007 non
2863 4949 3374 5022 corruptibili.oleo,.

1791 5045 1885 5098 sed
1918 5044 2069 5115 plena
2111 5046 2282 5113 gratia
2319 5042 2555 5113 Spiritus
2594 5045 2808 5100 sancti:
2851 5044 3027 5102 factus
3051 5038 3374 5096 immortalis

1791 5135 1926 5201 ilex,
1958 5146 2014 5190 et
2041 5135 2306 5191 assistens
2332 5135 2445 5190 Deo
2477 5136 2624 5192 Patri
2664 5150 2825 5190 verus
2852 5131 3126 5195 Pontifex,
3157 5139 3370 5194 semper-

1788 5227 2135 5296 iuterpellans
2177 5243 2275 5298 pro
2302 5228 2458 5282 nobis
2498 5229 2687 5300 (llebr.
2719 5227 2815 5296 vn)
2841 5242 2856 5281 :
2884 5227 3041 5296 cujus
3069 5231 3282 5286 corpus,
3314 5215 3366 5267 id

1785 5326 1868 5371 est
1900 5318 2156 5378 Ecclesia,
2217 5319 2366 5388 prius
2405 5335 2549 5374 nunc
2588 5317 2830 5387 ungitur“
2854 5326 2995 5371 ante.
3020 5309 3367 5378 baptismum,

1783 5415 1838 5462 et
1869 5415 1997 5478 post
2032 5408 2085 5461 in
2135 5409 2426 5478 baptismo,
2476 5409 2808 5478 praesignans
2859 5405 3007 5459 illam
3053 5397 3266 5453 tertiam
3309 5402 3366 5448 et

1784 5513 1964 5553 veram
1989 5499 2321 5563 unctionem,
2345 5514 2468 5568 qua:
2496 5501 2552 5554 in
2579 5498 2753 5567 capite
2785 5511 2906 5560 suo,
2942 5495 2994 5551 id
3019 5499 3101 5548 est
3128 5487 3365 5548 Christo.

1775 5586 1888 5655 jam
1942 5589 2206 5658 completa
2254 5598 2376 5653 est;
2434 5599 2490 5643 et
2555 5588 2767 5643 tandem
2818 5584 2873 5638 in
2933 5586 3052 5657 ejus
3104 5577 3365 5635 membris
