3930 5430
521 404 630 461 275
711 395 723 406 ’

1169 400 1425 458 BEMIGII
1456 397 2116 485 ANTISSIODORENSIS
2151 396 2302 454 OPP.
2339 397 2538 454 PARS.
2579 398 2618 454 ι.
2651 428 2718 439 —-
2739 398 3150 457 EXEGETICA.

3685 398 3784 458 216

523 513 728 568 erimus
761 508 877 566 veri
917 524 1094 580 reges,
1121 511 1246 580 quia
1283 520 1427 569 tunc.
1448 509 1672 582 spiritus
1716 524 1844 565 vere
1873 518 2024 580 reget
2047 516 2102 564 ct
2129 529 2178 588 Α
2204 507 2272 562 Et
2297 523 2403 563 non
2433 508 2603 565 solum
2632 510 2937 580 inhabitant,
2961 511 3054 568 sed
3083 510 3246 566 etiam
3275 519 3330 564 ut
3373 510 3577 566 videam
3607 511 3785 582 volup-

521 602 893 662 dominabitur
946 602 1145 656 carni:
1189 611 1244 657 et
1290 603 1404 656 veri
1450 589 1779 667 sacerdotes,
1810 598 2098 656 offerentes

521 710 619 751 nos
642 696 788 773 ipsos
836 695 948 750 Deo
986 693 1219 750 hostiam
1250 695 1453 760 vivam,
1497 705 1763 759 sanctam,
1819 693 1928 748 Deo
1977 692 2096 763 pla-

518 797 732 843 centem
781 785 974 857 (Rom.
1007 785 1146 856 xu).
1199 785 1294 841 Est
1339 800 1470 856 ergo
1519 786 1700 839 inhoc
1747 783 1954 854 psalmo
1992 799 2098 839 vox
2137 824 2139 826 -

518 879 765 950 corporis
814 877 1036 942 Christi,
1086 877 1382 933 laborantis
1411 885 1465 930 et
1507 876 1736 941 orantis,
1785 877 2096 946 priusquam

517 969 769 1025 veniatur
821 969 888 1022 ad
917 968 1072 1022 illam
1121 978 1378 1022 aeternam
1437 967 1769 1034 unctionem,
1823 982 1942 1036 qua:
1990 981 2097 1020 non

521 1059 888 1115 sacramentis
948 1058 1314 1128 temporaliter
1367 1068 1847 1128 praemonstrator,
1908 1071 1963 1116 et
2021 1057 2096 1112 ita

517 1154 724 1226 agentis
745 1169 869 1209 cum
905 1153 1013 1207 Deo
1043 1167 1142 1208 suo
1169 1170 1186 1206 ε

587 1246 844 1312 Dominus
877 1244 1200 1300 illumi‘natio
1226 1261 1362 1299 mea.
1388 1245 1501 1316 Ego
1531 1243 1665 1299 mihi
1709 1243 1972 1308 tenebrae,
1998 1255 2099 1314 ego

513 1338 645 1394 mihi
668 1339 922 1405 czecitas;
944 1338 1037 1394 sed
1061 1338 1323 1394 Dominus
1345 1337 1668 1392 illuminavit
1689 1351 1776 1392 me
1797 1350 1894 1406 per
1913 1334 2094 1401 ﬁdem,

511 1439 574 1486 ut
618 1431 834 1502 possim
860 1430 983 1486 eum
1011 1430 1368 1501 contemplari
1414 1429 1504 1485 hic
1542 1443 1657 1499 spe,
1692 1429 1906 1482 tandem
1930 1425 1984 1482 in
2013 1441 2091 1480 re.

512 1522 613 1576 llic
643 1521 792 1597 dedit
828 1520 1101 1586 notitiam,
1144 1519 1400 1576 ibi'dabit
1429 1517 1945 1588 contemplationem
1989 1515 2094 1570 sui.

511 1611 582 1666 Et
607 1611 750 1666 salus
779 1597 914 1665 mea;
944 1611 1055 1682 Ego
1083 1612 1214 1666 mihi
1243 1597 1362 1667 sum
1404 1609 1697 1666 inﬁrmitas
1729 1617 1926 1679 praeter
1949 1622 2098 1674 eum,

510 1705 752 1774 sed.ipse
779 1698 880 1759 est
901 1703 1045 1758 salus
1075 1721 1207 1768 mea,
1236 1718 1378 1758 nunc
1394 1701 1609 1757 interim
1638 1703 1849 1756 intuset
1881 1698 2098 1754 tandem

508 1796 666 1864 foris,
699 1811 841 1876 nunc
886 1809 953 1876 ex
990 1800 1164 1866 parte,
1190 1800 1316 1850 tunc
1363 1784 1621 1866 perfecte.
1668 1793 1734 1848 Et
1777 1793 1918 1857 ideo,
1945 1806 2098 1863 quem

2200 615 2356 660 tatem
2391 603 2624 673 Domini,
2657 607 2708 662 id
2737 616 2843 673 est,
2889 606 3176 677 impleam:
3211 605 3292 662 vel
3335 606 3551 662 videam
3597 605 3786 661 faciem

2200 695 2411 750 Domini
2437 694 2576 751 facie
2602 711 2741 762 mea,
2771 698 2822 751 id
2845 707 2928 752 est
2968 697 3275 767 prmscntia.
3301 695 3416 762 Vel,
3446 696 3579 766 quid
3611 696 3785 751 Domi-

2199 800 2301 841 nus
2333 785 2499 842 voluit
2538 801 2633 857 per
2659 788 2761 844 hoc
2793 787 2935 856 quod
2964 801 3048 847 me
3086 786 3440 840 illuminavit?
3492 795 3552 841 et
3578 786 3714 856 quid
3737 787 3787 842 in

2199 875 2556 930 sacramentis
2581 875 2963 932 ecclesiasticis
2993 864 3357 946 temporaliter
3377 874 3788 946 praeﬁguravit?

2200 967 2266 1021 Et
2291 969 2509 1033 visitant,
2537 967 2591 1023 id
2619 977 2702 1022 est
2734 977 2992 1039 perpetuo
3015 967 3248 1034 videam,
3281 965 3529 1031 templum
3558 967 3700 1037 ejus,
3740 967 3788 1021 id

2198 1068 2300 1125 est,
2330 1045 2600 1114 Christum
2618 1057 2731 1128 jam
2755 1071 2974 1113 unctum
2998 1058 3234 1128 perfecta
3269 1058 3525 1112 unctione
3550 1056 3669 1124 jam
3699 1056 3789 1110 im-

2198 1148 2478 1204 mortalem
2509 1149 2731 1214 factum,
2779 1149 2834 1202 in
2883 1165 2990 1218 quo
3014 1149 3156 1203 velut
3184 1149 3236 1202 in
3265 1147 3506 1203 sacrario
3533 1147 3789 1200 inhabitat

2199 1238 2368 1293 omnis
2396 1237 2664 1308 plenitudo
2694 1239 2981 1292 divinitatis
3013 1237 3354 1309 corporaliter
3380 1235 3521 1307 (Col.
3565 1236 3653 1308 tt).
3688 1236 3790 1308 Ego

2193 1329 2306 1400 jam
2342 1327 2514 1383 factus
2541 1328 2796 1400 templum
2818 1328 2956 1398 ejus,
2981 1329 3032 1382 id
3053 1339 3156 1395 est,
3181 1326 3554 1397 conliguratus
3580 1327 3790 1396 corpori

2199 1421 2462 1476 claritatis
2490 1420 2626 1491 ejus,
2643 1419 2754 1489 jam
2785 1419 2962 1475 factus
2982 1435 3168 1475 verum
3197 1434 3395 1490 corpus
3421 1419 3567 1488 ejus.
3589 1419 3790 1472 Aliter:

2198 1511 2327 1570 Habe
2358 1522 2442 1568 est
2466 1512 2556 1566 illa
2581 1528 2707 1578 una,
2753 1523 2806 1566 ut
2837 1512 3116 1566 inhabitant
3147 1513 3202 1565 in
3248 1513 3402 1565 domo
3431 1511 3654 1563 Domini
3691 1527 3791 1562 om-

2200 1605 2351 1658 nibus
2375 1604 2557 1658 diebus
2579 1605 2694 1659 vita:
2718 1621 2866 1670 meaz,
2882 1605 3052 1670 idest,
3071 1613 3130 1658 ut
3151 1604 3203 1658 in
3231 1611 3342 1658 tota
3368 1604 3470 1657 hac
3496 1603 3611 1658 vita
3641 1601 3791 1656 nulla:

2201 1697 2578 1764 tribulationcs
2617 1706 2673 1752 et
2703 1697 2862 1751 nulla:
2894 1697 3246 1751 adversitates
3294 1693 3549 1750 auferant
3603 1710 3693 1750 me
3732 1692 3794 1746 de

2201 1804 2428 1845 numero
2464 1789 2680 1845 illorum
2726 1789 2816 1860 qui
2860 1798 3042 1844 tenent
3081 1790 3338 1842 unitatem
3391 1795 3448 1840 et
3503 1786 3789 1841 veritatem

507 1888 741 1942 timebo?
769 1873 900 1956 Quis
922 1873 1122 1958 poterit
1146 1904 1268 1944 eum
1299 1877 1430 1942 mihi
1469 1876 1718 1942 auferre?
1746 1885 1952 1941 Nullus.
1972 1885 2095 1940 Ideo
2124 1901 2171 1961 Β
2198 1879 2557 1938 lideiChrisli.
2581 1880 2650 1936 Et
2677 1888 2799 1950 post
2823 1880 3047 1945 videam,
3074 1879 3126 1933 id
3152 1887 3235 1933 est
3268 1877 3596 1948 intelligam,
3619 1877 3791 1944 volup-

507 1995 734 2037 securus
757 1997 898 2047 sum,
915 1982 1038 2052 quia
1069 1977 1324 2035 Dominus
1348 1991 1608 2052 protector
1627 1982 1743 2034 vita:
1770 1996 1921 2045 mete,
1939 1996 1969 2032 a
1989 1993 2091 2049 quo

507 2071 774 2140 trepidabo
791 2071 990 2139 ?Quasi
1022 2071 1166 2125 dicat
1189 2089 1202 2125 :
1238 2070 1381 2124 intus
1408 2085 1512 2125 non
1543 2069 1731 2123 timebo
1754 2082 1822 2122 ne
1841 2069 2092 2132 devocer,

506 2162 631 2231 quia
660 2161 914 2216 Dominus
965 2172 1036 2215 est
1087 2161 1403 2215 illuminatio
1454 2177 1590 2215 mea.
1639 2159 1750 2215 Nec
1794 2159 2093 2214 exteriores

505 2257 693 2311 hostes
711 2256 921 2319 timebo,
953 2254 1078 2324 quia
1109 2252 1362 2308 Dominus
1387 2261 1459 2307 est
1487 2261 1746 2323 protector
1772 2252 1889 2305 vita:
1916 2265 2044 2303 mea:
2070 2261 2089 2300 :

505 2345 738 2417 protegit
773 2345 1013 2401 mortalis
1036 2343 1342 2412 mortalem,
1371 2353 1425 2400 et
1451 2353 1534 2398 est
1569 2357 1826 2408 securus;
1856 2331 2093 2411 protegit

506 2452 595 2492 me
624 2436 904 2492 mortalem
944 2435 1287 2502 Immortalis,
1321 2453 1354 2489 a
1397 2452 1500 2504 quo
1541 2433 1859 2503 trepidabo?
1911 2424 2092 2501 Trepi-

507 2529 681 2592 datio,
699 2527 946 2597 corporis
965 2536 1050 2582 est
1075 2544 1088 2579 :
1123 2526 1301 2581 nullus
1325 2525 1475 2581 locus
1501 2524 1721 2579 relictus
1750 2532 1832 2578 est
1858 2523 2094 2592 trepida-

439 2616 446 2620 ’
504 2618 659 2674 tioni.
692 2616 837 2683 Ideo,
871 2619 922 2672 in
948 2632 1111 2672 carne
1141 2633 1245 2672 non
1273 2617 1563 2686 trepidabo,
1598 2615 1725 2685 quia
1747 2615 1873 2668 dum
1899 2628 2111 2684 approt

505 2709 770 2781 piuquant
783 2724 937 2778 super
958 2724 1036 2761 me
1063 2696 1456 2773 noceiiles,facti
1479 2707 1783 2774 superiores
1800 2719 1902 2766 me,
1921 2720 2093 2774 quan-

507 2809 620 2853 tum
646 2801 723 2874 ad,
743 2799 1003 2863 exterius,
1030 2795 1115 2852 vel
1136 2798 1201 2852 ad
1226 2798 1329 2852 hoc
1357 2806 1414 2850 ut
1441 2797 1573 2850 mihi
1607 2795 1956 2866 pravaleant,
1985 2810 2091 2849 non

505 2889 639 2944 mihi
663 2889 977 2958 pra-valent,
1009 2905 1118 2944 non
1143 2889 1273 2943 mihi
1305 2896 1519 2955 nocent,
1546 2888 1668 2957 quia
1689 2888 1754 2940 ad
1780 2888 1882 2940 hoc
1905 2903 2095 2956 oppro-

504 2980 681 3051 piant,
717 2992 769 3032 ut
802 2981 955 3032 edant
983 2995 1167 3032 carnes
1202 2994 1344 3032 meas
1363 3018 1378 3042 ,
1408 2978 1460 3032 id
1485 2985 1589 3042 est,
1617 2985 1675 3029 ut
1694 2976 1938 3030 carnales
1959 2974 2092 3029 alle-

506 3079 627 3126 ctus
648 3069 700 3123 in
729 3084 811 3124 me
835 3072 1144 3132 absumant,
1166 3079 1220 3124 et
1240 3085 1325 3123 me
1338 3077 1394 3122 ut
1415 3082 1605 3122 aurum
1629 3069 1876 3137 probent,
1898 3077 1954 3122 et
1974 3067 2095 3122 ideo

505 3175 614 3214 non
637 3159 926 3228 trepidabo.
959 3159 1061 3226 Qui
1091 3158 1339 3212 tribulant
1363 3174 1443 3212 me
1465 3157 1664 3212 inimici
1687 3158 1806 3222 mei,
1835 3168 2095 3228 quantum

507 3251 577 3305 ad
605 3258 866 3316 exterius,
898 3251 997 3319 ipsi
1020 3249 1272 3319 inﬁrmati
1297 3259 1441 3314 sunt,
1471 3265 1574 3303 non
1603 3248 1844 3303 valentes
1873 3265 1958 3303 me
1997 3250 2088 3304 de-
2120 3249 2164 3309 C

506 3357 724 3397 vocare.
759 3341 824 3396 Et
846 3343 1157 3406 ceciderunt,
1189 3342 1414 3398 interius
1435 3342 1675 3396 damnati
1702 3343 1947 3397 caecitate
1976 3357 2096 3397 cor-

507 3440 610 3496 dis.
640 3439 696 3495 Si
720 3441 862 3495 enim
905 3441 1056 3512 prius
1105 3441 1260 3494 intus
1299 3437 1554 3511 inﬁrmati
1593 3437 1932 3504 cecidissent,
1989 3453 2097 3493 non

510 3513 793 3603 tantopere
817 3533 880 3585 ad
913 3531 1274 3586 tribulandum
1307 3544 1391 3584 me
1411 3543 1632 3598 operam
1661 3528 1871 3583 darent.
1895 3528 1960 3581 Et
1977 3529 2096 3583 ideo

511 3621 638 3692 quia
689 3622 788 3690 ipsi
821 3620 1185 3684 inlirmantur,
1236 3634 1340 3672 non
1379 3633 1518 3689 ego:
1571 3617 1652 3671 vel
1683 3618 1808 3686 quia
1840 3617 2099 3672 Dominus

511 3721 595 3769 est
619 3713 838 3786 clypeus
869 3726 1041 3775 meus,
1087 3712 1131 3764 si
1156 3710 1436 3764 consistant
1469 3708 1741 3762 adversum
1783 3723 1862 3760 me
1903 3719 2098 3775 castra,

512 3820 616 3857 non
646 3802 839 3857 tintebit
883 3817 973 3854 cor
996 3817 1188 3864 meum,
1222 3800 1272 3853 id
1301 3809 1405 3863 est,
1449 3799 1494 3852 si
1531 3795 1754 3852 consilia
1789 3798 2096 3866 impiorum,

512 3893 598 3948 vel
621 3893 940 3964 conspirans
963 3893 1446 3948 contradicentium
1477 3890 1762 3945 multitudo
1790 3891 2102 3961 (utrumque

512 3986 652 4041 solet
677 4001 798 4040 esse
824 3987 875 4038 in
899 3985 1110 4054 castris)
1148 3985 1431 4038 consistant
1469 3999 1574 4038 non
1605 3999 1845 4048 mecum,
1873 3984 1967 4037 sed
2006 3983 2104 4036 ad-

514 4093 717 4131 versum
753 4093 852 4140 me,
873 4093 976 4129 non
1002 4074 1197 4129 timebit
1219 4091 1310 4128 cor
1328 4091 1523 4138 meum,
1547 4075 1756 4128 etiamsi
1781 4074 1963 4128 timeat
1983 4088 2104 4128 cor-

514 4184 626 4240 pus
647 4169 860 4223 meum:
887 4165 1090 4222 Fidelis
1118 4167 1275 4230 Deus,
1309 4168 1398 4236 qui
1419 4183 1522 4220 non
1543 4167 1772 4236 patietur
1799 4183 1884 4221 vos
1913 4166 2105 4220 tentari

512 4275 674 4329 supra
702 4260 756 4312 id
783 4259 924 4330 quod
952 4259 1163 4328 potestis
1195 4257 1243 4329 (1
1269 4255 1393 4312 Cor.
1433 4258 1508 4328 χ).
1559 4256 1738 4314 Etiam
1764 4258 1810 4310 si
1858 4266 2104 4326 exsurgat

527 4350 804 4404 adversum
833 4359 912 4404 me
947 4347 1210 4419 prwliuat,
1239 4348 1293 4403 id
1323 4358 1401 4405 est
1435 4342 1751 4418 gravissima
1777 4350 2104 4420 persecutio,

513 4442 572 4494 in
595 4439 692 4492 hoc
723 4455 814 4509 ego
836 4437 1077 4507 sperabo,
1107 4438 1159 4492 id
1180 4446 1281 4503 est,
1317 4438 1490 4508 ipsum
1545 4436 1786 4506 praelium
1816 4439 1920 4493 erit
1973 4440 2106 4495 mihi

517 4545 676 4600 spes:
717 4529 799 4583 vel
844 4528 897 4581 in
942 4529 1046 4584 hoc
1081 4527 1222 4596 quod
1255 4529 1521 4598 sequitur,
1573 4537 1753 4596 potest
1795 4527 1886 4581 hic
1929 4529 2104 4584 notari

2195 1989 2352 2034 tatem
2381 1977 2504 2044 Dei,
2537 1978 2591 2034 id
2618 1985 2722 2044 est,
2755 1977 3000 2040 intersim
3028 1974 3270 2031 consiliis
3301 1971 3540 2038 Domini,
3587 1969 3677 2024 vel
3708 1985 3790 2023 ro-

2193 2063 2466 2143 luptatem,
2495 2073 2550 2127 id
2573 2081 2681 2137 est,
2707 2071 3047 2128 dilectionem
3085 2067 3197 2121 Dei.
3239 2065 3307 2118 Et
3343 2064 3573 2127 visitem,
3610 2062 3666 2116 id
3693 2070 3790 2124 est,

2193 2163 2503 2234 frequenter
2523 2163 2735 2220 videam
2765 2182 2779 2216 :
2805 2159 3049 2232 templum
3083 2158 3219 2228 ejus,
3243 2157 3295 2209 id
3315 2163 3419 2220 est,
3448 2153 3635 2207 locum
3674 2166 3791 2204 san-

2195 2264 2364 2320 ctum,
2392 2255 2546 2310 illum
2573 2269 2734 2325 quem
2778 2253 2892 2324 ipse
2919 2253 3245 2321 frequentat.
3297 2247 3510 2300 Dictum
3556 2245 3665 2298 hoc
3704 2257 3790 2312 per

2195 2345 2625 2401 similitudinem.
2647 2343 2900 2415 Magnum
2923 2341 3069 2396 enim
3097 2339 3308 2394 videtur
3346 2335 3401 2390 in
3432 2335 3602 2390 domo
3629 2333 3791 2386 alicu-

2184 2437 2280 2507 jus
2309 2435 2849 2508 potentis,interesse
2879 2432 3121 2489 consiliis
3154 2428 3288 2498 ejus.
3332 2427 3399 2482 Et
3448 2439 3673 2487 revera,
3717 2422 3791 2475 in-

2193 2529 2468 2594 habitabo,
2492 2527 2620 2602 quia
2641 2535 2850 2602 certum
2889 2525 3084 2596 pignus
3124 2522 3249 2576 inde
3290 2521 3488 2584 habeo,
3535 2516 3789 2590 quoniam

2193 2619 2462 2674 abscondit
2495 2634 2576 2674 me
2620 2619 2678 2673 in
2707 2615 3044 2672 tabernaculo
3091 2629 3206 2677 suo,
3252 2611 3304 2668 id
3348 2620 3454 2676 est,
3506 2605 3790 2663 abscondi-

2195 2723 2304 2769 tam
2337 2723 2394 2770 et
2434 2711 2671 2783 inimicis
2701 2710 3029 2781 incognitam
3071 2707 3250 2777 posuit
3294 2704 3460 2758 vitam
3514 2717 3699 2757 meam
3739 2700 3787 2751 in

2193 2807 2528 2863 tabernaculo
2553 2823 2670 2874 suo,
2707 2806 2759 2860 id
2781 2815 2866 2860 est
2895 2805 2949 2860 in
2977 2801 3337 2858 sacramentis
3374 2798 3784 2862 ecclesiasticis,

2195 2899 2249 2952 in
2279 2899 2473 2970 quibus
2503 2897 2708 2951 malitia
2758 2905 2855 2950 sua
2904 2902 3210 2948 exercetur.
3250 2889 3317 2944 In
3367 2890 3450 2944 die
3504 2887 3786 2948 malorum,

2194 2989 2245 3043 id
2269 2997 2374 3053 est,
2405 2989 2456 3042 in
2489 2995 2730 3056 tempore
2746 2983 3107 3040 tribulationis
3133 3000 3148 3036 :
3177 2981 3258 3036 vel
3289 2981 3342 3034 in
3369 2977 3618 3034 Ecclesia
3669 2991 3786 3038 sua,

2194 3083 2250 3138 in
2273 3098 2380 3152 qua
2407 3090 2490 3137 est
2527 3079 2716 3135 militia
2753 3077 3096 3141 Christiana;
3137 3072 3406 3128 abscondit
3438 3085 3540 3134 me,
3580 3068 3635 3124 id
3688 3077 3788 3130 εει,

2196 3183 2402 3229 tutatus
2424 3181 2509 3228 est
2543 3185 2648 3236 me,
2689 3169 3020 3241 scgregando
3050 3181 3081 3220 a
3132 3162 3532 3234 peccatoribus.
3567 3159 3636 3213 Et
3687 3173 3788 3212 non

2198 3265 2370 3320 solum
2411 3261 2710 3327 abscondit,
2771 3260 2865 3315 sed
2911 3269 2969 3314 ut
3014 3259 3184 3313 bonus
3216 3256 3510 3326 imperator
3559 3251 3786 3323 protexit

2199 3370 2280 3409 me
2300 3354 2369 3408 ab
2400 3354 2599 3422 impetu
2645 3350 3006 3405 inimicorum.
3034 3346 3157 3413 Vel,
3209 3347 3264 3399 in
3312 3344 3657 3404 tabernaculo
3699 3357 3790 3394 suo

2199 3445 2490 3510 abscondit,
2517 3444 2569 3499 id
2595 3451 2700 3508 est,
2730 3442 2860 3497 fecit
2883 3456 2971 3496 me
2993 3453 3189 3508 corpus
3212 3435 3436 3500 Christi,
3468 3435 3563 3503 qui
3596 3443 3678 3487 est
3717 3442 3793 3484 ta-

2199 3533 2551 3592 bernaculum
2573 3532 2870 3600 divinitatis
2896 3545 3025 3585 sum.
3044 3528 3112 3584 In
3135 3527 3435 3580 abscondito
3467 3521 3791 3577 tabernaculi

2200 3626 2304 3691 sui,
2338 3624 2390 3680 id
2418 3632 2522 3690 est,
2548 3625 2599 3677 in
2625 3622 2843 3678 Christo
2871 3622 2962 3692 qui
2995 3619 3153 3690 hujus
3195 3615 3529 3672 tabernaculi
3561 3615 3789 3668 abscon-

2202 3719 2374 3774 ditum
2397 3725 2499 3783 est,
2529 3717 2653 3786 quia
2687 3725 2873 3786 raptus
2903 3713 3204 3776 incmlum,
3234 3710 3316 3764 vel
3343 3724 3470 3779 qum
3500 3707 3714 3762 occulte
3742 3706 3795 3758 iu

2203 3810 2560 3868 sacramentis
2579 3807 2966 3865 ecclesiasticis
2988 3805 3322 3876 intelligitur.
3348 3802 3460 3857 iloc
3483 3802 3648 3855 modo
3676 3800 3793 3853 abs»

2203 3904 2388 3960 condit
2415 3917 2514 3962 nos
2540 3902 2592 3956 in
2623 3901 2862 3966 Christo,
2889 3899 3014 3970 quia
3049 3906 3300 3952 naturam
3328 3904 3574 3949 nostram
3613 3906 3796 3946 secum

2204 3992 2482 4048 ineetelum
2515 3990 2824 4059 assumpsit.
2855 3989 2922 4052 Et
2947 3989 3033 4052 ubi
3059 3997 3240 4056 caput,
3271 3985 3396 4040 illuc
3433 3995 3491 4059 et
3527 3985 3789 4037 membra.

2203 4080 2364 4137 Juxta
2387 4080 2514 4135 illud
2541 4078 2780 4148 Apostoli
2806 4095 2818 4131 :
2856 4077 3055 4145 Mortui
3075 4079 3216 4132 enim
3246 4075 3396 4138 estis,
3419 4086 3465 4128 et
3484 4075 3587 4128 cita
3632 4085 3792 4128 restria

2205 4171 2510 4232 abscondita
2537 4179 2612 4224 est
2657 4184 2776 4222 cum
2804 4166 3011 4222 Christo
3047 4167 3100 4222 in
3140 4165 3250 4220 Deo
3282 4164 3416 4234 (Col.
3450 4167 3554 4233 ut).
3592 4159 3659 4216 Et
3685 4164 3796 4216 lure

2205 4277 2332 4334 spes
2383 4276 2575 4331 magna
2632 4259 2788 4322 nobis
2844 4259 3104 4329 protectio
3159 4267 3242 4312 est
3284 4266 3476 4312 contra
3533 4254 3794 4309 san'itiam

2208 4354 2573 4413 inimicorum.
2617 4350 2772 4410 Sicut
2817 4350 2932 4418 ipse
2962 4348 3244 4403 nobiscum
3292 4346 3548 4401 deorsum
3597 4343 3700 4398 fuit
3741 4342 3792 4394 in

2209 4447 2441 4505 humana
2473 4452 2687 4507 natura,
2714 4456 2832 4512 qua:
2855 4439 3010 4494 nobis
3033 4437 3342 4492 abscondita
3372 4447 3481 4499 est,
3514 4435 3587 4488 ita
3618 4444 3672 4489 et
3701 4448 3795 4486 nos

2210 4549 2415 4592 erimus
2440 4550 2560 4593 cum
2598 4531 2688 4586 illo
2716 4546 2950 4586 sursum.
2989 4527 3077 4582 Vel
3107 4528 3332 4597 protexit
3369 4542 3450 4579 me
3487 4526 3549 4578 in.
3580 4525 3795 4577 abscon-

515 4618 816 4674 similitudo.
843 4619 907 4686 de
930 4617 1128 4686 aliquo,
1161 4618 1252 4687 qui
1295 4617 1573 4672 invaderet
1612 4626 1809 4672 terram
1837 4618 2103 4690 alicujus:
2135 4604 2184 4662 Ι)
2210 4628 2320 4682 duo
2365 4622 2694 4685 tabernaculi
2729 4623 2844 4688 sui,
2883 4621 2937 4686 id
2979 4628 3086 4684 est,
3132 4621 3195 4674 in.
3231 4618 3395 4686 corde
3440 4617 3685 4672 credenti
3728 4614 3792 4668 ad

515 4720 642 4779 post.
688 4709 1020 4763 invasionem
1053 4719 1277 4778 poneret
1315 4719 1520 4776 castra,
1559 4719 1681 4779 post
1719 4709 1894 4766 locata
1926 4720 2107 4767 castra

517 4803 796 4857 invaderet
825 4819 945 4857 eum
973 4803 1289 4873 gravissimo
1317 4803 1519 4873 praalio.
1559 4802 1649 4858 Ille
1680 4811 1807 4859 tunc
1831 4805 2107 4860 conlidens

520 4897 575 4950 in
627 4895 806 4965 aliquo
868 4903 1102 4964 potente,
1161 4894 1296 4948 nihil
1333 4895 1401 4948 de
1441 4909 1500 4948 se
1545 4902 1781 4950 curaret.
1820 4893 1944 4950 ldeo
1995 4909 2103 4948 non

523 4988 739 5049 timebo,
757 4994 810 5040 et
845 4985 1016 5039 iit/ioc
1055 4984 1298 5054 sperabo,
1324 4984 1450 5054 quia
1482 4984 1612 5039 illud
1639 4993 1766 5054 peto
1792 4983 1936 5054 quod
1971 4982 2104 5037 mihi

523 5078 732 5134 auferri.
755 5094 858 5134 non
887 5086 1084 5148 potest.
1112 5075 1284 5130 Unam
1319 5076 1440 5144 petii
1470 5093 1501 5129 a
1526 5075 1786 5130 Domino:
1813 5090 1974 5128 unam
2005 5088 2101 5143 pe-

523 5173 792 5236 titionem,
819 5186 926 5225 non
966 5170 1197 5233 multas;
1231 5168 1332 5233 vel,
1371 5183 1532 5220 unam
1581 5182 1696 5228 rem
1743 5181 1862 5235 qua:
1891 5181 2105 5235 semper

522 5281 632 5318 una
657 5273 758 5318 est.
778 5271 1054 5314 nuntluam
1073 5260 1312 5308 variatur
1332 5277 1344 5304 :
1365 5258 1499 5302 Imm
1515 5259 1775 5312 requiram
1792 5259 2064 5314 irremisse
2089 5275 2102 5312 ε

2203 4717 2472 4789 justitiam
2501 4735 2515 4769 :
2547 4716 2681 4772 adeo
2706 4731 2792 4778 me
2817 4722 3155 4770 constantem
3184 4710 3310 4766 fecit
3339 4710 3400 4764 in
3425 4710 3552 4774 lide,
3582 4719 3640 4780 ut
3667 4705 3796 4760 nihil

2209 4825 2458 4867 curarem
2491 4809 2556 4865 de
2583 4807 2886 4869 tormentis.
2915 4804 3068 4871 Quod
3097 4812 3181 4858 est
3227 4802 3365 4872 illud.
3388 4798 3794 4873 absconditum?

2212 4903 2394 4958 Petra.
2439 4901 2594 4958 Unde
2618 4899 2950 4971 Apostolus:
2994 4895 3154 4952 Petra
3202 4907 3375 4960 autem
3405 4905 3516 4948 erat
3561 4893 3792 4947 Christus

2209 4994 2263 5067 (I
2288 4994 2411 5050 Cor.
2443 4993 2519 5064 χ).
2548 4991 2618 5046 In
2653 4992 2741 5046 illa
2771 5000 2916 5060 petra
2942 4987 3188 5043 exaltarit
3227 5002 3306 5040 me
3341 5001 3434 5054 per
3466 4999 3644 5054 spem,
3673 4981 3794 5050 quia

2208 5103 2334 5144 cum
2368 5088 2470 5142 sim
2510 5085 2812 5144 membrum
2848 5082 3092 5153 corporis
3125 5080 3267 5148 ejus,
3291 5078 3378 5131 ubi
3421 5077 3540 5147 ipse
3576 5086 3679 5138 est,
3721 5072 3793 5126 ibi

2210 5177 2534 5248 quandoque
2568 5190 2664 5231 ero
2696 5183 2751 5229 et
2788 5188 2908 5244 ego.
2955 5171 3022 5226 Et
3057 5188 3162 5224 non
3189 5169 3358 5223 solum
3401 5182 3497 5236 per
3537 5181 3690 5235 spem
3711 5179 3794 5216 me

2212 5269 2470 5327 exultavit
2498 5269 2553 5328 in
2576 5278 2746 5337 petra,
2778 5266 2871 5322 sed
2902 5265 3064 5320 etiam
3101 5279 3236 5316 nunc
3272 5261 3414 5314 inter
3445 5260 3634 5312 hostes
3656 5253 3793 5310 exal-
