3930 5412
79 397 189 454 ΞΠ

82 527 197 584 quo
224 517 284 564 et
308 522 399 564 me
425 504 679 564 exaltavit
704 518 800 574 per
829 516 1001 573 spem,
1033 498 1117 554 vel
1157 498 1210 551 in
1241 504 1412 567 petra,
1439 491 1492 547 id
1520 497 1602 545 est
1630 486 1682 541 in
1713 488 1759 547 Α

86 581 197 661 fide
223 601 460 666 Christi,
488 598 730 655 exultavit
760 613 873 661 me,
920 594 1098 648 dando
1147 589 1278 646 mihi
1323 581 1683 641 constantiam

84 693 503 769 przedicationis
525 700 578 747 et
600 687 972 743 confessionis.
1002 684 1167 739 Carde
1195 681 1333 735 enint
1362 675 1590 732 creditur
1617 672 1685 724 ad

81 760 385 857 iustitiam,
414 800 503 836 ore
529 790 711 839 autem.
734 775 989 845 confessio
1009 774 1066 843 ﬁt
1089 773 1156 825 ad
1179 769 1399 825 salutem
1421 764 1591 834 (Rom.
1610 760 1683 830 ις).

88 855 334 930 Circuiri
364 882 414 928 et
442 869 723 926 immolavi.
752 868 917 935 Quasi
948 866 1091 921 dicat
1118 882 1130 918 :
1157 863 1221 917 Et
1250 862 1300 916 in
1331 860 1417 914 his
1436 855 1690 914 omnibus

88 978 393 1024 exsecutus
419 976 497 1022 est
526 967 577 1019 in
617 980 702 1018 me
746 961 978 1016 officium
1022 957 1147 1012 boni
1189 949 1547 1024 imperatoris.
1580 947 1692 1017 Ego

88 1068 282 1113 autem
318 1058 449 1127 quid
482 1056 627 1111 feci?
663 1055 892 1108 Secutus
924 1067 1041 1105 sum
1071 1048 1301 1103 ollicium
1324 1042 1527 1099 strenui
1559 1039 1693 1093 mili-

89 1150 185 1203 tis.
228 1147 465 1203 Circuivi
492 1156 539 1200 et
567 1143 833 1199 immolavi
865 1142 915 1194 in
946 1137 1282 1194 tabernaculo
1315 1134 1428 1204 ejus
1466 1132 1693 1187 hostium

88 1238 518 1307 vociferationis,
565 1236 615 1289 id
646 1242 762 1297 est,
801 1232 971 1302 gratia
1022 1231 1135 1299 ejus
1181 1228 1231 1281 in
1277 1242 1356 1280 me
1391 1240 1553 1277 vacua
1592 1237 1695 1275 non

91 1331 194 1400 fuit
229 1329 280 1400 (1
319 1329 442 1384 Car.
474 1329 583 1399 xv).
617 1325 866 1389 Circuivi,
891 1323 941 1377 id
965 1330 1067 1387 est,
1097 1315 1457 1386 circumspexi
1487 1330 1572 1369 me
1600 1329 1697 1366 un-

93 1423 265 1491 dique
295 1421 366 1475 ad
396 1418 800 1475 similitudinem
835 1425 1051 1470 strenue
1082 1411 1448 1474 militantium,
1479 1420 1695 1461 omnem

92 1512 528 1568 sollicitudinem
568 1507 911 1565 subinferens
942 1505 1190 1559 ministro
1220 1504 1272 1557 in
1300 1502 1402 1556 fide
1436 1515 1554 1553 mea
1584 1499 1695 1551 vir-

96 1612 315 1668 tutem,
353 1604 407 1657 iu
456 1602 655 1656 virtute
699 1599 1013 1661 scientiam,
1068 1598 1119 1650 in
1169 1594 1392 1650 scientia
1428 1591 1703 1646 abstinen-

94 1694 265 1759 tiam,
296 1694 350 1748 in
383 1693 704 1747 abstinentia
754 1690 1099 1761 patientiam,
1142 1688 1194 1742 in
1244 1685 1504 1757 patientia
1532 1682 1702 1752 picta-

96 1795 244 1850 tem,
276 1786 331 1839 in
358 1785 562 1856 pietate
585 1784 935 1837 fraternitatis
956 1781 1318 1843 dilectionem,
1339 1779 1389 1831 in
1416 1776 1702 1831 dilectione

1251 371 1781 438 ENARRATIONES
1820 369 1884 424 ΙΝ
1922 365 2253 426 PSALMDS.

3294 355 3360 410 78

1786 482 2032 555 quoniam
2056 492 2202 552 pater
2227 494 2391 546 meus,
2416 490 2464 533 at
2492 487 2656 532 mater
2692 492 2835 541 mea,
2878 469 3129 535 carnalis,
3158 468 3366 525 scilicet

1783 575 1955 629 Adam
1985 582 2039 629 cl.
2065 574 2193 637 Eva,
2219 571 2601 641 dereliquarunt
2636 585 2736 634 me,
2768 567 2821 623 id
2849 574 2952 631 est,
2984 560 3362 619 cxhazredave-

1786 676 1937 721 runt.
1959 666 2023 720 Et
2050 667 2175 736 quia
2205 665 2584 721 exh-.credatus
2607 677 2753 718 cram
2785 670 2837 715 ει
2870 655 3156 730 proiectus,
3184 652 3366 708 Domi-

1788 774 1885 812 nus
1927 767 2100 811 autem
2138 757 2415 811 assunwsit
2442 772 2552 818 me,
2585 754 2635 809 id
2662 763 2766 820 εει,
2790 756 3123 818 assumptum
3154 750 3207 798 et
3240 744 3368 799 ado-

1790 851 1993 921 ptivum
2022 865 2177 905 suum
2210 866 2297 905 me
2326 849 2483 915 fecit,
2528 845 2852 905 assumendo
2891 850 3139 899 naturam
3170 851 3365 893 meam.

1790 942 1996 997 Aliter:
2030 940 2111 997 Ne
2133 942 2385 1013 despicias
2410 958 2511 1006 ina,
2541 940 2681 995 Deus
2718 938 2967 995 salutaris
2994 950 3138 989 mcus
3160 973 3174 997 ,
3210 945 3369 1002 quem

1795 1051 1963 1105 usque
2005 1037 2163 1090 modo
2210 1036 2401 1089 merito
2448 1033 2811 1104 despiciebas,
2855 1046 2979 1086 cum
3027 1028 3168 1083 illius
3196 1039 3370 1080 essem

1794 1124 1994 1179 diaboli
2018 1134 2073 1179 et
2093 1124 2418 1195 Babyloniae,
2452 1140 2608 1193 quem
2639 1132 2792 1193 pater
2824 1135 2977 1177 meus
3013 1115 3291 1180 diabolus,
3321 1125 3379 1170 ει

1796 1225 1972 1271 mater
1997 1232 2116 1272 mea
2142 1216 2433 1288 Babylonia
2479 1215 2723 1271 derelieti
2771 1230 2801 1269 a
2850 1226 2937 1267 me
2974 1210 3379 1278 dereliquerunt

1797 1323 1903 1362 me.
1934 1309 2085 1365 Sicut
2112 1310 2231 1363 duae
2261 1317 2386 1363 sunt
2413 1306 2806 1379 generationes,
2844 1318 2949 1359 una
2996 1300 3265 1363 fidelium,
3302 1295 3381 1349 al.

1800 1410 1914 1458 tera
1942 1402 2268 1458 infidelium:
2306 1401 2377 1456 ita
2406 1403 2512 1456 duo
2539 1409 2720 1469 patres
2754 1407 2809 1454 et
2852 1397 2971 1452 dum
3007 1403 3232 1456 matres,
3272 1404 3381 1443 una

1801 1509 1920 1563 qua:
1942 1502 2167 1563 generat
2192 1493 2244 1548 in
2272 1492 2666 1555 confusionem,
2690 1491 2741 1545 id
2762 1497 2846 1544 est
2870 1484 3131 1557 Babylon,
3154 1498 3273 1552 qua:
3302 1482 3384 1536 in-

1802 1591 2133 1653 terpretatur
2169 1583 2411 1650 confusio
2435 1599 2453 1636 :
2494 1582 2659 1636 altera
2690 1595 2815 1649 quae.
2838 1586 3060 1649 generat
3085 1573 3150 1629 ad
3182 1572 3385 1633 vitam,

1804 1673 1859 1728 id
1882 1682 1966 1728 est
1984 1673 2302 1729 Jerusalem.
2331 1672 2426 1726 Vir
2454 1672 2761 1743 Babylonis,
2803 1668 3048 1725 diabolus
3073 1682 3087 1721 :
3124 1665 3207 1718 vir
3233 1662 3388 1718 Jeru-

1806 1765 1999 1830 salem,
2026 1764 2186 1819 Deus.
2220 1764 2476 1818 Dominus
2499 1772 2671 1817 autem
2707 1760 2985 1829 assumpsit
3015 1773 3116 1810 me.
3148 1754 3387 1811 Conver-

97 1845 473 1932 fratemitatis
506 1875 825 1929 charitalem
861 1872 955 1944 (11
1004 1871 1149 1925 Pctr.
1184 1871 1266 1940 ι),
1310 1878 1366 1923 ει
1406 1867 1549 1937 quod
1600 1866 1702 1921 ista
1731 1845 1780 1906 Β
1809 1857 1890 1913 sio
1926 1858 1995 1912 ad
2039 1858 2345 1919 auditores,
2376 1866 2434 1911 ut
2465 1856 2711 1911 hortetur
2740 1853 2809 1908 ad
2844 1848 3387 1921 congratulationem.

100 1986 327 2024 mecum
357 1981 547 2024 assunt
568 1978 622 2024 et
646 1975 903 2036 superent
926 1966 978 2018 in
1004 1964 1167 2028 malo,
1191 1960 1457 2015 immolavi
1482 1959 1704 2013 hostiam

102 2062 479 2131 iubilationis,
516 2061 567 2115 id
598 2071 701 2124 εει,
739 2060 1024 2113 iuclfabilis
1063 2057 1265 2119 laudis,
1292 2056 1344 2110 id
1368 2062 1485 2118 est,
1514 2053 1566 2106 in
1598 2061 1709 2105 toto

102 2157 282 2209 corde
332 2154 386 2209 in
432 2162 485 2208 te
531 2152 763 2223 glorior,
814 2166 919 2205 non
971 2152 1023 2205 in
1074 2165 1179 2205 me.
1226 2148 1436 2203 Aliter:
1480 2143 1709 2199 Circuivi

104 2258 303 2306 mente
333 2249 616 2303 universas
645 2256 954 2307 creaturas,
984 2245 1180 2299 ccelum
1208 2254 1262 2297 et
1293 2249 1512 2305 terram,
1542 2247 1597 2293 et
1621 2254 1714 2293 or-

108 2353 282 2399 natus
310 2357 519 2406 eorum,
537 2350 591 2394 et
612 2339 792 2394 omnia
816 2338 946 2392 mihi
970 2337 1145 2392 locuta
1174 2344 1301 2390 sunt
1328 2334 1540 2387 laudem
1562 2338 1711 2384 tuam

109 2438 167 2490 in
203 2451 310 2490 suo
336 2435 535 2489 decore
574 2441 628 2486 et
665 2446 764 2485 suo
801 2430 1026 2484 ordine:
1067 2436 1124 2482 et
1160 2426 1338 2482 inveni
1380 2425 1433 2478 in
1471 2423 1555 2477 his
1583 2421 1715 2491 quid

112 2526 217 2580 tibi
253 2524 618 2586 immolarem,
648 2521 853 2575 scilicet
883 2518 1107 2573 hostiam
1128 2515 1482 2588 jubilationis,
1513 2512 1564 2567 id
1592 2520 1709 2575 est,

115 2618 451 2672 immensam
484 2616 693 2670 Iaudem
726 2622 781 2668 et
812 2615 1129 2667 immensam
1172 2609 1411 2664 lmtitiam
1449 2607 1535 2661 cui
1572 2605 1713 2659 nulla

112 2707 291 2764 verba
338 2706 645 2770 sufficiant;
685 2705 810 2775 quia
840 2702 1071 2771 jubiium
1109 2710 1193 2756 est
1235 2697 1520 2753 ineffabilis
1554 2696 1711 2750 laus:

112 2799 210 2854 vel
240 2798 581 2853 consideravi
609 2797 764 2851 ﬁdem
791 2795 941 2849 orbis
974 2803 1260 2856 terrarum,
1295 2792 1347 2845 in
1371 2805 1475 2859 qua
1507 2787 1715 2843 exalta-

116 2898 240 2945 tum
264 2897 350 2943 est
378 2897 539 2958 caput
568 2902 745 2942 meum
774 2900 936 2955 super
960 2897 1054 2939 eos
1078 2882 1170 2954 qui
1204 2897 1288 2936 me
1312 2878 1719 2950 persequebana

119 2988 256 3036 tur:
299 2988 356 3033 et
386 2980 438 3033 in
464 2980 578 3048 ipso
609 2975 953 3032 tabernaculo
981 2973 1097 3043 ejus
1117 3015 1131 3038 ,
1173 2973 1224 3028 id
1266 2980 1370 3036 εει,
1397 2970 1450 3024 in
1480 2968 1717 3024 Ecclesia

120 3078 242 3126 toto
264 3069 404 3125 orbe
429 3067 622 3123 diffusa
641 3107 656 3131 ,
685 3064 1028 3120 inell‘abiliter
1066 3061 1276 3117 laudavi
1303 3059 1611 3116 Dominum.
1656 3058 1721 3111 Et

118 3177 236 3217 non
283 3160 459 3214 solum
504 3157 753 3222 laudavi,
797 3156 890 3211 sed
938 3168 1151 3224 semper
1190 3152 1440 3207 laudabo.
1495 3148 1716 3203 Cantavi

119 3254 295 3307 corde
330 3250 599 3322 psalmum
627 3249 875 3311 Domino,
902 3262 1007 3301 non
1033 3244 1185 3309 mihi,
1211 3251 1379 3297 totum
1407 3242 1473 3295 ad
1508 3240 1719 3294 laudem

121 3345 265 3414 ejus.
298 3342 419 3408 Vel,
447 3343 537 3397 hic
555 3340 797 3410 jubilavi,
823 3348 875 3394 et
900 3339 1117 3392 tandem
1149 3335 1368 3390 cantabo
1392 3342 1439 3387 et
1462 3332 1719 3403 psalmum

122 3435 307 3487 dicam
333 3433 597 3486 Domino:
638 3430 802 3485 corde
827 3439 880 3483 et
903 3442 1129 3497 corpore
1155 3434 1301 3478 totus
1323 3422 1550 3477 laudabo
1574 3435 1719 3483 eum,

122 3541 253 3579 eum
284 3525 398 3595 jam
422 3522 742 3578 immortalis
772 3520 968 3583 factus,
1002 3518 1133 3572 nihil
1163 3517 1338 3571 habeo
1364 3516 1505 3584 quod
1535 3513 1581 3567 ei
1609 3512 1722 3566 dis-

122 3616 351 3688 pliceat.
397 3614 458 3668 Et
496 3623 557 3667 ιιι
584 3612 782 3683 possim
822 3620 1042 3665 cantare
1080 3616 1135 3662 et
1181 3606 1274 3660 tibi
1318 3603 1567 3674 psallere.
1610 3600 1722 3654 Ex-

126 3705 287 3769 audi,
327 3704 567 3769 Domine,
604 3719 774 3757 vocem
795 3717 963 3756 nteant
993 3717 1096 3770 qua
1125 3697 1368 3759 clamavi,
1404 3695 1455 3749 id
1481 3704 1584 3758 est,
1624 3708 1724 3745 va-

128 3798 301 3852 lidam
336 3795 690 3850 intentionem
730 3808 904 3847 meam
952 3806 1057 3861 qua
1099 3789 1372 3843 irremisse
1417 3786 1500 3856 egi
1546 3784 1615 3838 ad
1645 3794 1722 3845 te,

129 3905 241 3946 non
288 3887 467 3952 aliud,
521 3896 580 3941 ut
610 3901 697 3941 me
741 3885 1031 3939 illumines.
1084 3882 1334 3936 Miserere
1376 3878 1547 3934 etiam
1594 3876 1723 3940 mei,

128 3983 314 4035 dando
343 3979 492 4033 illam
523 3978 750 4032 salutem
776 3992 958 4032 veram
988 3992 1001 4028 :
1030 3984 1076 4027 et
1105 3974 1184 4028 sic
1205 3971 1397 4027 exaudi
1420 3986 1523 4034 me,
1549 3968 1598 4023 id
1622 3975 1724 4032 est,

131 4074 366 4129 ostende
401 4082 452 4126 te
480 4070 788 4127 exaudisse.
832 4069 899 4123 Et
941 4068 1105 4122 debes
1141 4065 1432 4128 exaudire,
1463 4062 1586 4133 quia
1634 4060 1727 4114 tibi

130 4167 268 4221 dixit
299 4182 392 4217 cor
418 4180 613 4227 meum,
646 4179 752 4217 non
779 4162 891 4216 alii.
926 4161 1038 4215 Hoc
1067 4170 1151 4215 est
1184 4158 1329 4229 quod
1357 4157 1520 4211 dixit:
1554 4154 1600 4211 Ο
1624 4156 1728 4209 D0-

130 4257 306 4319 mine,
337 4254 499 4324 [acies
529 4269 665 4317 mea,
701 4252 751 4305 id
788 4260 872 4305 est
913 4249 1227 4319 praesentia,
1258 4256 1306 4301 te
1339 4246 1639 4317 exquisivit,
1674 4243 1731 4299 id

131 4356 243 4408 est,
272 4356 422 4400 tuam
447 4344 791 4414 praesentiam
818 4358 884 4396 ex
913 4342 1161 4397 omnibus
1186 4340 1346 4395 rebus
1371 4337 1651 4409 quaesivit;
1680 4347 1731 4391 te

134 4439 317 4493 solum
343 4452 410 4491 ex
430 4437 681 4491 omnibus
706 4436 773 4490 ad
796 4433 1182 4489 beatitudinem
1214 4431 1459 4487 sullieere
1478 4430 1728 4495 credidit,

134 4537 189 4585 et
218 4545 332 4584 non
363 4529 537 4584 solum
561 4526 830 4597 qtttesivit,
859 4525 953 4580 sed
981 4524 1168 4594 faciem
1189 4533 1352 4587 luant,
1380 4522 1621 4585 Domine,
1650 4537 1734 4575 re-

134 4625 391 4694 quiram:
436 4636 712 4690 nunquam
761 4619 1018 4674 desistam
1064 4627 1349 4685 antequam
1396 4614 1726 4683 perveniam.

136 4714 202 4769 Et
235 4716 358 4769 ideo
386 4730 446 4768 ne
475 4723 676 4767 avertas
704 4712 893 4782 faciem
922 4719 1126 4782 tuama
1150 4724 1250 4771 me,
1282 4705 1488 4761 scilicet
1506 4705 1558 4758 in
1587 4718 1732 4773 qua:-

136 4806 335 4869 rendo,
369 4806 422 4860 id
452 4815 558 4868 est,
592 4820 658 4860 ne
687 4801 968 4875 permittas
1002 4779 1095 4855 me
1116 4815 1299 4855 errare
1323 4809 1379 4854 et
1411 4797 1557 4852 aliud
1581 4810 1731 4867 quie-

135 4916 281 4955 rere.
316 4898 501 4969 Neque
532 4897 758 4954 declines
780 4900 833 4953 in
853 4899 934 4950 ira
963 4914 993 4951 a
1023 4912 1168 4951 servo
1192 4907 1281 4949 tuo
1309 4895 1360 4949 in
1388 4894 1730 4957 inveniendo,

133 5000 192 5045 ut
224 5006 341 5045 non
368 4989 513 5043 aliud
543 4989 812 5043 inveniam
840 5002 1001 5058 quam
1036 4996 1105 5053 te,
1135 4987 1275 5042 sicut
1307 4984 1378 5038 illi
1414 4985 1617 5039 faciunt
1640 4982 1731 5053 qui

134 5097 244 5136 non
270 5089 403 5135 sunt
424 5079 565 5134 servi
595 5079 703 5145 tui;
727 5080 931 5134 dictum
959 5094 987 5133 a
1013 5079 1196 5142 simili,
1220 5078 1345 5148 quia
1376 5076 1459 5131 cui
1485 5078 1736 5132 dominus

136 5183 400 5228 terrenus
432 5171 686 5225 irascitur
707 5212 722 5237 ,
768 5171 963 5226 avertit
997 5171 1066 5225 ab
1108 5187 1173 5227 eo
1206 5171 1398 5225 faciem
1434 5185 1611 5227 suam.
1653 5166 1736 5222 Ne

130 5267 371 5322 declines
397 5268 453 5321 in
484 5267 587 5332 ira,
620 5268 711 5323 sed
742 5267 923 5337 potius
958 5266 1172 5336 adjutor
1210 5282 1354 5319 mens
1388 5276 1524 5331 esto,
1559 5262 1737 5321 dando

134 5360 395 5402 ηηιίιίοση
424 5357 665 5402 νιῃιίιιιιίο
697 5368 745 5396 nl
774 5356 1230 5396 ποορηνηιιειηιῖσὶιιὶ
1295 5353 1369 5388 ivi-
1406 5355 1735 5398 ἸΑνΑΙὶιιηηης

1809 1948 1994 2005 Potest
2013 1958 2069 2004 et
2092 1950 2170 2005 sic
2196 1948 2538 2004 continuari:
2582 1945 2689 2003 Nec
2734 1943 3003 2000 miremini
3046 1941 3089 1997 si
3138 1953 3237 2010 ego
3283 1948 3393 1992 tam

1809 2042 1897 2112 pie
1923 2041 2170 2099 clamabo
2192 2042 2257 2096 ad
2282 2041 2470 2106 Deum,
2498 2039 2623 2111 quia
2655 2046 2809 2108 pater
2829 2048 2982 2093 meus
3006 2041 3060 2088 et
3082 2040 3254 2087 mater
3277 2042 3393 2084 mea

1810 2138 2005 2205 Adam,
2040 2149 2094 2194 et
2119 2138 2224 2195 Eva
2252 2145 2615 2209 exposuerunt
2644 2148 2732 2190 me
2757 2134 2811 2188 in
2836 2141 3067 2187 mortem
3087 2143 3184 2198 per
3211 2126 3397 2180 inobo-

1812 2236 2107 2299 dientiam,
2154 2230 2412 2287 Dominus
2449 2238 2630 2285 autem
2675 2225 2967 2295 assumpsit
2992 2237 3080 2276 me
3107 2222 3171 2276 de
3217 2230 3395 2273 massa

1813 2328 2169 2401 perditorum.
2199 2325 2284 2389 Et,
2322 2338 2355 2379 ο
2387 2324 2638 2387 Domine,
2671 2322 2796 2391 quia
2840 2333 2927 2374 me
2954 2332 3013 2372 es
3034 2314 3284 2384 dignatus
3309 2326 3397 2365 as-

1816 2428 2091 2489 sumptum
2132 2425 2284 2471 tuum
2328 2414 2524 2477 facere,
2554 2412 2715 2483 legem
2743 2422 2873 2481 pone
2901 2407 3049 2470 milii,
3076 2404 3128 2459 id
3153 2412 3257 2466 est,
3286 2409 3399 2456 sta-

1817 2510 2010 2564 toriam
2034 2506 2119 2563 fac
2145 2510 2483 2561 voluntatem
2513 2518 2687 2559 meam
2720 2510 2779 2555 ut
2801 2500 3004 2567 legem;
3028 2511 3097 2551 ne
3119 2492 3403 2565 permittas

1820 2615 1905 2653 me
1936 2596 2323 2669 perfunctorie,
2360 2604 2415 2651 ct
2450 2596 2550 2650 hoc
2593 2593 2677 2648 fac
2720 2594 2773 2648 in
2818 2594 2902 2646 via
2951 2599 3065 2653 tua,
3116 2588 3167 2641 id
3213 2572 3299 2640 est
3346 2584 3403 2637 in

1818 2690 2033 2746 Christo
2062 2699 2172 2754 tuo,
2204 2688 2284 2743 vel
2313 2688 2366 2742 in
2395 2686 2678 2756 praeceptis
2707 2684 2831 2739 teis.
2876 2683 2942 2737 Et
2975 2697 3081 2735 non
3110 2678 3283 2734 solum
3309 2690 3407 2746 po-

1820 2799 1917 2838 nas
1945 2783 2137 2853 legem,
2185 2780 2276 2835 sed
2306 2780 2471 2835 etiam
2510 2779 2676 2847 dirige
2713 2792 2795 2830 me
2834 2777 2889 2829 in
2929 2774 3111 2829 semita
3147 2778 3282 2823 recta
3305 2807 3320 2832 ,
3352 2766 3407 2821 id

1820 2884 1922 2938 est,
1950 2875 2003 2928 in
2033 2874 2356 2929 arctioribus
2384 2871 2653 2927 mandatis
2687 2871 2826 2925 tuis:
2867 2868 2951 2923 fac
2976 2881 3061 2921 me
3084 2873 3230 2919 arcta
3254 2875 3407 2916 man-

1821 2965 1947 3019 data
1985 2973 2074 3018 tua
2118 2962 2433 3026 custodire;
2476 2976 2601 3016 vere
2628 2960 2817 3016 cedam
2856 2974 2885 3011 a
2935 2956 3213 3011 voluntate
3247 2964 3405 3006 mea:

1822 3067 1877 3114 et
1902 3058 2003 3112 hoc
2027 3059 2111 3111 lac
2133 3065 2342 3126 propter
2367 3054 2605 3108 inimicos
2635 3068 2774 3105 meos
2802 3048 3126 3109 evadeudos,
3162 3041 3413 3100 carnales

1825 3162 1880 3207 et
1907 3151 2217 3221 spirituales
2264 3149 2511 3204 scilicet:
2558 3143 2640 3200 Ne
2683 3143 2966 3198 tradideris
3011 3157 3092 3194 me
3126 3140 3179 3192 in
3205 3137 3413 3191 animas

1749 3220 1797 3283 ί)
1827 3245 2190 3299 lribulantium
2218 3261 2321 3309 me,
2363 3243 2414 3297 id
2446 3250 2553 3307 est,
2584 3256 2653 3294 ne
2683 3235 2985 3294 aberrando
3012 3235 3295 3306 permittas
3326 3244 3413 3285 me

1824 3338 2019 3393 cadere
2050 3337 2102 3390 in
2139 3334 2512 3389 formationem
2542 3331 2828 3386 malorum.
2866 3330 2932 3383 Et
2960 3328 3002 3383 si
3028 3326 3209 3382 tradas
3239 3338 3326 3378 me
3358 3322 3410 3375 in

1827 3443 2018 3488 manus
2046 3441 2256 3490 eorum,
2289 3441 2393 3480 non
2426 3433 2605 3478 tamen
2653 3423 2837 3477 tradas
2883 3421 2937 3475 in
2978 3419 3284 3473 voluntates
3319 3402 3415 3468 eo;

1828 3534 1966 3571 rum.
2018 3517 2138 3571 ldeo
2180 3516 2289 3571 noli
2336 3531 2422 3570 me
2463 3515 2675 3569 tradere
2716 3514 2767 3567 in
2812 3512 3020 3566 animas
3048 3524 3257 3571 eorum,
3286 3506 3414 3577 quia

1824 3612 2217 3665 insurrexerunt
2254 3609 2309 3663 in
2350 3625 2430 3662 me
2473 3616 2624 3661 testes
2662 3605 2862 3676 iniqui,
2895 3619 3000 3658 non
3031 3602 3202 3658 solum
3229 3609 3415 3673 aperte

1829 3702 2052 3767 inimici,
2079 3701 2173 3756 sed
2199 3701 2362 3755 etiam
2390 3700 2524 3754 tales
2553 3698 2643 3769 qui
2674 3697 2804 3753 falsa
2838 3696 2970 3751 mihi
3001 3695 3184 3750 dicunt
3215 3694 3281 3749 de
3305 3707 3416 3758 me,

1829 3807 1885 3851 nt
1918 3798 2160 3851 recedam
2190 3810 2219 3849 a
2249 3802 2317 3857 te,
2352 3794 2591 3849 dicentes
2617 3792 2780 3847 etiam
2806 3790 3190 3845 beatitudinem
3220 3801 3340 3841 esse
3362 3785 3415 3839 in

1830 3891 1912 3946 his
1939 3888 2337 3959 perfunctoriis,
2366 3898 2419 3941 et
2445 3901 2551 3940 non
2580 3899 2644 3939 ea
2676 3898 2795 3939 esse
2825 3880 3142 3937 deserenda.
3180 3877 3246 3931 Et
3273 3892 3416 3930 men-

1829 3985 1923 4036 tita
1958 3990 2031 4035 est
2061 3980 2342 4049 iniquitas,
2394 3978 2446 4032 id
2488 3984 2602 4040 est,
2647 3975 2746 4029 viri
2791 3973 2866 4028 illi
2920 3971 3086 4041 iniqui
3132 3967 3419 4038 irreligiosi

1830 4074 2164 4129 mentiuntur
2182 4070 2565 4125 beatitudinem
2586 4082 2707 4123 esse
2725 4065 3067 4137 quaerendam
3091 4064 3178 4118 hic
3200 4063 3252 4117 in
3274 4070 3417 4117 terra

1832 4164 2220 4219 morientium:
2260 4162 2394 4227 sibi,
2429 4160 2483 4215 id
2510 4168 2628 4225 est,
2674 4159 2741 4214 ad
2789 4173 2942 4213 suam
2984 4154 3417 4218 damnationem,

1833 4272 1940 4311 non
1976 4270 2172 4310 meam.
2217 4253 2340 4309 Ideo
2381 4250 2486 4307 non
2530 4251 2681 4314 mihi,
2724 4249 2849 4319 quia
2890 4248 3045 4303 credo
3083 4246 3257 4301 videre
3284 4245 3420 4299 bona

1836 4346 2067 4411 Domini,
2097 4361 2201 4398 non
2232 4344 2370 4398 bona
2398 4340 2556 4410 hujus
2590 4339 2789 4403 szeculi,
2833 4337 3043 4393 scilicet
3066 4350 3171 4390 non
3203 4333 3419 4404 perfun-

1834 4440 2029 4503 ctoria,
2052 4438 2144 4493 sed
2170 4448 2371 4491 mterna
2396 4436 2557 4499 bona,
2580 4435 2638 4487 in
2660 4442 2799 4486 terra
2820 4430 3123 4493 viventium,
3153 4428 3204 4483 id
3228 4434 3332 4491 est,
3365 4424 3419 4479 in

1840 4531 2076 4587 Ecclesia
2103 4529 2190 4585 illa
2219 4544 2339 4599 qua:
2366 4541 2554 4583 omnes
2581 4524 2802 4581 habebit
2835 4520 3189 4585 immortales,
3214 4517 3424 4574 scilicet

1836 4624 1889 4678 in
1919 4635 2149 4692 superna
2182 4619 2402 4674 civitate
2449 4626 2636 4671 sancta
2672 4612 3008 4669 Jerusalem:
3049 4618 3289 4681 exspecta
3316 4607 3424 4661 Do-

1834 4716 2053 4769 minum.
2082 4713 2161 4767 Ac
2189 4714 2231 4767 si
2260 4711 2405 4766 dicat
2431 4711 2573 4779 quod
2611 4716 2669 4764 ut
2698 4707 2814 4773 fiat,
2850 4714 3091 4774 exspecta
3121 4702 3424 4757 Dominum.

1837 4804 2158 4861 Exhortatio
2204 4804 2270 4858 ad
2318 4816 2587 4872 quemque
2634 4800 2877 4864 fidelem,
2909 4797 2999 4853 vel-
3034 4797 3099 4851 ad
3135 4809 3194 4850 se
3225 4788 3424 4864 potius.

1836 4898 2001 4966 Quasi
2032 4897 2208 4959 dicat,
2244 4894 2371 4948 talia
2406 4893 2571 4948 credo
2607 4907 2692 4948 tne
2728 4892 2969 4945 visurum
3011 4902 3151 4943 esse.
3185 4883 3293 4939 Sed
3324 4896 3428 4935 nor.

1814 4978 2189 5045 Icoronabitur
2233 4984 2332 5038 nisi
2360 4984 2449 5053 qui
2498 4985 2723 5055 legitime
2753 4981 3020 5035 certaverit
3055 4976 3137 5047 (ll
3173 4973 3309 5030 Tim.
3339 4972 3427 5039 ιι).

1841 5079 2095 5151 Exspecta
2126 5077 2432 5143 Dominum,
2458 5078 2665 5132 scilicet
2690 5075 3177 5129 remunerationem
3197 5109 3212 5131 ,
3242 5063 3293 5117 id
3320 5067 3429 5125 est,

1835 5170 2103 5239 patienter
2140 5181 2430 5240 persevera
2460 5167 2513 5223 in
2546 5165 2816 5223 mandatis
2848 5162 3055 5219 Domini
3083 5175 3096 5226 ;
3140 5154 3245 5212 noli
3290 5149 3431 5206 deli-

1837 5276 1962 5317 eere
1986 5281 1997 5317 :
2030 5272 2086 5318 et
2110 5260 2474 5331 exspectando
2500 5262 2720 5316 viriliter
2745 5272 2859 5328 age,
2893 5256 2943 5311 id
2970 5264 3072 5317 est,
3099 5247 3205 5303 noli
3230 5242 3437 5299 habere

1840 5365 2032 5396 manu:
2078 5351 2364 5396 tliccnlnloc
2394 5360 2443 5386 nl
2475 5368 2647 5396 annum
2696 5347 2887 5391 rinhilin
2957 5345 3050 5400 sed
3098 5340 3432 5395 incessanter
