3978 6406
510 407 621 465 279

1151 408 1404 466 REMIGII
1441 403 2097 465 ANTISSIODORENSIS
2134 405 2283 463 OPP.
2322 404 2521 461 PARS.
2555 407 2593 461 l.
2618 437 2687 448 ——
2710 405 3111 465 EXEGETICA.

3661 400 3773 457 280

508 526 729 590 propter
753 525 805 573 te
827 517 1075 590 dignatus
1093 526 1174 573 est
1197 517 1472 587 suscipere
1493 524 1688 572 terram
1718 514 2084 581 morientium,
2118 523 2165 580 Α
2192 525 2366 571 morte
2388 516 2442 570 in
2465 517 2799 588 putredinem
2827 527 2883 574 et
2910 517 3313 581 resolutionem,
3348 531 3468 586 quae
3505 524 3592 571 est
3624 513 3769 572 infe-

510 621 566 668 et
592 610 730 668 mori
764 611 908 667 inter
932 626 1123 667 manus
1152 610 1515 666 morientium.

540 718 543 721 '
576 730 579 735 ·
1018 705 1338 763 PSALMUS
1379 702 1589 760 XXVII.

898 810 1207 852 PSALIUS
1264 810 1398 850 lPSl
1456 809 1681 850 DAVID.

590 907 609 940 ι
641 888 721 943 Ad
746 896 818 953 te,
850 887 1094 953 Domine,
1125 886 1402 953 clamabo;
1443 885 1587 941 Deus
1623 901 1802 949 meus,
1830 902 1898 942 ne
1928 884 2088 942 sileas

517 998 543 1032 ι
574 995 605 1034 a
632 992 719 1034 me
744 994 759 1033 :
800 980 1082 1050 nequando
1111 988 1296 1035 taceas
1336 995 1366 1035 a
1411 995 1517 1045 me,
1550 988 1605 1036 et
1632 979 1973 1036 assimilabor
1996 978 2089 1036 de-

517 1088 543 1119 ε
572 1068 951 1125 scendentibus
979 1068 1032 1123 in
1075 1068 1271 1124 lacum.
1320 1070 1555 1133 Exaudi,
1600 1069 1857 1133 Domine,
1897 1083 2086 1125 vocem

519 1176 543 1210 ι
570 1160 832 1215 orationis
860 1175 991 1215 mea:
1019 1162 1142 1216 dum
1174 1175 1271 1217 oro
1297 1162 1365 1217 ad
1394 1170 1464 1227 te,
1503 1161 1628 1217 dum
1669 1161 1866 1216 extollo
1901 1176 2089 1216 manus

516 1266 541 1298 ο
574 1262 723 1303 meas
742 1248 809 1302 ad
840 1248 1092 1319 templum
1121 1257 1368 1304 sanctum
1393 1257 1562 1303 tuum.
1592 1247 1671 1304 Ne
1701 1248 1862 1303 simul
1902 1248 2086 1304 tradas

518 1356 544 1389 ο
576 1353 661 1394 me
701 1354 823 1394 cum
857 1342 1249 1409 peccatoribus,
1285 1350 1340 1397 et
1370 1358 1491 1397 cum
1522 1342 1869 1412 operantibus
1894 1340 2090 1411 iniqui-

516 1438 537 1479 ε
574 1437 736 1484 tatem
782 1443 850 1485 ne
888 1432 1083 1501 perdas
1131 1449 1233 1489 me.
1275 1432 1377 1501 Qui
1424 1433 1716 1504 loquuntur
1747 1447 1931 1503 pacem
1964 1448 2088 1489 cum

518 1541 539 1571 ι
574 1522 824 1592 proximo
847 1538 981 1588 suo,
1024 1525 1163 1579 mala
1203 1534 1383 1581 autem
1414 1526 1465 1581 in
1496 1525 1748 1581 cordibus
1772 1541 1980 1581 eorum.
2011 1526 2090 1581 Da

517 1629 543 1662 ι
572 1609 676 1665 illis
700 1612 993 1667 secundum
1039 1628 1203 1684 opera
1241 1630 1426 1670 eorum
1450 1650 1477 1683 ,-
1496 1625 1552 1671 et
1576 1616 1869 1672 secundum
1902 1618 2093 1687 nequi-

514 1721 542 1752 ε
573 1703 722 1761 ιὶίιιῐι⁴
760 1705 1195 1764 adinventionum
1249 1709 1509 1780 ipsorum.
1567 1708 1873 1766 Secundum
1929 1724 2093 1781 opera

514 1815 536 1846 ς
573 1811 827 1852 manuum
864 1813 1050 1854 eorum
1101 1799 1276 1856 tribue
1305 1801 1440 1867 iliis,
1487 1801 1650 1857 redde
1678 1802 2089 1857 retributionem

2190 607 2301 664 rlor
2322 607 2470 663 lacus
2499 608 2751 664 miseriae.
2782 607 2849 663 Et
2880 618 3065 665 utnon
3094 610 3196 665 sim
3221 607 3412 664 similis
3437 606 3771 665 descenden-

2189 698 2332 755 tibus
2362 700 2414 754 in
2443 699 2615 755 lacum
2647 700 2702 756 in
2740 714 2824 754 me
2852 701 2937 755 vel
2982 700 3035 755 in
3071 698 3326 756 membris
3363 698 3521 764 meis,
3549 695 3778 762 exaudi,

2187 790 2430 857 Domine,
2469 808 2641 847 uocent
2677 792 3054 863 deprecationis
3093 805 3265 847 meat:
3304 805 3512 855 vocem,
3564 789 3619 844 id
3666 797 3775 853 est,

2187 881 2418 936 validam
2446 890 2501 936 et
2526 882 2755 938 liberam
2805 883 3156 938 intentionem
3204 880 3619 952 deprecationis,
3655 894 3778 949 quae

2190 970 2267 1042 fit;
2291 986 2391 1041 pro
2427 970 2733 1028 auferendis
2758 972 2928 1028 malis.
2961 972 3176 1027 Exaudi
3204 972 3345 1035 dico,
3374 973 3496 1025 dum
3528 986 3645 1031 oro,
3671 968 3780 1023 sci-

2189 1062 2315 1117 licet
2334 1078 2434 1135 ego
2472 1065 2563 1134 qui
2595 1079 2713 1118 sum
2743 1063 2999 1118 immunis
3024 1079 3055 1118 a
3106 1072 3333 1133 peccato
3361 1080 3373 1115 :
3417 1071 3471 1118 et
3499 1061 3605 1116 hoc
3635 1059 3782 1114 facio

2189 1154 2259 1208 ad
2295 1163 2366 1219 te,
2394 1154 2599 1210 scilicet
2644 1154 3078 1224 promerendum.
3127 1152 3235 1208 Nec
3283 1163 3462 1209 tamen
3508 1167 3634 1217 oro,
3686 1150 3781 1208 sed

2189 1244 2316 1298 dum
2343 1243 2749 1303 extollomanus
2789 1262 2955 1309 meas,
3007 1244 3215 1301 scilicet
3259 1245 3312 1299 in
3372 1259 3532 1300 cruce
3584 1252 3782 1299 esten-

2190 1335 2389 1399 dendo,
2417 1335 2499 1390 vel
2528 1352 2733 1399 manus,
2771 1335 2820 1389 id
2847 1345 2950 1400 est,
2980 1350 3143 1407 opera
3176 1351 3314 1399 mea,
3341 1335 3555 1400 extollo,
3602 1335 3657 1389 id
3701 1343 3787 1390 est.

2193 1425 2499 1494 magnifico,
2525 1424 2728 1481 faciens
2755 1441 2815 1480 ea
2842 1441 2964 1495 qute
3001 1441 3159 1482 nemo
3190 1426 3469 1481 hominmn
3498 1424 3653 1482 fecit.
3702 1425 3789 1480 Ad-

2194 1519 2440 1590 templum
2468 1530 2707 1574 sanctum
2754 1529 2926 1583 tuum,
2966 1520 3017 1573 id
3062 1528 3165 1580 est,
3198 1519 3264 1573 ad
3309 1518 3537 1573 salutem
3566 1531 3783 1579 eorum,

2193 1610 2282 1680 qui
2307 1610 2590 1665 credentes
2617 1608 2780 1663 futuri
2810 1617 2958 1675 sunt,
2993 1608 3237 1677 templum
3264 1618 3513 1663 sanctum
3532 1617 3713 1672 tuum,
3732 1606 3787 1661 id

2192 1709 2297 1766 εει,
2326 1708 2385 1755 ιιι
2406 1699 2730 1755 constituam
2764 1700 2857 1754 tibi
2890 1698 3186 1754 Ecelesiam
3218 1706 3387 1753 tuam.
3422 1696 3506 1752 Ne
3541 1696 3708 1752 sileas
3752 1714 3787 1751 a

2195 1809 2277 1846 me
2303 1799 2435 1846 etne
2458 1801 2655 1855 taceas,
2679 1789 2889 1845 scilicet
2911 1806 2975 1845 ne
3001 1788 3159 1843 simul
3180 1789 3363 1843 tradas
3387 1805 3468 1843 me
3503 1787 3626 1843 cum
3667 1804 3791 1857 pec-

517 1908 540 1939 ι
571 1903 757 1945 eorum
786 1890 934 1961 ipsis.
965 1890 1228 1958 Quoniam
1259 1907 1366 1948 non
1392 1892 1773 1949 intellexerunt
1797 1907 1959 1963 opera
1982 1905 2095 1948 ma-
2125 1878 2168 1939 Β
2195 1881 2476 1945 catoribus,
2506 1881 2686 1945 id-est,
2717 1894 2838 1934 cum
2869 1879 3164 1934 latronibus
3188 1893 3309 1933 cum
3337 1879 3531 1948 quibus
3561 1891 3788 1947 penam

515 2000 535 2030 ι
571 1995 733 2036 unum
762 1980 895 2050 ejus,
944 1983 1192 2038 destrues
1233 1982 1354 2038 illos
1390 1993 1448 2039 et
1490 1998 1597 2039 non
1638 1984 1934 2040 aedificabis
1979 1998 2092 2039 eos.

517 2091 535 2121 ε
570 2070 892 2128 Benedictus
940 2071 1228 2139 Dominus,
1279 2074 1533 2144 quoniam
1584 2073 1862 2129 exaudivit
1908 2088 2095 2130 vocem

518 2182 536 2212 ι
575 2163 967 2234 deprecationis
995 2180 1150 2221 mete.
1180 2166 1440 2223 Dominus
1470 2166 1686 2237 adjutor
1713 2182 1865 2223 meus
1893 2176 1947 2221 et
1966 2178 2098 2237 'pro-

520 2278 538 2309 s
575 2267 745 2314 tect0r
765 2273 918 2316 meus
944 2268 1000 2315 et
1028 2261 1082 2315 in
1109 2260 1225 2330 ipso
1252 2261 1489 2331 speravit
1521 2275 1616 2316 cor
1641 2275 1846 2327 meum,
1871 2269 1928 2316 et
1953 2259 2099 2329 adju-

518 2369 543 2401 τ
578 2359 662 2406 tus
696 2365 836 2406 sum.
881 2351 949 2407 Et
991 2351 1232 2408 reﬂoruit
1262 2366 1391 2407 caro
1431 2366 1548 2407 mea
1572 2392 1586 2419 ,
1624 2361 1680 2407 et
1716 2365 1782 2406 ex
1824 2351 2099 2406 voluntate

518 2459 540 2490 ο
574 2455 702 2496 mea
722 2440 1023 2498 conﬁtebor
1051 2442 1121 2498 ei.
1152 2443 1413 2498 Dominus
1440 2442 1697 2498 fortitudo
1719 2442 1890 2512 plebis
1913 2459 2024 2503 suae
2045 2452 2102 2498 et

517 2552 538 2581 ι
575 2541 853 2609 protector
871 2534 1226 2589 salvationum
1271 2533 1471 2591 Christi
1502 2535 1588 2590 sui
1610 2543 1711 2590 est.
1753 2532 1971 2589 Salvum
2013 2534 2102 2590 fac

521 2642 542 2674 ο
576 2625 829 2695 populum
859 2634 1028 2693 tuum,
1050 2626 1292 2692 Domine,
1316 2637 1367 2683 et
1392 2627 1618 2683 benedic
1636 2626 1935 2681 haereditati
1962 2639 2096 2681 tute:

522 2733 542 2764 σ
573 2724 628 2770 et
658 2730 782 2787 rege
807 2730 920 2783 eos,
942 2726 998 2772 et
1026 2717 1223 2773 extolle
1251 2718 1369 2773 illos
1399 2732 1573 2787 usque
1599 2717 1651 2771 in
1683 2725 1965 2771 aeternum.
2004 2735 2022 2768 ι

1078 2808 1228 2865 ΕΝΑ
1239 2806 1529 2864 RRATIO.

524 2924 535 2929 υ
588 2897 837 2956 Psalmus
863 2902 962 2971 ipsi
981 2901 1171 2956 David.
1200 2901 1255 2955 In
1282 2902 1388 2956 hoc
1416 2900 1625 2970 psalmo
1645 2915 1748 2955 vox
1778 2908 1861 2955 est
1887 2897 2100 2968 capitis,

514 2993 725 3048 orantis
753 2992 1038 3048 Dominum
1076 2991 1292 3046 Patrem
1324 2991 1413 3051 vel
1436 2991 1671 3046 Verbum
1711 2989 1813 3045 sibi
1842 3002 2101 3060 persona-

518 3081 647 3136 liter
679 3082 908 3145 unitum,
943 3090 1000 3135 ut
1028 3083 1168 3137 sicut
1200 3097 1228 3136 a
1264 3097 1333 3138 se-
1361 3097 1467 3136 non
1502 3081 1746 3145 recessit,
1777 3082 1870 3136 sed
1897 3096 2020 3135 eun
2048 3080 2102 3134 in

520 3173 830 3243 passionem
868 3158 1224 3239 confortavit,
1257 3181 1307 3228 et
1344 3188 1373 3226 a
1402 3181 1577 3227 morte
1615 3171 1996 3227 resuscitavit:
2030 3170 2101 3224 ita

2200 1973 2542 2040 sustineo,.id
2562 1980 2668 2038 est,
2701 1986 2807 2027 non
2835 1971 3115 2042 permittas
3147 1985 3234 2024 me
3263 1984 3385 2023 cum
3430 1967 3538 2023 illis
3565 1975 3620 2021 et
3666 1966 3791 2020 aliis

2199 2064 2572 2137 peccatoribus
2595 2072 2908 2133 putrescere
2937 2060 2990 2115 in
3008 2059 3274 2130 sepulcro.
3289 2058 3459 2113 Aliter
3483 2073 3497 2111 :
3523 2057 3607 2111 Ne
3629 2054 3791 2112 simul

2200 2157 2381 2211 tradas
2401 2171 2503 2220 me,
2527 2155 2580 2210 id
2600 2162 2705 2220 est,
2721 2156 2873 2209 meos
2893 2153 2947 2207 in
2968 2152 3265 2222 reprobum
3285 2165 3524 2214 sensum,
3549 2165 3581 2203 a
3607 2148 3791 2220 specie

2201 2246 2453 2303 invisibili
2484 2254 2541 2302 et
2560 2253 2762 2303 aeterne
2806 2241 3258 2308 incommutabili,
3293 2241 3360 2296 ad
3386 2240 3629 2311 speciem
3657 2238 3790 2293 visi-

2198 2338 2363 2393 bilem
2422 2345 2477 2392 et
2532 2334 2899 2405 temporaliter
2940 2329 3378 2389 commutabilem
3441 2328 3602 2384 simul
3664 2328 3790 2381 cum

2200 2427 2598 2500 peccatoribus,
2624 2426 2718 2497 qui
2752 2424 2930 2485 traditi
2962 2431 3090 2481 sunt
3112 2423 3164 2478 in
3194 2419 3457 2477 desideria
3488 2417 3676 2474 cordis
3709 2416 3797 2472 sui

2202 2522 2253 2578 in
2283 2518 2699 2582 immunditiam,
2727 2525 2787 2571 ut
2816 2515 3018 2571 faciant
3049 2529 3111 2569 ea
3136 2528 3259 2583 quae
3296 2527 3399 2567 non
3431 2507 3790 2565 comteninnt.

2200 2609 2318 2666 Noli
2349 2624 2496 2665 meos
2536 2609 2623 2664 hic
2650 2609 2725 2663 ita
2757 2606 3004 2677 judicare
3045 2614 3100 2660 et
3144 2604 3219 2659 ita
3253 2616 3552 2665 excaecare,
3602 2607 3664 2652 nt
3720 2597 3791 2651 illi

2203 2711 2348 2760 sunt.
2381 2702 2448 2756 Et
2489 2701 2543 2755 in
2594 2699 2775 2755 futuro
2820 2715 2938 2754 cum
2982 2696 3314 2769 operantibus
3362 2693 3698 2760 iniquitatem
3733 2680 3793 2743 ne

2203 2795 2389 2865 perdas
2418 2808 2520 2856 me,
2552 2792 2603 2846 id
2626 2800 2733 2856 est,
2752 2806 2874 2846 cum
2899 2789 2983 2845 his
3005 2789 3098 2859 qui
3127 2788 3373 2843 timorem
3403 2782 3621 2839 Domini
3650 2774 3797 2867 post~

2204 2893 2485 2956 ponentes,
2512 2882 2737 2951 justitiae
2763 2870 2857 2957 Dei
2880 2897 2987 2937 non
3025 2889 3153 2937 sunt
3181 2876 3430 2949 subjecti,
3471 2889 3542 2930 ne
3568 2876 3795 2928 damnes

2206 2992 2292 3033 me
2326 2975 2670 3031 damnatione
2713 2981 2996 3044 perpetua.
3035 2971 3152 3027 Non
3201 2970 3375 3025 solum
3402 2983 3527 3023 eum
3558 2967 3666 3021 illis
3707 2965 3793 3036 qui

2206 3067 2423 3140 gravius
2442 3075 2688 3139 peccant,
2718 3066 2810 3120 sed
2840 3067 3003 3121 etiam
3035 3078 3154 3117 cum
3176 3062 3261 3117 bis
3286 3061 3373 3129 qui
3396 3058 3688 3129 loquuntur
3706 3072 3795 3126 pa-

2207 3175 2319 3212 cem
2343 3174 2462 3213 cum
2482 3158 2718 3228 proximo
2743 3173 2859 3219 suo,
2886 3171 2971 3210 me
2995 3151 3340 3222 Cbristo,jqui
3365 3149 3541 3205 factus
3561 3163 3686 3203 sum
3708 3161 3795 3202 eo-

525 3238 625 3320 nec
664 3281 693 3319 ει
735 3266 994 3322 membris
1041 3266 1155 3321 suis
1200 3265 1436 3331 recedat,
1491 3264 1851 3336 cognitionem
1902 3263 1986 3317 sui
2032 3262 2107 3317 illi
2134 3238 2179 3301 C
2210 3268 2331 3308 rum
2351 3253 2631 3323 proximus
2653 3265 2750 3321 per
2769 3249 2950 3303 carnis
2972 3246 3469 3316 assumptionemet
3486 3240 3795 3336 misericor-

521 3355 700 3412 dando
741 3366 796 3412 et
840 3356 1158 3422 erudiendo,
1195 3364 1254 3411 ut
1296 3370 1401 3411 non
1458 3356 1672 3410 tandem
1714 3362 1942 3427 pereant
1982 3369 2106 3409 eu

523 3434 896 3520 ignorantibus
924 3451 1117 3517 Deum,
1138 3451 1232 3506 sed
1257 3451 1310 3504 in
1330 3459 1532 3504 aeterna
1562 3448 1730 3520 gloria
1749 3463 1870 3504 cum
1893 3447 2110 3504 Christo

525 3543 705 3611 capite
736 3556 834 3598 suo
866 3542 1255 3612 gloriﬁcentur.

524 3660 530 3667 ·
595 3632 676 3687 Ad
707 3642 784 3696 te,
818 3632 1073 3697 Domine,
1106 3633 1342 3687 clamabo
1368 3649 1382 3685 :
1411 3647 1444 3686 ο
1467 3632 1688 3686 Domine
1710 3631 1977 3695 Verbum,
2009 3646 2111 3702 ego

526 3723 843 3778 Dominicus
860 3722 1022 3777 homo
1047 3738 1204 3793 quem
1229 3722 1537 3792 suscepisti,
1570 3721 1635 3775 ad
1678 3729 1734 3776 te
1756 3722 1963 3777 scilicet
1987 3736 2111 3791 prc-

523 3816 864 3882 merendum,
904 3831 1011 3871 non
1040 3815 1106 3870 ad
1137 3815 1300 3881 aliud,
1328 3815 1588 3880 clamabo,
1628 3814 1681 3869 id
1712 3824 1796 3869 est
1832 3814 2113 3868 totanin-

523 3906 819 3961 tentionem
865 3905 1045 3961 cordis
1088 3904 1315 3973 dirigam
1356 3905 1423 3959 ad
1473 3915 1525 3960 te
1564 3904 1907 3960 liberatorem
1953 3922 1966 3957 :
2005 3917 2111 3957 non

521 3998 667 4055 enim
694 3999 761 4053 ad
789 4006 845 4052 te
875 3998 1096 4063 clamat,
1124 3998 1214 4068 qui
1245 3996 1389 4051 aliud
1420 4012 1451 4051 a
1489 4004 1541 4051 te
1575 4011 1737 4066 quam
1772 4004 1822 4050 te
1853 3979 2138 4065 postulatf

525 4091 594 4146 Et
617 4090 811 4145 merito
841 4089 967 4160 quia
1000 4096 1057 4143 tu
1079 4104 1139 4144 es
1165 4088 1306 4143 Deus
1330 4104 1508 4152 meus;
1533 4088 1671 4142 sicut
1691 4098 1772 4150 es,
1804 4085 1875 4139 ita
1908 4092 1959 4139 te
1977 4099 2113 4155 prte-

522 4180 740 4251 cipuum
762 4178 895 4234 mihi
922 4178 1082 4234 facio.
1112 4179 1180 4233 Et
1207 4178 1329 4234 ideo
1359 4194 1431 4232 ne.
1446 4177 1602 4233 sileas
1633 4194 1665 4230 a
1688 4191 1797 4241 me,
1830 4175 1880 4230 id
1909 4183 2016 4240 est,
2046 4189 2113 4230 ne

524 4288 742 4344 separes
781 4273 1042 4328 unitatem
1083 4272 1244 4327 Verbi
1267 4272 1356 4327 ,ιιιί
1397 4272 1465 4326 ab
1494 4270 1798 4335 humilitate
1837 4284 1977 4326 mea.
2019 4269 2111 4327 sed

522 4378 645 4417 cum
684 4378 713 4417 a
751 4371 926 4418 morte
964 4363 1223 4418 resuscita
1254 4362 1501 4416 :rdictum
1536 4376 1636 4431 per
1673 4360 2108 4423 similitudinem,

522 4454 648 4523 quia
681 4453 765 4509 ille
796 4464 936 4510 tacet
964 4471 995 4509 a
1020 4469 1128 4523 quo
1155 4453 1380 4508 verbum
1411 4452 1635 4508 recedit.
1660 4451 1726 4506 Et
1761 4466 1865 4505 non
1895 4465 1992 4520 pro
2026 4465 2112 4506 me

525 4551 734 4597 tantum
764 4557 881 4607 oro,
913 4543 1007 4599 sed
1033 4543 1196 4598 etiam
1228 4542 1527 4611 nequando,
1558 4542 1611 4595 id
1642 4549 1744 4606 est,
1773 4540 2062 4610 aliquando
2091 4556 2106 4597 :

525 4641 719 4698 taceas,
778 4632 830 4687 id
860 4642 949 4689 est
974 4632 1229 4699 recedas,
1256 4650 1290 4687 a
1316 4648 1426 4698 me,
1457 4632 1509 4687 id
1539 4640 1624 4689 est
1650 4647 1680 4685 a
1711 4630 1877 4695 meis,
1909 4630 2115 4686 scilicet

525 4741 556 4782 a
589 4722 896 4779 conditione
921 4733 976 4778 et
995 4723 1297 4785 eruditione
1325 4737 1564 4778 meorum
1592 4741 1604 4775 :
1651 4730 1702 4775 et
1748 4731 1875 4776 tunc
1903 4720 2112 4776 assimi-

529 4803 701 4879 labor,
730 4815 782 4869 id
819 4824 920 4881 est,
952 4814 1116 4870 valde
1135 4814 1338 4871 similes
1369 4822 1532 4870 erunt
1583 4815 1708 4878 mei,
1756 4812 2113 4875 descendenti-

528 4905 623 4967 bus
643 4905 698 4959 in
727 4904 1000 4969 lacum,id
1020 4915 1123 4973 εει,
1152 4907 1205 4961 in
1232 4907 1551 4976 profundam
1572 4906 1866 4961 caecitatem
1888 4914 1942 4959 et
1964 4904 2112 4973 igno-

529 4998 782 5062 rantiam,
842 4998 1049 5055 scilicet
1104 4998 1177 5054 illi
1216 5000 1411 5069 quibus
1452 4998 1611 5053 Verbi
1651 4999 1724 5053 tui
1769 4997 1947 5052 lumen
2004 5011 2110 5051 non

527 5091 792 5157 innotuit;
822 5100 877 5146 et
916 5092 1039 5147 ideo
1069 5092 1122 5145 in
1150 5091 1414 5147 maximas
1449 5090 1608 5159 hujus
1654 5089 1833 5146 szeculi
1866 5086 2116 5147 miserias

523 5183 876 5239 ceciderunt:
907 5183 1108 5238 dictum
1137 5182 1210 5238 ad
1243 5182 1646 5239 similitudinem
1691 5182 1990 5243 doctorum,
2022 5180 2113 5249 qui

527 5275 865 5335 auditoribus
893 5273 1009 5333 suis
1035 5274 1231 5344 quibus
1259 5274 1383 5330 irati
1414 5281 1561 5338 sunt,
1613 5271 1796 5334 silent,
1832 5278 1889 5325 et
1932 5269 2011 5325 sic
2036 5269 2117 5324 eis

526 5366 787 5422 doctrina:
812 5366 986 5421 verba.
1007 5365 1352 5425 subtrahunt.
1406 5363 1612 5418 Aliter:
1664 5361 1746 5416 Ne
1773 5360 1935 5415 sileas
1957 5377 1989 5413 a
2032 5374 2115 5412 me

525 5456 583 5516 in
613 5458 880 5528 passione,
911 5456 1213 5528 nequando
1233 5465 1406 5510 taceas
1435 5472 1470 5508 a
1496 5470 1578 5507 me
1600 5452 1651 5506 in
1688 5460 1884 5510 morte.
1915 5450 1981 5505 Et
2001 5450 2114 5506 siin

527 5558 702 5607 morte
734 5550 1155 5614 ama-tacueris,
1199 5564 1295 5607 ero
1341 5544 2015 5609 similisdescendentibus
2060 5542 2115 5597 in

528 5638 706 5699 lacum
733 5658 746 5693 :
788 5656 893 5695 non
921 5640 1091 5696 solum
1122 5639 1438 5695 cadentibus
1466 5637 1518 5691 iu
1554 5636 1752 5700 lacum,
1775 5635 1867 5690 sed
1896 5634 2117 5690 descen-

534 5732 785 5793 dentibus
813 5734 864 5788 in
894 5733 1199 5789 inferiorem
1227 5731 1428 5795 lacum,
1458 5730 1510 5786 id
1555 5738 1654 5792 est,
1694 5743 1798 5784 non
1827 5727 1998 5783 solum
2029 5743 2117 5782 ca-

534 5824 784 5889 dentibus
825 5825 878 5881 iu
930 5835 1178 5887 mortem,
1241 5822 1333 5883 sed
1384 5822 1551 5881 etiam
1599 5818 2046 5878 descendentibus
2086 5832 2115 5872 τι

2210 3343 2354 3397 diam
2378 3343 2646 3398 dicentes:
2664 3339 2919 3411 Magister
2933 3379 2947 3404 ,
2964 3339 3157 3393 scimus
3177 3336 3301 3407 quia
3324 3348 3480 3389 verax
3498 3348 3554 3388 es
3578 3330 3794 3402 (Matth.

2209 3434 2369 3506 xxn).
2405 3432 2548 3488 Mala
2573 3443 2747 3487 autem
2772 3434 2828 3486 in
2852 3430 3096 3485 cordibus
3115 3444 3313 3483 eorum.
3347 3426 3405 3483 Si
3430 3425 3550 3480 licet
3580 3438 3797 3478 censum

2211 3526 2339 3580 dare
2367 3524 2566 3580 Cwsari
2594 3542 2664 3579 an
2694 3522 2840 3578 non?
2861 3522 3050 3594 (Ibid.)
3080 3520 3164 3576 vel
3198 3520 3265 3575 de
3283 3518 3533 3574 omnibus
3558 3515 3795 3571 inimicis

2212 3617 2455 3687 corporis
2482 3616 2681 3672 Christi
2713 3616 2884 3671 dicit:
2934 3614 3158 3677 scilicet,
3220 3626 3330 3667 non
3375 3608 3549 3666 solum
3604 3607 3797 3679 perdas

2213 3726 2366 3766 meos
2393 3725 2515 3765 cum
2538 3708 2657 3763 aliis
2677 3707 2943 3778 operariis
2971 3704 3295 3776 iniquitatis,
3324 3703 3418 3758 sed
3452 3701 3621 3756 etiam
3657 3697 3795 3768 quod

2214 3805 2503 3866 minusest,
2528 3818 2653 3855 cum
2669 3801 2749 3855 his
2775 3800 2862 3870 qui
2885 3798 3400 3869 loquuntur-pacem,
3417 3793 3470 3847 id
3485 3801 3599 3856 est,
3619 3788 3795 3845 dolum

2215 3909 2335 3952 cum
2364 3893 2623 3962 proximo.
2638 3905 2757 3956 suo,
2796 3905 2922 3945 cum
2945 3888 3092 3943 omni
3136 3886 3353 3941 homine
3397 3884 3654 3953 proximo
3707 3892 3798 3949 per

2215 3988 2394 4043 carnis
2416 3983 2788 4053 cognationem
2819 4000 2833 4035 :
2867 3978 3269 4048 ostenditqde
3304 3992 3403 4031 nec
3438 3975 3579 4030 tales
3601 3974 3798 4028 immu-

2215 4095 2313 4136 nes
2343 4089 2468 4135 sunt
2488 4096 2518 4134 a
2544 4094 2725 4150 poena,
2754 4086 2811 4133 et
2836 4076 3013 4131 minus
3030 4075 3301 4145 ponendo,
3320 4068 3497 4138 majus
3511 4069 3679 4123 etiam
3696 4080 3796 4120 non

2215 4170 2553 4240 relinquitur.
2607 4167 2820 4223 Nullum
2859 4165 3011 4235 enim
3059 4165 3334 4220 hominum
3363 4161 3612 4229 decipere
3654 4158 3795 4213 licet.

2214 4260 2366 4317 Μαῖα
2402 4270 2576 4315 autem
2605 4260 2664 4313 in
2702 4258 2948 4312 cordibus
2982 4271 3181 4319 eorum,
3206 4254 3257 4309 id
3278 4262 3383 4315 est,
3409 4251 3794 4321 deceptiones:

2213 4354 2334 4424 quis
2361 4353 2513 4409 dolus
2535 4361 2786 4416 est,.cum
2818 4349 2962 4403 aliud
2995 4349 3192 4419 agitur,
3218 4354 3274 4400 et
3299 4344 3443 4398 aliud
3480 4339 3798 4398 simulatur?

2212 4445 2332 4500 Illis
2378 4452 2558 4499 autem
2587 4444 2657 4498 da
2682 4443 2967 4499 secundant
3004 4455 3162 4510 opera
3201 4453 3401 4492 eorum.
3432 4434 3489 4490 Si
3528 4435 3595 4490 de
3625 4431 3798 4488 inimi-

2215 4537 2297 4593 cis
2323 4536 2537 4607 capitis,
2583 4535 2636 4589 id
2677 4543 2784 4597 est,
2818 4532 3019 4587 ludatis
3053 4531 3127 4585 ita
3158 4547 3170 4584 τ
3213 4527 3533 4597 Quanquam
3577 4524 3703 4578 aliis
3733 4519 3797 4575 ad

2218 4630 2446 4686 salutem
2475 4627 2655 4681 valeat
2674 4625 2815 4695 quod
2838 4624 3101 4687 fecerunt,
3130 4620 3416 4675 secundum
3440 4633 3595 4688 opera
3624 4625 3796 4669 tamen

2218 4720 2478 4789 ipsorum,
2521 4718 2572 4772 id
2603 4725 2709 4780 est,
2737 4714 3032 4771 secundum
3080 4710 3437 4766 intentionem
3460 4720 3689 4776 cperam
3734 4702 3795 4755 da

2219 4810 2317 4864 eis.
2340 4809 2408 4863 Et
2434 4823 2540 4862 non
2571 4806 2744 4863 solum
2785 4803 3070 4859 secundum
3099 4818 3277 4875 opera,
3310 4799 3403 4855 sed
3435 4798 3598 4852 etiam
3620 4810 3797 4849 secun-

2219 4903 2343 4956 dum
2375 4899 2657 4967 nequitiam
2682 4896 3103 4952 adinventionum
3123 4893 3373 4963 ipsorum,
3398 4889 3450 4942 id
3481 4896 3585 4952 est,
3612 4900 3798 4942 secun-

2219 4992 2345 5061 dum
2366 4990 2507 5059 quod
2533 4988 2781 5057 nequiter
2798 4985 3210 5045 adinveneruut,
3241 4979 3344 5035 etsi
3383 4978 3449 5032 ad
3475 4985 3657 5031 actum
3685 4987 3797 5044 per-

2224 5082 2423 5137 ducere
2450 5094 2567 5137 nou
2584 5078 2906 5133 valuerunt:
2940 5073 3188 5129 similiter
3215 5080 3270 5126 et
3296 5070 3365 5126 de
3389 5069 3469 5124 eis
3492 5076 3675 5137 potest
3711 5077 3795 5117 ac—

2223 5172 2327 5242 cipi
2355 5172 2446 5243 qui
2467 5171 2520 5224 in
2552 5167 2792 5231 membra
2818 5164 3018 5222 Christi
3044 5171 3099 5219 et
3120 5160 3261 5217 mala
3287 5167 3455 5231 agunt
3478 5168 3531 5221 et
3553 5166 3796 5226 perverse

2223 5263 2480 5332 cogitant.
2519 5256 2890 5329 Aggratulatio
2915 5254 3110 5311 divinae
3127 5250 3429 5315 sementim,
3465 5247 3554 5310 vel
3574 5243 3795 5316 prapbe-

2226 5355 2379 5409 tatio.
2423 5352 2593 5407 Aliter
2626 5368 2639 5403 :
2670 5348 2755 5403 Da
2779 5347 2883 5402 illis
2909 5334 3195 5401 secundum
3227 5342 3512 5414 nequitiam
3552 5337 3793 5391 adiuven-

2225 5448 2425 5503 tionum
2480 5448 2736 5513 ipsorum,
2787 5441 2978 5502 idest,
3038 5436 3330 5493 secundum
3370 5432 3513 5503 quod
3558 5428 3797 5500 nequiter

2224 5537 2535 5606 excogitant
2564 5534 2628 5596 in,
2667 5548 2761 5589 eos
2804 5538 3202 5600 retorqueatur.
3258 5526 3467 5595 Fallere
3494 5522 3633 5578 alios
3660 5517 3793 5588 cogi-

2228 5641 2342 5687 tant
2366 5630 2632 5692 exterius,
2650 5626 2905 5681 fallantur
2932 5623 3033 5695 ipsi
3059 5621 3306 5677 interius.
3325 5615 3626 5674 Secundum
3649 5625 3793 5681 opem

2227 5736 2475 5776 manuum
2513 5734 2692 5773 eorum
2729 5715 2899 5770 tribue
2924 5713 3050 5777 illis,
3092 5710 3330 5782 apertius
3353 5707 3575 5770 dicitur,
3606 5704 3655 5757 id
3694 5706 3792 5760 est,

2226 5813 2518 5874 secundum
2547 5809 2634 5864 illa
2663 5823 2823 5883 opera
2845 5821 2965 5875 qua:
2987 5803 3327 5859 intenderunt
3370 5812 3561 5853 uianus
3592 5804 3794 5856 eorum,
