3930 5702
119 365 229 419 εδι

1277 366 1805 425 ENARRATIONES
1841 367 1905 421 IN
1946 367 2280 425 PSALMOS.

3294 365 3398 421 282

116 491 319 534 etnon
375 479 666 533 secundum
717 479 818 534 hoc
865 482 1007 550 quod
1036 489 1088 535 tu
1124 491 1377 552 operatus
1424 499 1504 537 es.
1539 482 1593 536 Si
1623 496 1718 535 au-
1746 481 1792 540 Α
1815 481 1984 551 jutor,
2011 491 2063 534 tu
2090 490 2367 550 protertor,
2393 478 2590 533 salvum
2621 479 2706 548 [ac
2736 478 2982 550 papulum
3009 488 3174 543 tuum,
3206 477 3258 532 id
3290 489 3395 545 est,

119 584 234 627 tem
269 573 346 628 de
394 573 593 628 Iudaeis
625 574 1059 643 persecutoribus
1102 575 1328 640 Christi,
1358 576 1429 630 ita
1461 593 1476 627 :
1515 573 1718 629 Secun-

120 648 381 740 dum-illa
410 680 574 734 opera
605 680 724 734 qute
754 665 886 719 adeo
913 664 1128 720 fuerunt
1157 666 1394 720 crudelia
1425 677 1478 720 et
1519 664 1724 721 nefaria

121 756 174 808 in
207 771 300 809 me
335 765 396 807 ut
421 771 545 809 vere
573 757 780 825 possint
805 767 1029 828 propter
1051 757 1425 813 excellentiam
1443 759 1545 812 dici
1569 772 1724 826 opera

123 863 396 898 manuum
444 865 644 911 eorum,
689 849 738 902 id
783 858 888 914 est,
933 851 1174 920 propria,
1216 852 1382 905 tribue
1409 851 1534 904 illis.
1561 849 1723 917 Quasi

123 935 324 988 dicat:
365 936 465 1001 Qui
519 937 942 993 misericordiam
996 941 1236 1010 recipere
1293 941 1597 1004 noluerunt,
1637 940 1723 995 di-

125 1045 294 1096 gnum
339 1040 430 1083 est
460 1040 516 1084 ut
544 1031 780 1085 sentiant
802 1031 1083 1100 judicium,
1117 1045 1170 1090 et
1205 1035 1326 1098 hoc,
1375 1050 1480 1090 non
1508 1052 1571 1090 ex
1603 1052 1724 1089 cru-

126 1118 390 1183 delitate,
430 1121 522 1174 sed
552 1137 619 1176 ex
653 1120 864 1188 justitia
894 1137 908 1173 :
939 1122 1075 1176 mala
1131 1140 1230 1194 pro
1273 1126 1429 1179 bouis
1479 1125 1722 1180 reddidcv

127 1217 280 1273 runt,
311 1210 459 1263 mala
485 1211 759 1265 inveniant
787 1212 838 1265 in
857 1213 1077 1280 prtemio
1105 1230 1115 1265 :
1145 1215 1300 1267 redde
1334 1214 1724 1276 retributionem

127 1315 311 1352 eorum
331 1301 488 1369 ipsis,
515 1301 567 1355 id
588 1307 691 1366 est,
721 1302 846 1371 quia
874 1317 971 1371 pro
999 1304 1224 1358 veritate
1247 1319 1409 1374 quam
1440 1305 1728 1358 audierunt

130 1389 432 1444 voluerunt
462 1391 726 1446 fallaciam
758 1394 1090 1459 retribuere,
1123 1393 1330 1450 fallacia
1367 1395 1605 1466 ipsorum
1647 1395 1727 1465 ip-

131 1497 220 1535 sos
243 1481 424 1536 fallat.
457 1483 753 1549 Etmerito,
783 1486 1030 1555 quoniam
1053 1502 1156 1540 non
1183 1487 1546 1541 intellexerunt
1568 1505 1724 1558 opera

133 1573 380 1637 Domini,
409 1575 584 1630 Patris
605 1577 916 1647 scilicetqui
936 1593 1034 1646 per
1049 1577 1240 1632 Filium
1269 1579 1496 1634 salutem
1526 1581 1726 1633 mundo

134 1665 348 1733 operari
377 1666 629 1729 instituit,
665 1684 766 1721 non
795 1668 1154 1723 intellexerunt
1179 1669 1229 1723 id
1249 1680 1352 1734 est,
1385 1685 1490 1724 non
1533 1669 1727 1740 intelli-

134 1766 322 1823 genter
344 1757 547 1813 ierunt.
577 1757 661 1822 Et,
695 1774 797 1811 non
824 1758 1187 1814 intellexerunt
1216 1761 1268 1813 in
1290 1775 1446 1830 Opera
1471 1776 1724 1813 manuum

135 1848 269 1918 ejus,
302 1848 357 1901 id
398 1857 503 1914 est,
552 1849 749 1904 Christi
791 1858 846 1904 et
883 1851 1296 1920 praedicatorum
1329 1853 1464 1922 ejus,
1516 1852 1726 1907 scilicet

138 1940 404 1994 miracula
432 1956 551 2010 qua:
582 1942 694 2011 ipse
731 1941 1015 1997 manifeste
1037 1951 1292 2013 operatus
1324 1953 1426 2008 est,
1449 1953 1503 1998 et
1529 1945 1609 1999 sui
1647 1944 1726 1998 di-

139 2029 351 2099 scipuli,
380 2046 502 2100 qum
532 2031 578 2086 ei
603 2032 965 2087 testimonium
995 2034 1354 2104 perhibebant
1376 2035 1442 2089 de
1471 2036 1630 2090 bono.
1659 2036 1728 2090 Et

140 2121 256 2175 ideo
306 2123 532 2187 merito,
565 2124 799 2177 destrues
849 2123 1082 2188 illos,-id
1122 2134 1226 2190 est,
1249 2140 1435 2180 eorum
1484 2126 1622 2181 facta
1671 2137 1726 2183 et

145 2213 400 2278 consilia,
429 2229 534 2268 non
581 2225 756 2269 tamen
810 2215 877 2269 ad
919 2230 1103 2271 eorum
1134 2216 1512 2277 salvationem,
1550 2229 1594 2272 et
1623 2235 1724 2272 non

145 2302 435 2371 ardi/icabis
482 2320 588 2367 eos,
627 2305 873 2358 destrues
909 2305 1037 2358 vitia
1093 2322 1301 2370 eorum,
1332 2309 1457 2376 quia
1511 2309 1723 2362 tandem

145 2392 424 2447 auferetur
449 2395 527 2448 eis
554 2394 778 2450 facultas
805 2395 944 2449 mala
968 2397 1243 2465 operandi,
1275 2409 1322 2451 et
1361 2415 1462 2452 non
1493 2399 1730 2467 (edi/ica-

148 2484 218 2538 bis
262 2486 312 2538 in
347 2486 434 2539 eis
460 2486 710 2540 virtutes.
751 2486 805 2540 In
853 2487 989 2542 meis
1039 2497 1216 2542 autem
1255 2489 1343 2559 qui
1380 2489 1639 2544 destructi
1673 2491 1724 2544 in

147 2576 284 2629 vitiis
304 2577 725 2632 :ediliCabuntur
750 2577 803 2632 in
832 2577 1119 2632 virtutibus
1149 2595 1163 2633 :
1194 2577 1506 2634 Benedictus
1523 2580 1729 2635 scilicet

149 2669 244 2720 erit
271 2667 555 2732 Dominus,
595 2669 646 2723 id
687 2677 792 2734 est,
820 2678 1200 2738 augmentatus
1235 2679 1290 2724 et
1321 2671 1727 2742 multiplicatus,

149 2758 279 2810 sicut
303 2757 486 2812 bonus
511 2774 601 2812 rex
632 2759 683 2812 in
722 2759 1064 2814 multitudine
1091 2761 1363 2816 exercitus
1393 2762 1496 2816 sui.
1528 2761 1596 2816 Et
1620 2779 1732 2817 me-

152 2850 269 2913 rito,
297 2852 555 2920 quoniam
591 2850 798 2905 scilicet
829 2851 880 2904 in
913 2850 1017 2905 illis
1043 2853 1327 2916 exaudivit,
1363 2853 1414 2907 id
1445 2864 1548 2920 est,
1575 2854 1730 2909 valde

151 2939 437 3008 complevit
481 2956 674 3002 vocem,
717 2939 769 2992 id
817 2949 918 3000 est,
956 2940 1188 2994 validam
1217 2952 1271 2996 et
1299 2942 1521 2997 liberam
1555 2943 1729 2998 inten-

154 3027 344 3081 tionem
390 3029 764 3098 deprecationis
793 3046 939 3093 mew,
971 3029 1020 3084 id
1053 3039 1156 3095 est,
1183 3029 1338 3085 facta:
1368 3047 1466 3101 pro
1494 3032 1731 3101 peccatis

154 3118 354 3173 illorum
400 3121 490 3188 qui
528 3117 690 3173 futuri
722 3129 880 3173 erant
927 3121 1051 3173 mei.
1095 3121 1162 3174 Et
1188 3121 1230 3176 si
1262 3123 1427 3192 palea:
1448 3123 1729 3192 projician-

1823 572 2031 627 custodi
2066 572 2116 626 in
2143 571 2451 626 innocentia
2482 571 2750 640 populum,
2779 587 2937 642 quem
2971 581 3023 625 tu
3054 570 3226 626 fecisti
3252 581 3401 627 tuum

1823 677 1920 732 per
1958 663 2182 732 gratiam
2218 672 2386 717 tuam.
2412 661 2478 715 Et
2514 662 2742 726 benedic,
2785 662 2835 715 id
2867 671 2969 724 est,
3009 662 3403 716 incrementum

1826 756 2084 809 virtutum
2115 756 2178 808 da
2204 755 2494 809 Ita-reditati
2523 763 2646 819 tua',
2679 755 2728 808 id
2766 765 2872 819 est,
2896 755 3002 808 illis
3042 771 3176 824 quos
3203 753 3397 809 dedisti

1829 844 1956 898 mihi
1991 845 2044 897 in
2074 845 2438 897 hmreditatem
2471 863 2484 897 :
2529 844 2592 898 de
2634 845 2828 914 quibus
2851 846 3033 900 dixisti
3066 864 3079 899 :
3119 845 3335 900 Postula
3368 863 3403 899 (ι

1826 953 1927 1002 me,
1949 955 1990 990 σι
2015 946 2148 990 ιισοο
2170 937 2260 990 tibi
2279 948 2449 1007 gentes
2474 937 2825 991 [nereditatem
2853 950 2994 1010 (uani
3023 937 3195 1010 (I’sal.
3222 937 3304 1009 tt).
3333 936 3402 992 Et

1830 1043 1945 1096 rege
1981 1043 2090 1090 eos,
2119 1027 2168 1080 id
2195 1035 2296 1088 est,
2331 1027 2500 1095 dirige
2528 1027 2577 1080 in
2627 1028 2894 1081 mandatis
2927 1029 3051 1091 tuis,
3085 1036 3136 1082 et
3167 1028 3404 1094 regendo

1828 1117 2016 1171 exta/le
2054 1135 2163 1182 eos,
2201 1118 2251 1172 id
2282 1129 2384 1182 est,
2417 1119 2738 1189 magnifica:
2777 1136 3021 1175 crescere
3070 1121 3152 1174 fac
3183 1120 3247 1174 de
3297 1121 3410 1173 vir-

1831 1217 1942 1263 tute
1976 1209 2031 1264 in
2071 1210 2346 1272 virtutem,
2385 1227 2548 1280 usque
2577 1211 2628 1263 in
2676 1222 2952 1277 arternum,
2992 1211 3044 1266 id
3075 1221 3179 1276 est,
3228 1225 3400 1280 usque

1831 1301 1956 1353 dum
1987 1300 2050 1352 ad
2081 1299 2437 1354 :cternitatem
2471 1299 2804 1368 perveniant.

2317 1389 2636 1445 PSALMUS
2675 1389 2904 1445 XXVIII.

1911 1494 2142 1535 Ρειιιλευε
2172 1495 2330 1533 DAVID
2367 1497 2421 1534 IN
2451 1497 2894 1536 CONSUHMATIONE
2927 1497 3314 1537 TABERNACULI‘.

1903 1589 1921 1621 ι
1958 1569 2163 1625 Alferte
2207 1571 2466 1631 Domino,
2501 1571 2592 1624 filii
2629 1573 2753 1633 Dei,
2801 1572 2985 1627 alferte
3013 1572 3238 1628 Domino
3272 1572 3410 1627 filios

1836 1679 1853 1709 ‹
1890 1661 2140 1717 arietum.
2172 1659 2375 1714 Afferte
2402 1661 2629 1717 Domino
2655 1662 2878 1732 gloriam
2917 1671 2970 1717 et
3007 1663 3262 1717 honorem
3284 1703 3298 1727 ,
3331 1660 3414 1715 af-

1835 1768 1851 1798 ‹
1891 1747 2025 1804 ferte
2053 1750 2280 1804 Domino
2315 1749 2538 1820 gloriam
2570 1752 2774 1806 nomini
2814 1751 2949 1818 ejus,
2984 1753 3203 1806 adorate
3231 1751 3413 1806 Domi-

1762 1825 1800 1880 Β
1836 1856 1854 1886 ι
1893 1855 2016 1892 num
2045 1839 2094 1892 in
2123 1840 2261 1894 atrio
2286 1850 2474 1894 sancto
2500 1839 2633 1907 ejus.
2657 1840 2771 1895 Vox
2797 1842 3006 1896 Domini
3029 1857 3192 1911 super
3216 1858 3407 1910 aquas,

1837 1949 1851 1980 ι
1892 1931 2031 1984 Deus
2082 1930 2377 1998 majestatis
2426 1931 2687 1995 intonuit,
2740 1932 2997 1987 Dominus
3044 1947 3206 2000 super
3243 1947 3412 2002 aquas

1835 2038 1852 2069 ι
1893 2020 2107 2075 multas.
2136 2019 2248 2074 Vox
2273 2021 2485 2075 Domini
2519 2022 2570 2075 in
2600 2023 2823 2086 virtute,
2850 2039 2952 2076 vox
2983 2023 3197 2076 Domini
3225 2023 3276 2076 in
3301 2036 3414 2076 ma-

1837 2130 1854 2160 ‹
1890 2111 2218 2182 gnificcutia.
2253 2111 2368 2166 Vox
2411 2111 2623 2166 Domini
2668 2112 3054 2182 confringentis
3095 2114 3312 2175 cedros,
3357 2121 3410 2166 et

1836 2221 1852 2251 ς
1888 2198 2189 2270 confringet
2226 2201 2483 2255 Dominus
2509 2201 2700 2256 cedros
2738 2202 2948 2256 Libani.
2983 2202 3048 2255 Et.
3085 2201 3414 2257 comminuet

1835 2309 1852 2340 c
1889 2306 1982 2345 eos
2016 2301 2269 2360 tanquam
2301 2291 2525 2346 vitulum
2564 2291 2776 2354 Libani,
2813 2300 2868 2346 et
2901 2291 3126 2346 dilectus
3155 2291 3411 2360 quemad-

1839 2399 1856 2428 ι
1896 2380 2112 2434 modum
2161 2380 2302 2434 ﬁlius
2348 2380 2710 2434 unieornium.
2767 2379 2874 2434 Vox
2930 2379 3139 2435 Domini
3194 2380 3414 2434 interci-

1839 2489 1856 2521 ι
1897 2471 2072 2525 dentis
2117 2468 2388 2524 ﬂammam
2435 2471 2605 2542 ignis,
2653 2486 2751 2524 vox
2796 2470 3006 2525 Domini
3057 2470 3416 2526 concutientis

1837 2580 1854 2612 ι
1888 2564 2179 2626 desertum,
2197 2571 2252 2616 et
2273 2563 2630 2617 commovehit
2652 2563 2909 2618 Dominus
2930 2564 3200 2618 desertum
3220 2561 3408 2617 Cades.

1839 2672 1856 2704 ι
1892 2654 2004 2708 Vox
2037 2654 2244 2708 Domini
2285 2656 2638 2724 prxcparantis
2664 2671 2888 2718 cervos,
2920 2665 2968 2709 et
3002 2654 3260 2709 revelabit
3286 2668 3415 2705 con-

1839 2763 1856 2794 ι
1891 2744 2083 2808 densa,
2126 2754 2179 2799 ct
2219 2745 2270 2798 in
2323 2746 2520 2814 templo
2561 2744 2675 2813 ejus
2718 2761 2904 2799 omnes
2933 2745 3114 2798 dicent
3161 2744 3410 2814 gloriam.

1839 2857 1857 2890 ί
1898 2838 2156 2892 Dominus
2181 2838 2438 2892 diluvium
2472 2838 2775 2892 inhabitare
2821 2836 2948 2890 facit
2990 2845 3043 2890 et
3077 2835 3282 2889 sedebit
3308 2832 3414 2886 Do-

1840 2948 1857 2979 ‹
1899 2930 2076 2984 minus
2109 2946 2199 2984 rex
2239 2929 2290 2982 in
2333 2939 2612 2983 :etcrnum.
2644 2929 2900 2982 Dominus
2930 2928 3182 2980 virtutem
3213 2925 3412 2995 popqu

1843 3037 1861 3070 ‹
1897 3035 1995 3074 suo
2010 3020 2174 3084 dabit,
2203 3020 2461 3075 Dominus
2484 3021 2765 3075 bencdiect
2793 3020 2986 3090 populo
3009 3035 3104 3074 suo
3132 3019 3182 3072 in
3209 3031 3359 3087 pace.
3387 3036 3404 3068 ι

2395 3111 2541 3165 ENA
2555 3110 2846 3165 RRATIO.

156 3217 235 3260 [m-
258 3249 272 3271 ,
317 3175 494 3276 “ra-na
538 3217 715 3262 tamen
764 3219 1069 3262 servantur,
1115 3209 1225 3264 Hoc
1262 3175 1434 3263 Imodo
1449 3175 1726 3264 .gxgudivil
1756 3175 1801 3237 Ο
1907 3199 2148 3254 Psalmus
2183 3200 2348 3254 David
2388 3202 2849 3254 consummationis
2882 3199 3220 3260 tabernaculi,
3250 3197 3331 3251 vel
3359 3197 3413 3251 in

156 3297 430 3364 Dominus,
461 3299 623 3354 Pater
645 3301 727 3354 vel
751 3301 1032 3365 Dominus,
1050 3293 1304 3365 Verbum,
1323 3301 1540 3371 adjutor
1561 3318 1725 3368 meus,

156 3390 350 3446 scilicet
381 3391 730 3446 humanitatis
772 3407 907 3447 mea:
936 3391 988 3444 in
1017 3392 1286 3460 passione,
1312 3408 1378 3446 ne
1416 3391 1728 3457 deficerem,

156 3487 199 3529 et
217 3490 476 3547 protector
503 3498 666 3541 meus,
694 3483 746 3534 in
781 3491 972 3546 morte,
1013 3482 1404 3540 resuscitando.
1435 3483 1502 3537 Et
1532 3483 1650 3538 ideo
1672 3485 1726 3537 in

158 3569 257 3636 ipso
285 3573 512 3641 speravit
540 3589 628 3629 cor
665 3589 858 3637 meum,
900 3573 952 3625 id
999 3581 1103 3638 est,
1145 3588 1408 3638 meorum,
1458 3582 1516 3632 ut
1567 3589 1730 3644 quan-

161 3661 323 3731 doque
344 3673 402 3717 et
427 3664 526 3734 ipsi
558 3675 960 3721 resurrecturos
989 3680 1046 3720 se
1078 3667 1318 3722 credant.
1363 3667 1428 3725 Et
1451 3668 1553 3722 hoc
1586 3667 1726 3733 ideo,

160 3753 275 3820 quia
306 3769 410 3825 ego
443 3767 604 3830 caput
651 3771 836 3811 eorum
889 3757 1106 3827 adjutus
1153 3774 1290 3816 sum.
1328 3758 1607 3826 Quomodo
1635 3759 1730 3812 ad-

153 3841 292 3913 jutus
336 3847 583 3918 exponit,
629 3856 684 3900 et
730 3847 938 3903 scilicet
983 3847 1086 3902 hoc
1125 3849 1284 3904 modo
1314 3849 1532 3919 adjutus
1562 3866 1725 3904 sum:

166 3931 406 4002 Reﬂoruit
437 3953 559 3990 caro
606 3954 737 4000 mea,
768 3954 882 3991 utea
930 3939 982 3991 in
1035 3952 1120 4000 re,
1154 3953 1392 3993 meorum
1422 3940 1474 3993 in
1509 3956 1626 4010 spe,
1658 3957 1729 3994 re-

163 4023 351 4091 ﬂoruit,
385 4027 437 4081 id
460 4038 566 4092 est,
593 4029 658 4082 ad
690 4028 1148 4083 immortalitatem
1174 4030 1333 4084 rediit
1362 4048 1373 4082 :
1405 4045 1523 4098 quae
1552 4046 1727 4101 quan-

167 4125 265 4168 tum
293 4120 358 4174 ad
377 4134 612 4174 massam
637 4119 962 4175 deﬂoruerat
981 4130 1034 4176 et
1055 4122 1207 4191 quasi
1233 4131 1453 4176 aruerat
1470 4123 1520 4177 in
1536 4123 1726 4178 Adam.

166 4206 357 4264 Etidco
402 4211 690 4279 conﬁtebor
735 4213 782 4265 ei
803 4211 1198 4268 confessionem
1248 4213 1420 4268 laudis
1447 4231 1512 4269 ea:
1545 4214 1729 4268 volun-

166 4311 256 4353 tate
294 4319 428 4368 mea,
467 4303 520 4356 id
565 4312 670 4368 est,
706 4319 772 4358 ex
815 4305 1082 4359 charitate
1120 4303 1296 4361 factus
1350 4307 1462 4376 jam
1507 4307 1728 4361 immor-

167 4390 276 4444 talis
316 4404 368 4448 et
419 4394 537 4448 sine
566 4402 789 4463 peccato
830 4395 882 4447 in
934 4397 1194 4450 membris
1225 4397 1384 4461 meis,
1436 4413 1539 4451 non
1571 4412 1638 4451 ex
1663 4397 1729 4451 ti-

167 4495 303 4537 more
330 4498 502 4554 paana:
529 4501 648 4561 qua:
691 4487 840 4541 venit
869 4501 934 4541 ex
976 4489 1310 4560 conscientia
1339 4489 1570 4557 peccati,
1607 4505 1729 4544 cum

163 4570 258 4636 jam
285 4590 387 4629 non
442 4577 549 4630 erit
572 4577 768 4645 duplex
838 4563 1090 4631 voluntas
1119 4578 1170 4631 in
1202 4579 1362 4642 meis,
1390 4594 1490 4632 nec
1512 4579 1616 4634 erit
1642 4579 1725 4633 lex

168 4666 332 4718 carnis
356 4681 663 4738 repugnans
703 4666 803 4742 legi
837 4666 1048 4724 mentis.
1086 4667 1178 4720 sed
1212 4675 1381 4721 totum
1413 4683 1514 4720 una
1542 4667 1728 4722 volun-

170 4761 259 4807 tas.
283 4755 412 4810 Nota
438 4758 578 4832 quod
607 4757 766 4822 dixit,
787 4758 1041 4830 reﬂoruit.
1072 4756 1283 4810 Floruit
1308 4757 1451 4811 enim
1477 4759 1526 4811 in
1555 4757 1725 4812 Adam

168 4855 281 4897 caro
333 4847 564 4900 humana
620 4862 717 4924 per
771 4856 1018 4907 naturam
1067 4846 1118 4899 in
1163 4847 1650 4910 immortalitatem,
1681 4848 1725 4902 si

171 4947 419 4991 servasset
453 4937 837 5001 obedientiam,
890 4938 1124 5008 reﬂoruit
1153 4951 1246 5006 per
1279 4938 1508 5007 gratiam
1554 4946 1607 4992 et
1630 4937 1724 4990 hu-

172 5024 457 5091 militatem,
490 5037 548 5082 ut
576 5028 928 5088 fructificaret
956 5011 1113 5092 Deo,
1143 5043 1262 5097 quae
1288 5044 1385 5097 per
1416 5029 1731 5085 inobedien-

175 5116 284 5169 ῑῖίπιι
313 5119 571 5185 (ιυῦοῐ-ιιῑι,
604 5132 661 5175 ut
692 5119 890 5175 sterilis
921 5128 1082 5174 esset.
1115 5120 1183 5177 Et
1223 5119 1416 5174 merito
1441 5123 1545 5174 mei
1577 5119 1725 5173 illum

175 5205 446 5263 laudabunt
473 5221 524 5265 et
557 5209 958 5281 glorificahunt,
989 5208 1113 5276 quia
1151 5207 1409 5263 Dominus
1439 5222 1522 5264 est
1574 5208 1729 5278 forti-

177 5299 286 5350 tudo
333 5302 487 5370 plebis
525 5321 655 5369 stur,
714 5302 925 5356 scilicet
955 5317 1106 5356 suam
1130 5300 1394 5369 justitiam
1449 5304 1730 5357 destruen-

178 5384 313 5451 tium,
356 5400 407 5444 et
448 5394 538 5447 Dei
577 5393 847 5463 justitiam
891 5391 943 5445 in
970 5407 1029 5446 se
1079 5390 1544 5458 constituentium,
1585 5387 1718 5444 nihil

178 5473 286 5530 boni
319 5481 409 5535 sibi
454 5482 882 5543 attribucntium,
931 5483 1022 5536 sed
1062 5481 1189 5539 Deo.
1267 5480 1334 5533 Et
1387 5484 1602 5537 tandem
1639 5485 1722 5533 cst

176 5579 412 5632 protector
437 5575 783 5630 salvationunt
826 5571 1020 5626 Christi
1047 5575 1148 5638 sui,
1185 5572 1235 5626 id
1267 5581 1370 5636 est,
1417 5572 1670 5629 defendet
1693 5585 1721 5622 a

179 5663 478 5702 lnnrlnlitqtn
499 5675 546 5702 nl
571 5663 921 5702 nnrrnntinno
951 5664 1182 5702 columna
1205 5671 1254 5702 nl
1294 5663 1600 5702 rmlnmnlnc
1629 5675 1724 5702 nor

1833 3291 2276 3348 consummatione
2297 3290 2638 3347 tabernaculi.
2670 3290 2860 3352 David,
2887 3300 3166 3359 postquam
3194 3288 3411 3342 reducta

1832 3391 1914 3436 est
1943 3397 2066 3437 arca
2099 3398 2126 3435 a
2157 3383 2468 3451 captivitate
2499 3381 2901 3437 Philistinorum
2926 3391 2979 3436 et
3008 3382 3226 3435 dimissa
3252 3389 3333 3434 est
3357 3380 3409 3434 in

1834 3472 1962 3536 Silo,
2002 3473 2289 3541 zedilicavit
2327 3473 2732 3527 tabernaculum
2767 3474 2818 3526 in
2848 3489 2952 3548 quo
2981 3472 3300 3526 hortabatur
3321 3485 3411 3540 po-

1830 3563 2013 3633 pulum
2039 3572 2096 3616 ut
2121 3561 2343 3616 offerret
2368 3563 2632 3617 sacrificia
2657 3563 2785 3616 Deo.
2815 3563 2981 3615 David
3011 3561 3232 3632 figuram
3255 3559 3412 3615 Chri-

1832 3654 1899 3706 sti
1931 3662 2096 3718 tenet,
2131 3668 2256 3707 arca
2288 3653 2557 3708 Ecclesia}.
2594 3654 2744 3708 Sicut
2779 3653 2944 3707 David
2987 3651 3198 3706 reduxit
3225 3665 3409 3705 arcam

1829 3741 1897 3798 de
1921 3744 2260 3811 captivitate,
2308 3744 2380 3796 ita
2423 3740 2667 3803 Christus
2712 3743 3005 3797 Ecclesiam
3050 3744 3113 3797 de
3146 3748 3411 3811 potestate

1833 3833 2048 3887 diaboli.
2079 3833 2174 3887 Est
2197 3849 2324 3901 ergo
2355 3833 2406 3886 in
2435 3833 2537 3888 hoc
2564 3833 2768 3902 psalmo
2798 3848 2894 3886 vox
2933 3831 3098 3885 David
3137 3831 3414 3901 propheta}

1831 3923 2222 3978 considerantis
2247 3938 2342 3998 per
2370 3923 2616 3992 spiritum
2645 3922 2877 3976 futuram
2907 3921 3277 3975 liberationem
3308 3919 3409 3974 Ec-

1831 4015 2007 4070 clesia:
2041 4017 2104 4070 de
2130 4024 2396 4086 potestate
2423 4014 2639 4079 diaboli,
2680 4023 2734 4070 et
2776 4015 3042 4069 hortantis
3085 4012 3291 4067 fidelem
3322 4027 3412 4082 po-

1830 4106 2012 4175 pulum
2043 4116 2096 4160 ut
2122 4115 2459 4168 consument,
2495 4105 2546 4159 id
2569 4114 2651 4158 est.
2672 4105 2952 4175 perficiant
2981 4102 3407 4165 tabernaculum,

1832 4199 1883 4252 id
1905 4207 1988 4253 est
2011 4197 2325 4262 Ecelesiam,
2366 4197 2652 4251 offerentes
2688 4211 2746 4250 se
2777 4197 2919 4265 ipsos
2943 4206 2994 4248 et
3018 4210 3202 4248 eorum
3235 4193 3412 4246 imita-

1834 4297 1980 4342 tores
2020 4287 2071 4340 in
2113 4287 2565 4341 constructionem
2597 4284 2751 4352 hujus
2793 4282 3119 4336 tabernaculi
3157 4289 3412 4348 opportu~

1831 4377 2000 4431 nitate
2029 4384 2248 4446 accepta
2275 4391 2304 4427 a
2334 4373 2568 4436 Christo,
2605 4373 2728 4442 quia
2753 4373 2862 4442 jam
2894 4373 3041 4440 prius
3082 4368 3412 4436 computavit

1833 4478 2081 4538 sumptus
2123 4477 2178 4522 et
2211 4482 2329 4537 quzc
2372 4465 2673 4520 necessaria
2721 4472 2846 4518 sunt
2891 4464 2961 4516 ad
3003 4461 3406 4532 perliciendum,

1835 4563 2178 4632 prmdicando
2207 4545 2261 4615 et
2294 4559 2643 4632 prtepa_rando
2677 4558 2838 4610 corda
2876 4556 3174 4611 hominum.
3211 4553 3267 4606 In
3309 4554 3410 4606 hoc

1836 4627 1978 4722 quod
2022 4669 2125 4707 vox
2174 4627 2381 4706 Dom—ini
2409 4627 2628 4719 septies
2677 4648 2936 4716 repetitur
2974 4655 3196 4717 possunt
3234 4645 3408 4698 notari

1835 4746 2040 4813 Septem
2068 4744 2203 4797 dona
2233 4740 2401 4796 sancti
2438 4739 2689 4808 Spiritus,
2714 4751 2942 4806 quorum
2967 4735 3166 4790 auxilio
3195 4742 3411 4801 pectora

1836 4835 2072 4895 ﬁdelium
2119 4838 2496 4902 praeparantur
2525 4830 2589 4883 ad
2631 4828 3048 4883 construendum
3098 4825 3200 4878 hoc
3247 4822 3414 4875 militi-

1835 4924 1998 4979 cium.
2034 4923 2218 4978 Potest
2238 4920 2476 4992 psalmus
2501 4919 2688 4975 ordine
2715 4916 2842 4986 legi,
2869 4925 3044 4986 potest
3065 4921 3241 4966 autem
3266 4926 3416 4964 com-

1836 5017 2049 5072 modius
2082 5013 2152 5068 ibi
2177 5011 2340 5082 incipi
2371 5011 2436 5064 ad
2458 5008 2854 5081 exponendum,
2879 5023 2984 5062 vox
3015 5002 3219 5058 Domini
3252 5017 3420 5067 super

1835 5119 2027 5175 aquas,
2063 5114 2115 5158 et
2148 5117 2317 5174 usque
2343 5101 2410 5155 ad
2443 5103 2603 5155 linem
2636 5097 2779 5158 duci,
2809 5104 2868 5148 ut
2912 5117 2939 5148 ιι
2972 5096 3074 5148 ίίιιε
3103 5097 3424 5145 rccurratur

1835 5201 1902 5254 ad
1933 5197 2250 5272 principium
2277 5195 2380 5249 huc
2404 5197 2562 5251 modo
2586 5212 2598 5247 :

1918 5270 2033 5347 Vox
2063 5288 2294 5350 Domini,
2336 5286 2388 5340 id
2433 5297 2516 5342 est
2554 5281 2863 5356 prtedicatio
2911 5277 3028 5333 Filii
3065 5271 3156 5327 Dei
3201 5270 3291 5338 qui
3341 5284 3438 5331 est

1835 5380 1956 5438 Rex
1985 5395 2165 5452 regum
2191 5388 2242 5433 et
2269 5378 2529 5432 Dominus
2555 5371 2982 5433 dominantium,
3007 5363 3440 5452 intonuitsuper

1830 5491 2025 5545 aquas,
2051 5451 2108 5528 id
2134 5479 2238 5533 est,
2267 5469 2332 5523 de
2373 5471 2516 5524 nube
2558 5462 2736 5521 carnis
2773 5459 3086 5514 terribiliter
3112 5451 3443 5545 praedicavit

1831 5542 2002 5637 super
2021 5562 2242 5636 populos
2266 5558 2542 5622 Iudaicos,
2571 5551 2774 5608 scilicet
2808 5548 2860 5601 in
2892 5548 3079 5618 primis
3108 5542 3446 5603 terribiliter

1832 5635 2152 5702 nranrlir-nvit
2187 5667 2282 5702 ner
2311 5663 2367 5702 se
2400 5660 2455 5702 et
2484 5664 2578 5702 nev
2606 5656 2764 5697 suos:
2809 5641 2987 5702 velut,
3029 5635 3303 5691 Genimina
3360 5644 3450 5694 ιπε-
