3930 5582
472 394 580 473 2.83

1086 387 1347 447 REMIGII
1379 377 2039 445 ANTISSIDDOBENSIS
2076 375 2229 434 OPP.
2269 377 2468 438 PARS.
2510 384 2549 441 Ι.
2581 416 2651 426 -
2672 385 3086 447 EXEGETICA.

3630 391 3730 449 285

467 499 674 569 fructus
692 501 877 574 dignos
904 501 1219 573 pauitantia:
1245 500 1398 573 (Luc.
1429 498 1534 570 ιιι).
1565 498 1680 563 Vel,
1708 512 1809 552 vox
1838 493 2568 569 Domini.A_summationem
2592 501 2930 570 perveniant,
2966 504 3119 576 juxta
3143 504 3270 562 illud
3295 524 3308 561 :
3350 505 3479 563 Non
3505 525 3630 581 ergo
3652 527 3733 564 re-

466 593 647 663 Patris
674 611 830 665 super
857 611 1043 666 aquas,
1077 594 1129 649 id
1170 603 1284 660 est,
1315 607 1477 664 super
1494 591 1778 648 Christum
1816 589 1868 644 in
1896 587 2050 659 aquis

468 683 758 754 baptismi:
790 682 894 738 llic
935 694 1009 743 est
1052 682 1222 750 Filius
1251 700 1393 738 meus
1435 681 1652 737 dilectus
1683 679 1897 753 (Matth.
1940 677 2047 751 ιιι).

467 777 630 847 Cujus
659 776 956 831 Dominus?
988 776 1127 830 Deus
1158 775 1480 845 majestatis,
1526 774 1667 829 Deus
1713 787 1920 843 magnae
1955 787 2051 843 po-

469 870 649 923 tentiae
680 869 940 935 intonuit:
980 866 1234 920 Dominus
1274 866 1498 918 intonuit
1543 881 1698 934 super
1722 882 1885 937 aquas
1904 864 2047 921 mul-

467 969 565 1016 tas,
596 954 746 1023 quasi
769 954 932 1015 dicat,
963 968 1065 1008 non
1090 952 1260 1007 solum
1285 965 1445 1020 super
1472 948 1743 1004 Iudaicum
1771 950 2047 1019 populum,

466 1047 556 1098 sed
590 1060 751 1113 super
775 1060 963 1099 omnes
990 1054 1198 1115 gentes,
1220 1040 1376 1109 juxta
1402 1040 1530 1117 illud
1557 1060 1569 1094 :
1612 1040 1714 1104 Ile,
1742 1041 1918 1095 docete
1940 1057 2049 1094 om-

465 1118 555 1187 nes
584 1145 780 1204 gentes,
808 1134 1126 1203 baptizantes
1152 1148 1238 1185 eos
1270 1132 1325 1184 in
1357 1133 1561 1184 nomine
1583 1128 1763 1184 Putris
1781 1171 1795 1195 ,
1825 1141 1871 1184 et
1899 1128 2046 1194 Filii,

463 1235 512 1278 et
543 1224 771 1294 Spiritus
802 1224 969 1277 sancti
994 1223 1210 1293 (Matth.
1236 1225 1454 1291 xan).
1493 1219 1606 1274 Vox
1630 1220 1839 1274 Domini
1860 1221 1914 1275 in
1944 1220 2049 1273 vir—

463 1323 604 1377 tute,
632 1314 838 1368 scilicet
880 1314 1090 1379 danda,
1120 1312 1244 1381 quia
1278 1312 1369 1365 dat
1396 1311 1651 1364 virtutem
1696 1308 2009 1379 perﬁciendi
2032 1348 2048 1374 ,

461 1405 574 1470 vel,
604 1406 729 1475 quia
763 1420 868 1459 non
912 1405 1232 1475 loquebatur
1277 1402 1417 1458 sicut
1463 1401 1753 1466 Pharisaei,
1784 1400 1879 1454 sed
1910 1399 2052 1453 sicut

461 1505 786 1569 potestatem
816 1497 1017 1550 habens
1047 1494 1241 1567 (Marc.
1274 1493 1337 1561 1).
1982 1566 1985 1571 Ξ

432 1642 439 1651 λ
542 1586 656 1641 Vos;
677 1586 888 1641 Domini
920 1595 975 1640 ct
995 1586 1048 1640 in
1078 1600 1134 1640 se
1163 1593 1219 1641 et
1253 1585 1306 1639 in
1335 1582 1448 1637 suis
1475 1583 1529 1636 in
1547 1579 1971 1653 magniﬁcentia,
1995 1579 2047 1637 id

460 1685 562 1741 εει,
602 1678 655 1731 in
681 1672 956 1733 miraculis
988 1677 1191 1742 multis,
1212 1676 1368 1747 juxta
1401 1673 1560 1737 illud:
1603 1673 1709 1726 Deo
1739 1681 2047 1749 cooperante

461 1777 509 1820 et
548 1783 835 1820 sermonem
882 1765 1223 1835 conﬁrmante
1268 1763 1595 1836 sequentibus
1636 1762 1799 1831 signis
1846 1759 2040 1837 (Marc.

2151 594 2270 655 gnet
2305 598 2572 656 peccatum
2600 591 2655 645 in
2679 604 2849 649 vestro
2873 596 3084 665 mortali
3109 613 3322 669 corpore
3344 598 3522 672 (Rom.
3554 602 3653 672 vt).
3674 601 3734 656 Et

2152 674 2273 730 ideo
2295 677 2350 743 in
2375 680 2779 749 magniﬁcentia,
2811 685 2937 753 quia
2958 702 3060 740 vos:
3088 686 3296 741 Domini
3322 697 3409 745 est
3433 691 3735 747 concutien-

2149 765 2217 820 tis
2245 766 2525 836 desertum,
2553 770 2605 826 id
2637 782 2738 838 est,
2760 784 2949 845 gentes
2979 778 3046 832 ad
3076 776 3235 834 ﬁnem
3264 776 3671 837 commoveutis‘
3686 783 3734 837 ia

2151 855 2345 927 quibus
2374 858 2550 915 nullus
2580 870 2699 917 erat
2732 862 2913 939 sulcus
2944 865 3365 935 praedicationis,
3395 867 3483 923 vel
3505 869 3734 923 animam

2149 960 2270 1018 quze
2312 959 2439 1005 ante
2482 960 2599 1006 erat
2636 953 2846 1009 deserta
2888 970 2918 1008 a
2965 955 3112 1022 Deo,
3150 960 3547 1029 occupantibus
3574 960 3735 1015 vitiis.

2151 1036 2304 1104 Quod
2329 1038 2471 1094 dicat
2493 1048 2549 1096 et
2573 1042 2674 1096 hoc
2700 1044 2862 1098 modo
2887 1047 3244 1111 concutientis,
3275 1048 3616 1103 commovebit
3639 1046 3738 1101 Do-

2150 1128 2324 1183 minus
2349 1130 2608 1186 desertum
2632 1131 2822 1201 Gades,
2850 1134 2902 1190 id
2928 1144 3031 1201 est,
3058 1146 3243 1191 sancta
3268 1139 3430 1193 verba
3456 1138 3598 1210 legis
3624 1153 3741 1208 ape-

2150 1217 2275 1283 riet,
2305 1233 2423 1291 quae
2467 1222 2616 1289 prius
2641 1222 2856 1277 deserta
2901 1231 3058 1277 erant
3086 1224 3154 1280 ab
3181 1225 3559 1297 intelligentia,
3608 1226 3741 1281 edu-

2150 1308 2322 1363 cendo
2353 1308 2476 1365 inde
2502 1310 2773 1366 salubrem
2805 1310 3134 1381 aﬁluentiam
3169 1316 3447 1382 doctrinae,
3482 1316 3737 1387 quemad-

2151 1397 2368 1453 modum
2397 1399 2450 1454 in
2480 1400 2738 1455 desertum
2762 1402 2929 1458 Cades
2959 1405 3103 1473 quod
3129 1398 3400 1461 desertum
3432 1417 3553 1462 erat
3576 1422 3737 1477 penu-

2148 1482 2229 1540 ria
2250 1503 2535 1558 aquarum.
2560 1490 2637 1545 De
2663 1501 2815 1563 petra
2847 1493 2929 1550 bis
2952 1495 3100 1568 virga
3128 1496 3738 1575 percussalargissimas

2146 1577 2402 1645 produxit
2426 1589 2697 1648 aquas,ut
2717 1580 3107 1638 inhabitaretur
3131 1588 3272 1654 quod
3299 1586 3450 1656 prius
3476 1586 3736 1641 desertum

2146 1675 2264 1722 erat
2293 1668 2483 1736 (Nam.
2524 1673 2640 1741 xx).
2686 1670 2860 1727 Gades
2889 1673 3032 1729 enim
3061 1691 3235 1730 semen
3259 1675 3384 1749 legis
3416 1677 3737 1746 interpreta-

2147 1769 2252 1815 tur.
2290 1759 2479 1815 Nonne
2520 1778 2610 1815 cor
2640 1772 2876 1817 nostrum
2914 1765 3103 1819 ardens
3146 1776 3258 1820 erat
3299 1768 3356 1821 in
3402 1767 3587 1834 nobis,
3625 1785 3736 1822 cum

462 1863 612 1930 xvn).
650 1857 897 1913 Ostendit
933 1857 1201 1927 quomodo
1242 1857 1295 1909 in
1324 1854 1732 1924 magniﬁcentia.
1781 1851 1896 1915 Vox
1934 1853 2042 1907 Do—
2070 1858 2115 1916 Β
2144 1850 2441 1922 loqueretur
2474 1852 2532 1906 in
2574 1854 2659 1907 via
2693 1865 2742 1909 et
2772 1855 2996 1924 aperiret
3025 1853 3324 1926 Scripturas
3360 1856 3515 1930 (Luc.
3545 1860 3737 1931 xxxv)?

460 1948 623 2018 mini,
652 1951 772 2004 dico
809 1947 1182 2019 confringentis
1231 1947 1444 2011 cedros,
1488 1945 1542 1999 id
1575 1954 1677 2013 est,
1706 1943 2042 2000 bumiliantis

460 2042 630 2098 elatos
669 2042 909 2113 gentium
952 2049 1007 2097 et
1053 2038 1425 2096 submittentis
1443 2037 1572 2109 jugo
1604 2038 1760 2105 lidei,
1805 2036 2044 2097 confrin-

459 2137 632 2206 gendo
678 2150 865 2189 eorum
911 2133 1217 2204 superbiam
1246 2146 1341 2202 per
1380 2131 1770 2201 pmnitentiam.
1822 2128 1890 2183 Et
1936 2143 2042 2183 non

459 2224 632 2280 solum
665 2224 863 2283 cedros
884 2224 1148 2294 gentium,
1176 2221 1270 2277 sed
1294 2220 1456 2275 etiam
1492 2219 1825 2273 bumiliantis
1862 2218 2043 2272 cedros

458 2315 667 2384 Libani,
701 2316 753 2372 id
780 2325 886 2383 εει,
907 2316 1079 2375 elatos
1109 2316 1175 2371 de
1199 2313 1424 2369 Judaico
1451 2311 1644 2382 populo
1669 2311 1760 2383 qui
1792 2310 2044 2366 fortiores

458 2417 616 2464 erant
658 2407 777 2464 aliis
814 2406 1092 2478 superbis,
1138 2415 1192 2462 et
1226 2404 1398 2476 magis
1430 2405 1742 2459 restiterunt
1782 2404 2045 2477 praedica-

461 2499 589 2557 tioni
633 2498 860 2566 Christi,
906 2498 1100 2555 armati
1133 2496 1431 2567 Scripturis
1470 2495 1684 2550 divinis.
1724 2494 1828 2550 Per
1852 2503 2045 2551 cedros

460 2587 649 2644 Libani
677 2590 799 2645 ideo
830 2589 1129 2661 accipimus
1150 2587 1413 2659 superbos
1450 2585 1696 2652 Iudaeos,
1728 2587 1855 2658 quia
1882 2586 2044 2641 Liba-

459 2698 562 2738 nus
599 2692 684 2739 est
718 2699 875 2739 mons
908 2684 961 2738 in
989 2681 1171 2738 Judaza
1206 2691 1262 2738 et
1290 2681 1678 2751 interpretatur
1703 2679 2041 2743 candidatio,

456 2784 514 2830 et
540 2774 709 2831 Judaei
737 2775 1006 2832 candidati
1036 2784 1192 2831 erant
1220 2774 1288 2830 ad
1315 2773 1771 2845 comparationem
1805 2773 2044 2844 gentium

456 2880 554 2936 per
581 2865 1024 2922 illuminationem
1052 2865 1425 2921 mandatorum
1452 2874 1506 2920 et
1529 2864 1892 2937 cognitionem
1924 2864 2037 2920 Dei.

457 2956 612 3024 Quod
640 2956 819 3011 dicat:
861 2956 975 3013 Hoc
1013 2957 1171 3012 modo
1205 2956 1599 3028 confringentis.
1632 2953 1701 3009 Et
1728 2955 2041 3009 comminuet

459 3065 569 3113 eos,
600 3050 862 3118 superbos
892 3049 1227 3121 signiﬁcatus
1252 3062 1351 3117 per
1377 3047 1592 3113 cedros,
1620 3055 1870 3117 tanquam
1909 3047 2044 3099 vitu-

2144 1942 2320 1997 Aliter
2345 1959 2359 1997 :
2398 1940 2744 1998 Commovcbit
2772 1943 3027 1999 Dominus
3055 1945 3315 2000 desertum
3341 1945 3537 2014 Gades,
3559 1949 3615 2002 id
3637 1958 3737 2014 est,

2146 2032 2264 2089 illos
2296 2020 2435 2103 quos
2463 2034 2610 2089 intus
2642 2035 2995 2115 consumebat
3036 2044 3093 2091 et
3122 2036 3441 2092 devastabat
3483 2054 3516 2092 a
3560 2039 3735 2110 quiete

2144 2139 2313 2194 prava
2343 2126 2697 2193 conscientia,
2722 2111 2844 2197 qua:
2868 2134 2951 2182 est
2973 2126 3120 2182 velut
3145 2128 3286 2183 tinea
3314 2144 3526 2199 pannos
3544 2144 3735 2185 consu-

2147 2231 2318 2280 mens,
2347 2212 2707 2285 commorebit,
2729 2227 2788 2273 ut
2816 2233 2845 2272 a
2876 2232 3042 2289 prava
3078 2221 3407 2275 conscientia
3437 2220 3620 2277 dando
3644 2220 3734 2276 bo-

2146 2311 2380 2366 minibus
2411 2310 2665 2366 virtutem
2702 2320 2759 2366 et
2798 2313 3157 2368 constantiam
3200 2313 3354 2369 bonae
3381 2312 3731 2385 operationis.

2145 2401 2320 2458 Cades
2350 2401 2493 2458 enim
2524 2401 2915 2473 interpretatur
2935 2403 3212 2457 commotio
3241 2404 3418 2470 tineaz,
3457 2418 3565 2473 qua
3587 2410 3646 2459 et
3672 2402 3731 2457 il-

2146 2493 2251 2549 lam
2283 2493 2699 2549 commotionem
2722 2491 2886 2548 faciet
2903 2509 3001 2564 per
3023 2495 3400 2565 praedicatores
3427 2509 3579 2551 suos.
3602 2494 3731 2551 Nam

2144 2601 2263 2654 vox,
2302 2586 2355 2640 id
2399 2594 2516 2651 est,
2553 2586 2867 2656 praedicatio
2895 2584 3106 2641 Domini
3134 2594 3218 2642 est
3261 2601 3364 2642 vox
3387 2588 3730 2659 praeparantis

2143 2693 2335 2742 servos,
2366 2678 2418 2732 id
2444 2687 2546 2744 est,
2572 2678 2958 2749 przedicatores
2981 2678 3264 2748 expeditos
3287 2678 3352 2733 ad
3385 2678 3730 2733 transilienda

2146 2770 2302 2840 hujus
2324 2768 2504 2825 saeculi
2538 2770 2780 2840 spineta,
2827 2770 2879 2824 id
2923 2779 3039 2836 est,
3080 2769 3473 2825 sollicitudines
3496 2780 3552 2826 et
3580 2785 3731 2825 vene-

2144 2878 2272 2916 num
2301 2861 2567 2931 serpentis
2596 2861 2800 2931 antiqui
2830 2860 3194 2927 absumentes,
3236 2873 3282 2916 et
3313 2877 3411 2932 per
3442 2861 3566 2918 illos
3591 2878 3727 2916 reve-

2143 2951 2289 3019 labit,
2337 2952 2391 3007 id
2433 2960 2549 3018 εει,
2595 2954 2800 3022 aperiet
2827 2951 3119 3019 condensa,
3163 2953 3216 3009 id
3265 2961 3366 3016 est,
3409 2953 3729 3023 opacitatem

2146 3047 2546 3119 Scripturarum
2591 3058 2646 3105 et
2684 3049 3073 3106 obscuritatem
3112 3065 3388 3106 sensuum.
3420 3050 3493 3104 Et
3526 3060 3653 3106 tunc
3680 3050 3729 3102 in

456 3137 567 3192 lum
589 3137 808 3204 Libani,
836 3139 891 3193 id
916 3147 1034 3204 est,
1074 3139 1216 3194 sicut
1241 3137 1537 3202 Christum,
1567 3146 1624 3190 ut
1650 3136 1781 3191 ﬁant
1810 3137 2047 3191 imitato-
2147 3139 2334 3209 templo
2370 3156 2483 3209 ejus
2527 3156 2702 3194 omnes
2745 3140 2917 3194 dicent
2953 3139 3176 3212 gloriam
3201 3181 3216 3207 ,
3263 3141 3388 3211 quia
3430 3141 3600 3196 etiam
3642 3141 3727 3211 qui

456 3243 548 3305 res
572 3229 889 3287 humilitatis
926 3229 1128 3287 Christi
1163 3229 1254 3300 qui
1291 3229 1345 3282 in
1374 3227 1600 3294 Libano,
1630 3228 1682 3283 id
1712 3236 1815 3293 est,
1846 3228 2042 3299 populo
2071 3216 2114 3277 C
2150 3230 2300 3300 prius
2345 3230 2777 3287 contradicentes
2805 3239 2961 3286 erant
2983 3239 3045 3285 ut
3083 3231 3320 3287 haeretici
3366 3231 3615 3305 convicti
3639 3218 3728 3286 ab.

444 3316 764 3379 ‘Judazorum
790 3331 949 3377 natus
974 3329 1031 3377 et
1060 3320 1296 3376 nutritus
1319 3318 1442 3387 fuit,
1473 3328 1533 3374 ut
1559 3319 1926 3377 immolaretur
1946 3332 2043 3389 pro

458 3411 632 3469 salute
676 3414 890 3479 mundi,
942 3413 1396 3486 quemadmodum
1442 3413 1496 3468 in
1547 3413 1637 3473 illo
1679 3422 1862 3468 monte
1890 3412 2042 3469 vituli

457 3502 834 3557 uulriebantur
885 3503 1137 3557 destinati
1194 3505 1264 3558 ad
1313 3502 1757 3557 immolationem.
1821 3501 1890 3556 Et
1940 3500 2045 3556 hoc

458 3592 618 3647 modo
646 3608 733 3645 eos
759 3593 1072 3647 comminuet
1107 3603 1357 3662 tanquam
1396 3589 1617 3645 vitulum
1660 3590 1877 3656 Libani,
1917 3590 2043 3660 quia

459 3670 698 3746 dilectus,
734 3683 786 3737 id
815 3693 918 3747 est,
947 3685 1177 3753 quisque
1203 3682 1373 3737 ﬁdelis
1411 3682 1477 3736 de
1503 3682 1700 3754 populo
1729 3682 1841 3746 illo,
1870 3681 2057 3755 humi-I

458 3771 679 3827 liabitur
698 3773 1135 3844 quemadmodum
1155 3772 1299 3841 ﬁlius
1322 3774 1672 3849 unicornium,
1692 3772 1742 3826 id
1765 3781 1870 3838 est,
1889 3771 2055 3837 Cbrie

461 3873 578 3921 stus
604 3864 897 3921 secundum
936 3880 1156 3921 carnem
1184 3863 1352 3919 Filius
1374 3864 1682 3920 Iudaeorum
1709 3864 1804 3936 qui
1832 3865 2046 3920 unicor-

462 3970 561 4011 nes
603 3956 858 4011 dicuntur
887 3966 1107 4026 propter
1133 3970 1297 4015 unam
1336 3955 1508 4025 legem
1538 3971 1699 4025 quam
1727 3955 1927 4011 habent
1950 3969 2046 4024 per

463 4063 629 4118 quam
652 4049 703 4101 in
732 4047 1041 4117 superbiam
1073 4061 1132 4102 se
1159 4046 1393 4116 erigunt,
1422 4045 1505 4100 vel
1532 4060 1683 4115 spem
1709 4054 2044 4101 terrenorum

460 4139 726 4195 bonorum
775 4153 897 4208 qua:
940 4137 1053 4193 sola
1099 4128 1293 4208 putant
1338 4136 1438 4191 sibi
1490 4136 1776 4205 promissa.
1834 4130 2051 4191 Aliter:

461 4228 633 4295 Quasi.
652 4240 947 4299 quzeratur,
971 4228 1073 4284 fuit
1097 4228 1185 4284 ille
1204 4228 1403 4284 vitulus
1430 4229 1777 4284 imminutus?
1814 4228 2045 4296 Revera,

462 4323 588 4393 quia
615 4321 856 4389 dilectus,
887 4323 942 4377 id
967 4333 1071 4388 est,
1101 4322 1268 4379 Filius
1298 4324 1412 4389 Dei,
1444 4325 1531 4378 cui
1573 4324 1775 4381 dictum
1803 4333 1886 4380 est
1912 4342 1925 4378 :
1968 4323 2052 4387 Tu,

457 4429 513 4469 es
550 4412 720 4467 Filius
751 4431 895 4469 meus
921 4410 1361 4487 dilectuslMarc.
1387 4420 1452 4485 1),
1483 4416 1586 4470 erit
1608 4415 2053 4486 quemadmodum,

455 4506 601 4577 ﬁlius
626 4509 990 4574 unicornium,
1022 4509 1077 4563 id
1119 4518 1236 4574 est,
1280 4507 1505 4578 quilibet
1536 4508 1674 4563 ﬁlius
1698 4507 2038 4575 Iudaeorum,

459 4598 669 4655 scilicet
701 4598 964 4667 mortalis,
1001 4599 1288 4669 passibilis.
1320 4598 1531 4653 Aliter:
1575 4598 1828 4667 Dilectus,
1850 4600 1904 4655 id
1935 4608 2038 4668 est,

458 4688 629 4743 Filius
654 4687 748 4743 Dei
777 4689 1195 4754 comminuetur,
1224 4704 1329 4743 non
1356 4688 1648 4744 secundum
1679 4690 2047 4760 divinitatem,

459 4777 555 4832 sed
581 4776 646 4831 ad
672 4792 794 4833 eum
826 4778 1043 4833 modum
1069 4780 1137 4833 ad
1160 4793 1319 4847 quem
1349 4780 1463 4849 ipse
1495 4780 1597 4835 fuit
1629 4780 1794 4837 Filius
1825 4782 2039 4841 unicor-

459 4865 630 4933 nium,
672 4865 727 4921 id
752 4875 868 4933 est,
900 4869 1194 4923 secundum
1228 4869 1373 4924 illam
1420 4879 1668 4926 naturam
1695 4888 1857 4943 quam
1882 4889 1913 4928 a
1938 4872 2035 4929 Ju-

457 4957 588 5014 daais
615 4960 944 5029 assumpsit:
985 4970 1040 5016 et
1069 4961 1188 5016 ideo
1230 4962 1285 5014 in
1327 4961 1745 5032 magniﬁcentia,
1784 4952 1917 5034 quia
1937 4982 2037 5020 vaa:

456 5049 679 5117 Domini
698 5060 782 5107 est
805 5053 1191 5118 intercidentis,
1232 5052 1286 5106 id
1314 5061 1399 5107 est
1428 5053 1741 5120 dividentis,
1767 5057 2038 5126 ﬂammam

455 5140 614 5211 ignis,
643 5142 696 5198 id
737 5151 855 5208 est,
902 5142 1168 5207 furentem
1195 5144 1638 5213 persequentium
1672 5145 2037 5213 iracundiam,

456 5234 585 5304 quia
609 5233 746 5289 alios
766 5234 960 5289 ascivit
988 5233 1240 5289 cbaritati
1265 5248 1395 5296 suae,
1420 5233 1556 5288 alios
1588 5234 1803 5303 reliquit
1838 5237 1892 5292 in
1928 5253 2047 5296 ma-,
2090 5276 2101 5287 .

456 5322 571 5379 lilia
597 5338 694 5378 sua
718 5340 732 5389 ;
757 5322 841 5393 vel
868 5323 1216 5394 diminuentis
1245 5322 1553 5378 incendium
1582 5321 1800 5392 inferni,
1827 5325 2040 5381 subtra-

457 5416 636 5471 hendo
658 5417 705 5464 εί
733 5416 988 5468 MDﬂlllm
1014 5414 1239 5468 ηυιιιιιιιι
1265 5422 1322 5462 P-l
1343 5414 1407 5458 ml
1435 5428 1493 5466 se
1513 5419 1871 5464 COHVPJ'IPIMIA
1920 5417 2010 5451 υηι

2146 3319 2320 3374 ctrina
2357 3319 2721 3390 apostolorum
2749 3318 2953 3374 dabunt
2974 3318 3195 3390 gloriam
3219 3320 3351 3386 Deo,
3373 3321 3728 3391 compaginati

2146 3424 2269 3463 cum
2315 3408 2436 3463 aliis
2481 3409 2536 3463 in
2584 3408 2847 3463 unitatem
2892 3407 3037 3463 ﬁdei.
3086 3409 3153 3463 Et
3196 3425 3300 3464 non
3324 3402 3564 3476 mirum,
3610 3411 3726 3480 quia

2145 3499 2402 3554 Dominus
2440 3498 2696 3553 diluvium
2736 3498 3035 3552 inhabitare
3070 3499 3231 3568 facit,
3270 3500 3413 3570 quod
3454 3500 3613 3570 quasi
3652 3501 3731 3553 in-

2147 3590 2404 3646 credibile
2429 3590 2604 3645 visum
2633 3598 2737 3655 est,
2778 3598 2965 3661 gentes
3009 3589 3260 3645 omnibus
3295 3591 3577 3646 erroribus
3615 3589 3728 3645 ιιιιί-

2120 3692 2347 3748 tantes,
2372 3697 2471 3753 per
2499 3680 2658 3737 ﬁdem
2686 3681 2972 3746 stabilitas,
3006 3681 3135 3737 facit
3158 3690 3215 3736 ut
3245 3682 3361 3752 ipse
3387 3682 3442 3737 in
3472 3684 3555 3738 eis
3587 3683 3730 3738 habi-

2148 3781 2242 3828 tet.
2277 3772 2392 3839 Vel,
2424 3787 2530 3827 non
2560 3772 2758 3826 mirum
2794 3771 2840 3827 si
2864 3786 3050 3827 omnes
3075 3787 3239 3842 Opera
3273 3772 3367 3827 Dei
3404 3771 3727 3835 laudabunt,

2146 3864 2271 3934 quia
2301 3861 2558 3919 Dominus
2594 3861 2758 3918 faciet
2792 3878 2974 3937 arcam
3021 3862 3315 3917 inhabitare
3352 3863 3645 3929 diluvium,
3680 3862 3729 3917 id

2147 3964 2250 4022 est,
2276 3955 2573 4012 Ecclesiam
2601 3971 2755 4011 suam
2783 3957 2926 4011 hunc
2955 3955 3235 4021 mundum,
3270 3955 3359 4009 ubi
3393 3955 3470 4009 ita
3501 3952 3731 4024 jactabi-

2150 4056 2235 4101 tur
2263 4047 2405 4102 sicut
2432 4063 2556 4102 arca
2588 4048 2640 4103 in
2664 4046 2886 4113 diluvio,
2917 4056 2971 4104 et
2999 4057 3177 4103 tamen
3204 4063 3310 4104 non
3337 4048 3727 4121 submergetur.

2150 4135 2220 4192 Ut
2246 4137 2448 4192 dictum
2477 4146 2584 4204 est,
2608 4152 2710 4192 vox
2735 4137 2935 4207 septies
2962 4138 3189 4207 repetita
3218 4136 3591 4208 septiformam
3614 4154 3730 4210 gra-

2148 4230 2274 4284 tiam
2300 4230 2474 4285 sancti
2506 4230 2741 4300 Spiritus
2769 4228 3067 4300 signiﬁcat,
3099 4245 3205 4300 qua
3243 4230 3488 4285 Ecclesia
3529 4231 3725 4287 consti-

2149 4324 2341 4376 tuitur.
2372 4321 2439 4376 Et
2482 4330 2658 4375 tamen
2682 4334 3001 4390 quanquam
3032 4332 3217 4374 essent
3244 4320 3526 4385 diluvium,
3551 4321 3727 4375 Domi-

2148 4432 2244 4469 nus
2270 4415 2463 4470 sedebit
2493 4416 2546 4470 in
2579 4412 2686 4469 illis
2721 4415 2777 4469 in
2827 4423 3081 4468 wternum
3114 4431 3224 4480 rex,
3252 4416 3375 4484 quia
3419 4426 3569 4487 reget
3612 4433 3720 4482 eos,

2149 4524 2253 4563 non
2297 4508 2615 4578 permittens
2639 4505 2778 4560 ultra
2807 4505 3091 4562 ﬂuctuare.
3131 4506 3201 4561 Et
3227 4522 3334 4562 non
3367 4509 3566 4562 mirum
3588 4509 3722 4579 quod
3775 4568 3783 4579 ,

2068 4582 2121 4642 Ῑ)
2146 4598 2400 4653 diluvium
2436 4598 2731 4654 inhabitare
2757 4597 2905 4668 facit,
2931 4599 3058 4670 quia
3100 4597 3357 4654 Dominus
3397 4601 3606 4656 scilicet
3645 4616 3724 4656 re-

2147 4706 2269 4745 rum
2298 4690 2384 4745 cui
2411 4690 2591 4745 omnia
2618 4689 2900 4753 obediunt,
2935 4692 3197 4757 virtutem,
3240 4691 3292 4746 id
3323 4703 3431 4758 est,
3477 4704 3723 4749 constan-

2132 4780 2294 4849 tiam,
2321 4782 2515 4853 populo
2539 4798 2654 4845 suo,
2680 4780 2822 4836 ﬁdeli
2851 4781 3076 4848 scilicet,
3100 4799 3196 4838 suo
3221 4798 3318 4855 per
3364 4786 3598 4855 gratiam
3622 4785 3721 4839 Do-

2144 4876 2316 4929 minus
2345 4873 2625 4936 benedicet,
2650 4872 2701 4928 id
2722 4881 2828 4939 est,
2868 4873 3264 4930 incrementum
3288 4875 3557 4933 virtutum
3579 4878 3718 4933 dabit

2141 4964 2331 5038 populo
2360 4981 2454 5031 suo
2484 4964 2536 5029 in
2556 4981 2705 5035 pace,
2738 4965 2791 5019 id
2819 4973 2918 5030 est,
2946 4965 2997 5018 in
3028 4965 3372 5021 observantia
3398 4967 3556 5023 bonze
3580 4971 3718 5024 vitaz.

2149 5055 2265 5121 Vel,
2307 5055 2728 5121 consummabit,
2781 5054 2832 5109 id
2880 5062 2985 5119 est,
3033 5057 3280 5126 perﬁciet
3319 5059 3718 5114 tabernaculum

2145 5160 2318 5207 suum,
2352 5160 2477 5221 cum
2509 5143 2696 5199 ultima
2744 5146 3043 5199 destruetur
3085 5163 3225 5200 mors
3272 5147 3325 5218 (Ι
3369 5146 3494 5204 Cor.
3531 5150 3644 5220 xv),
3674 5159 3718 5204 ct

2143 5253 2261 5291 cum
2284 5239 2471 5299 venerit
2494 5238 2632 5309 quod
2654 5238 2941 5308 perfectum
2964 5249 3039 5292 est
3068 5239 3122 5311 (I
3144 5237 3267 5295 Cor.
3295 5241 3414 5313 χιιι)
3440 5256 3455 5296 :
3489 5242 3541 5297 in
3570 5258 3715 5314 pace,

2143 5329 2196 5383 id
2216 5337 2319 5394 εει,
2348 5328 2400 5382 in
2425 5338 2633 5384 teterna
2673 5330 2878 5400 requie.
2914 5330 3076 5403 Ergo,
3106 5333 3230 5403 quia
3256 5335 3515 5391 Dominus
3537 5352 3716 5391 servos

2428 5419 2461 5432 μ
2563 5418 2574 5426 _
2670 5419 2697 5422 ,κ
2722 5419 2738 5431 η
2838 5420 2909 5440 .-γ
3050 5422 3062 5436 ·
3124 5423 3204 5460 ε--ιπ
3237 5424 3596 5493 tabernaculi.
3622 5425 3712 5497 δί’

2144 5434 2283 5444 ιιι-αιδ-
2304 5433 2313 5436 ’
