3930 5414
108 382 248 442 285

1275 366 1806 430 manumanus
1843 366 1910 422 IN
1952 337 2284 424 PSALMOS.

3312 372 3418 442 286

116 497 354 557 tionem
399 489 734 552 tabernaculi
783 488 1017 554 Domini,
1049 487 1187 557 ﬁlios
1237 488 1484 551 arietum,
1529 485 1581 540 id
1625 494 1730 550 est,
1759 477 1959 550 Atalis
1999 486 2056 532 et
2095 476 2463 549 impassihilis.
2517 476 2584 533 Et
2621 477 2737 534 hinc
2771 479 2963 536 domus
3007 483 3340 540 construitur
3362 488 3417 542 in

115 586 457 642 imitatores
511 592 759 640 vestros:
791 580 1022 652 apostoli
1071 580 1324 634 dicuntur
1348 577 1570 642 arietes,
1607 576 1732 645 quia

117 685 273 732 sunt
303 678 472 734 duces
521 689 766 746 gregum,
792 672 876 728 vel
901 681 1130 741 utroque
1161 685 1329 726 cornu
1375 668 1627 723 inimicos
1653 665 1734 722 fe-

119 759 377 832 rientes,
423 769 475 824 id
512 777 615 832 est,
647 765 959 821 testimonio
1002 763 1403 832 Scripturarum
1445 759 1656 814 Veteris
1682 766 1736 813 et

117 860 281 916 Novi
316 859 676 924 Testamenti,
702 856 810 922 vel,
859 855 1106 919 Domino,
1145 855 1197 908 id
1237 861 1342 918 est,
1374 851 1441 905 ad
1471 851 1734 906 honorem

119 952 388 1024 Domini.
419 951 534 1008 Hoc
558 951 716 1012 modo
741 949 968 1017 afferte:
999 946 1197 1015 Alfene
1235 944 1462 998 Domino
1487 943 1730 1013 gloriam,

118 1043 211 1098 illi
262 1042 555 1098 attribuile
597 1039 866 1109 justitiam
902 1045 1158 1092 vestram.
1209 1035 1276 1087 Et
1308 1035 1554 1087 honorem
1583 1043 1734 1088 recte

117 1137 402 1200 vivendo,
454 1144 516 1190 ut
563 1134 1003 1200 videntesopera
1034 1137 1210 1182 vestra
1244 1127 1380 1180 bona
1429 1125 1734 1196 gloriﬁcent

116 1228 367 1283 Patrem
397 1237 657 1282 vestrum.
713 1223 908 1292 Afferte
932 1219 1157 1280 Domino
1185 1217 1441 1288 gloriam,
1488 1231 1591 1268 non
1641 1228 1734 1267 ve-

119 1329 343 1385 stram,
382 1320 478 1376 sed
523 1317 722 1372 nomini
748 1316 898 1386 ejus,
931 1314 982 1368 id
1009 1321 1114 1376 est,
1145 1312 1211 1365 ad
1256 1311 1470 1366 laudem
1497 1307 1632 1376 ejus.
1664 1307 1733 1361 Et

121 1414 241 1478 sic,
295 1412 509 1470 scilicet
550 1427 656 1467 non
692 1410 880 1466 vacuis
932 1407 1208 1472 manibus,
1244 1420 1342 1460 nec
1374 1403 1602 1472 genibus
1640 1416 1729 1456 re-

120 1507 354 1570 missis,
408 1506 626 1561 adorate
677 1503 984 1564 Dominum,
1037 1516 1144 1556 non
1207 1499 1352 1553 aliud
1393 1496 1730 1567 postulantes

119 1597 245 1651 nisi
281 1598 481 1666 ipsum.
510 1595 576 1650 In
607 1595 744 1648 atrio
779 1604 962 1648 sancto
1006 1593 1144 1662 ejus.
1174 1591 1226 1645 id
1257 1599 1362 1655 est,
1395 1590 1447 1644 in
1469 1589 1573 1642 hac
1594 1597 1729 1643 tem-

119 1691 314 1760 porali
364 1689 630 1754 Ecclesia,
676 1704 798 1758 quae
825 1699 908 1744 est
936 1687 1136 1741 atrium
1177 1683 1370 1739 domus
1395 1681 1630 1746 Domini,
1674 1679 1727 1734 id

119 1793 246 1843 est,
285 1781 531 1837 coalestis
572 1779 946 1843 beatitudinis,
999 1792 1065 1832 ac
1112 1775 1489 1835 similitudine,
1518 1772 1643 1842 quia
1668 1779 1726 1825 ut

1839 571 2019 636 nobis,
2047 587 2171 626 cum
2226 570 2451 626 verbum
2501 571 2626 626 ﬁdei
2663 572 2976 643 accipimus.
3005 575 3292 634 Dedicatur
3315 594 3417 633 au-

1838 672 1944 718 tem
1975 681 2116 720 nunc
2149 665 2200 719 in
2235 680 2350 734 spe,
2384 675 2441 719 et
2487 667 2698 721 tandem
2729 669 2781 722 in
2806 684 2882 734 re,
2915 686 3032 724 eum
3073 670 3294 726 mortale
3321 673 3418 726 hoc

1837 757 2021 813 induet
2065 759 2512 814 immortalitatem
2566 759 2613 830 (1
2649 760 2772 815 Cor.
2809 762 2922 834 xv),
2965 779 3088 818 cum
3129 762 3240 830 jam
3285 764 3418 818 nihil

1837 849 1982 904 aliud
2017 850 2068 904 in
2117 851 2272 904 nobis
2319 851 2422 904 crit
2469 851 2569 905 nisi
2603 851 2720 905 laus
2747 853 2860 905 Dei.
2903 853 3028 924 Agit
3055 867 3187 923 ergo
3227 853 3280 909 in
3313 855 3418 908 hoc

1835 939 2045 1010 psalmo
2073 949 2234 1010 caput
2269 950 2511 994 nostrum
2552 941 2870 996 exsultando
2906 956 3029 996 cum
3051 941 3282 996 Domino
3306 941 3418 996 Deo

1836 1044 1954 1094 suo,
1993 1031 2059 1085 de
2085 1047 2180 1085 sua
2219 1030 2617 1085 resurrectione
2655 1030 2860 1086 Scilicet
2902 1033 3045 1100 quod
3096 1030 3420 1085 fundamen-

1834 1131 1950 1174 tum
1979 1119 2138 1189 hujus
2160 1121 2350 1175 domus
2383 1121 2494 1190 jam
2519 1121 2826 1175 dedicatum
2850 1122 2941 1179 sit.
2975 1121 3223 1176 Ostendit
3249 1121 3418 1176 etiam

1833 1210 2066 1281 qualiter
2103 1225 2300 1280 corpus
2331 1225 2486 1264 suum
2517 1210 2660 1280 quod
2703 1220 2786 1265 est
2823 1211 3066 1266 Ecclesia
3092 1227 3232 1265 nunc
3265 1212 3420 1266 dedi-

1833 1310 1954 1356 cata
1982 1301 2034 1355 in
2057 1317 2174 1371 spe,
2208 1303 2422 1356 tandem
2463 1302 2626 1356 etiam
2654 1303 2836 1356 valeat
2859 1302 3096 1357 dedicari
3120 1302 3172 1355 in
3196 1317 3273 1354 re.

1903 1391 2166 1448 Exaltabo
2208 1403 2253 1446 te
2274 1432 2288 1457 ,
2323 1391 2564 1447 Domine.
2596 1392 2867 1462 Propheta
2897 1393 2948 1446 in
2978 1392 3421 1447 consideratione

1832 1484 1992 1554 hujus
2043 1487 2398 1542 dedicationis
2462 1486 2541 1541 sic
2598 1487 2892 1542 introducit
2946 1497 3108 1557 caput
3172 1497 3418 1542 nostrum

1831 1576 2090 1647 loquens,
2113 1578 2245 1632 etin
2291 1592 2369 1642 se,
2401 1585 2455 1632 et
2483 1577 2536 1631 in
2569 1577 2824 1632 membris
2853 1578 2963 1633 suis
3002 1595 3015 1630 :
3047 1576 3300 1642 Domine,
3333 1579 3420 1634 cui

1831 1685 1919 1724 me
1955 1685 2052 1742 per
2097 1670 2458 1725 obedientiam
2503 1685 2717 1726 servum
2746 1670 3002 1735 exhibeo,
3032 1668 3294 1722 Exaltabo
3340 1679 3419 1734 te,

1832 1759 1888 1816 id
1917 1771 2034 1823 est.
2081 1760 2350 1815 notiﬁcari
2380 1770 2433 1814 et
2464 1759 2670 1813 laudari
2711 1769 2760 1815 te
2793 1759 2986 1814 faciam
3013 1776 3110 1831 per
3139 1773 3223 1813 me
3243 1799 3258 1823 ,
3292 1757 3418 1827 quia

118 1871 347 1926 atrium
370 1881 456 1927 est
479 1880 604 1926 ante
629 1871 872 1934 domum,
907 1869 980 1924 ita
1004 1869 1120 1922 haec
1145 1866 1458 1935 temporalis
1483 1864 1726 1920 Ecclesia
1755 1849 1806 1908 Β
1831 1851 2294 1935 ηιξί-υοηιξτῑίίοειιλ
2314 1849 2509 1935 Filium
2541 1850 2873 1935 b900ri“93l_
2899 1862 2954 1904 ει
2982 1865 3104 1904 eum
3140 1849 3231 1918 (ιυῑ
3270 1849 3419 1902 illum

117 1964 402 2033 prmcedit
450 1962 598 2016 illam
629 1974 939 2031 supernam.
969 1959 1036 2012 Et
1068 1959 1209 2014 sicut
1230 1959 1281 2012 in
1307 1958 1446 2011 atrio
1474 1956 1723 2011 domino-

117 2069 260 2107 rum
305 2061 455 2106 stant
508 2051 745 2106 ferentes
791 2050 971 2113 xenia,
1001 2057 1384 2119 exspectantes
1434 2049 1724 2102 adventum

118 2143 368 2205 domini,
398 2143 472 2196 ita
505 2153 562 2197 et
588 2157 686 2197 nos
709 2141 762 2196 in
792 2142 892 2196 hac
936 2140 1216 2210 temporali
1248 2140 1488 2197 Ecclesia
1529 2155 1724 2210 exspe-

119 2244 291 2288 ctare
318 2233 578 2288 debemus
599 2248 724 2288 cum
746 2231 1000 2301 opinione
1029 2230 1293 2286 bonorum
1316 2245 1540 2302 operum
1571 2248 1585 2286 :
1615 2230 1724 2296 vel,

117 2328 177 2381 in
222 2326 369 2379 atrio
407 2335 590 2379 sancto
625 2325 756 2394 ejus,
787 2324 837 2379 id
875 2332 978 2388 εει,
1008 2324 1062 2377 in
1092 2323 1425 2378 conscientia
1457 2337 1616 2392 pura,
1657 2321 1725 2376 ad

118 2416 278 2470 hanc
321 2415 730 2470 similitudinem
770 2415 894 2483 quia
936 2414 989 2468 in
1035 2414 1175 2469 atrio
1211 2413 1386 2469 solent
1438 2412 1726 2469 odoriferae

117 2507 324 2561 herbte
372 2505 630 2575 plantari,
660 2505 733 2558 ita
768 2513 822 2560 et
861 2503 916 2558 in
955 2504 1288 2560 conscientia
1338 2504 1582 2565 virtutes,
1618 2503 1722 2566 vel,

117 2598 177 2649 in
211 2597 380 2661 atrio,
418 2596 470 2650 id
496 2604 602 2662 est,
633 2595 686 2650 in
728 2594 851 2649 ﬁde.
890 2595 1056 2661 Quasi
1105 2595 1249 2654 dicat
1279 2612 1290 2648 :
1323 2594 1434 2664 Ego
1473 2595 1615 2657 dico,
1643 2593 1726 2659 ai-

118 2687 285 2755 ferte,
306 2686 552 2751 adorale,
569 2696 625 2741 et
639 2686 884 2756 potestis,
902 2685 1026 2754 quia
1039 2701 1137 2739 eoa:
1153 2683 1362 2739 Domini
1375 2699 1530 2753 super
1539 2699 1724 2754 aquas,

119 2779 168 2832 si
199 2778 679 2834 ordine-volumus
707 2778 905 2850 legere.

655 2887 978 2943 PSALMUS
1014 2887 1206 2943 XXIX.

224 2977 480 3054 I‘SALICS.
505 3015 716 3055 CANTICI
758 3015 812 3054 ΙΝ
847 3014 1204 3056 ΒΕΒΙΕᾹΤΙΟΝΕ
1244 3014 1417 3054 οοιιυε
1457 3013 1635 3052 ὨΛΥΙῙ).

202 3107 223 3138 ι
276 3089 547 3143 Exaltaho
565 3089 897 3156 te,Domine,
915 3091 1171 3160 quoniam
1189 3091 1474 3160 suscepisti
1497 3105 1606 3154 me,
1631 3103 1729 3143 nec

127 3200 146 3231 ε
197 3179 492 3233 delectasti
519 3180 768 3235 inimicos
804 3196 952 3235 meos
988 3195 1152 3250 super
1188 3197 1294 3235 me.
1336 3181 1560 3235 Domine
1585 3179 1728 3234 Deus

129 3291 147 3322 ι
199 3287 383 3334 meus,
403 3271 632 3325 clamavi
655 3273 721 3326 ad
744 3281 889 3336 tc,et
911 3273 1112 3328 sanasti
1139 3288 1244 3327 me.
1273 3273 1518 3336 Domine,
1547 3273 1730 3326 eduxi-

128 3381 148 3413 ι
195 3363 268 3416 sti
293 3363 599 3418 alninfcrno
619 3364 851 3418 animam
876 3364 1308 3428 meam,salvasti
1334 3380 1418 3418 me
1441 3380 1469 3417 a
1499 3365 1720 3419 descen‘

129 3471 149 3502 ε
200 3453 537 3508 dentibustiu
563 3454 760 3508 lacum.
790 3453 1009 3508 Psallite
1035 3455 1282 3518 Domino,
1315 3453 1485 3508 sancti
1513 3453 1650 3522 ejus,
1673 3463 1729 3506 et

128 3562 148 3595 ι
200 3544 541 3598 conﬁtemini
573 3545 845 3599 memoria:
874 3546 1174 3600 sanctitatis
1198 3544 1332 3613 ejus.
1360 3544 1625 3610 Quoniam
1648 3545 1728 3596 ira

128 3651 148 3685 ι
201 3633 258 3686 in
296 3633 666 3704 indignatione
695 3633 828 3704 ejus,
873 3643 927 3688 et
953 3634 1063 3687 vita
1110 3633 1163 3688 in
1195 3633 1466 3688 voluntate
1492 3632 1626 3701 ejus.
1649 3631 1727 3686 Ad

129 3743 148 3775 ι
201 3739 492 3793 vesperum
510 3723 886 3798 demorabitur
909 3723 1065 3779 llctus
1086 3733 1138 3778 ct
1163 3725 1230 3777 ad
1253 3723 1572 3776 matutintnu
1595 3722 1731 3776 laeti-

129 3832 149 3865 ‹
205 3814 308 3867 tia.
339 3813 452 3882 Ego
473 3824 655 3868 autem
680 3814 786 3869 dixi
811 3814 862 3867 in
890 3814 1216 3869 abundantia
1241 3829 1390 3868 mea:
1417 3813 1532 3867 Non
1551 3828 1729 3868 move-

130 3924 150 3956 ι
200 3905 310 3958 hor
331 3905 383 3958 in
407 3913 692 3960 aeternum.
720 3905 969 3971 Domine,
1001 3906 1054 3959 in
1092 3905 1367 3960 voluntate
1400 3915 1489 3958 tua
1521 3905 1732 3975 prazsti-

130 4017 150 4048 s
201 3997 320 4051 tisti
345 3997 529 4051 decori
572 4012 694 4051 meo
716 3997 992 4052 virtutem.
1014 3995 1269 4051 Avertisti
1301 3995 1494 4050 faciem
1529 4006 1672 4050 tuam
1700 4010 1730 4050 a

130 4107 150 4138 ι
197 4102 315 4151 me,
337 4095 392 4141 et
411 4087 585 4142 factus
609 4103 726 4142 smn
750 4088 1121 4142 conturbatus.
1145 4085 1226 4140 Ad
1250 4095 1320 4151 te,
1350 4086 1593 4150 Domine,
1618 4087 1731 4141 cla-

132 4199 154 4231 s
202 4179 394 4246 mabo,
419 4188 472 4233 et
497 4180 564 4233 ad
599 4178 765 4232 Deum
796 4194 974 4232 meum
996 4175 1345 4247 deprecabor.
1374 4175 1503 4242 Qua:
1528 4176 1733 4230 utilitas

132 4288 151 4318 ι
207 4269 265 4322 in
292 4268 557 4338 sanguine
587 4283 725 4331 meo,
757 4269 882 4321 dum
913 4267 1180 4321 descendo
1211 4267 1262 4319 in
1291 4267 1729 4335 corruptionem?

135 4375 154 4407 s
205 4356 468 4426 Nunquid
517 4356 861 4412 conlitebitur
899 4356 992 4410 tibi
1023 4356 1219 4426 pulvis,
1257 4365 1351 4410 aut
1391 4357 1733 4411 annuntiabit

134 4470 154 4502 s
205 4449 496 4504 veritatem
530 4449 714 4502 tuam?
732 4448 949 4502 Audivit
976 4447 1254 4512 Dominus,
1279 4457 1334 4502 et
1364 4449 1619 4504 misertus
1644 4458 1729 4504 est

134 4561 153 4592 ι
203 4541 349 4608 mei;
398 4539 660 4596 Dominus
698 4539 878 4595 factus
902 4548 986 4593 est
1032 4538 1244 4608 adjutor
1271 4553 1442 4594 meus.
1485 4539 1727 4594 Conver-

135 4655 154 4686 ι
204 4634 320 4689 tisti
366 4633 641 4704 planctum
675 4649 850 4688 meum
876 4633 928 4686 in
951 4634 1201 4704 gaudium
1232 4631 1387 4696 mihi,
1418 4633 1729 4689 conscidisti

138 4746 156 4776 ι
203 4741 429 4780 saccum
455 4741 634 4779 meum
657 4732 712 4779 et
734 4723 1136 4778 circumdedisti
1167 4739 1250 4776 me
1277 4721 1483 4777 laetitia.
1511 4723 1579 4779 Ut
1598 4739 1730 4778 can-

138 4837 157 4869 (
206 4826 283 4872 tet
315 4818 412 4872 tibi
450 4817 626 4888 gloria
679 4831 821 4882 mea,
862 4825 917 4870 et
944 4831 1049 4869 non
1095 4829 1462 4884 compungar:
1503 4814 1730 4872 Domine

141 4928 159 4960 ι
203 4909 348 4966 Deus
373 4925 546 4974 meus,
588 4909 642 4963 in
669 4921 932 4964 aeternum
958 4909 1257 4964 conﬁtebor
1287 4908 1402 4963 tibi.
1433 4929 1452 4962 ι

719 5020 1014 5075 ΕΝΛΒΠΑ
1027 5021 1170 5076 T10.

209 5139 462 5195 Psalmus
491 5139 668 5193 David
690 5139 747 5192 in
776 5137 1105 5194 dedicatione
1133 5141 1343 5195 domus.
1371 5140 1472 5196 llic
1493 5139 1733 5210 psalmus

139 5234 379 5288 continet
431 5246 622 5288 vocem
661 5229 858 5298 capitis
915 5231 1340 5300 cougratulantis
1387 5233 1454 5286 de
1491 5241 1734 5285 resurre-

139 5326 339 5390 ctione,
370 5325 422 5380 in
453 5341 512 5379 se
533 5323 650 5395 jam
679 5321 942 5389 completa
974 5321 1029 5376 in
1058 5339 1133 5388 re,
1162 5331 1217 5379 et
1245 5323 1300 5378 in
1341 5323 1602 5379 membris
1632 5333 1730 5389 per

1829 1932 1981 1986 misit
2043 1933 2225 2002 (Joan.
2249 1931 2324 2001 v).
2363 1931 2430 1984 Et
2459 1932 2652 1985 merito
2677 1930 2940 1996 exaltabo,
2963 1932 3210 2002 quoniam
3242 1946 3420 1982 susce-

1825 2025 1946 2094 pisti
1978 2040 2078 2076 me.
2115 2023 2201 2076 Me
2235 2033 2395 2092 caput
2423 2023 2693 2090 suscepisti
2735 2025 2800 2077 de
2836 2024 3106 2093 sepulcro,
3149 2023 3238 2092 qui
3269 2022 3421 2092 prius

1825 2118 2098 2188 suscepisti
2141 2118 2208 2173 de
2241 2117 2474 2186 Virginis
2519 2125 2695 2170 utero.
2729 2114 2840 2170 Nec
2875 2115 3145 2170 delectasti
3179 2115 3418 2168 inimicos

1825 2227 1965 2266 meos
2021 2226 2178 2280 super
2216 2225 2316 2262 me.
2363 2207 2482 2262 Non
2523 2208 2655 2262 adeo
2702 2207 2968 2262 delectasti
2999 2207 3236 2260 inimicos
3281 2221 3421 2259 meos

1824 2300 2037 2357 Judteos
2087 2309 2146 2355 ut
2173 2309 2355 2356 essent
2407 2315 2570 2370 super
2596 2315 2704 2364 me,
2748 2307 2807 2353 ut
2833 2313 2919 2353 me
2949 2305 3286 2368 superarent.
3318 2295 3424 2349 De-

1825 2388 2027 2445 lectasti
2067 2391 2120 2445 in
2167 2399 2371 2455 morte,
2413 2390 2510 2444 sed
2553 2389 2856 2444 contrivisti
2901 2390 2953 2442 in
3004 2387 3419 2442 resurrectione.

1826 2483 1940 2539 Hoc
1983 2485 2143 2542 modo
2193 2483 2486 2553 suscepisti.
2545 2483 2787 2545 Domine,
2848 2483 3074 2536 eduxisti
3107 2483 3170 2534 ab
3211 2482 3418 2550 inferno

1826 2573 2056 2628 animam
2093 2589 2281 2628 meam.
2317 2573 2382 2627 Et
2438 2574 2539 2627 hoc
2571 2573 2733 2627 modo
2784 2573 2996 2626 salvasti
3049 2589 3129 2626 me
3152 2612 3167 2636 ,
3226 2572 3278 2625 id
3313 2581 3417 2636 est,

1828 2680 2048 2720 carnem
2100 2680 2276 2720 meam
2321 2681 2354 2718 a
2399 2664 2827 2718 descendentibus
2876 2665 2932 2716 in
2979 2662 3174 2725 lacum,
3217 2661 3270 2715 id
3313 2670 3424 2725 est,

1829 2756 1881 2811 in
1930 2756 2331 2826 corruptionem
2360 2769 2375 2808 :
2402 2769 2505 2808 non
2544 2754 2687 2807 enim
2727 2753 3056 2822 computruit
3084 2752 3136 2805 in
3170 2750 3418 2820 sepulcro

1829 2861 1958 2901 caro
1999 2860 2116 2901 mea
2156 2861 2277 2900 cum
2329 2844 2469 2898 aliis.
2510 2842 2722 2897 Aliter:
2754 2842 3016 2896 Exaltubo
3053 2851 3133 2906 te,
3175 2842 3422 2906 Domine,

1829 2937 2144 2993 exaltabunt
2189 2946 2240 2992 te
2283 2937 2385 2990 mei
2415 2934 2580 2989 libere
2609 2933 2889 2988 laudantes
2927 2934 2978 2986 in
3023 2932 3273 2995 victoria,
3305 2941 3422 2983 tan-

1831 3032 1951 3087 dem
1996 3031 2250 3100 absorpta
2297 3038 2491 3083 morte.
2534 3027 2602 3080 Et
2639 3026 2832 3080 merito
2869 3023 3423 3096 quoniamsuscepisti

1830 3139 1932 3188 me,
1957 3122 2008 3176 id
2039 3129 2123 3176 est
2149 3135 2298 3175 meos
2327 3136 2356 3173 a
2385 3126 2559 3174 morte
2587 3128 2642 3172 et
2664 3133 2692 3171 a
2714 3117 3087 3188 passibilitate,
3118 3130 3258 3168 nunc
3284 3112 3423 3166 intc-

1755 3219 1801 3281 ο
1830 3215 1934 3268 ritn
1983 3213 2036 3267 in
2081 3227 2212 3281 spe,
2255 3220 2312 3264 et
2361 3210 2575 3263 tandem
2623 3208 2677 3262 in
2725 3207 2956 3267 re:vel.
3008 3205 3278 3274 suscepisti
3333 3203 3423 3256 hic

1833 3325 2052 3364 causam
2097 3321 2340 3362 meorum
2397 3314 2588 3358 contra
2627 3303 2971 3357 adversarios
3022 3302 3418 3369 impugnantes.

1835 3397 1946 3453 Nec
1975 3397 2242 3452 delectasti
2275 3397 2514 3450 inimicos
2541 3412 2681 3449 meos
2703 3412 2858 3465 super
2884 3410 2986 3459 nte,
3017 3409 3119 3446 non
3161 3391 3302 3444 enim
3328 3405 3421 3442 va-

1834 3491 2050 3545 luerunt
2084 3503 2232 3544 meos
2268 3489 2548 3542 devorare.
2575 3485 2901 3543 Occiderunt
2935 3498 3153 3553 corpus,
3183 3481 3418 3535 animam

1833 3590 2009 3635 autem
2065 3595 2171 3633 non
2229 3585 2519 3648 potuerunt
2562 3563 2827 3638 occidere.
2889 3575 3092 3629 Revera
3141 3587 3244 3627 non
3284 3568 3423 3622 dele-

1833 3672 2008 3734 ctasti,
2048 3670 2172 3739 quia
2221 3668 2443 3722 Domine
2482 3665 2620 3720 Deus
2665 3682 2808 3720 nteus
2833 3705 2847 3729 ,
2893 3679 3054 3732 quem
3092 3660 3195 3715 mei
3233 3658 3421 3728 ιιι-ωρι-

1832 3777 1996 3834 puum
2034 3743 2256 3825 habent,
2286 3759 2508 3814 clamavi
2539 3760 2608 3811 ad
2643 3768 2714 3819 te,
2759 3756 2810 3810 id
2840 3765 2941 3818 est,
2985 3754 3260 3808 irremisse
3301 3766 3423 3819 cge-

1836 3861 1961 3914 runt
2001 3851 2140 3916 mei,
2173 3861 2218 3905 et
2257 3851 2458 3904 sanasti
2487 3865 2588 3914 me,
2637 3848 2688 3902 id
2732 3856 2835 3913 est,
2875 3845 3092 3900 sanabis
3125 3853 3178 3898 et
3204 3843 3422 3896 dedica-

1832 3945 1918 4000 bis
1955 3959 2102 3999 meos
2149 3943 2324 3998 dando
2368 3941 2864 4012 immortalitatem,
2915 3953 3059 3992 nunc
3116 3933 3330 3989 interim
3369 3932 3425 3985 in

1835 4050 1930 4105 spe
1970 4043 2025 4090 et
2057 4035 2272 4090 tandem
2319 4035 2373 4088 in
2406 4048 2495 4098 re,
2550 4034 2667 4087 hoc
2700 4030 2860 4086 modo
2889 4025 3090 4082 sanasti
3118 4039 3286 4079 meos.
3313 4021 3424 4075 Do-

1833 4127 1990 4191 mine,
2030 4125 2257 4180 eduxisti
2286 4126 2518 4178 animam
2566 4139 2760 4186 meam,
2801 4121 2851 4176 id
2897 4129 3004 4182 est,
3033 4130 3314 4179 meorum,
3356 4111 3425 4166 ab

1834 4219 2064 4288 inferno,
2107 4218 2159 4272 id
2201 4225 2304 4280 est,
2345 4231 2375 4270 a
2408 4223 2780 4270 consummata
2817 4209 3080 4280 nequitia,
3116 4206 3325 4262 scilicet
3363 4211 3424 4258 ut

1835 4327 1942 4366 non
1997 4311 2394 4366 descenderent
2450 4309 2504 4363 in
2558 4306 2838 4363 criminale
2901 4313 3222 4374 peccatum;
3280 4297 3423 4368 quod

1835 4403 1988 4478 quasi
2040 4401 2245 4458 inferus
2296 4411 2380 4457 est
2441 4400 2654 4454 animae.
2729 4396 2959 4452 Salvasti
3015 4409 3138 4456 me,
3192 4391 3244 4445 id
3297 4397 3425 4454 est,

1836 4509 2024 4550 meos:
2051 4513 2082 4548 a
2104 4492 2530 4547 descendentibus
2553 4491 2608 4544 in
2630 4488 2822 4552 lacum,
2858 4486 2909 4541 id
2936 4494 3037 4548 est,
3064 4499 3093 4536 a
3118 4481 3428 4542 conformae

1759 4572 1808 4631 Ῑ)
1840 4586 1984 4651 tione
2032 4585 2242 4639 illorum
2289 4584 2382 4654 qui
2434 4583 2488 4636 in
2545 4581 2716 4636 fetore
2753 4579 3008 4632 vitiorum
3063 4575 3288 4630 nimium
3335 4573 3426 4626 de-

1837 4677 2039 4740 lectati,
2074 4677 2184 4745 jam
2228 4677 2282 4730 in
2327 4674 2756 4756 desperationem
2785 4676 3072 4732 venerunt,
3101 4679 3262 4734 super
3288 4678 3430 4733 quos

1836 4778 2030 4840 puteus
2071 4767 2268 4822 clausit
2309 4780 2371 4820 os
2422 4779 2600 4818 suum.
2654 4761 2925 4815 [labentes
2973 4760 3155 4828 itaque
3217 4762 3422 4808 tantam

1838 4873 2010 4928 spem,
2056 4857 2261 4912 scilicet
2296 4855 2437 4928 quod
2476 4869 2671 4923 corpus
2711 4860 2950 4907 vestrum
2999 4847 3239 4904 saucium
3279 4858 3429 4897 mor-

1842 4949 2068 5012 talitate,
2116 4956 2173 5000 et
2212 4944 2570 5016 passibilitate
2614 4944 2828 4998 tandem
2869 4939 3146 4996 sanabitur
3188 4935 3241 4988 in
3281 4949 3428 4989 com-

1840 5041 1995 5110 muni.
2039 5041 2403 5098 dedicatione,
2455 5034 2676 5091 Psallite
2727 5034 2987 5099 Domino,
3038 5031 3090 5085 id
3138 5036 3244 5088 est,
3292 5025 3429 5078 bene

1839 5136 2113 5204 operando
2169 5134 2385 5188 laudate
2441 5131 2748 5193 Dominum,
2775 5127 2944 5180 sancti
2976 5126 3112 5196 ejus,
3165 5117 3430 5204 habentes

1841 5201 2180 5288 sanctitatem
2206 5238 2304 5292 per
2325 5220 2557 5295 gratiam
2580 5219 2716 5289 ejus,
2741 5222 3018 5283 sperantes
3036 5213 3086 5264 in
3110 5203 3263 5264 vobis
3286 5201 3432 5295 quod

1841 5318 1895 5372 in
1947 5318 2164 5382 Christo
2207 5313 2452 5381 creditis.
2503 5313 2572 5368 Et
2601 5306 2920 5378 confitemini
2947 5296 3211 5358 memoria'
3237 5294 3435 5346 sancti-

2987 5403 3088 5414 ιη---
3120 5385 3268 5414 ινηιὶῖο
3304 5383 3396 5412 “At!
