3930 5646
459 412 563 467 287

1098 399 1353 464 neuneu
1392 389 2046 464 ANTISSIODORENSIS
2081 400 2230 457 om».
2273 403 2467 462 rans.
2511 411 2549 464 ι.
2574 442 2640 452 -
2669 415 3073 473 essemus.

3610 422 3722 479 288

460 551 493 588 a
525 531 785 587 voluntate
822 530 956 601 ejus.
993 527 1057 584 Et
1088 503 1187 597 ira,
1214 530 1266 584 id
1303 502 1406 593 est,
1447 541 1604 596 paena
1634 523 1825 580 mortis
1852 524 1908 577 in
1952 522 2032 575 in-
2057 523 2109 578 A
2133 523 2301 576 sancti
2335 526 2470 595 ejus,
2499 537 2679 599 grates
2710 531 2915 589 reddite
2952 534 3084 597 Deo,
3113 536 3359 605 quoniam
3396 537 3503 602 ira,
3533 536 3587 590 id
3611 545 3717 602 est,

460 625 763 696 dignatione
808 624 1040 695 ejus:id
1088 633 1189 690 est,
1232 624 1287 678 in
1331 622 1536 687 Adam,
1578 619 1670 690 qui
1721 632 1818 688 per
1852 616 2037 673 inobe—
2085 674 2095 683 ,

461 716 720 771 dientiam
759 715 933 774 factus
972 728 1055 772 est
1105 716 1401 787 indignatio
1449 715 1563 770 Dei.
1600 712 1749 769 Sicut
1796 710 1940 766 enim
1981 709 2035 762 in

461 809 632 862 Adam
679 825 855 863 omnes
882 810 1195 872 moriuntur,
1226 810 1301 863 ita
1342 818 1388 862 et
1437 808 1492 861 in
1522 806 1726 860 Christo
1750 820 1925 858 omnes
1961 804 2035 859 vi-

461 899 809 967 viﬁcabuntur
837 900 857 970 (
877 899 906 953 1
935 899 1057 955 Cor.
1104 899 1223 968 xv).
1274 900 1355 953 Ad
1385 913 1646 967 vesperum
1682 894 2040 950 demorabitur

461 989 663 1057 ﬂectus.
690 989 853 1058 Quasi
884 991 1027 1046 dicat
1056 1009 1069 1045 :
1112 991 1176 1045 Et
1204 990 1292 1044 illa
1332 990 1414 1042 ira
1441 1003 1562 1057 qua:
1594 986 1812 1055 inempit
1842 986 1910 1039 ad
1950 1000 2035 1038 ue-

461 1095 690 1146 sperum,
723 1082 1002 1136 recedente
1034 1082 1101 1136 ab
1130 1081 1367 1136 immane
1395 1094 1591 1152 genere
1625 1078 1678 1132 in
1720 1076 1893 1131 Adam
1927 1074 2039 1131 sole

458 1165 681 1234 iustitia:
726 1179 780 1224 et
826 1172 1090 1235 veritatis,
1141 1170 1359 1226 durabit
1400 1185 1571 1239 usque
1614 1170 1682 1224 ad
1718 1183 2037 1238 vesperum,

463 1258 519 1313 id
564 1267 666 1323 est,
695 1260 927 1329 quandiu
953 1260 1169 1316 durabit
1198 1262 1312 1315 hare
1344 1260 1453 1315 vita
1483 1275 1604 1329 qua:
1632 1272 1914 1328 vesperum
1946 1271 2043 1327 po-

464 1358 571 1404 test
598 1351 724 1414 dici,
754 1352 876 1419 quia
906 1366 971 1406 ex
1015 1367 1121 1421 quo
1164 1351 1452 1407 declinavit
1498 1349 1577 1406 soi
1598 1348 1823 1419 justitia‘
1865 1358 1921 1403 et
1949 1362 2033 1402 ve-

463 1443 638 1499 ritatis
666 1445 734 1499 ab
760 1446 997 1501 immane
1029 1461 1255 1517 genere,
1295 1462 1397 1500 non
1432 1446 1572 1501 redit
1605 1444 1845 1515 perfecte
1872 1457 2043 1513 usque

464 1534 529 1588 ai
559 1550 899 1591 communem
936 1537 1408 1592 resurrectionem.
1435 1535 1491 1590 in
1524 1536 1778 1605 pnesenti
1805 1535 1913 1589 vita
1947 1533 2042 1589 iic-

466 1635 577 1680 tum
628 1627 788 1681 habet
812 1629 994 1695 homo,
1030 1629 1246 1699 quando
1282 1628 1597 1683 recordatur
1623 1629 1884 1683 honorum
1924 1641 2043 1697 qua:

465 1719 699 1789 perdidit
732 1720 784 1774 in
816 1720 1007 1775 Adam.
1040 1721 1105 1775 Et
1135 1722 1203 1775 ad
1232 1720 1569 1785 matutinum,
1597 1719 1806 1775 scilicet
1827 1717 2044 1789 quando

466 1809 770 1865 communis
815 1810 1027 1865 venerit
1079 1811 1441 1876 resurrectio,
1491 1809 1749 1864 redeunte
1794 1808 2041 1864 claritate

467 1897 555 1951 illa
585 1913 745 1969 quam
770 1900 1101 1970 perdidimus
1131 1900 1181 1954 in
1209 1900 1379 1954 Adam
1414 1916 1428 1953 :
1463 1898 1567 1953 erit
1598 1897 1802 1959 laetitia,
1830 1896 1886 1951 id
1935 1904 2035 1959 est,

466 1990 716 2061 gaudium
787 1991 1207 2047 immortalitatis
1268 2000 1319 2047 et
1385 1988 1853 2060 impassibililatis.
1914 1985 2042 2042 Cum

465 2080 601 2134 enim
665 2080 902 2136 Christus
949 2082 1249 2152 apparuerit
1306 2082 1406 2134 vita
1446 2091 1647 2145 vestra,
1706 2089 1828 2132 tunc
1868 2088 1915 2132 et
1960 2094 2045 2131 vos

465 2170 780 2240 apparebitis
831 2188 950 2226 cum
999 2173 1110 2241 ipse
1154 2173 1209 2225 in
1256 2170 1424 2241 gloria
1474 2168 1630 2240 (Col.
1664 2168 1789 2240 ιιι).
1830 2168 2040 2222 Aliter:

468 2260 599 2325 Qua:
645 2261 723 2315 ira
767 2277 871 2316 non
918 2263 1091 2317 solum
1139 2261 1269 2315 Adae
1312 2261 1548 2326 nocebit,
1599 2260 1691 2316 sed
1730 2260 1891 2315 etiam
1945 2258 2047 2313 iste

468 2349 624 2405 fletus
676 2359 731 2405 et
794 2352 909 2407 inec
969 2352 1046 2405 ira
1101 2351 1472 2407 demorabitur
1528 2350 1672 2405 omni
1740 2348 2047 2419 respicienti

468 2439 539 2493 ad
572 2457 836 2511 uesperum
857 2483 872 2508 ,
904 2442 955 2496 id
982 2451 1064 2497 est
1082 2483 1097 2508 ,
1129 2443 1195 2497 ad
1216 2457 1467 2497 occasum
1488 2440 1635 2496 Adae.
1660 2440 1938 2496 Et'la’titia
1958 2442 2048 2493 de-

468 2531 759 2585 morabitur
785 2534 929 2588 emui
966 2533 1270 2604 respicienti
1311 2534 1380 2587 ad
1414 2534 1746 2597 matutinum,
1776 2532 1828 2587 id
1868 2540 1951 2587 est
1979 2531 2047 2587 ad

467 2620 740 2677 Christum
766 2624 856 2693 qui
877 2627 1307 2690 estmatutiuum,
1336 2625 1385 2679 id
1413 2634 1517 2690 est,
1534 2640 1695 2680 verus
1714 2626 1813 2691 sol,
1837 2626 1926 2696 qui
1952 2641 2049 2680 no-

467 2721 607 2769 ctem
638 2715 967 2775 infidelitatis
994 2719 1198 2789 expulit
1223 2737 1236 2772 :
1261 2717 1347 2774 vei
1381 2718 1446 2773 ad
1495 2719 1925 2784 similitudinem,
1977 2719 2047 2774 ad

468 2824 730 2877 vesperum
761 2810 1118 2867 demorabitur
1142 2815 1295 2883 ﬂetus
1314 2853 1329 2878 ,
1360 2828 1583 2880 vespere
1613 2812 1870 2867 Dominus
1900 2812 2045 2883 posi-

472 2909 557 2955 tus
581 2909 659 2956 est
690 2901 743 2955 in
775 2903 1044 2973 sepulcro,
1071 2885 1411 2960 ct‘ﬂeverunt
1436 2903 1580 2958 illum
1614 2904 1881 2974 discipuli,
1912 2914 1966 2957 et
1992 2904 2045 2958 in

468 2993 736 3049 matutino
759 2995 931 3050 tertiae
962 2994 1066 3049 diei
1096 2995 1259 3049 rediit
1284 2994 1492 3056 laetitia,
1522 3003 1838 3063 resurgente
1863 2993 2047 3047 Domi-

468 3098 541 3136 ne
562 3083 624 3137 de
649 3084 912 3152 sepu'cre.
946 3084 1010 3137 Et
1039 3086 1333 3138 humanum
1369 3100 1537 3155 genus
1566 3095 1689 3155 post
1725 3085 2049 3153 pr;evarica-

473 3174 673 3228 tionem
700 3175 830 3230 Adte
870 3177 1095 3230 mortale
1125 3175 1322 3231 factum
1350 3192 1573 3246 vespere
1615 3177 1846 3246 positum
1878 3186 1960 3231 est
1991 3177 2043 3231 in

471 3265 739 3334 sepulcro,
768 3260 981 3321 Scilicet
1031 3268 1310 3322 recedente
1352 3269 1420 3322 ab
1464 3282 1528 3322 eo
1568 3266 1694 3322 Sele
1737 3267 1960 3336 justitia:
1997 3274 2052 3320 et

468 3356 733 3417 veritatis.
766 3366 821 3410 ει
847 3358 1045 3412 mansit
1072 3358 1125 3412 in
1158 3358 1425 3427 sepulcro,
1460 3358 1510 3412 id
1540 3367 1641 3422 est,
1679 3359 1733 3413 iu
1767 3359 2051 3413 immorta-

470 3443 621 3499 litate
650 3445 737 3500 ilie
777 3456 901 3501 aute
930 3446 1102 3520 legem
1132 3456 1186 3501 ει
1231 3448 1331 3502 sub
1358 3448 1494 3518 iege.
1525 3446 1704 3503 Tertia
1750 3449 1834 3503 die
1873 3464 2051 3503 resur-

473 3537 630 3601 rexit,
662 3537 714 3592 id
758 3546 861 3602 est,
903 3541 1000 3594 sui)
1025 3541 1218 3609 gratia,
1248 3541 1300 3595 in
1351 3556 1429 3604 re,
1458 3549 1716 3611 quantum
1762 3541 1825 3595 ad
1868 3551 2051 3610 caput,

472 3627 524 3684 id
574 3637 675 3694 εει,
711 3629 1020 3696 Christum;
1061 3631 1115 3684 in
1174 3644 1267 3702 spe
1313 3645 1466 3695 vero,
1512 3639 1773 3699 quantum
1819 3631 1887 3684 ad
1938 3629 2054 3699 ejus

470 3719 736 3775 membra.
777 3719 962 3775 Potest
995 3730 1049 3776 et
1096 3721 1175 3775 sic
1211 3720 1517 3774 continuari
1554 3732 1612 3776 et
1651 3722 1775 3776 diei.
1835 3721 1902 3775 Et
1942 3714 2051 3775 vita

470 3809 676 3864 scilicet
706 3820 905 3864 arterua
935 3811 1046 3866 sola
1077 3812 1182 3865 vita
1211 3811 1327 3866 sine
1356 3820 1528 3864 morte
1548 3812 1601 3865 in
1630 3810 1889 3865 voluntate
1912 3810 2049 3880 ejus.

470 3900 539 3955 Et
573 3910 751 3956 tamen
781 3918 1086 3973 quanquam
1117 3903 1281 3956 vitam
1314 3900 1558 3957 habeatis
1581 3902 1630 3955 in
1662 3918 1756 3971 spe
1784 3903 1853 3956 ad
1880 3918 2053 3972 respe-
2092 3894 2099 3903 ⁷

469 4010 586 4047 rum
636 3994 993 4048 demorabitur
1027 3997 1201 4064 ﬂetus,
1236 3995 1289 4049 id
1340 4002 1444 4059 est,
1492 4003 1598 4049 tota
1644 3995 1744 4049 hac
1803 3993 2049 4064 prtescnti

465 4085 575 4138 vita
613 4100 768 4154 plena
804 4086 1008 4154 peccati
1040 4086 1092 4139 in
1129 4086 1282 4140 vobis
1309 4087 1563 4141 manebit.
1595 4085 1757 4153 Quasi
1783 4086 1953 4140 dicat:
1985 4084 2052 4139 Et

471 4178 609 4230 unde
653 4177 739 4233 ille
780 4176 975 4232 fictus?
1004 4178 1081 4232 Ex
1113 4177 1287 4248 culpa.
1341 4176 1507 4242 Dixit,
1540 4178 1711 4232 Adam
1748 4184 1963 4231 creatus
1996 4184 2051 4229 et

468 4268 673 4336 positus
695 4269 747 4322 in
778 4268 1100 4321 abundantia
1125 4276 1179 4322 et
1208 4267 1537 4337 plenitudine
1560 4266 1840 4330 virtutum,
1863 4265 2051 4320 cendi-

468 4358 612 4412 tiene
643 4366 818 4412 tamen
854 4358 1006 4423 dixit,
1055 4359 1106 4413 id
1150 4366 1254 4422 est,
1294 4356 1569 4429 cogitavit.
1620 4355 1683 4411 lu
1727 4354 2049 4409 abundantia

465 4456 578 4504 mea
609 4451 815 4506 scilicet
861 4451 1088 4520 positus,
1123 4465 1285 4520 quam
1319 4464 1415 4519 per
1441 4464 1529 4503 me
1554 4446 1764 4501 “habere
1801 4460 2047 4514 possum,

467 4555 569 4594 non
602 4541 843 4594 mevebo'r
871 4540 939 4594 ab
964 4555 1026 4595 ea
1066 4542 1120 4595 in
1166 4548 1441 4605 telernttm,
1466 4547 1523 4593 et
1546 4553 1614 4593 ex
1639 4537 1741 4592 hac
1779 4550 2042 4606 praesum-

465 4628 647 4696 ptione
686 4629 883 4683 cecidit
911 4630 979 4683 ab
1013 4630 1099 4684 illa
1130 4629 1478 4699 perfectione,
1511 4628 1684 4684 factus
1728 4625 1969 4682 mortalis
1993 4632 2048 4680 et

463 4718 750 4787 passibills.
788 4718 900 4789 Ego
931 4730 1121 4785 autem,
1153 4721 1357 4777 scilicet
1386 4720 1694 4776 Dominicus
1730 4718 1889 4773 homo
1911 4732 2045 4789 prae-

462 4818 656 4864 ventus
682 4809 736 4864 in
762 4810 1245 4878 benedictionibus,
1280 4813 1424 4868 solus
1453 4811 1729 4866 hominum
1762 4827 1789 4864 a
1826 4820 2046 4880 peccato

444 4898 717 4956 immunis
747 4902 969 4958 veniens
995 4904 1049 4959 in
1076 4905 1356 4969 mundum,
1389 4913 1447 4957 ut
1471 4904 1539 4957 ab
1578 4903 1678 4956 hac
1703 4901 1918 4956 miseria
1949 4902 2045 4955 ho-

462 4991 635 5047 mines
663 4993 968 5058 educerem,
1004 4995 1118 5049 dixi
1146 4996 1201 5050 in
1232 5011 1344 5049 mea
1389 4993 1735 5057 abundantia,
1756 4992 1962 5046 scilicet
1992 4993 2042 5046 in

378 5090 387 5099 ‘
460 5082 790 5152 plenitudine
836 5086 1062 5139 rationis
1112 5100 1278 5139 meae:
1339 5100 1442 5136 non
1485 5083 1726 5138 movebar
1771 5081 1974 5137 scilicet
2011 5097 2041 5135 a

461 5172 733 5228 voluntate
759 5175 968 5228 Domini
1014 5173 1134 5227 uilis
1165 5172 1552 5229 tentationibus
1594 5172 1679 5227 vel
1705 5171 2043 5243 passionibus

459 5262 513 5313 iu
548 5273 820 5325 aeternum,
845 5262 1020 5316 ethoc
1046 5277 1151 5316 non
1182 5278 1246 5316 ex
1268 5277 1376 5326 me,
1409 5262 1502 5316 sed
1532 5270 1584 5316 tu
1616 5260 1908 5332 prwstitisti
1936 5261 2041 5316 vir-

461 5360 644 5415 tutem,
674 5352 849 5417 id'est,
876 5351 1233 5407 constantiam
1262 5350 1439 5405 decori
1463 5367 1594 5418 meo,
1623 5352 1677 5406 id
1699 5359 1804 5416 est,
1840 5351 2041 5406 immu-

465 5439 617 5478 ν’·ωῖ
680 5455 812 5494 mete
863 5442 950 5496 vel
1005 5442 1375 5496 rationalitati.
1447 5441 1514 5496 Et
1571 5452 1749 5497 tamen
1813 5442 2044 5498 auertisti

1077 5531 1127 5542 ’“
1174 5541 1276 5584 ME
1319 5532 1519 5582 videris
1566 5536 1845 5590 avertisse.
1873 5550 2048 5586 (Illan—

2137 611 2315 669 brevis
2344 616 2602 686 vindicta,
2629 622 2710 677 ira
2749 620 2892 678 enim
2934 623 3085 680 furor
3125 626 3304 683 brevis
3332 637 3433 682 est.
3465 628 3537 683 In
3578 630 3723 683 ἱκεσία

2136 706 2379 773 gnatione
2435 709 2571 779 ejus,
2607 710 2660 766 id
2705 721 2809 779 est,
2857 714 2911 769 in
2957 715 3113 784 culpa
3156 725 3334 771 vestra
3371 731 3481 787 qua
3524 718 3727 793 merito

2139 797 2444 867 indignatus
2492 811 2576 858 est
2620 803 2900 871 Dominus,
2957 808 3161 864 scilicet
3208 810 3491 880 temporali
3550 802 3757 865 morte

2138 888 2374 946 selvistis
2399 892 2649 948 delictum
2676 914 2688 949 :
2719 896 2827 951 vita
2850 905 3027 953 autem
3049 909 3249 954 :eterna
3272 915 3378 955 non
3399 915 3468 954 ex
3501 900 3724 963 merito,

2137 981 2261 1050 quia
2289 983 2481 1041 cadere
2524 1000 2621 1055 per
2656 1002 2754 1042 nos
2777 988 3072 1057 potuimus,
3101 990 3194 1045 sed
3234 1003 3332 1060 per
3356 1006 3457 1046 nos
3501 1004 3730 1061 surgere

2140 1087 2246 1127 non
2285 1075 2578 1142 potuimus,
2618 1076 2712 1132 sed
2758 1092 2824 1132 ex
2872 1078 3134 1134 voluntate
3181 1080 3316 1150 ejus,
3362 1080 3414 1135 id
3455 1089 3568 1146 εει,
3614 1079 3729 1135 sola

2142 1163 2533 1220 misericordia.
2569 1165 2637 1221 Et
2678 1166 2796 1221 ideo
2828 1166 3051 1237 psallite,
3081 1169 3206 1241 quia
3244 1170 3314 1223 ad
3358 1186 3650 1240 resperum,
3676 1169 3731 1223 id

2141 1263 2241 1318 est,
2271 1270 2441 1324 usque
2470 1256 2535 1309 ad
2567 1256 2726 1313 tinem
2757 1258 2919 1328 hujus
2941 1260 3068 1313 vitae
3096 1275 3218 1329 qua:
3256 1274 3513 1316 occasum
3541 1260 3728 1325 habet,

2141 1344 2494 1400 demorabitur
2522 1348 2695 1418 fletus,
2726 1349 2932 1406 scilicet
2954 1351 3296 1407 mortalitatis
3319 1359 3372 1406 et
3395 1350 3730 1420 passibilita-

2142 1438 2233 1492 tis.
2276 1439 2341 1493 Et
2365 1438 2545 1495 lwtitia
2574 1441 2782 1498 scilicet
2826 1442 3239 1498 resurrectionis
3261 1452 3315 1498 et
3344 1441 3729 1498 immortalita-

2143 1534 2233 1599 tis,
2288 1535 2338 1590 id
2383 1545 2485 1602 est,
2518 1552 2624 1592 non
2669 1538 2999 1609 temporalis,
3037 1534 3129 1595 sed
3179 1540 3249 1593 ad
3302 1540 3646 1602 matutinum,
3681 1537 3731 1592 id

2140 1638 2244 1692 cst,
2274 1628 2339 1681 ad
2370 1626 2540 1684 lucem
2563 1628 2707 1683 illam
2736 1644 2854 1699 qua:
2885 1645 3156 1701 nunquam
3186 1629 3421 1694 deﬁciet,
3448 1646 3571 1683 cum
3595 1645 3733 1682 mar.

2144 1716 2247 1771 tale
2267 1717 2562 1773 hocinduet
2578 1718 3047 1783 immortalitatem,
3075 1720 3281 1774 scilicet
3306 1721 3356 1773 iu
3382 1733 3729 1774 communem

2138 1813 2591 1883 resurrectionem
2630 1828 2751 1868 cum
2784 1812 3061 1868 dedicatur
3098 1813 3309 1878 domus,
3340 1814 3451 1876 fiet,
3493 1826 3621 1867 cum
3650 1810 3732 1864 in-

2150 1902 2377 1958 duenmr
2417 1905 2551 1959 stola
2601 1905 2854 1960 secunda.
2903 1904 3069 1972 Quasi
3104 1905 3278 1959 dicat:
3324 1904 3389 1958 Et
3424 1904 3516 1959 ille
3554 1905 3730 1974 ﬂetus,

2149 2007 2255 2045 non
2297 2007 2363 2047 cx
2406 1993 2660 2063 iniustitia
2702 1994 2919 2066 judicis,
2963 1994 3055 2049 sed
3094 2010 3157 2049 ex
3209 1994 3407 2049 merito
3453 2007 3599 2048 meo.
3633 1991 3733 2048 Hie

2149 2083 2397 2139 Christus
2442 2084 2681 2156 loquitur
2718 2086 2771 2142 in
2818 2101 3044 2155 persona
3087 2086 3289 2141 veteris
3331 2084 3575 2140 hominis
3600 2104 3615 2138 :
3642 2083 3730 2153 qui

2148 2174 2290 2229 enim
2320 2176 2567 2248 dignatus
2594 2187 2675 2234 est
2701 2192 2916 2232 sumere
2939 2178 3306 2234 infirmitatem
3334 2186 3603 2241 nostram,
3626 2190 3728 2231 non

2150 2268 2468 2340 dedignatur
2509 2284 2721 2325 sumere
2791 2284 2978 2324 vocem
3033 2279 3293 2324 nostram.
3356 2266 3471 2339 Ege
3528 2274 3728 2329 autem,

2149 2357 2311 2425 Quasi
2358 2360 2518 2422 dicat,
2550 2359 2693 2414 illam
2725 2359 2858 2414 iram
2889 2359 3182 2431 promerui,
3210 2358 3335 2429 quia
3374 2359 3507 2419 dixi,
3544 2357 3598 2412 id
3626 2366 3729 2418 est,

2150 2449 2206 2503 in
2236 2449 2558 2503 abundantia
2592 2466 2705 2503 mea
2740 2466 2753 2502 :
2809 2466 2912 2503 non
2948 2450 3189 2503 movebar
3228 2447 3284 2502 in
3321 2456 3598 2509 ceterarum,
3630 2462 3730 2499 non

2150 2538 2389 2592 merebor
2411 2540 2477 2593 ab
2509 2540 2608 2594 hac
2653 2539 2995 2593 abundantia.
3026 2536 3142 2592 Non
3185 2537 3432 2593 ebediam
3462 2543 3727 2607 prmcepto

2151 2629 2411 2692 auctoris,
2460 2629 2730 2685 dicentis:
2781 2628 2849 2683 In
2904 2645 3213 2701 quacunque
3265 2628 3352 2682 die
3404 2622 3731 2682 comederitis

2150 2733 2313 2776 morte
2362 2722 2702 2787 moriemini,
2769 2720 2861 2777 sed
2915 2713 3248 2776 consentiam
3297 2720 3417 2774 voci
3464 2719 3729 2789 serpentis

2150 2812 2461 2870 suadentis:
2488 2812 2651 2868 Erilis
2681 2812 2811 2867 sicut
2833 2812 2908 2867 dii
2936 2812 2954 2883 (
2972 2810 3100 2866 Gen.
3131 2811 3248 2880 Ill).
3294 2809 3400 2865 Ero
3435 2808 3601 2867 Deus.
3641 2823 3729 2863 ero

2150 2906 2493 2962 immortalis.
2545 2903 2672 2969 Sed,
2713 2918 2747 2960 ο
2789 2903 3030 2969 Domine,
3060 2901 3347 2974 pra’stttisti
3390 2901 3572 2955 decori
3598 2916 3728 2964 meo,

2152 2998 2203 3054 id
2237 3008 2339 3065 est,
2377 2997 2508 3052 mihi
2542 2997 2736 3052 decoro
2760 2995 3024 3061 uirtutem,
3058 2994 3111 3073 id
3141 3002 3244 3059 est,
3275 2993 3657 3049 constamiam.
3679 2991 3730 3043 in

2153 3088 2412 3143 uoluntate
2443 3098 2555 3153 tua,
2586 3102 2690 3143 non
2718 3086 2771 3140 in
2808 3086 3001 3141 merito
3025 3101 3147 3140 meo
3179 3099 3194 3138 :
3233 3084 3375 3154 quod
3413 3081 3729 3137 immortalis

2153 3178 2227 3234 fui
2265 3194 2361 3250 per
2409 3187 2458 3234 te
2508 3177 2704 3243 habui;
2734 3177 2874 3246 quod
2929 3192 2995 3232 ex
3041 3176 3144 3231 hoc
3188 3173 3449 3239 intellexi,
3495 3171 3730 3228 Διειτιὶᾱί

2158 3270 2344 3339 faciem
2379 3280 2524 3324 tuam
2568 3287 2599 3323 a
2627 3285 2728 3333 me,
2761 3268 2813 3322 id
2856 3276 2960 3332 est,
2997 3266 3317 3322 subtraxisti
3341 3265 3473 3323 mihi
3518 3279 3727 3318 manum

2155 3370 2324 3426 tuam,
2352 3369 2400 3415 et
2429 3360 2599 3430 factus
2622 3375 2740 3414 sum
2764 3358 3123 3422 conturbatus,
3151 3358 3203 3412 id
3232 3366 3343 3423 est,
3370 3355 3639 3410 mortalis.
3670 3353 3732 3407 Et

2155 3449 2280 3519 quia
2309 3449 2483 3519 factus
2511 3465 2627 3505 sum
2662 3448 3000 3503 conturbatus
3024 3462 3124 3518 ego
3144 3446 3336 3512 Adam,
3372 3454 3647 3516 quantum
3666 3442 3728 3496 ad

2152 3540 2442 3594 humanam
2491 3549 2737 3594 naturam
2779 3552 2940 3608 quam
2987 3538 3233 3607 suscepi:
3273 3538 3330 3590 in
3371 3536 3546 3590 Adam
3594 3534 3739 3589 enim

2151 3647 2327 3686 omnes
2353 3630 2653 3685 moriuntur
2703 3627 2754 3699 (1
2785 3625 2907 3684 Cor.
2934 3627 3047 3700 xv).
3072 3627 3182 3698 Ego
3208 3627 3465 3681 immunis
3491 3641 3522 3679 a
3548 3638 3733 3696 pecca-

2154 3732 2234 3787 to,
2256 3721 2321 3776 ad
2352 3721 2454 3776 hoc
2481 3720 2682 3776 missus
2704 3728 2762 3774 ut
2787 3719 2981 3776 faciam
3009 3718 3365 3783 voluntatem,
3392 3725 3451 3771 ut
3471 3732 3569 3772 eos
3599 3715 3731 3770 redi~

2151 3826 2323 3866 mam.
2359 3812 2440 3865 Ad
2491 3822 2563 3878 te,
2618 3810 2865 3877 Domine,
2902 3809 3160 3875 clamabo,
3210 3809 3262 3864 id
3312 3817 3418 3871 εει,
3464 3806 3633 3862 libera
3679 3814 3739 3863 et

2149 3902 2326 3957 valida
2380 3902 2675 3960 intentione
2721 3900 2888 3957 orabo
2938 3914 3036 3970 pro
3096 3912 3202 3964 me,
3255 3906 3316 3952 ut
3371 3910 3652 3965 resurgam
3686 3908 3727 3947 ,ε

2151 4002 2341 4049 morte.
2366 3988 2434 4046 Et
2457 3992 2526 4046 ad
2559 3991 2722 4046 Deum
2742 4006 2912 4046 meum
2950 3987 3265 4059 deprecabor
3291 4001 3389 4057 pro
3414 3986 3652 4056 peccatis
3678 3991 3731 4037 et

2151 4082 2481 4138 mortalitate
2521 4095 2788 4146 meorum,
2838 4078 3044 4135 scilicet
3089 4078 3310 4132 dicens:
3347 4074 3480 4141 Qua:
3532 4073 3729 4128 utilitas

2148 4172 2204 4225 iu
2233 4170 2485 4240 sanguine
2507 4186 2640 4233 meo,
2668 4168 2720 4223 id
2748 4176 2852 4233 εει,
2882 4166 2935 4220 in
2961 4173 3138 4220 morte
3160 4178 3301 4227 mea,
3327 4162 3456 4215 dum
3478 4159 3733 4215 descendo

2148 4259 2204 4314 in
2231 4262 2615 4330 corruptionem
2641 4258 2668 4311 Ρ
2706 4257 2758 4310 id
2793 4265 2895 4319 est,
2933 4256 2979 4310 si
3031 4260 3311 4324 putrescat
3350 4265 3480 4307 care
3518 4263 3635 4303 mea
3678 4256 3733 4301 et

2148 4366 2259 4407 non
2310 4350 2590 4422 resurgat?
2642 4347 2781 4415 Quid
2835 4348 3075 4417 proderit
3133 4360 3278 4401 mers
3326 4359 3480 4408 mea,
3532 4342 3577 4397 si
3629 4355 3729 4396 non

2148 4451 2408 4512 sequatur
2458 4438 2786 4495 resurrectio
2836 4437 2997 4492 mea?
3045 4434 3191 4490 Nihil
3223 4434 3367 4490 enim
3411 4434 3569 4488 nobis
3598 4431 3726 4487 mori

2148 4531 2372 4605 prefuit,
2395 4530 2496 4586 nisi
2522 4530 2711 4585 redimi
2742 4526 3051 4599 profuisset.
3080 4523 3335 4587 Nunquid
3359 4524 3403 4579 si
3427 4538 3533 4580 non
3559 4535 3729 4576 resur—

2152 4637 2365 4689 resere,
2406 4621 2734 4690 conﬁtebitur
2770 4620 2862 4674 tibi
2910 4617 3098 4688 pulvis,
3147 4617 3200 4672 id
3239 4624 3343 4681 est,
3395 4613 3637 4669 laudabit
3680 4621 3729 4666 te

2152 4713 2367 4784 gentilis
2408 4711 2634 4782 populus
2668 4709 2979 4780 redemptus
3010 4723 3107 4778 per
3145 4707 3276 4761 me?
3316 4705 3418 4773 Qui
3460 4704 3612 4775 prius
3636 4700 3729 4757 fuit

2150 4804 2343 4876 pulvis,
2372 4804 2550 4866 idest,
2574 4802 2688 4855 sine
2715 4800 2887 4855 imbre
2909 4797 3058 4853 verbi
3094 4796 3209 4862 Dei,
3248 4794 3479 4860 solutus,
3501 4792 3727 4864 agitatus

2151 4895 2293 4949 omni
2343 4902 2490 4947 vento
2531 4892 2786 4946 doctrina:
2838 4899 2894 4944 et
2952 4902 3219 4949 errorum,
3276 4894 3331 4942 et
3384 4899 3493 4939 non
3551 4881 3726 4935 valens

2150 4983 2404 5038 resistere
2450 4990 2607 5036 vente
2654 4978 2921 5035 elationis.
2972 4978 3080 5030 Aut
3121 4973 3363 5047 nunquid
3401 4968 3725 5026 annuntiabit

2150 5072 2344 5143 aliquis
2377 5070 2585 5127 scilicet
2607 5069 2930 5141 praedicator
2957 5066 3031 5122 illi
3054 5064 3261 5137 pulveri
3288 5064 3557 5119 veritatem
3585 5070 3724 5114 tuam

2148 5181 2268 5236 quae
2300 5163 2568 5235 promissa
2586 5160 2688 5215 iuit
2714 5161 2768 5215 in
2791 5157 3065 5229 prophetis
3095 5153 3411 5225 complenda
3433 5166 3530 5221 per
3556 5165 3661 5214 me,
3682 5148 3725 5202 si

2149 5273 2255 5313 non
2293 5242 2677 5311 resurrexerol
2732 5249 2936 5306 Nullus.
2974 5247 3185 5302 Aliter:
3226 5242 3482 5314 Nunquid
3517 5240 3726 5309 conﬁte-

2149 5347 2288 5401 bitur
2313 5346 2505 5415 pulvis,
2542 5345 2595 5399 id
2624 5351 2729 5408 εει,
2775 5338 3008 5411 nunquid
3037 5336 3433 5393 confessionem
3478 5339 3720 5403 peccate-

2151 5451 2267 5490 rutn
2303 5434 2396 5489 tibi
2427 5434 2587 5488 faciet
2634 5439 2901 5497 mortuus,
2931 5437 2991 5484 ut
3018 5428 3344 5498 resipiscat?
3374 5425 3483 5479 Aut
3525 5435 3721 5477 annuu-

2149 5527 2295 5581 tiabit
2325 5525 2530 5576 scilicet
2561 5523 2728 5568 multis
2757 5521 2982 5574 nulveci.
3013 5519 3067 5568 id
3096 5528 3202 5568 est.
3233 5524 3475 5571 mortuus
3502 5507 3731 5564 mortuis
