3978 6404
508 441 613 498 291

1149 427 1405 492 ιιΕιιιιςιι
1442 426 2079 491 ΑΝΤΙΞΞΙΟυΟΙὶΕΝΒΙΕ

2184 429 2285 485 PP.
2326 427 2527 485 PARS.
2567 430 2606 485 l.
2639 460 2707 470 -—
2735 428 3143 488 EXEGETICA.

3672 428 3779 489 232

507 558 671 615 nione
723 549 805 609 vel
860 551 1067 609 ratione
1107 550 1367 608 discernit
1399 569 1412 605 :
1449 565 1571 605 cum
1599 557 1778 603 autem
1825 561 1885 603 se
1929 545 2090 627 erigit
2116 549 2164 609 Α
2192 545 2567 612 aeternitatem,
2599 547 2687 601 vix
2709 546 2908 617 aliquid
2939 546 3095 618 spatii
3133 546 3332 603 habere
3352 546 3584 603 videtur.
3613 549 3780 617 Quasi

504 651 576 707 ad
608 648 940 705 intellectum
977 645 1068 717 qui
1095 645 1260 702 solius
1298 645 1390 700 Dei
1418 653 1521 709 est,
1547 642 1758 699 excedit
1781 656 1841 697 se
1882 641 2085 713 ipsam;

506 740 614 807 vel,
660 754 782 795 cum
814 736 1080 794 alienatur
1106 745 1162 792 et
1192 738 1437 792 turbatur
1460 734 1544 790 vel
1584 733 1723 788 ratio
1767 732 1852 788 vel
1899 747 2089 789 sensus

504 843 707 900 pavore
747 826 1083 883 inferiorum.
1115 824 1355 895 Uterque
1399 839 1654 881 excessus
1710 824 1763 878 in
1805 824 1908 879 hoc
1952 822 2091 892 psal-

505 935 595 975 mo
642 934 748 974 non
798 918 1092 988 incongrue
1123 917 1293 986 accipi
1327 924 1695 987 potestzcum
1741 914 1885 969 enim
1939 914 1994 968 in
2024 914 2089 968 ti-

507 1008 620 1065 tulo
669 1008 1014 1078 praemittitur
1065 1007 1337 1073 exstasis,
1396 1021 1656 1077 magnum
1710 1005 1838 1076 quia
1893 1015 1950 1060 et
2001 1005 2085 1060 di-

505 1101 689 1156 vinum
722 1116 821 1157 nos
862 1107 1178 1175 exspectare
1226 1106 1441 1165 monet,
1474 1091 1534 1153 ut
1568 1097 1849 1168 sequentia
1891 1096 2085 1168 psalmi

501 1194 821 1249 extendunt.

572 1281 691 1338 Non
735 1281 881 1338 enim
932 1290 1159 1354 possunt
1197 1280 1276 1336 sic
1319 1296 1442 1336 cum
1498 1280 1608 1335 Deo
1650 1279 1828 1349 loqui,
1865 1277 1968 1334 nisi
2011 1278 2086 1333 illi

498 1390 731 1445 quorum
778 1374 1118 1431 conversatio
1173 1372 1225 1427 in
1274 1371 1512 1432 Ecclesia
1561 1381 1664 1427 est.
1732 1372 1858 1441 Agit
1905 1380 2082 1426 autem

448 1463 461 1477 ’
500 1463 590 1520 hic
635 1464 876 1536 psalmus
924 1464 992 1520 de
1040 1463 1288 1533 passione
1341 1461 1541 1518 Christi
1580 1471 1657 1527 ,et
1708 1462 2083 1533 persecutione

501 1554 744 1626 corporis
770 1556 902 1622 .sui,
940 1553 992 1608 in
1039 1568 1148 1623 quo
1175 1568 1342 1624 pavor
1375 1552 1660 1622 accipitur,
1691 1567 1794 1606 non
1823 1560 2083 1622 quantum

496 1645 569 1701 ad
597 1645 871 1701 Christum
898 1645 987 1715 qui
1016 1646 1179 1699 etiam
1210 1645 1254 1699 si
1298 1645 1471 1700 solum
1511 1647 1671 1700 homo
1700 1652 1866 1709 esset,
1899 1651 2081 1700 tamen

498 1751 606 1793 non
651 1745 735 1792 est
776 1735 1031 1792 credibile
1067 1751 1189 1790 eum
1235 1735 1476 1791 timuisse
1519 1745 1770 1800 mortem,
1814 1736 1936 1790 cum
1972 1744 2083 1790 tam

498 1835 679 1882 certus
711 1836 856 1882 esset
904 1825 971 1881 de
1003 1826 1441 1880 resurrectione:
1470 1825 1579 1879 imo
1625 1822 1965 1880 essultanter
2013 1824 2082 1879 ad

2192 636 2375 690 dicat:
2407 636 2475 691 Et
2520 637 2634 693 scio
2663 638 2786 707 quia
2833 638 2941 693 cito
2970 653 3129 693 erues
3184 653 3272 692 me
3322 639 3388 693 de
3432 634 3587 696 fovea
3639 639 3785 699 illius

2190 716 2537 783 confusionis.
2568 727 2782 784 interim
2815 729 2941 783 dum
2990 730 3173 785 veniat
3203 738 3413 798 tempus
3458 732 3783 801 ereptionis,

2191 810 2317 872 Esto
2347 820 2473 872 mihi
2492 820 2545 874 in
2570 819 2735 874 Deum
2764 831 3125 891 protectorem,
3161 832 3213 877 tu
3254 822 3330 877 sis
3359 822 3578 894 clypens
3629 840 3785 883 meus

2189 916 2376 962 contra
2393 909 2569 976 jacnla
2593 909 2934 966 inimicorum
2966 913 3262 967 carnalium
3317 923 3372 968 et
3396 914 3782 984 spiritualium.

2189 996 2259 1051 Et
2286 1000 2341 1052 in
2366 998 2575 1054 domum
2604 1000 2811 1072 refugii,
2858 1003 2909 1057 id
2956 1012 3060 1070 est,
3097 1014 3206 1058 esto
3237 1005 3365 1059 mihi
3414 1005 3661 1077 placatus
3691 1023 3789 1078 per

2190 1092 2642 1160 misericordiam,
2681 1104 2738 1149 ut
2769 1089 2859 1165 qui
2886 1105 2936 1150 te
2960 1096 3155 1151 iratum
3185 1097 3293 1168 fugi
3329 1098 3395 1154 ad
3423 1107 3475 1154 te
3504 1099 3786 1170 placatum

2191 1182 2475 1256 refugium.
2527 1185 2602 1241 lta
2634 1197 2742 1241 esto
2778 1188 2833 1242 in
2876 1189 3090 1242 domum
3137 1189 3349 1260 refugii,
3380 1200 3437 1244 ut
3465 1189 3679 1246 saluum
3706 1209 3788 1248 me

2188 1276 2377 1346 facias,
2408 1293 2534 1347 quia
2562 1277 2807 1334 infirmus
2828 1294 2969 1346 sum,
3002 1294 3133 1348 sana
3164 1296 3251 1336 me
3278 1287 3338 1335 ιιι
3383 1280 3451 1336 ad
3496 1289 3549 1336 te
3577 1282 3787 1352 possim

2189 1371 2394 1427 venire.
2425 1370 2557 1425 Nam
2603 1366 2650 1426 si
2680 1386 2844 1427 sanus
2889 1387 2995 1428 non
3036 1372 3217 1438 fuero,
3265 1388 3369 1428 non
3412 1383 3602 1442 potero
3633 1373 3706 1427 ad
3736 1356 3809 1429 te.

2190 1459 2393 1531 fugere.
2415 1460 2540 1516 ideo
2567 1469 2623 1515 tu
2642 1470 2761 1517 esto
2782 1470 3078 1531 protector,
3094 1462 3341 1533 quoniam
3370 1472 3421 1517 tu
3444 1478 3504 1519 es
3522 1463 3788 1533 fortitudo

2187 1565 2321 1614 mea,
2350 1564 2472 1604 nam
2496 1564 2594 1622 ego
2610 1550 2741 1605 mihi
2768 1549 3084 1616 inﬁrmitas,
3111 1560 3160 1606 et
3183 1549 3304 1607 ideo
3332 1551 3627 1624 refugium,
3658 1553 3787 1622 quia

2186 1640 2447 1711 refugium
2473 1658 2648 1696 meum
2671 1658 2725 1697 es
2767 1653 2841 1705 tu,
2871 1658 2975 1699 non
2999 1644 3259 1714 potentia,
3296 1660 3404 1698 non
3428 1645 3655 1711 divitiae,
3683 1660 3787 1702 nec

2184 1733 2648 1813 quidquam‘aliud
2701 1734 2804 1789 nisi
2828 1742 2917 1813 (tu.
2951 1732 3141 1790 Merito
3173 1750 3296 1790 eum
3327 1742 3699 1813 protectorem
3730 1744 3787 1791 et

2186 1824 2446 1897 refugium
2480 1810 2834 1896 invocat,‘qui
2863 1827 2917 1881 in
2945 1825 3090 1883 nullo
3118 1827 3225 1883 alio
3245 1810 3674 1909 conliditsEt'tu
3694 1830 3788 1883 de-

494 1916 800 1988 passionem
835 1915 997 1972 ivisse
1023 1955 1037 1981 ,
1081 1924 1217 1970 teste
1262 1913 1597 1986 Augustino;
1648 1916 1774 1979 sed,
1822 1922 2080 1985 quantum
2116 1907 2157 1965 Β
2186 1916 2342 1970 duces
2364 1933 2464 1982 me,
2494 1917 2703 1973 scilicet
2731 1917 2797 1972 de
2820 1916 2973 1974 fovea
3004 1919 3231 1990 peccati,
3259 1931 3318 1975 ut
3367 1907 3580 1976 veniam
3634 1919 3706 1975 ad
3732 1928 3788 1976 te

495 2000 563 2061 ad
633 2007 749 2078 ejus
816 2007 1081 2061 membra.
1144 2003 1247 2072 Qui
1313 2005 1458 2059 enim
1531 2005 1783 2075 dignatus
1854 2006 1938 2059 est
1992 2020 2084 2059 su-

496 2113 644 2153 mere
700 2106 949 2152 naturam
1014 2107 1254 2152 nostram
1336 2111 1443 2150 non
1500 2095 1819 2166 dedignatus
1885 2104 1971 2151 est
2028 2096 2081 2151 in

495 2206 556 2248 se
585 2190 881 2247 transferre
929 2205 1180 2260 pavorem
1231 2198 1473 2244 nostrum
1497 2188 1652 2260 juxta
1700 2186 1861 2243 illud:
1894 2187 2080 2243 Tristis

492 2292 569 2338 est
616 2284 795 2338 anima
822 2299 936 2337 mea
982 2298 1142 2352 usque
1170 2282 1239 2335 ad
1277 2291 1494 2335 mortem
1533 2280 1759 2352 (Matth.
1810 2281 1984 2353 xxvi).
2016 2280 2084 2336 Et

493 2373 656 2431 Petro
693 2393 706 2429 :
739 2374 909 2430 Venio
935 2372 1160 2428 Romam
1192 2370 1386 2427 iterum
1415 2372 1679 2443 crnciligi.
1722 2371 1861 2440 Quid
1885 2373 2080 2427 mirum

490 2465 539 2521 si
576 2465 628 2520 in
680 2464 932 2534 passione
978 2462 1239 2517 Dominus
1271 2478 1377 2515 non
1428 2462 1642 2515 timuit?
1671 2460 1823 2516 Multi
1870 2462 1923 2515 in
1955 2476 2079 2517 cor-

492 2573 623 2628 pore
656 2571 755 2611 suo
783 2564 1011 2610 mortem
1045 2570 1150 2609 non
1198 2554 1523 2618 timuerunt,
1554 2552 1661 2608 imo
1687 2553 1933 2609 iactanter
1958 2568 2076 2607 eam

493 2658 887 2718 susceperunt,
933 2655 992 2701 ut
1038 2645 1229 2701 beatus
1264 2645 1509 2701 Andreas
1556 2647 1647 2716 qui
1677 2648 1944 2703 cantando
1972 2648 2083 2702 ibat

491 2741 561 2794 ad
587 2754 821 2795 crucem.
871 2734 1052 2792 Potuit
1092 2737 1195 2792 hoc
1225 2736 1396 2800 miles,
1426 2746 1480 2791 et
1510 2752 1614 2792 nou
1642 2737 1818 2809 potuit
1849 2738 2081 2809 impera-

496 2840 597 2888 tor.
627 2831 724 2887 Est
747 2839 926 2885 autem
951 2827 1099 2882 utilis
1123 2828 1221 2883 iste
1244 2843 1432 2897 pavor,
1456 2830 1583 2897 quia
1614 2825 1745 2882 facit
1768 2843 1865 2883 nos
1890 2828 2081 2883 timere

491 2923 560 2978 de
580 2931 786 2988 nostro,
819 2934 1040 2991 Sperare
1078 2928 1257 2974 autem
1282 2919 1346 2973 de
1388 2917 1480 2973 Dei
1499 2920 1671 2973 ‘dono.
1712 2919 1777 2973 Et
1805 2934 2082 2974 commen—

492 3014 654 3069 datur
683 3012 840 3067 nobis
878 3012 931 3065 in
976 3012 1079 3065 hoc
1132 3009 1337 3079 psalmo
1367 3010 1635 3080 praecipue
1679 3009 1917 3065 Charitas
1961 3026 2081 3081 qua:

492 3101 623 3157 facit
646 3115 961 3171 compagem
994 3116 1007 3152 :
1036 3112 1328 3168 compages
1361 3107 1542 3151 autem
1593 3099 1766 3153 tendit
1810 3099 1876 3153 ad
1908 3100 2081 3153 unita-

493 3206 625 3262 tem,
654 3194 833 3250 unitas
883 3208 1012 3248 vero
1057 3198 1238 3248 Servat
1268 3191 1621 3258 charitatem,
1669 3192 1907 3247 charitas
1934 3182 2081 3247 ducit

490 3287 561 3343 ad
588 3283 1051 3343 clariﬁcationem.

501 3378 615 3434 Vox
647 3379 831 3449 capitis
876 3374 1240 3447 transferentis
1283 3376 1339 3430 in
1387 3392 1442 3430 se
1483 3391 1653 3431 vocem
1702 3375 2072 3428 membrorum.

560 3470 629 3525 In
656 3480 725 3535 te,
758 3468 997 3533 Domine,
1024 3467 1245 3538 sperari,
1270 3483 1375 3522 non
1409 3466 1462 3520 in
1490 3466 1576 3521 me
1608 3466 1700 3537 qui
1736 3481 1804 3521 ex
1834 3480 1917 3519 me
1949 3464 2080 3519 nihil

489 3562 665 3618 habeo
711 3561 819 3627 nisi,
849 3575 1102 3631 pavorem
1132 3569 1187 3615 et
1218 3557 1604 3613 infirmitatem.
1657 3557 1713 3612 In
1753 3574 1841 3613 me
1868 3558 2077 3625 delicio,

487 3655 583 3711 sed
612 3654 667 3709 in
695 3662 746 3708 te
778 3649 1035 3722 proficio:
1074 3642 1192 3705 ideo
1223 3666 1327 3703 non
1372 3648 1671 3719 confundor
1696 3648 1750 3703 in
1802 3656 2077 3716 wternnm,

488 3748 620 3818 quia
667 3744 1032 3815 temporaliter
1084 3741 1399 3812 confundor,
1432 3759 1535 3797 non
1570 3741 1712 3797 enim
1752 3741 1909 3795 aliter
1937 3743 1990 3796 in
2028 3752 2079 3797 te

488 3854 792 3913 sperarem:
808 3825 1659 3907 Tcmporaliterconfunditltqqui
1678 3834 1945 3905 praeterita
1960 3850 2079 3905 pec-

489 3938 611 3986 cata
634 3929 928 3999 respiciens
952 3926 1242 3991 horrescit,
1291 3925 1607 3979 horrescens
1635 3924 1925 3988 erubescit,
1955 3938 2078 3977 eru-

490 4023 718 4079 bescens
737 4002 979 4087 corrigit.
1000 4012 1152 4072 Unde
1174 4015 1455 4086 Apostolus
1481 4033 1495 4070 :
1521 4014 1686 4080 Quem
1708 4028 1826 4085 ergo
1849 4015 2075 4084 fructum

486 4114 744 4170 habuistis
769 4122 894 4166 tunc
917 4111 971 4164 in
997 4108 1105 4164 illis
1130 4109 1183 4161 in
1204 4108 1390 4179 quibus
1412 4124 1548 4162 nunc
1575 4104 1874 4161 erubescitis
1900 4104 2070 4179 (Rom.

491 4207 590 4276 vn)
610 4206 633 4260 ἲ
659 4204 803 4259 llliin
818 4212 1066 4258 teternum
1095 4198 1492 4256 confunduntur
1514 4198 1602 4268 qui
1620 4200 1835 4269 peccata
1864 4214 1957 4253 sua
1981 4198 2073 4253 Dei

480 4296 690 4366 judicio
705 4302 1003 4351 reservant.
1035 4289 1290 4347 Lonfusio
1314 4290 1510 4345 dicitur
1536 4299 1899 4360 peccatorum,
1947 4289 2072 4359 quia

486 4388 649 4445 simul
669 4388 834 4443 multa
862 4384 1248 4455 conglobantur
1273 4391 1328 4437 et
1348 4389 1474 4435 ante
1502 4380 1684 4434 oculos
1709 4380 1981 4451 peccantis
2007 4381 2072 4435 ad

489 4480 917 4536 erubescentiam
970 4481 1259 4547 ponuntur.
1304 4471 1373 4527 In
1428 4482 1477 4525 te
1503 4469 1688 4540 jndicii
1731 4471 1837 4526 erit
1870 4479 1939 4525 tet
1976 4486 2069 4523 rna

487 4571 884 4635 erubescentia,
906 4568 1031 4639 quia
1056 4566 1402 4621 infructuosa.
1427 4563 1519 4618 Va:
1548 4562 1725 4618 nobis!
1756 4558 1895 4628 Quid
1924 4562 2068 4616 nobis

487 4663 687 4736 profuit
726 4660 1035 4733 jactantia?
1080 4658 1219 4726 Quid
1267 4656 1573 4712 divitiarum
1621 4653 1908 4726 superbia?
1937 4650 2077 4709 Ecce

491 4756 669 4811 omnia
698 4754 1017 4809 transierunt
1046 4748 1194 4822 (Sap.
1222 4750 1298 4821 v).
1324 4750 1410 4814 Et,
1433 4757 1493 4803 ut
1519 4748 1599 4803 sic
1625 4763 1730 4802 non
1759 4742 2075 4816 confundor,

490 4848 549 4902 in
582 4857 672 4900 tua
693 4845 901 4916 justitia
923 4833 1084 4898 libera
1110 4858 1190 4896 me
1209 4841 1277 4896 ab
1306 4828 1393 4895 illa
1416 4830 1750 4904 cenfusione,
1778 4834 1996 4893 destrue
2024 4836 2077 4891 in

491 4955 580 4996 me
603 4954 777 4996 meam
794 4937 1063 5007 justitiam
1087 4945 1143 4991 et
1170 4935 1438 4990 constitue
1487 4942 1629 4988 tuam
1681 4932 1821 5003 (mea
1866 4930 2079 5001 jnstitia

490 5041 574 5089 est
603 5029 802 5086 malum
830 5044 929 5101 pro
948 5027 1090 5083 malo
1122 5027 1366 5081 reddere.
1397 5023 1477 5078 Tu
1500 5033 1677 5078 autem
1711 5022 1857 5077 solus
1878 5019 2080 5090 justus)

485 5138 655 5195 quam
677 5122 823 5178 circa
844 5136 942 5175 nos
962 5119 1269 5181 ostendisti,
1302 5117 1532 5201 reddens
1561 5115 1757 5169 bonum
1788 5128 1886 5181 pro
1911 5110 2075 5178 malo,

487 5231 596 5286 qua
625 5213 694 5269 de
716 5213 880 5283 impio
909 5211 1043 5266 lacis
1078 5211 1248 5280 pium.
1278 5209 1342 5264 de
1369 5206 1571 5262 infideli
1603 5205 1834 5269 fidelem,
1859 5204 1922 5261 de
1954 5203 2078 5274 lupo

484 5322 710 5378 agnum.
746 5306 812 5360 Et
835 5314 892 5359 ut
938 5305 1153 5368 liberes,
1188 5301 1383 5355 inclina
1409 5301 1477 5357 ad
1508 5316 1589 5355 me
1615 5315 1794 5354 aurem
1829 5310 1998 5365 tuam,
2026 5298 2078 5353 id

486 5408 594 5462 est,
629 5396 856 5467 dispone
880 5396 1025 5452 circa
1052 5409 1140 5450 me
1169 5392 1616 5458 misericordiam,
1657 5392 1722 5447 ad
1768 5378 2077 5447 similitudi-

493 5504 641 5554 nem,
669 5498 729 5544 ut
765 5487 1007 5544 medicus
1035 5494 1256 5557 aegroto.
1280 5476 1523 5538 Accelera
1571 5494 1626 5538 ut
1665 5500 1843 5549 eruas,
1875 5482 2080 5539 scilicet

486 5596 572 5636 me
594 5582 663 5637 ab
682 5580 773 5636 illa
796 5580 1130 5637 confusione.
1160 5577 1272 5633 Hoc
1303 5593 1406 5632 non
1434 5577 1553 5633 ideo
1569 5576 1721 5641 dicit,
1748 5584 1805 5629 ut
1827 5576 2078 5645 precibus

494 5671 745 5741 impetret
769 5671 931 5725 citius
948 5668 1084 5735 fieri,
1109 5671 1232 5741 quia
1257 5669 1385 5726 illud
1411 5668 1742 5724 immutabile
1765 5677 1872 5733 est,
1895 5667 1987 5722 sed
2009 5666 2076 5722 ad

490 5760 915 5816 consolationem
928 5761 1162 5816 ostendit
1178 5761 1285 5816 cito
1304 5760 1539 5816 futuram
1556 5760 1699 5814 illam
1720 5744 2073 5828 ereptionem,

492 5852 703 5907 scilicet
750 5842 899 5905 fitilla
936 5850 1036 5907 hac
1067 5852 1348 5923 temporali
1394 5852 1502 5908 vita
1529 5868 1669 5922 qum,
1714 5859 1973 5920 quantum
2005 5847 2073 5902 ad

2187 2007 2256 2061 de
2280 2008 2476 2063 virtute
2512 2008 2565 2063 in
2607 2009 2880 2073 virtutem,
2926 2019 3137 2080 propter
3166 2026 3350 2064 nomen
3376 2020 3525 2064 tuum
3575 2010 3784 2082 glorifi-

2186 2102 2414 2156 candmn
2444 2101 2495 2155 in
2521 2116 2631 2167 me,
2672 2117 2774 2156 non
2799 2103 2992 2157 merito
3015 2118 3154 2158 meo.
3182 2102 3274 2168 Et,
3314 2110 3374 2158 ut
3402 2104 3624 2169 educas,
3655 2120 3788 2158 enu—

2187 2192 2311 2247 tries
2332 2209 2432 2256 me,
2460 2192 2512 2247 id
2542 2202 2647 2258 est,
2678 2193 2999 2264 sapientiam
3039 2202 3181 2248 tuam
3213 2192 3516 2249 infirmitati
3549 2209 3688 2249 mem
3710 2195 3790 2249 in-

2187 2284 2730 2356 eomprehensibilem
2762 2284 2828 2339 ad
2860 2287 3215 2356 capacitatem
3267 2301 3440 2341 meam
3474 2286 3781 2344 inclinabis.

2186 2371 2342 2430 Sicut
2388 2382 2561 2429 mater
2608 2376 2852 2430 eamdem
2881 2388 3062 2431 escam
3117 2375 3270 2446 cnjns
3320 2375 3598 2432 sumenda:
3649 2391 3789 2447 puer

2184 2466 2410 2521 idoneus
2435 2481 2540 2520 non
2572 2473 2659 2522 est
2706 2479 2807 2545 (per
2854 2481 3072 2547 carnem
3117 2466 3339 2537 trajicit,
3390 2477 3444 2524 et
3482 2467 3568 2523 lac
3612 2484 3786 2538 puero

2184 2561 2415 2628 prmbet,
2455 2559 2535 2614 sic
2560 2559 2840 2625 Dominus,
2881 2561 3199 2630 sapientiam
3221 2576 3376 2616 suam
3400 2570 3460 2615 ut
3500 2561 3585 2616 lac
3628 2562 3787 2617 nobis

2182 2650 2408 2715 faceret,
2439 2665 2602 2706 carne
2644 2651 2862 2707 indutus
2888 2652 3035 2706 venit
3065 2652 3132 2707 ad
3161 2668 3289 2719 nos,
3323 2660 3377 2707 et
3409 2653 3489 2708 sic
3525 2668 3627 2708 nos
3653 2654 3789 2709 edu-

2185 2746 2268 2793 tos
2303 2736 2369 2793 de
2394 2739 2547 2794 fovea
2595 2740 2803 2810 peccati
2848 2740 2996 2795 velut
3024 2741 3276 2810 parvulos
3329 2742 3396 2797 de
3441 2752 3597 2827 utero
3644 2758 3785 2798 enu-

2191 2832 2360 2887 trivit.
2388 2831 2595 2887 Ednces
2626 2851 2704 2888 me
2728 2834 2891 2889 etiam
2918 2835 2981 2889 de
2994 2835 3179 2908 laqueo
3199 2837 3297 2891 hoc
3320 2853 3469 2908 quem
3496 2838 3787 2893 absconde-

2183 2934 2306 2979 runt
2330 2926 2477 2979 mihi.
2507 2926 2642 2994 Quia
2674 2927 2927 2997 parvulus
2972 2945 3113 2993 sum,
3147 2945 3213 2984 ne
3235 2929 3494 3012 decipiag,
3523 2930 3787 2987 liberabis

2186 3017 2374 3099 me‘ab
2406 3018 2615 3074 insidiis
2657 3019 2859 3075 inimici
2888 3020 3085 3076 diaboli
3130 3032 3186 3077 et
3230 3021 3597 3078 membrorum
3640 3023 3782 3092 ejus.

2182 3107 2298 3162 Duo
2321 3118 2447 3162 sunt
2467 3107 2644 3179 laquei
2673 3110 2869 3180 quibus
2894 3110 3104 3167 insidiae
3151 3098 3284 3167 fiunt
3310 3112 3576 3182 ﬁdelibus,
3603 3124 3787 3172 terror

2185 3216 2294 3270 quo
2314 3201 2548 3272 frangat,
2580 3210 2636 3257 et
2656 3216 2811 3258 error
2839 3219 2946 3273 quo
2997 3204 3228 3260 alliciat:
3267 3221 3402 3276 quos
3430 3207 3521 3277 qui
3551 3207 3786 3263 evadere

2111 3270 2154 3329 C
2186 3294 2353 3363 cupit,
2385 3270 2502 3348 dua:
2526 3302 2651 3348 sunt
2680 3270 3024 3366 portio—quas
3048 3306 3255 3352 contra
3283 3270 3549 3354 elaud-ere
3597 3298 3784 3366 debet,

2186 3384 2349 3437 timor
2374 3392 2427 3439 et
2453 3384 2751 3455 cupiditas:
2789 3386 2950 3441 timor
2979 3386 3307 3465 claudendus
3337 3399 3420 3446 est
3449 3403 3642 3447 contra
3677 3402 3785 3449 ter-

2185 3492 2384 3541 rorem,
2410 3477 2678 3546 cupiditas
2703 3487 2895 3532 contra
2926 3493 3189 3536 errorem.
3243 3480 3310 3537 Et
3356 3483 3481 3559 hoc,
3528 3486 3784 3557 exemplo

2182 3569 2373 3639 capitis
2400 3570 2594 3636 nostri,
2618 3570 2709 3641 qui
2742 3579 2979 3627 tentatus
3004 3588 3033 3626 a
3060 3572 3273 3629 diabolo
3297 3591 3392 3640 per
3428 3576 3783 3633 ambitionem

2180 3670 2237 3715 et
2262 3660 2696 3727 delectationem,
2720 3678 2843 3718 cum
2872 3663 2921 3718 ei
2948 3663 3151 3719 dictum
3168 3673 3251 3721 est
3278 3683 3292 3720 :
3322 3663 3455 3741 Htec
3479 3668 3662 3722 omnia
3692 3668 3783 3723 tibi

2179 3752 2340 3817 dabo,
2368 3752 2412 3806 si
2439 3752 2716 3823 procidens
2747 3754 3045 3810 adoraveris
3076 3771 3180 3821 me,
3215 3756 3436 3827 ianuam
3467 3756 3783 3831 cupiditatis

2179 3842 2397 3908 clausit,
2421 3843 2635 3898 dicens:
2674 3842 2819 3898 Vade
2842 3842 3092 3913 Satanas,
3136 3845 3351 3919 (Matth.
3374 3847 3472 3919 tv).
3496 3847 3780 3923 sequitur,

2180 3933 2417 4002 Reliquit
2451 3948 2573 3987 eum
2603 3934 2843 3989 diabolus
2881 3937 3161 4006 paululum
3184 3935 3335 4009 (Luc.
3360 3936 3458 4011 tv).
3485 3930 3621 3996 Ideo
3644 3955 3781 4010 pau-

2176 4029 2366 4097 lulum,
2397 4031 2521 4101 quia
2571 4037 2758 4099 postea
2788 4045 2912 4085 cum
2960 4046 3057 4101 per
3083 4032 3390 4102 passionem
3413 4032 3639 4090 vincere
3672 4044 3786 4090 ten-

2179 4123 2331 4190 tavit,
2362 4124 2528 4195 utqui
2553 4138 2646 4194 per
2664 4138 2905 4179 errorem
2935 4123 3154 4179 vincere
3194 4140 3299 4180 non
3328 4124 3505 4195 potuit
3532 4125 3783 4194 vincere;

2174 4231 2272 4284 per
2300 4225 2586 4270 terrorem.
2617 4212 2723 4269 Sed
2753 4213 3013 4270 Dominus
3058 4215 3266 4270 timoris
3306 4215 3531 4286 jannam
3585 4228 3781 4274 contra

2172 4292 2438 4359 terrorem
2476 4303 2746 4374 passionis
2796 4302 3010 4369 clausit,
3044 4305 3170 4374 quia
3218 4320 3317 4375 pro
3343 4300 3498 4361 nobis
3520 4308 3637 4376 pati
3671 4323 3781 4373 non

2176 4396 2368 4451 timuit.
2405 4390 2533 4451 Haec
2584 4396 2788 4460 omnia,
2845 4407 2903 4450 ut
2943 4398 3143 4452 dictum
3177 4405 3279 4462 est,
3329 4405 3493 4468 caput
3527 4409 3781 4456 nostrum

2175 4489 2228 4544 in
2257 4505 2387 4544 voce
2414 4475 2794 4543 internbrorum
2846 4487 3103 4561 loquitur.
3154 4489 3233 4543 Tu
3285 4489 3472 4544 educes
3522 4491 3779 4561 quoniam

2103 4591 2251 4682 Diu.
2285 4596 2339 4682 es
2384 4587 2645 4682 protector
2698 4594 2842 4633 meus
2869 4617 2887 4643 ,
2955 4586 3243 4650 protegens
3306 4578 3779 4682 meabﬁinsidiis

2181 4669 2521 4747 inimicorum
2593 4668 2857 4724 devorare
2915 4684 3002 4724 mc
3058 4664 3437 4739 quzerentium.
3506 4660 3577 4725 Et
3648 4670 3778 4742 quia

2182 4772 2239 4815 tu
2265 4778 2318 4817 es
2344 4744 2487 4816 meus
2524 4770 2804 4831 protector,
2836 4761 2892 4814 in
2928 4775 3125 4814 manus
3166 4766 3287 4814 tuas
3335 4753 3647 4815 commendo
3667 4760 3779 4832 spi-

2185 4856 2343 4909 ritum
2392 4870 2588 4909 meum.
2623 4851 2800 4908 Vitam
2849 4867 3025 4907 meam
3085 4852 3180 4907 tibi
3234 4842 3682 4930 commendo,‘ut
3720 4851 3775 4908 in

2187 4954 2430 5016 tempore
2480 4943 2821 4999 neceSsitatis
2849 4950 2903 4998 et
2930 4934 3156 5014 periculi
3189 4958 3504 5009 conserves,
3534 4952 3776 5000 tractum

2190 5034 2258 5089 ab
2309 5034 2393 5088 bis
2422 5034 2512 5104 qui
2547 5042 2788 5103 tempore
2836 5033 3232 5104 persecutionis
3270 5049 3383 5089 rem
3429 5049 3585 5088 suam
3614 5030 3775 5091 ﬁdeli

2184 5123 2360 5177 amico
2416 5124 2822 5188 commendant,
2880 5132 2941 5178 ut
2991 5133 3235 5195 tempore
3288 5118 3439 5178 certo
3495 5133 3774 5193 servatam

2184 5214 2448 5285 reddant.
2485 5214 2608 5269 Ideo
2635 5213 2962 5280 commendo,
2990 5215 3119 5286 quia
3150 5212 3413 5268 redemisti
3439 5229 3544 5278 me,
3574 5212 3629 5267 id
3662 5218 3772 5279 est,

2184 5320 2333 5360 meos
2375 5305 2606 5360 redimes
2647 5320 2677 5358 a
2727 5305 2933 5375 laqueis
2971 5304 3314 5360 inimicorum
3361 5312 3416 5359 et
3451 5304 3673 5359 tandem
3705 5302 3775 5360 ab

2182 5398 2329 5452 omni
2355 5397 2615 5468 periculo.
2649 5396 2772 5452 Ideo
2797 5398 2917 5453 dico
2960 5396 3247 5463 redemisti,
3271 5397 3398 5468 quia
3434 5407 3623 5453 certus
3649 5414 3774 5455 sum

2183 5489 2324 5557 quod
2350 5487 2605 5552 redimes,
2630 5487 2779 5556 quia,
2809 5503 2842 5543 ο
2875 5487 3113 5553 Domine,
3157 5499 3211 5542 tu
3251 5504 3313 5543 es
3342 5486 3484 5541 Deus
3512 5488 3773 5555 veritatis,

2182 5577 2387 5632 nullum
2419 5576 2610 5633 fallens
2642 5577 2695 5632 in
2742 5579 3045 5649 promissis,
3077 5578 3351 5650 promittis
3379 5579 3523 5634 enim
3566 5579 3774 5635 libera-

2181 5669 2384 5724 tionem
2416 5668 2760 5739 sperantibus
2814 5670 2869 5724 in
2901 5680 2972 5725 te.
3009 5671 3097 5735 Et,
3128 5671 3254 5741 quia
3290 5686 3351 5725 es
3381 5680 3596 5733 amator
3618 5673 3768 5727 veri-

2183 5760 2328 5825 tatis,
2347 5759 2472 5815 odio
2500 5760 2665 5815 habes
2689 5748 2995 5819 mendaces.
3021 5759 3193 5815 Odisti
3215 5775 3405 5817 omnes
3430 5756 3769 5816 obsewantes

2179 5852 2433 5905 vanitates
2472 5866 2809 5919 supervacue,
2857 5851 2908 5907 id
2937 5859 3052 5919 est,
3081 5860 3363 5923 sperantes
3390 5849 3767 5910 inmobilitate
