3978 6408
178 388 310 449 ἓθὸ

1290 377 1823 441 ENARRATIONES
1862 379 1931 437 IN
1971 380 2309 443 PSALMOS.

3364 391 3471 450 ΞΜ

184 501 511 575 temporali,
544 499 894 571 inpotentia,
924 498 977 555 in
1017 497 1317 555 honoribus
1367 498 1709 569 supervacue,
1736 496 1789 551 id
1815 501 1864 559 Α
1891 496 2076 566 defecit
2122 498 2177 552 in
2215 498 2395 552 dolore
2447 498 2551 553 vita
2589 515 2723 554 mea.
2784 498 2899 555 Vita
2953 515 3071 572 qua:
3109 503 3237 559 mihi
3275 514 3359 559 est
3378 505 3469 574 ju-

178 608 306 662 est,
342 594 628 659 inutiliter,
662 607 765 647 non
798 593 942 647 enim
992 588 1380 647 beatitudinem
1405 599 1662 660 praestare
1690 605 1786 643 va-

184 689 332 744 lent.
380 687 472 742 Ille
537 686 700 741 etiam
750 687 1001 739 observat
1033 685 1288 738 vanitates
1329 696 1645 751 supervacue
1694 682 1784 750 qui

184 780 445 833 timendo
481 778 734 840 moritur,
762 776 813 829 id
844 785 946 838 est,
984 776 1073 844 qui
1106 773 1344 828 timendo
1382 781 1609 827 mortem
1634 783 1773 826 tem-

179 872 445 939 poralem
490 882 654 937 quam
697 877 876 920 tamen
911 864 1149 936 effugere
1191 880 1296 919 non
1365 871 1544 932 potest
1590 863 1785 916 menti-

183 970 310 1025 tur,
350 969 405 1015 et
436 961 539 1015 hoc
570 959 730 1013 modo
769 969 996 1011 mortem
1046 956 1246 1020 dill'ert,
1293 970 1398 1008 non
1442 955 1594 1016 vitat,
1621 964 1675 1007 et
1704 951 1786 1005 fu-

180 1049 396 1120 giendo
442 1056 670 1102 mortem
722 1046 951 1100 moritur
1004 1054 1293 1113 antequam
1342 1044 1625 1097 moriatur.
1671 1040 1784 1111 Ego

179 1151 374 1195 autem
401 1141 494 1210 qui
524 1155 630 1194 non
658 1138 888 1194 observo
918 1138 1171 1191 vanitates
1211 1138 1265 1189 in
1306 1135 1530 1189 Domino
1560 1134 1778 1204 speravi,

178 1246 241 1291 et
278 1237 405 1291 ideo
436 1234 729 1299 exsultabo,
753 1233 962 1288 scilicet
982 1246 1230 1301 corpore,
1253 1246 1371 1283 cum
1420 1229 1639 1281 mortale
1686 1229 1783 1280 hoc

178 1328 389 1381 induet
438 1324 905 1379 immortalitatem.
950 1323 1017 1376 Et
1065 1322 1285 1376 lwtabor
1328 1320 1533 1375 scilicet
1581 1326 1779 1381 mente,

180 1417 297 1473 Ubi
325 1429 401 1473 est
426 1434 564 1471 mors
596 1418 810 1472 victoria
840 1416 970 1469 tua?
992 1414 1091 1467 Ubi
1115 1424 1187 1468 est
1218 1429 1357 1466 mors
1391 1412 1634 1466 stimulus
1658 1422 1779 1464 tuus

179 1510 239 1582 (1
267 1508 398 1564 Cor.
416 1508 545 1581 xv)?
569 1508 635 1562 Et
660 1509 761 1562 hoc
783 1507 835 1561 in
860 1506 1345 1567 misericordiatua,
1378 1516 1482 1558 non
1509 1502 1781 1558 in’merito

179 1619 335 1657 meo.
378 1601 439 1656 ln
481 1603 585 1656 hac
626 1600 988 1654 misericordia
1042 1599 1260 1653 salvasti
1293 1598 1358 1651 de
1390 1596 1779 1650 necessitatibus

178 1700 433 1751 animam
471 1713 660 1750 meam.
696 1694 877 1748 Multze
923 1701 1049 1748 sunt
1079 1692 1431 1747 necessitates
1468 1690 1779 1761 fragilitatis

176 1791 450 1844 humana:
489 1806 503 1841 :
537 1802 632 1842 cor
686 1786 910 1841 alterius
953 1785 1135 1839 videre
1175 1800 1277 1839 non
1333 1792 1530 1853 potest,
1570 1781 1683 1836 vult
1710 1781 1776 1835 ad

1891 590 2065 642 cunda
2104 588 2154 643 in
2183 587 2410 643 fratrum
2440 589 2683 659 profectu
2714 591 2912 647 defecit
2949 592 3001 647 in
3034 593 3240 658 dolore,
3278 595 3329 651 id
3361 605 3470 665 est,

1892 681 2116 734 tabescit
2141 681 2368 736 dolendo
2400 685 2465 736 de
2496 698 2683 737 eorum
2706 683 2913 740 defectu
2935 726 2948 749 ,
2972 684 3125 753 juxta
3160 686 3285 742 illud
3320 689 3470 760 APO-

1891 773 2010 827 stoli
2036 792 2048 826 :
2079 772 2231 827 Tunc
2262 775 2496 838 vivimus,
2519 777 2563 828 si
2595 792 2681 829 vos
2702 778 2853 831 statis
2874 778 2930 831 in
2950 776 3178 833 Domino
3204 778 3255 850 (1
3288 780 3469 836 Thess.

1890 863 1994 935 tu),
2026 863 2093 916 Et
2130 864 2255 916 anni
2282 867 2403 929 mei,
2439 866 2609 928 idest,
2638 867 2880 935 longaeva
2907 869 3015 923 vita
3052 870 3250 925 defecit
3280 874 3335 925 in
3372 888 3466 944 ge-

1888 955 2120 1017 mitibus,
2160 970 2263 1009 non
2298 956 2349 1009 in
2391 956 2551 1011 claris
2591 958 2835 1020 vocibus,
2881 960 3069 1014 videns
3101 961 3221 1016 illos
3261 962 3313 1016 in
3340 978 3468 1032 pcr-

1887 1062 2098 1100 versnrn
2142 1047 2239 1109 ire,
2271 1049 2361 1117 qui
2405 1049 2533 1103 mihi
2564 1060 2749 1105 essent
2788 1052 3068 1122 gaudium,
3098 1055 3141 1108 si
3174 1064 3385 1110 starent
3410 1056 3464 1111 in

1887 1136 2132 1191 Domino.
2168 1136 2318 1193 Unde
2352 1139 2677 1209 Apostolus:
2712 1139 2975 1196 Gaudium
2997 1159 3169 1198 meum
3198 1155 3245 1200 et
3272 1162 3469 1201 corona

1885 1244 1997 1281 mea
2050 1226 2218 1299 (Phil.
2261 1230 2359 1298 Iv).
2407 1229 2687 1299 Inﬁrmata
2735 1243 2809 1287 est
2855 1234 2909 1285 in
2956 1244 3260 1304 paupertate
3306 1236 3469 1290 virtus

1885 1330 2021 1381 mea,
2056 1319 2110 1372 in
2139 1332 2463 1390 paupertate,
2492 1323 2543 1376 id
2574 1332 2678 1387 est,
2715 1324 2892 1393 inopia
2921 1325 3047 1390 cibi,
3094 1326 3217 1395 quia
3254 1327 3469 1382 subtra-

1885 1411 2031 1463 hitur
2062 1410 2192 1464 mihi
2246 1410 2470 1466 refectio
2510 1414 2595 1467 illa
2645 1430 2806 1484 quam
2842 1416 2893 1470 in
2930 1417 3010 1471 eis
3036 1417 3197 1472 debui
3243 1418 3463 1484 habere,

1884 1515 2020 1569 quos
2054 1501 2181 1553 mihi
2207 1501 2556 1571 incorporare
2590 1504 2767 1561 volui:
2806 1508 2967 1560 virtus
3008 1523 3122 1561 mea
3163 1508 3373 1577 defecit,
3409 1508 3464 1562 id

1884 1600 1987 1654 est,
2014 1591 2182 1644 robur
2208 1594 2349 1660 quod
2393 1609 2457 1647 ex
2505 1594 2596 1649 illo
2635 1595 2756 1649 cibo
2782 1596 2983 1651 habere
3026 1596 3209 1652 debui.
3250 1598 3317 1651 Et
3361 1612 3469 1653 non

1883 1683 2053 1735 solum
2094 1697 2194 1753 ego
2217 1686 2513 1740 conturbor
2538 1688 2629 1753 qui
2678 1687 2728 1738 in
2759 1702 2985 1755 corpore
3020 1686 3222 1742 Christi
3260 1689 3465 1743 rnedio-

1883 1775 1990 1828 cri‘s
2013 1790 2151 1838 sum,
2190 1776 2283 1829 sed
2308 1816 2311 1817 ν
2336 1777 2503 1829 etiam
2541 1793 2660 1830 ossa
2695 1794 2831 1842 mea,
2872 1780 2923 1832 id
2963 1789 3067 1843 est,
3116 1780 3385 1836 firmiores
3416 1781 3471 1836 in

176 1884 359 1937 vitam
413 1882 695 1951 pervenire
745 1880 862 1934 sine
914 1887 1089 1933 morte
1127 1887 1182 1932 et
1217 1893 1321 1931 non
1363 1887 1560 1952 potest,
1603 1876 1779 1946 diligit
1809 1859 1854 1917 Β
1886 1864 2120 1918 Ecclesia
2150 1874 2204 1918 et
2228 1866 2597 1934 perfectiores,
2615 1868 2925 1921 conturbata
2948 1880 3089 1933 sunt,
3114 1868 3341 1924 fratrum
3367 1871 3472 1925 ini-

177 1973 475 2027 inimicum
511 1986 653 2040 stupe
682 1979 736 2024 et
784 1969 1128 2038 persequitur
1166 1968 1421 2030 amicum,
1458 1965 1605 2020 videt
1638 1966 1780 2034 quod

176 2076 270 2121 est
302 2066 508 2119 bonum
535 2072 587 2117 et
622 2064 797 2117 tamen
840 2060 970 2115 facit
1020 2059 1243 2113 malum.
1275 2058 1319 2111 A
1360 2058 1555 2126 quibus
1601 2057 1780 2111 enmi-

176 2160 291 2213 bus
340 2155 524 2210 nullus
555 2154 772 2209 liberari
823 2160 1001 2223 potest
1053 2151 1156 2205 nisi
1208 2164 1307 2219 per
1353 2149 1775 2203 misericordiam

176 2248 306 2313 Dei,
338 2246 469 2316 quia
496 2246 688 2299 cadere
702 2243 983 2313 potuimus
1013 2256 1109 2310 per
1146 2255 1263 2304 nos,
1289 2239 1382 2292 sed
1413 2254 1511 2308 per
1540 2254 1638 2292 nos
1663 2254 1783 2292 sur-

176 2352 319 2408 gere
375 2350 483 2389 non
534 2349 843 2405 possumus.
882 2331 1035 2387 Unde
1081 2329 1416 2400 Apostolus:
1449 2329 1643 2398 Infelix
1688 2346 1780 2399 ego

175 2431 369 2493 homo,
419 2427 534 2498 quis
590 2442 670 2479 me
714 2423 951 2478 liberabit
994 2422 1057 2476 de
1106 2438 1321 2492 corpore
1373 2422 1556 2473 mortis
1586 2420 1782 2489 hujus?

175 2517 381 2575 Gratia
418 2517 511 2570 Dei
554 2532 645 2586 per
681 2516 957 2570 Dominum
1009 2524 1243 2567 nostrum
1284 2513 1467 2566 Iesum
1513 2511 1780 2565 Christum

176 2609 372 2681 (Rom.
406 2610 523 2678 vn).
550 2608 672 2662 ideo
695 2607 939 2676 sequitur
967 2624 979 2659 :
1024 2604 1287 2671 Quoniam
1317 2605 1585 2673 respexisti
1608 2604 1781 2656 humi-

176 2706 394 2757 litatem
426 2720 615 2757 meum.
649 2702 747 2770 Qui
783 2716 868 2756 me
899 2700 1187 2771 superbum
1214 2700 1267 2753 in
1301 2701 1401 2753 has
1428 2697 1779 2753 necessitates

174 2796 475 2866 coniecisti
536 2794 878 2849 humiliatum
916 2795 983 2846 ab
1013 2793 1098 2846 his
1127 2792 1393 2861 eripuisti.
1432 2790 1540 2842 Nec
1563 2787 1775 2842 conclu-

175 2894 302 2946 sisti
354 2908 436 2945 me
474 2891 525 2945 in
573 2905 765 2944 manus
807 2889 1029 2953 inimici,
1078 2886 1285 2942 scilicet
1336 2899 1401 2938 ne
1451 2884 1776 2953 illaqueatus

176 2997 406 3039 terrore
446 2982 527 3037 vel
572 2996 757 3036 errore
794 2981 846 3034 in
887 2980 1125 3050 peccatis
1154 2976 1552 3049 perseverando
1602 2988 1778 3029 more-

178 3092 295 3141 rer,
339 3085 395 3128 et
433 3075 513 3129 sic
536 3089 658 3128 cum
698 3088 764 3126 eo
794 3073 1006 3126 vinctus
1040 3072 1092 3125 in
1132 3084 1322 3140 pmnas
1346 3068 1611 3123 traderer.
1653 3066 1776 3121 Ideo

176 3182 295 3220 non
321 3164 647 3228 conclusisti,
681 3162 806 3231 quia
842 3161 1071 3215 statuisti
1111 3160 1166 3214 in
1207 3160 1320 3213 loco
1360 3160 1590 3228 spatioso
1619 3159 1774 3224 pl:ths

1887 1956 2183 2025 quitatibus
2210 1957 2553 2026 exaggeratio
2579 1956 2797 2011 doloris.
2843 1958 2907 2011 Et
2945 1958 3063 2013 ideo
3113 1960 3470 2016 conturbatur:

1886 2063 2024 2112 sum,
2068 2050 2193 2118 quia
2246 2048 2425 2103 vicinis
2472 2051 2615 2113 meis,
2650 2051 2700 2105 id
2722 2060 2824 2115 est,
2844 2050 2956 2118 jam
2995 2051 3060 2105 ad
3093 2052 3253 2108 fidem
3279 2068 3472 2124 appreo

1885 2142 2290 2213 pinquantibus,
2342 2143 2513 2211 luctus
2558 2159 2672 2196 sum
2714 2144 3092 2212 opprobrium:
3131 2145 3469 2200 detestantur

1886 2248 1970 2288 me
1999 2242 2054 2287 et
2086 2233 2463 2303 blasphemant
2487 2250 2642 2303 super
2661 2249 2835 2287 omnes
2859 2235 3095 2289 inimicos
3125 2251 3265 2290 meos
3291 2236 3463 2302 valde,

1887 2322 1937 2376 id
1968 2333 2070 2387 est,
2117 2324 2287 2394 magis
2325 2339 2487 2392 quam
2536 2339 2775 2393 paganos
2807 2324 2889 2379 vel
2920 2323 3135 2382 Judzeos
3158 2344 3171 2379 :
3197 2328 3286 2397 qui
3315 2327 3468 2397 pejus

1884 2415 2134 2467 viderunt
2164 2416 2422 2484 quosdam
2459 2417 2523 2470 de
2573 2416 2812 2471 Ecclesia
2855 2418 3036 2473 vivere
3073 2434 3234 2488 quam
3274 2419 3469 2489 pagani

1886 2507 1964 2561 vel
1995 2507 2163 2562 .Imhci
2196 2509 2286 2577 qui
2336 2520 2521 2579 aperte
2550 2520 2675 2564 sunt
2728 2510 2931 2565 inimici
2987 2512 3260 2567 Ecclesiar.
3314 2512 3470 2583 Pejor

1883 2599 2026 2651 enim
2060 2609 2141 2652 cst
2170 2600 2260 2667 qui
2307 2600 2451 2655 intus
2488 2600 2627 2654 male
2668 2600 2801 2655 vivit
2834 2616 2992 2670 quam
3033 2604 3122 2672 qui
3165 2601 3315 2657 foris.
3367 2602 3470 2669 Qui

1887 2689 2016 2745 foris
2044 2701 2186 2751 sunt,
2215 2693 2369 2761 quasi
2424 2690 2759 2747 infructuosa
2786 2693 2926 2763 ligna
2968 2702 3094 2747 sunt
3127 2692 3279 2747 fabro
3318 2703 3468 2763 apta,

1882 2783 1970 2850 qui
2014 2782 2179 2846 intus,
2240 2793 2511 2836 sarmenta
2554 2793 2680 2837 sunt
2732 2784 2841 2837 vite
2885 2786 3108 2854 prtecisa
3156 2802 3273 2854 qua:
3323 2785 3471 2840 solus

1884 2874 2022 2944 ignis
2044 2884 2341 2943 exspectat.
2377 2875 2513 2929 Nota
2536 2877 2676 2945 quod
2702 2877 2783 2929 vir
2806 2876 3078 2945 perfectus
3110 2879 3261 2943 dicit,
3294 2878 3469 2946 [actus

1880 2982 1995 3019 sum
2029 2966 2382 3036 opprobrium.
2415 2965 2529 3020 Non
2573 2969 2715 3021 enim
2755 2967 2885 3023 solis
2922 2967 3026 3022 illis
3058 2968 3469 3037 imputatnrqui

1882 3072 2045 3126 prave
2089 3058 2295 3123 vivunt,
2343 3058 2435 3111 sed
2463 3058 2682 3123 dicitur,
2726 3058 2865 3122 vide,
2909 3072 3069 3127 quam
3121 3073 3283 3126 prave
3310 3056 3471 3112 Chri-

1882 3149 2041 3203 stiani
2086 3150 2290 3202 vivunt.
2328 3148 2391 3201 Et
2424 3150 2560 3203 notis
2590 3150 2740 3213 meis,
2769 3150 2819 3203 id
2848 3158 2951 3211 est,
2973 3147 3085 3217 jam
3129 3149 3352 3203 initiatis
3379 3164 3469 3203 sa-

175 3275 350 3320 meos,
386 3256 439 3309 id
482 3264 586 3320 est,
621 3254 932 3309 affectiones
971 3268 1119 3307 meas
1142 3252 1194 3305 in
1224 3249 1491 3305 charitate
1516 3249 1772 3313 dilatasti,
1804 3241 1848 3302 C
1881 3241 2174 3294 cramcntis
2202 3240 2324 3294 fidei
2365 3241 2539 3295 factus
2582 3257 2700 3294 sum
2744 3243 2918 3294 timor.
2956 3240 3157 3296 Omnes
3188 3242 3469 3311 aequaliter

177 3347 403 3402 scilicet
432 3344 607 3400 fecisti
636 3355 691 3399 ut
716 3360 811 3415 per
839 3344 1178 3399 dilectionem
1210 3341 1421 3412 justitia
1468 3339 1597 3393 mihi
1629 3346 1775 3392 esset

177 3439 367 3493 facilis
413 3452 535 3507 quae
580 3437 695 3491 sine
749 3434 1013 3491 charitate
1051 3433 1177 3489 olim
1228 3440 1348 3487 erat
1375 3429 1623 3485 diflicilis.
1661 3427 1775 3483 lluc

174 3544 364 3599 usque
391 3544 495 3583 vox
523 3528 723 3582 Christi
754 3528 804 3581 in
830 3525 1085 3580 membris
1114 3525 1228 3579 suis
1257 3520 1670 3593 perfectioribus
1709 3511 1775 3573 de

177 3647 245 3687 se
277 3633 391 3702 jam
424 3630 649 3684 securis.
675 3629 783 3682 Sed
833 3629 956 3698 quia
984 3626 1223 3681 charitas
1250 3625 1339 3679 hic
1362 3622 1597 3677 maxime
1626 3637 1774 3676 com-

179 3733 480 3787 mendatur
519 3745 636 3799 qua:
676 3744 987 3800 compagem
1042 3726 1190 3791 facit,
1214 3736 1270 3781 et
1299 3725 1351 3778 in
1393 3740 1498 3778 uno
1527 3738 1771 3793 corpore,

179 3824 230 3877 si
258 3822 567 3875 infirmatur
592 3837 751 3873 umun
778 3819 1099 3882 membrum,
1130 3817 1454 3886 compatitur
1478 3814 1605 3869 illud
1631 3813 1777 3884 quod

180 3935 379 3974 sanum
404 3926 506 3978 est,
544 3915 867 3984 perfectiora
909 3912 1149 3966 membra
1176 3910 1378 3965 Christi
1428 3924 1637 3972 secura,
1663 3905 1774 3975 jam

183 4011 253 4063 de
290 4024 350 4062 se
390 4008 443 4060 in
475 4022 726 4076 pavorem
776 4004 971 4058 mentis
1025 4002 1217 4073 posita,
1262 4016 1359 4071 pro
1413 3998 1641 4053 infirmis
1672 3995 1776 4051 fra-

184 4098 365 4152 tribus
396 4110 533 4165 qnos
562 4095 629 4149 ab
658 4098 863 4148 unitate
895 4102 949 4147 et
979 4093 1204 4147 veritate
1235 4090 1356 4144 fidei
1380 4105 1568 4144 errare
1591 4087 1775 4142 vident

183 4191 264 4244 sic
289 4197 455 4243 orant
484 4202 498 4240 :
532 4185 780 4241 Miserere
826 4186 946 4251 mei,
983 4183 1222 4246 Domine,
1254 4180 1598 4250 compatienti
1629 4179 1775 4232 infir-

186 4282 291 4335 mis
321 4280 601 4341 fratribus,
650 4278 849 4349 perfiee
872 4276 1013 4347 quod
1060 4272 1326 4343 inceepisti
1360 4290 1372 4324 :
1404 4271 1544 4325 sicut
1574 4284 1658 4323 me
1696 4268 1774 4323 di—

187 4374 391 4436 latasti,
429 4373 501 4425 ita
542 4379 596 4425 et
624 4367 741 4424 illos
777 4370 938 4423 dilata
980 4367 1069 4437 qui
1115 4367 1291 4419 adhuc
1319 4362 1516 4417 infirmi
1544 4371 1689 4425 sunt,
1721 4368 1775 4413 et

188 4466 310 4520 ideo
356 4465 411 4517 in
459 4461 744 4533 angustiis.
791 4459 1054 4525 Quoniam
1103 4456 1345 4520 tribulor,
1385 4470 1488 4508 non
1541 4467 1637 4523 pro
1666 4466 1770 4515 me,

186 4559 279 4614 sed
313 4572 413 4627 pro
442 4552 826 4610 commembris
865 4550 1018 4615 meis,
1047 4549 1236 4603 videns
1260 4546 1377 4600 illos
1409 4552 1590 4599 astare
1625 4543 1775 4595 thea-

187 4650 452 4715 tralibus;
485 4662 618 4717 quos
641 4646 769 4700 olim
801 4647 851 4698 in
896 4642 1136 4697 Ecclesia
1172 4650 1260 4693 tua
1284 4636 1389 4692 vidi
1414 4637 1687 4692 delectare
1717 4635 1770 4688 in

182 4740 438 4797 laudibus
470 4737 595 4801 tuis,
639 4736 793 4789 video
826 4735 945 4789 illos
975 4732 1159 4803 fugere
1187 4730 1446 4791 laborem,
1486 4726 1633 4795 sequi
1676 4740 1770 4780 vo-

184 4836 479 4902 luptatem,
518 4841 773 4897 spernere
826 4826 1132 4888 veritatem,
1186 4822 1410 4891 diligere
1459 4819 1771 4872 vanitatem.

183 4926 313 4979 Ideo
347 4921 591 4985 lribulor,
626 4921 750 4990 quia
780 4917 1119 4972 conturbatus
1143 4925 1214 4970 est
1236 4913 1418 4969 oculus
1444 4928 1606 4975 meus,
1638 4924 1768 4965 ocu-

184 5019 275 5073 lus
303 5016 503 5070 mentis
527 5012 863 5066 conturbatus
886 5020 980 5074 est,
1008 5012 1057 5064 id
1085 5019 1188 5074 est,
1215 5008 1371 5063 ratio.
1406 5006 1651 5061 Nondum
1682 5019 1774 5058 ex—

182 5116 426 5166 catcatus
462 5108 516 5160 in
548 5107 649 5169 ira,
675 5105 727 5157 id
753 5114 853 5167 est,
880 5103 1026 5156 brevi
1058 5100 1260 5165 furore,
1285 5099 1520 5153 nondum
1548 5099 1597 5152 in
1626 5099 1769 5161 odio,

183 5216 352 5272 quam
393 5198 563 5251 habeo
583 5196 772 5249 videns
812 5194 930 5248 illos
958 5194 1009 5247 in
1044 5192 1280 5246 vanitate
1310 5204 1646 5260 permanere,
1679 5189 1773 5244 sed

186 5295 355 5347 timeo
402 5304 471 5345 ne
519 5289 598 5342 ira
640 5296 882 5342 vertatur
928 5286 981 5339 in
1006 5285 1208 5346 odium,
1250 5294 1305 5338 et
1343 5283 1463 5339 ideo
1506 5284 1769 5336 miserere.

183 5387 386 5440 Anima
432 5399 571 5446 mea,
602 5388 651 5434 et
700 5389 878 5433 venter
918 5394 1082 5441 meus,
1131 5376 1185 5430 id
1224 5384 1326 5439 est,
1360 5375 1616 5428 interiora
1652 5389 1773 5428 mea

186 5479 408 5535 turbata
472 5484 615 5529 sunt.
668 5473 816 5526 Intus
870 5474 1145 5535 absumor,
1207 5468 1353 5522 intus
1401 5475 1591 5530 aestuo,
1645 5467 1770 5536 quia

186 5568 356 5625 irasci
386 5567 534 5631 licet,
559 5564 791 5619 clamare
825 5577 928 5615 non
957 5561 1085 5615 licet
1112 5577 1125 5613 :
1171 5575 1275 5613 non
1307 5557 1449 5611 enim
1489 5555 1773 5627 clamando

186 5672 247 5720 et
300 5657 647 5728 corripiendo
695 5655 811 5709 illos
870 5653 1185 5723 proficerem
1239 5650 1329 5719 qui
1381 5646 1774 5718 ineorrigibiles

191 5762 354 5817 sunt;
412 5751 520 5805 imo
572 5746 975 5811 exacerbarem,
1012 5755 1066 5799 et
1113 5744 1231 5798 ideo
1279 5741 1504 5796 interius
1560 5741 1766 5794 tui-hor.

198 5845 449 5900 Miserere
493 5843 632 5905 mei,
683 5840 887 5893 scilicet
940 5838 1058 5893 illos
1110 5835 1465 5901 emendando,
1517 5832 1769 5901 quoniam

1882 3332 2090 3394 timent,
2140 3332 2444 3385 nescientes
2495 3342 2630 3398 quos
2680 3330 2877 3384 imitari
2933 3329 3182 3393 debeant,
3216 3344 3339 3383 cum
3390 3329 3466 3384 illi

1877 3421 1968 3489 qui
2002 3434 2172 3489 nuper
2216 3419 2449 3490 religiosi
2496 3421 2846 3488 apparebant,
2902 3420 3060 3473 modo
3113 3429 3220 3473 tam
3259 3420 3463 3473 inordi—

1878 3519 2002 3564 nate
2039 3523 2097 3564 se
2136 3510 2354 3563 habent.
2410 3510 2476 3562 Et
2518 3524 2622 3564 non
2672 3508 2845 3562 solum
2894 3508 3080 3573 vicini,
3133 3524 3240 3564 non
3291 3509 3464 3564 solum

1878 3602 2013 3664 noti,
2068 3601 2160 3655 sed
2213 3602 2375 3654 etiam
2408 3600 2495 3671 qui
2547 3599 2788 3653 videbant
2832 3615 2929 3661 me,
2978 3599 3162 3665 idest,
3211 3599 3461 3669 profecti,

1877 3704 2264 3766 cognoscentes
2304 3703 2513 3748 secreta
2547 3709 2684 3755 mea,
2728 3692 3096 3763 intelligentes
3127 3692 3461 3762 Scripturas,

1877 3786 2022 3855 [oras
2046 3785 2290 3855 fugerunt
2311 3803 2342 3837 a
2374 3801 2475 3847 me,
2510 3784 2560 3838 id
2591 3793 2677 3838 est
2701 3783 2932 3838 luereses
2965 3784 3225 3847 fecerunt,
3251 3784 3318 3836 ab
3341 3784 3465 3837 uni-

1882 3889 1988 3934 tate
2019 3888 2074 3934 ct
2118 3880 2343 3933 veritate
2390 3877 2511 3931 fidei
2550 3879 2801 3931 exierunt
2832 3893 2845 3930 :
2878 3885 2931 3929 et
2963 3876 3065 3930 illis
3107 3876 3461 3947 fugientibus,

1878 3974 2124 4030 oblivioni
2166 3973 2319 4026 datus
2354 3988 2493 4037 sum,
2532 3970 2584 4024 id
2637 3979 2740 4035 cst,
2783 3970 3015 4040 amplius
3051 3977 3251 4024 curant
3300 3967 3465 4023 remis

1877 4065 2036 4129 uisci,
2068 4074 2318 4133 tanquam
2348 4072 2609 4125 mortuus,
2656 4060 2863 4114 scilicet
2909 4060 3153 4129 quilibet,
3182 4066 3464 4128 separatus

1873 4156 1984 4225 jam
2017 4175 2047 4210 a
2076 4157 2230 4210 corde
2286 4170 2472 4210 eorum
2508 4155 2682 4224 [uetus
2729 4169 2845 4207 sum
2890 4162 3140 4222 tauquam
3172 4168 3262 4205 vas
3289 4150 3467 4220 pcrdi-

1877 4257 2008 4310 tum,
2042 4246 2093 4299 id
2146 4255 2247 4311 est,
2296 4246 2436 4299 sicut
2475 4260 2566 4299 vas
2603 4242 2958 4305 confractum,
3009 4241 3197 4295 inutile
3238 4248 3293 4294 et
3323 4238 3458 4293 nulli

1876 4339 1998 4393 usui
2030 4342 2212 4406 aptum
2248 4354 2261 4390 :
2294 4337 2396 4399 vel,
2440 4336 2579 4390 sicut
2608 4335 2736 4388 illud
2775 4348 2876 4387 vas
2905 4333 3045 4400 quod
3079 4339 3163 4386 est
3190 4330 3463 4400 perditum

1880 4431 2056 4484 nullus
2085 4445 2151 4484 eo
2186 4428 2356 4481 utitur
2385 4428 2451 4482 ad
2475 4427 2616 4496 quod
2660 4425 2894 4479 maxime
2942 4423 3041 4475 fuit
3080 4431 3352 4491 paratum,
3385 4421 3461 4474 ita

1878 4543 1977 4598 ego
2005 4525 2073 4579 ab
2101 4525 2181 4579 eis
2208 4521 2499 4577 derelictus
2522 4520 2586 4573 ad
2611 4532 2839 4588 quorum
2870 4514 3157 4568 utilitatem
3182 4511 3463 4568 institutus

1800 4596 1852 4656 D
1881 4596 1998 4672 sum
2024 4615 2228 4669 inutilis
2258 4612 2399 4665 vivo.
2427 4610 2588 4677 Quasi
2617 4608 2763 4661 dicat
2791 4623 2803 4659 :
2833 4604 2979 4670 Ideo,
3005 4604 3131 4673 quia
3151 4618 3248 4673 pro
3277 4601 3466 4657 multis

1883 4710 2086 4766 orando
2116 4709 2167 4762 in
2200 4705 2386 4777 paucis
2427 4702 2670 4775 proficio,
2708 4700 2970 4766 Quoniam
2994 4699 3171 4754 audivi
3202 4699 3465 4769 vitupera-

1882 4802 2069 4855 tionem
2100 4798 2406 4860 multorum,
2445 4804 2500 4849 et
2534 4793 2747 4848 laudem
2794 4806 3112 4862 paucorum,
3154 4790 3312 4861 pauci
3347 4788 3466 4843 Iau-

1881 4894 2076 4947 dantur
2104 4905 2167 4943 es
2202 4887 2376 4953 nobis,
2426 4894 2480 4941 et
2523 4886 2675 4939 multi
2714 4884 3095 4953 vituperantur
3124 4899 3136 4934 :
3171 4881 3459 4935 multorum

1881 4987 2023 5050 dico,
2066 4981 2497 5038 commorantium
2548 4979 2602 5033 in
2643 4978 2882 5039 circuitu,
2928 4976 2983 5028 id
3022 4985 3125 5039 est,
3164 4975 3462 5029 amantium

1883 5081 1999 5135 hare
2049 5088 2264 5132 terrena
2311 5089 2430 5144 qua:
2470 5070 2723 5126 volubilia
2771 5076 2825 5123 et
2861 5066 3170 5122 transitoria
3223 5076 3365 5121 sunt.
3395 5064 3464 5118 In

1882 5191 1963 5239 eo,
1996 5172 2200 5227 scilicet
2229 5168 2448 5222 circuitu
2474 5165 2597 5218 (lum
2622 5160 2949 5217 convenirent
2978 5158 3155 5226 simul,
3190 5157 3315 5211 dum
3340 5171 3461 5220 om-

1883 5282 1979 5321 nes
2003 5266 2055 5317 in
2094 5264 2196 5317 hec
2232 5256 2579 5315 consentiunt
2617 5263 2677 5307 ut
2701 5250 3012 5307 transitoria
3042 5249 3287 5318 diligant,
3334 5260 3463 5301 eon-

1886 5366 2128 5415 lemnant
2165 5364 2365 5409 αξιοι-ηε
2393 5371 2405 5407 :
2440 5366 2543 5406 non
2571 5349 2743 5404 solum
2786 5347 2838 5400 in
2869 5359 2934 5399 eo
2958 5349 3346 5405 convenerunt,
3369 5337 3465 5393 sed

1884 5453 2047 5507 etiam
2079 5449 2353 5502 adversum
2379 5462 2479 5509 me,
2523 5442 2730 5497 scilicet
2763 5437 2995 5506 accipere
3028 5435 3260 5487 animum
3290 5447 3463 5486 meam

1885 5540 2146 5597 consiliati
2191 5546 2333 5602 sunt,
2375 5536 2427 5589 id
2468 5544 2572 5597 est,
2615 5531 2994 5585 laboraverunt
3035 5531 3094 5578 ut
3140 5523 3463 5578 seducerent

1884 5640 2017 5695 alios
2056 5637 2146 5707 qui
2197 5634 2371 5688 adhuc
2414 5633 2467 5685 in
2506 5628 2745 5684 Ecclesia
2786 5632 2930 5679 sunt.
2978 5620 3090 5691 Ego
3131 5629 3305 5674 autem
3334 5619 3464 5673 inte

1884 5730 2103 5803 sperari,
2138 5727 2375 5781 Domine.
2410 5721 2573 5790 Quasi
2624 5718 2767 5773 dicat
2798 5734 2811 5770 :
2848 5713 2953 5769 Sed
3002 5726 3101 5782 ego
3146 5726 3252 5767 non
3290 5708 3465 5765 deieci

1884 5800 2195 5885 omninoiu
2217 5804 2398 5877 dolore
2415 5816 2526 5872 illo.
2548 5813 2675 5883 quia
2715 5812 2766 5867 ῖη
2793 5807 3071 5865 hominum
3094 5800 3463 5875 Per‘lersm‘i‘
