3978 6408
454 374 641 457 eos

1181 362 1437 430 REMlGll
1475 366 2134 428 ANTISSIODORENSIS
2172 365 2323 426 OPP;
2364 364 2546 424 PARS
2576 364 2616 423 i.
2643 399 2714 410 μαι
2741 367 3148 427 EXEGETICA.

3689 370 3799 433 Μ

531 502 630 545 nus
656 490 856 559 pauens
884 484 1187 540 inuitatione
1216 484 1404 554 dignos
1427 481 1731 544 attendens,
1759 478 1975 534 salvare
2014 485 2099 530 ta-
2128 482 2177 540 Α
2204 475 2311 531 duli
2340 485 2396 532 et
2415 475 2657 532 bteretici
2684 476 2942 533 adversus
2970 477 3181 533 ﬁdelem
3237 474 3512 548 populum,
3556 477 3653 535 isti
3703 493 3798 548 pa-

532 593 656 633 men
702 591 970 646 quaerens,
994 576 1053 629 in
1076 584 1124 628 te
1150 574 1370 643 speravi.
1401 571 1459 627 ln
1495 586 1601 640 quo
1630 584 1736 624 non
1774 575 1860 624 est
1884 566 2104 622 omnino

530 670 674 739 quod
695 666 930 721 oﬁendat
957 666 1248 720 amantem.
1275 663 1341 717 In
1371 672 1420 716 te
1440 661 1662 731 sperari,
1687 659 1741 715 id
1761 665 1865 724 est,
1889 671 2103 712 omnem

530 758 783 814 ﬁduciam
829 770 1002 810 meam
1036 755 1089 809 in
1108 758 1169 809 ἰε
1209 752 1383 824 posui.
1415 752 1538 806 ideo
1557 751 1613 804 in
1643 759 1693 804 te
1716 746 2104 818 speravi,'quia

529 846 767 903 eﬂ‘ensns
797 844 1232 902 consideratione
1270 843 1568 907 hominum,
1598 855 1661 895 ac
1703 854 1802 909 per
1822 838 1927 893 hoc
1953 846 2005 892 te
2025 848 2106 892 at-

532 939 777 1003 tendens,
800 937 957 991 video
982 944 1034 990 te
1055 935 1194 989 ultra
1225 934 1526 988 hominem.
1551 931 1722 986 Homo
1739 928 1977 1001 proﬁcit,
2009 928 2108 983 ho-

533 1046 622 1085 ino
660 1030 876 1085 deﬁcit:
905 1037 958 1082 tu
1000 1042 1212 1097 semper
1247 1026 1387 1081 idem
1427 1040 1508 1081 es.
1549 1024 1617 1079 Et
1660 1030 1943 1094 propterea
1970 1020 2104 1085 disi,

532 1121 737 1177 scilicet
768 1119 1011 1175 in‘corde
1039 1132 1177 1172 meo.
1205 1117 1343 1172 Deus
1362 1133 1511 1172 meus
1548 1132 1600 1169 es
1623 1124 1705 1179 tu,
1726 1122 1784 1168 et
1811 1112 1932 1167 ideo
1970 1111 2024 1165 in
2055 1119 2106 1165 te

533 1213 888 1282 sperandum.
915 1211 984 1264 Et
1011 1209 1224 1273 merito,
1246 1208 1377 1277 quia
1401 1207 1455 1261 in
1494 1205 1734 1261 manibus
1764 1205 1889 1268 tuis,
1921 1202 1972 1257 id
2001 1209 2106 1267 est,

532 1302 585 1356 in
628 1302 768 1356 dono
799 1301 987 1370 gratia:
1031 1307 1134 1355 tuae
1177 1306 1342 1354 sortes
1367 1312 1518 1362 meae,
1550 1295 1603 1350 id
1662 1302 1764 1354 est,
1819 1292 2108 1348 haereditas

532 1406 652 1447 mea
690 1407 811 1461 qum
835 1390 972 1445 mihi
997 1405 1062 1445 ex
1098 1387 1467 1443 misericordia
1494 1397 1582 1440 tua
1613 1383 1765 1455 quasi
1788 1398 1885 1453 per
1905 1390 2107 1438 sortem

529 1486 701 1550 venit,
727 1470 871 1554 quod
911 1483 1070 1537 aliam
1109 1482 1411 1551 portionem
1454 1495 1561 1536 non
1603 1492 1787 1549 quiero
1834 1475 1936 1531 nisi
1970 1485 2107 1530 teex

532 1576 710 1645 gratia
732 1587 822 1629 tua
846 1583 961 1639 est;
996 1574 1137 1628 sicut
1165 1573 1216 1626 in
1240 1571 1502 1626 mittenda
1529 1582 1678 1626 sorte
1699 1582 1805 1623 non
1828 1567 2108 1622 hominum

534 1665 754 1729 merita,
783 1670 892 1721 non
922 1676 1275 1733 personarum
1322 1661 1383 1716 ﬁt
1416 1661 1686 1729 acceptio,
1713 1657 1807 1713 sed
1836 1656 1923 1712 ille
1948 1670 2108 1711 assu-

532 1755 698 1811 mitur
733 1755 816 1810 cui
846 1769 1003 1810 casus
1032 1753 1260 1817 dederit,
1304 1751 1377 1806 ita
1422 1751 1476 1805 in
1524 1750 1615 1805 Dei
1645 1748 1907 1804 electione
1934 1755 2110 1817 potest

2204 580 2322 621 cem
2353 560 2695 627 annuntiant,
2750 565 2828 619 illi
2859 566 3055 621 bellum
3096 565 3373 623 inferunt:
3413 566 3499 621 isti
3538 566 3795 633 salutem,

2204 655 2281 710 illi
2315 663 2579 711 mortem:
2611 655 2700 713 isti
2726 656 3043 722 amicitiam,
3075 656 3161 711 illi.
3179 656 3383 711 odium.
3426 654 3496 712 In
3527 657 3799 727 superbia,

2204 748 2477 819 sequendo
2501 762 2621 816 quae
2642 731 2892 803 Christus
2921 748 3313 804 contemnenda
3351 748 3719 813 monstravit.
3731 748 3800 804 Et

2203 836 2262 892 in
2312 837 2603 902 abusione,
2665 838 2719 893 id
2760 845 2844 892 est
2871 874 2887 904 ,
2938 846 3249 909 contemptu
3275 877 3291 902 ,
3342 839 3466 908 quia
3526 846 3805 895 amatores

2205 929 2389 984 mundi
2419 935 2822 999 contemptores
2847 938 2974 984 sunt
2995 929 3137 984 ﬁdei.
3159 928 3228 984 Et
3249 927 3419 984 Judaei
3445 930 3499 986 in
3515 929 3805 987 Christum

2206 1020 2441 1090 superbe
2489 1019 2670 1075 locuti
2699 1029 2861 1075 sunt:
2894 1019 3156 1076 Nolumus
3193 1021 3331 1075 hunc
3383 1038 3605 1092 regnare
3649 1038 3808 1093 super

2205 1125 2299 1164 nos
2327 1109 2478 1180 (Luc.
2520 1109 2658 1179 XIX).
2692 1109 2762 1163 Et
2804 1110 2857 1164 in
2884 1109 3169 1176 abusione,
3200 1108 3285 1165 Ne
3312 1111 3447 1181 forte
3461 1113 3677 1170 veniant
3710 1111 3811 1169 Ro-

2205 1199 2374 1264 mani,
2411 1210 2458 1254 et
2473 1190 2671 1255 tollant
2699 1209 2935 1255 nostrum
2963 1199 3135 1254 locum
3166 1209 3214 1254 et
3238 1209 3442 1271 gentem
3470 1201 3663 1273 (Joan.
3706 1204 3806 1273 XI).

2206 1288 2370 1362 Quasi
2393 1290 2569 1346 dicat:
2598 1290 2723 1345 ldeo
2748 1290 2988 1361 loquitur
3015 1291 3274 1357 adversus
3300 1293 3508 1363 justum
3548 1293 3809 1364 iniquita-

2208 1391 2339 1447 tem,
2368 1383 2494 1453 quia
2521 1398 2625 1439 non
2655 1383 2938 1441 attendunt
2962 1400 3128 1455 quam
3171 1384 3345 1440 dulcis
3371 1393 3455 1440 est
3507 1386 3805 1443 Dominus.

2277 1472 2385 1530 Sed
2415 1488 2513 1545 ego
2534 1474 2626 1544 qui
2648 1473 2761 1545 jam
2786 1476 3018 1547 gustavi,
3048 1475 3209 1531 dico:
3237 1475 3408 1542 Quam
3450 1493 3648 1547 magna
3677 1477 3813 1531 ntul-

2207 1565 2377 1619 titudo
2397 1564 2686 1621 dulcedinis
2701 1575 2828 1633 tute,
2847 1566 3081 1622 Domine.
3105 1565 3217 1620 Nec
3232 1566 3414 1622 oculus
3434 1568 3697 1633 vidit,nec
3715 1584 3813 1622 au-

2208 1655 2281 1710 ris
2308 1655 2643 1725 audivitque
2672 1657 2985 1727 praeparavit
3002 1656 3144 1712 Deus
3165 1656 3499 1728 diligentibus
3524 1674 3581 1712 se
3608 1656 3666 1728 (I
3682 1656 3809 1712 Cor.

2209 1747 2292 1820 ιι).
2341 1748 2450 1804 Sed
2490 1748 2816 1807 febricitanti
2852 1750 3034 1820 palato
3070 1766 3175 1806 non
3222 1751 3307 1815 ita,
3341 1751 3503 1825 sapit,
3548 1765 3651 1806 nec
3703 1751 3810 1822 lip-

532 1862 655 1903 esse
682 1847 879 1917 aliquis
916 1846 1073 1909 ordo,
1104 1852 1368 1915 quantum
1405 1843 1472 1897 ad
1506 1858 1630 1897 eum
1652 1841 1744 1911 qui
1769 1840 1951 1896 omnia
1981 1854 2104 1894 cum
2134 1835 2180 1894 Β
2207 1838 2477 1907 piehtibus
2517 1838 2690 1895 oculis
2732 1842 2802 1894 ita
2846 1840 3075 1895 videtur.
3115 1838 3213 1895 Hic
3258 1855 3365 1895 non
3410 1840 3646 1911 plcniter
3666 1840 3815 1895 acci.

529 1937 757 1993 consilio
788 1935 938 2002 facit,
983 1935 1098 2002 sed,
1141 1934 1267 2004 quia
1306 1947 1405 1989 nos
1454 1932 1583 1988 illud
1627 1932 1956 2003 ignoramus,
1989 1929 2108 2003 ejus

529 2025 848 2081 electionem
894 2024 1125 2096 gratiam
1167 2023 1362 2079 merito
1387 2035 1665 2077 vocamus.
1710 2020 1886 2075 Aliter
1918 2037 1932 2073 :
1963 2019 2139 2088 quod

529 2127 735 2172 vestem
763 2117 919 2175 illam.
935 2116 1109 2171 habeo
1132 2129 1252 2184 qua:
1278 2128 1374 2185 per
1399 2121 1625 2177 sortem,
1659 2111 1709 2165 id
1734 2122 1836 2175 est,
1873 2110 2105 2181 gratiam

531 2216 677 2262 tuam
709 2209 885 2271 datur,
921 2206 1130 2263 scilicet
1168 2205 1490 2261 charitatem
1529 2218 1636 2274 qua
1665 2203 1832 2257 Deum
1866 2201 2031 2273 diligo
2057 2210 2112 2256 et

531 2298 855 2366 proximum,
889 2297 943 2351 in
972 2296 1213 2351 manibus
1240 2297 1343 2351 tuis
1364 2304 1467 2361 est,
1488 2295 1592 2349 hoc
1614 2301 1720 2357 est,
1748 2294 1804 2347 in
1831 2293 1971 2349 dono
1996 2301 2106 2357 tuo,

529 2404 636 2445 non
681 2390 738 2445 in
779 2389 970 2445 merito
1011 2403 1151 2444 meo.
1203 2388 1269 2444 Et
1302 2388 1426 2459 quia
1455 2389 1508 2443 in
1547 2398 1596 2443 te
1614 2388 1837 2457 speravi,
1864 2387 2005 2457 eripe
2025 2402 2110 2441 me

528 2472 607 2533 de
630 2481 877 2536 manibus
897 2480 1229 2534 inimicorum
1253 2495 1508 2545 meorum,
1536 2479 1588 2534 id
1618 2487 1721 2543 est,
1755 2477 1824 2532 ab
1872 2476 2108 2533 homini-

530 2569 631 2627 bus
661 2571 860 2641 iniquis
895 2572 985 2643 qui
1021 2582 1146 2627 sunt
1188 2587 1380 2627 manus
1417 2571 1881 2643 persequentium,
1924 2569 1976 2624 id
2000 2576 2105 2634 est,

529 2662 852 2732 spiritalium
895 2664 1258 2732 inimicorum,
1296 2674 1344 2720 et
1375 2682 1407 2720 a
1450 2665 1876 2736 persequentibus
1915 2680 2018 2729 me,
2051 2664 2105 2719 id

530 2760 636 2816 est,
677 2752 892 2809 diabolo
940 2762 994 2809 et
1018 2753 1224 2826 angelis
1251 2755 1389 2825 ejus.
1421 2753 1535 2815 Non
1565 2754 1850 2823 permittas
1875 2769 1964 2809 me
1989 2752 2107 2823 capi

528 2841 737 2912 laqueis
778 2858 988 2910 eorum,
1025 2847 1105 2900 vel
1137 2848 1203 2901 de
1254 2845 1506 2902 manibus
1550 2861 1735 2902 eorum
1766 2845 1974 2901 scilicet
2019 2844 2112 2914 qui

527 2947 628 3002 per
677 2949 919 2990 errorem
985 2935 1118 2991 mihi
1183 2936 1528 2992 insidiantur.
1585 2936 1651 2990 Et
1705 2954 1737 2990 α
1794 2951 2112 3006 persequen-
2160 2960 2163 2963 ν

531 3022 691 3086 tibus,
731 3025 785 3079 id
824 3033 946 3088 est,
989 3035 1173 3101 aperte
1214 3026 1652 3097 impugnantibus
1697 3041 1794 3096 per
1845 3040 2109 3080 errorem.

528 3112 599 3186 Et
628 3115 842 3169 tandem
884 3115 1093 3170 illustra
1113 3117 1303 3187 facient
1327 3128 1474 3172 tuam
1506 3134 1663 3188 super
1700 3133 1905 3175 servum
1939 3126 2109 3181 tuum,

2209 1929 2363 2000 piunt
2398 1929 2699 1999 prmmium,
2751 1929 2845 1985 sed
2891 1930 2945 1984 in
3003 1929 3184 1985 futuro
3230 1939 3568 2005 eXSpectaut.
3596 1929 3653 1984 In
3680 1930 3809 1996 Deo,

2210 2020 2343 2076 nihil
2384 2020 2630 2090 estquod
2676 2019 2834 2076 bonis
2883 2020 3184 2090 displiceat,
3244 2020 3375 2076 nihil
3422 2032 3605 2077 autem
3666 2022 3811 2092 quod

2210 2113 2365 2169 malis
2413 2113 2639 2182 placeat.
2695 2113 2868 2180 Quam
2914 2114 3229 2169 abscondisti
3290 2114 3592 2183 timentibus
3632 2124 3707 2179 te,
3755 2125 3810 2168 nt

2210 2203 2307 2258 soli
2379 2203 2450 2257 illi
2516 2203 2582 2259 ad
2635 2219 2756 2258 eam
2807 2203 3125 2274 perveniant
3170 2218 3184 2257 :
3237 2202 3369 2259 nihil
3418 2202 3632 2259 dulcius
3715 2204 3813 2259 ini-

2210 2294 2538 2349 mortalitate
2582 2293 2883 2363 sapientiie,
2939 2294 3035 2351 sed
3092 2309 3122 2348 a
3175 2294 3366 2349 timore
3422 2293 3702 2365 incipitur,
3759 2306 3814 2351 et

2211 2386 2445 2456 quandin
2471 2385 2712 2452 timetur,
2741 2400 2846 2438 non
2870 2385 3182 2455 pervenitur
3208 2387 3274 2440 ad
3297 2400 3439 2448 eam,
3479 2387 3577 2455 sed
3622 2402 3805 2443 serva.

2211 2484 2300 2531 tur
2320 2483 2377 2529 ut
2401 2475 2703 2544 pervenias.
2723 2471 3024 2542 Pet-fecisti,
3051 2474 3102 2529 ili
3126 2488 3233 2540 cst,
3262 2473 3498 2546 pcriccte
3524 2476 3809 2532 ostendisti

2210 2570 2285 2623 eis
2303 2569 2391 2640 qui
2447 2576 2657 2636 sperant
2698 2568 2751 2620 in
2778 2576 2826 2620 te
2853 2565 2905 2619 in
2932 2578 3207 2639 conspectu
3238 2565 3471 2632 filiorum
3513 2567 3808 2631 hominum,

2212 2658 2264 2714 id
2289 2668 2372 2715 est
2417 2657 2652 2728 perfecte
2690 2657 3056 2713 credentibus.
3087 2656 3189 2723 Qui
3215 2657 3475 2711 erubuerit
3531 2674 3613 2712 nte
3636 2674 3812 2712 (orant

2211 2749 2523 2813 hominibus,
2564 2748 2862 2802 erubescam
2904 2757 2953 2802 et
2989 2763 3078 2819 ego
3120 2763 3237 2801 cum
3281 2764 3457 2802 coram
3509 2746 3674 2802 Putre
3704 2764 3812 2802 ntro

2214 2843 2367 2915 (Luc.
2397 2841 2497 2913 ix).
2523 2840 2649 2896 Haec
2681 2848 2764 2896 est
2794 2839 2887 2894 illa
2914 2839 3139 2896 dulcedo
3170 2855 3291 2909 qua:
3333 2839 3401 2894 ab
3425 2840 3600 2894 oculis
3630 2841 3814 2911 impia-

2213 2951 2334 2991 rum
2360 2933 2675 2991 abscondita
2704 2941 2808 2997 cst,
2843 2932 3058 2989 dabitur
3084 2944 3263 2986 autem
3298 2931 3538 3002 perfecte
3585 2921 3697 2987 illis
3723 2932 3809 3002 qui

2213 3040 2318 3081 non
2353 3025 2546 3097 timent
2576 3023 2821 3078 conﬁteri
2874 3022 3161 3077 Dominttm
3198 3022 3257 3076 iu
3294 3034 3593 3091 conspectu,
3630 3022 3811 3086 idest,

2212 3117 2498 3189 praesentia
2520 3116 2752 3185 ﬁliorum
2776 3116 3069 3180 hominum,
3094 3114 3147 3169 id
3172 3124 3281 3182 cst,
3309 3124 3662 3185 peccatorum
3691 3128 3812 3184 pcr-

531 3204 585 3258 id
621 3214 725 3267 est,
766 3207 989 3263 ostende
1049 3208 1482 3263 benevolentiam
1539 3219 1685 3263 tuam
1747 3209 1800 3263 in
1843 3223 1951 3272 me,
1988 3208 2114 3262 dan-
2139 3188 2184 3250 (ἶ
2215 3188 2502 3266 tinentium
2526 3210 2594 3263 ad
2618 3218 2939 3264 vetustatem
2965 3207 3096 3266 Adae
3118 3217 3173 3262 et
3196 3208 3337 3269 Erat,
3363 3216 3546 3263 etnon
3572 3208 3643 3263 ad
3667 3208 3813 3263 novi-

531 3296 601 3353 do
662 3298 794 3354 mihi
859 3301 1310 3363 resurrectionem
1374 3310 1430 3357 et
1486 3300 1979 3365 immortalitatem,
2028 3315 2114 3356 se-

2218 3311 2381 3358 tatem
2411 3301 2630 3358 Christi.
2659 3300 2960 3356 Abscondes
2985 3317 3089 3366 _eos
3131 3301 3202 3356 ab
3235 3300 3409 3355 oculis
3437 3299 3682 3367 filiorum
3718 3299 3810 3352 ho-

529 3402 660 3457 para
693 3404 856 3460 grana
886 3405 921 3443 a
953 3390 1146 3460 paleis,
1179 3405 1344 3460 grana
1387 3399 1738 3447 assumantur
1764 3391 1817 3447 in
1860 3392 2113 3446 horreum
2216 3395 2416 3448 minum
2469 3393 2523 3447 in
2568 3391 2728 3458 cmlo,
2758 3407 2885 3461 .non
2930 3391 2986 3459 in
3043 3390 3319 3462 paradiso,
3359 3389 3453 3446 scd
3497 3391 3553 3443 in
3593 3389 3811 3444 abstan-

532 3486 706 3543 tuum,
752 3479 955 3536 salvum
996 3496 1076 3534 me
1121 3481 1205 3542 {ac
1240 3481 1295 3533 in
1340 3480 1699 3537 misericordia
1746 3488 1860 3545 tua,
1907 3493 2016 3533 non
2060 3479 2112 3533 in
2217 3484 2327 3538 dito
2348 3483 2503 3553 [aciei
2533 3492 2658 3547 tum,
2688 3482 2739 3537 id
2768 3491 2877 3547 est,
2902 3485 2954 3536 in
2989 3491 3202 3538 secreto
3218 3482 3338 3536 loco
3361 3480 3668 3552 praesentia:
3690 3491 3809 3542 tuae,

531 3570 727 3635 [merito
772 3584 911 3625 meo.
969 3569 1212 3636 Domine,
1267 3572 1353 3625 cui
1408 3569 1713 3625 voluntarie
1765 3585 1852 3626 me
1902 3585 2118 3625 servum
2218 3588 2326 3643 quo
2352 3586 2458 3628 non
2488 3581 2571 3626 est
2591 3570 2675 3627 l'as
2701 3571 2793 3626 ulli
2823 3571 3113 3643 impiorum
3141 3570 3425 3637 accedere,
3455 3570 3691 3626 vilescat
3723 3570 3810 3624 tibi

529 3660 782 3724 exhibeo,
809 3676 913 3714 non
939 3659 1237 3729 confundor
1258 3670 1461 3717 interna
1481 3659 1814 3725 confusione,
1840 3668 1900 3714 ut
1928 3660 2000 3714 illi
2027 3659 2118 3730 qui
2219 3661 2476 3734 quidquid
2511 3669 2594 3717 est
2651 3669 2850 3731 ιιι-αξιοι·
2882 3677 3029 3726 ειιιιι,
3067 3658 3275 3718 habitet
3318 3662 3371 3716 in
3415 3669 3484 3725 te,
3544 3654 3814 3716 babitabis

531 3759 586 3811 te
600 3750 882 3805 Dominum
907 3749 1109 3805 habere
1131 3749 1333 3806 volunt.
1356 3750 1620 3816 Quoniam
1640 3752 1875 3806 invocavi
1903 3762 1971 3806 te.
1989 3750 2123 3807 Par-
2220 3752 2273 3807 in
2312 3766 2397 3807 eo.
2432 3750 2564 3807 Esto
2593 3752 2786 3806 domus
2825 3746 2986 3816 illius,
3023 3752 3129 3806 erit
3156 3752 3347 3807 domus
3378 3760 3486 3816 tua,
3523 3752 3812 3807 abscondi-

530 3853 658 3893 vum
685 3838 898 3894 videtur
922 3839 1024 3895 hoc
1058 3839 1309 3894 meritum
1338 3840 1406 3896 ad
1452 3841 1555 3897 hoc
1581 3842 1722 3910 quod
1751 3849 1923 3912 optat,
1952 3843 2045 3898 sed
2075 3842 2119 3898 si
2225 3854 2330 3900 tam
2355 3844 2561 3915 paravit
2581 3844 2673 3899 tibi
2708 3840 2896 3900 faciem
2921 3859 3073 3900 suam
3108 3844 3317 3899 visione
3345 3858 3464 3909 sua,
3516 3844 3812 3914 praesentia

530 3928 668 3984 bene
702 3929 1033 3994 attendatur,
1082 3944 1337 3999 magnum
1387 3938 1487 3985 est.
1537 3929 1688 3985 Multi
1710 3941 1903 3986 vocant
1943 3932 2124 3988 Domi-
2221 3952 2316 3991 sua
2350 3929 2584 3991 tuebitur
2607 3943 2676 3990 te.
2701 3934 2744 3989 Α
2780 3935 3174 3989 conturbatione
3210 3936 3505 4000 hominum,
3553 3935 3608 3990 id
3644 3944 3749 3999 est,
3785 3950 3813 3987 a

534 4035 686 4085 num,
726 4034 831 4075 non
867 4028 1090 4090 propter
1129 4020 1437 4087 Dominum,
1488 4021 1583 4078 sed
1620 4031 1840 4092 propter
1871 4022 2037 4091 aliud,
2075 4023 2121 4078 si
2220 4012 2595 4098 persecutione
2642 4032 3008 4096 peccatorum,
3052 4033 3107 4079 et.
3144 4024 3358 4079 interim
3391 4026 3515 4079 dum
3556 4025 3623 4079 ad
3673 4025 3812 4080 illam

531 4109 680 4166 enim
729 4110 797 4165 ab
829 4110 934 4165 alio
980 4111 1181 4166 habere
1206 4121 1427 4182 possent
1452 4113 1595 4183 quod
1636 4113 1962 4179 desiderant,
2015 4128 2122 4168 non
2223 4117 2558 4173 dulcedinem
2583 4116 2830 4180 tendunt,
2856 4126 3089 4187 proteges
3110 4132 3220 4181 eos,
3248 4115 3451 4171 scilicet
3474 4131 3506 4170 a
3528 4116 3815 4172 devotione

534 4212 658 4269 eum
679 4208 922 4267 orarent,
953 4217 1058 4256 non
1089 4201 1163 4257 illi
1190 4203 1545 4259 adhtererent.
1573 4202 1680 4259 Sed
1709 4204 1783 4258 illi
1810 4204 1908 4260 soli
1945 4205 2125 4260 Domi-
2223 4206 2587 4263 inimicorum.
2621 4204 2689 4260 In
2709 4205 3044 4260 tabernaculo
3064 4214 3176 4270 tuo,
3209 4206 3261 4260 id
3288 4215 3392 4271 est,
3442 4205 3494 4259 in
3551 4206 3814 4262 ecclesia-

532 4308 661 4369 num
689 4293 945 4349 invocant
971 4294 1063 4363 qui
1110 4294 1165 4348 in
1200 4294 1492 4365 hospitium
1521 4295 1699 4351 cordis
1727 4297 1807 4351 sui
1838 4295 2123 4350 Dominum
2224 4297 2375 4353 sticis
2397 4297 2720 4352 institutisin
2743 4298 2940 4366 quibus
2956 4297 3051 4351 tibi
3075 4296 3330 4361 militant,
3349 4314 3381 4350 a
3402 4297 3815 4352 contradictione

530 4391 729 4438 vocant
750 4390 808 4438 et
831 4397 924 4438 cor
942 4398 1100 4438 suum
1127 4383 1276 4443 omni
1301 4385 1553 4439 vitiorum
1589 4385 1749 4440 sorde
1781 4393 2034 4456 purgant,
2064 4393 2126 4440 ut
2223 4386 2546 4458 linguarum,
2583 4394 2642 4441 ut
2686 4386 2946 4441 unitatem
2988 4394 3047 4442 et
3089 4386 3369 4441 veritatem
3399 4384 3521 4441 ﬁdei
3573 4395 3812 4449 teneant,

531 4472 641 4529 tale
687 4472 979 4542 hospitium
1026 4471 1288 4527 Dominus
1338 4474 1545 4545 ingredi
1621 4490 1729 4529 non
1779 4473 2118 4545 dedignetur.
2148 4539 2184 4545 λ
2224 4478 2460 4536 haereses
2503 4495 2609 4535 non
2651 4479 2953 4545 incurrant,
3007 4480 3382 4537 contradicant
3430 4479 3814 4535 haereticorum

531 4539 858 4615 Erubescant
900 4561 1046 4630 impii
1067 4561 1155 4630 qui
1187 4571 1240 4617 te
1282 4539 1684 4619 noninvocant.
1713 4562 1781 4617 Et
1823 4539 1932 4619 bed
1960 4564 2118 4620 modo
2222 4569 2431 4643 lingua).
2456 4567 2556 4637 'l‘u,
2586 4539 3033 4636 ochristiauc,ad
3057 4569 3459 4624 tabernaculum
3485 4568 3639 4640 fuge,
3657 4580 3813 4641 regit-

532 4651 876 4715 erubescant,
917 4653 1245 4708 deducantur
1275 4655 1332 4709 in
1379 4654 1663 4726 infernum.
1697 4654 1884 4710 Merita
1930 4669 2116 4711 eorum

532 4744 800 4819 deducant
848 4760 944 4800 eos
970 4760 1036 4800 ex
1081 4747 1330 4810 adverso,
1364 4755 1423 4802 ut
1448 4761 1573 4803 cum
1621 4750 1759 4807 servi
1793 4746 1869 4802 tui
1895 4747 2005 4802 sint
2051 4748 2119 4804 ad

474 4869 481 4875 -
533 4838 828 4905 dexteram,
856 4839 929 4910 illi
980 4841 1244 4896 dedantur
1292 4843 1358 4898 ad
1409 4844 1717 4899 sinistram:
1749 4845 1803 4900 lii
1857 4846 1908 4900 in
1952 4850 2117 4905 vitam

531 4936 809 4995 aeternam,
852 4930 927 4985 illi
952 4931 1008 4985 in
1056 4933 1377 5002 supplicium
1427 4944 1685 4990 aeternum
1718 4935 1934 5007 (Matth.
1964 4940 2115 5007 xxv),

532 5019 616 5074 vel
659 5020 995 5076 deducantur
1033 5023 1121 5078 hic
1166 5024 1220 5078 in
1267 5023 1576 5089 infernum,
1632 5026 1681 5080 id
1720 5035 1821 5091 est,
1875 5028 1927 5083 in
1989 5046 2119 5086 con-

530 5118 856 5165 summatam
895 5112 1209 5181 nequitiam.
1257 5113 1323 5167 Et
1367 5116 1581 5169 tandem
1623 5126 1767 5169 muta
1801 5116 1930 5182 ﬁant
1977 5118 2117 5174 labia

528 5201 736 5265 dolosa,
788 5201 931 5257 labia
971 5202 1312 5258 inimicorum
1364 5205 1564 5261 Christi
1610 5215 1667 5262 et
1704 5205 1981 5272 Ecclesiae,
2023 5211 2115 5280 qui

528 5308 651 5354 cum
677 5292 1049 5349 viderintillos
1075 5310 1210 5364 quos
1233 5296 1536 5352 habuerunt
1580 5298 1632 5352 in
1687 5298 1923 5353 derisum
1965 5297 2113 5371 (Sap.

529 5382 605 5452 v),
650 5383 916 5454 ingloria,
961 5397 1020 5440 se
1060 5394 1239 5441 autem
1288 5386 1339 5440 in
1390 5386 1628 5450 miseria,
1658 5402 1761 5441 non
1794 5387 1933 5442 ultra
1963 5397 2118 5459 pole-

533 5483 657 5529 rnnt
709 5476 1081 5532 contradicere
1118 5477 1350 5532 veritati.
1404 5476 1652 5533 Ostendit
1700 5493 1818 5548 qua:
1865 5478 1974 5533 sint
2028 5479 2115 5532 illa

530 5564 672 5619 labia
694 5565 907 5631 dolosa,
934 5567 1139 5623 scilicet
1169 5585 1286 5639 quw
1317 5568 1405 5624 hic
1448 5568 1733 5639 loquuntur
1762 5570 2008 5624 adversus
2028 5568 2120 5637 ju-

532 5666 671 5709 uum
723 5648 1070 5729 iniquitatem.
1119 5658 1289 5715 Judaei
1340 5658 1598 5715 adversus
1626 5659 1938 5725 Christum,
1997 5657 2119 5714 Non

531 5744 779 5801 habemus
808 5762 973 5818 regem
998 5750 1097 5803 nisi
1126 5750 1384 5805 Ctrsarem
1432 5749 1615 5821 (Joan.
1668 5750 1806 5821 MK).
1839 5749 1905 5806 Et
1946 5752 2121 5809 incrc«

2222 4660 2327 4717 lam
2350 4670 2492 4718 tene.
2504 4660 2678 4717 Aliter
2694 4680 2706 4714 :
2724 4661 3019 4717 Abscondes
3031 4674 3117 4716 eos
3132 4662 3186 4716 in
3200 4661 3503 4716 abscondito
3515 4662 3680 4731 faciei
3690 4672 3810 4724 tua',

2220 4754 2275 4811 id
2295 4764 2398 4821 est,
2421 4755 2567 4810 intus
2583 4754 2635 4808 in
2652 4754 2836 4818 corde,
2854 4754 2942 4809 ubi
2967 4754 3150 4823 facies,
3192 4754 3244 4808 id
3267 4761 3372 4819 est,
3391 4754 3686 4823 praesentia
3726 4762 3810 4807 tua

2221 4843 2534 4899 abscondita
2550 4854 2650 4909 est,
2669 4861 2700 4897 a
2723 4843 3117 4897 conturbatione
3134 4842 3425 4905 hominum,
3448 4851 3510 4897 ut
3532 4842 3665 4898 illuc
3687 4859 3813 4898 con:-

2224 4932 2725 5004 l‘ugientesdesuper
2748 4933 3028 4996 irrideant,
3048 4930 3178 4987 foris
3189 4930 3599 4986 conturbantes.
3616 4932 3812 4998 Quent-

2217 5025 2501 5078 admOdum
2536 5023 2621 5078 ille
2638 5025 2729 5094 qui
2757 5024 3015 5078 munitam
3038 5023 3253 5079 domum
3286 5021 3460 5083 habet,
3495 5021 3625 5077 illuc
3644 5039 3706 5078 se
3726 5039 3810 5076 rc-

2217 5115 2348 5186 cipit
2371 5131 2400 5169 a
2421 5113 2559 5169 facie
2579 5115 2935 5183 tempestatis,
2952 5114 3023 5168 ita
3051 5113 3117 5167 ad
3137 5111 3524 5168 conscientiam
3540 5127 3734 5182 puram
3758 5114 3808 5166 in

2218 5222 2321 5277 qua
2346 5190 2486 5263 Deus
2501 5206 2785 5269 inhabitat,
2804 5206 3032 5275 quisque
3044 5202 3217 5259 ﬁdelis
3234 5203 3528 5258 recurrite!
3545 5218 3573 5255 a
3596 5204 3810 5258 turbine

2217 5297 2651 5369 persecutionum
2677 5304 2823 5350 tutus
2839 5304 3043 5360 manet,
3065 5302 3119 5349 et
3140 5307 3246 5348 non
3268 5291 3441 5347 solum
3466 5292 3616 5347 intus
3630 5303 3809 5363 prote-

2219 5401 2333 5457 ges,
2363 5386 2456 5441 sed
2480 5385 2644 5440 etiam
2658 5382 2809 5439 foris.
2837 5381 3083 5453 Proteges
3108 5397 3196 5437 eos
3222 5382 3278 5436 in
3300 5382 3643 5437 tabernaculo
3667 5395 3757 5437 tuo
3778 5399 3807 5435 a

2221 5476 2627 5533 contradictione
2664 5474 2989 5544 linguarum,
3030 5473 3182 5539 foris,
3215 5472 3270 5527 id
3297 5481 3401 5538 est,
3436 5474 3487 5527 in
3519 5474 3808 5530 manifesto

2220 5577 2453 5639 proteges
2494 5568 2550 5620 in
2600 5564 2936 5621 tabernaculo
2969 5574 3081 5628 tuo,
3113 5564 3167 5619 id
3199 5575 3305 5629 est,
3349 5565 3401 5618 iu
3448 5565 3806 5621 sacramentis

2221 5658 2606 5717 ecclesiasticis
2633 5676 2665 5712 a
2696 5657 3104 5712 contradictione
3128 5656 3449 5727 linguarum,
3477 5664 3540 5711 ut
3560 5663 3804 5711 tenentes

2222 5753 2483 5809 unitatem
2533 5746 2587 5808 et
2633 5751 2913 5805 veritatem
2968 5748 3089 5802 ﬁdei
3140 5763 3245 5803 non
3299 5748 3526 5802 timeant
3576 5761 3802 5817 prem
