3930 5596
83 325 202 382 εον

1260 329 1786 388 ENARRATIONES
1822 331 1888 388 ΙΝ
1927 330 2254 393 ΡΕΔΙΛΙΟΞ.

3260 337 3366 399 9.38

80 439 298 506 dogma
344 425 761 501 lk'ercticorum.‘
783 439 850 496 Et
887 441 938 495 in
984 441 1068 496 his
1110 442 1357 497 oumibus
1391 443 1683 506 beneﬁciis,
1717 447 1760 504 Λ
1788 444 2005 511 speratis
2033 446 2087 498 in
2123 445 2364 512 Domino,
2404 461 2508 501 non
2535 442 2586 495 ill
2625 458 2746 498 sm"
2769 446 2836 508 lo.
2871 446 3074 503 scilicet
3103 451 3193 520 qui
3223 468 3360 521 prae-

82 528 179 580 vel
225 528 496 583 halientes
530 545 660 599 ergo
695 540 898 587 tantam
944 548 1093 602 spem
1136 549 1229 603 per
1269 535 1691 589 misericordiam

82 619 222 682 Dei,
257 620 505 674 dicamus
539 636 554 673 :
585 621 896 677 Benedictus
929 623 1201 690 Dominus,
1241 613 1294 679 id
1323 636 1405 680 est
1435 625 1691 695 multipli-

80 720 256 764 retur
276 721 338 765 et
366 721 575 767 crescat
616 714 666 768 in
699 714 830 768 suis.
860 713 1119 780 Quoniam
1158 717 1452 786 miriﬁcavit
1489 719 1685 772 miseri-

81 801 344 854 cordiam
394 818 544 856 suam
596 804 742 869 milii,
781 805 832 858 id
872 815 976 870 est,
1023 822 1269 876 magnam
1299 817 1354 862 et
1395 807 1691 860 mirabilem

82 889 232 942 mihi
285 892 527 946 ostendit
571 893 920 950 salvatiouem
969 913 1120 951 suam
1161 898 1212 951 in
1252 899 1456 952 civitate
1492 899 1692 952 munita

78 983 227 1036 alibi
255 985 684 1052 circumstante,
711 987 762 1043 id
791 997 894 1054 est,
924 990 974 1043 in
996 990 1258 1045 catholica
1283 989 1550 1054 Ecclesia,
1573 1005 1692 1060 qua:

79 1073 250 1140 prius
282 1075 341 1128 in
366 1073 545 1130 Judaaa
573 1086 774 1134 tantum
803 1093 986 1148 parva,
1023 1095 1165 1135 nunc
1189 1080 1394 1134 munita
1417 1089 1501 1136 est
1526 1093 1690 1154 popu-

81 1162 277 1215 lorum
325 1162 621 1233 frequentia
649 1180 746 1236 per
779 1167 1038 1222 circulum
1078 1177 1235 1224 terra:
1279 1167 1424 1223 illam
1455 1170 1688 1239 priorem

78 1254 379 1308 aliibiente
423 1263 478 1309 et
517 1257 808 1311 muniente.
848 1250 1006 1313 Prius
1051 1259 1150 1315 l'uit
1193 1259 1430 1315 Ecclesia
1478 1261 1529 1313 in
1579 1259 1690 1314 sola

79 1341 312 1409 innima,
364 1346 493 1415 quia
528 1346 596 1402 ibi
631 1346 734 1402 fuit
777 1348 895 1405 laus
934 1348 1050 1416 Dei,
1097 1352 1166 1406 ibi
1209 1359 1568 1414 sacramenta,
1615 1351 1686 1405 ibi

79 1435 502 1502 quodammodo
547 1453 774 1494 accensa
818 1449 946 1496 sunt
985 1443 1231 1512 qumdam
1279 1443 1445 1515 ligna,
1491 1438 1544 1500 id
1581 1453 1687 1508 est,

81 1532 335 1598 apostoli
371 1532 494 1604 igne
517 1534 684 1589 divini
711 1535 964 1608 Spiritus,
997 1548 1053 1596 et
1078 1539 1324 1594 exierunt
1351 1549 1403 1595 et
1437 1540 1692 1596 combus-

78 1630 290 1672 serunt
334 1636 526 1676 omnes
573 1624 752 1695 sylvas
793 1641 890 1695 per
926 1627 1232 1694 circuitum,
1260 1627 1312 1683 id
1342 1636 1446 1695 est,
1477 1627 1689 1701 gentili-

79 1717 265 1763 tatem
304 1712 540 1781 undique
567 1728 670 1782 per
697 1716 980 1772 circuitum
1017 1713 1158 1772 illius
1197 1718 1392 1787 prioris
1431 1717 1684 1786 civitatis,

1793 532 1957 586 mium
2000 529 2200 589 laboris
2238 535 2402 591 vestri
2442 536 2671 608 speratis
2699 547 2728 586 a
2780 537 3024 604 Domino.
3070 550 3125 596 el
3159 559 3264 598 non
3312 547 3366 600 in

1792 623 1894 678 alia
1923 638 1978 679 re
2001 625 2098 679 nisi
2131 627 2182 680 in
2213 627 2327 698 ipso
2353 629 2597 686 Domino.

1864 715 1916 768 In
1944 730 2074 771 voce
2115 717 2305 788 capitis
2337 721 2683 790 exposuimus
2715 721 2974 792 psalmum
3007 723 3105 780 sub
3135 739 3365 795 persona

1793 802 2177 860 membrorum.
2206 806 2393 864 Potest
2421 821 2599 864 autem
2627 810 2818 880 exponi
2851 815 2900 867 in
2931 824 3062 870 Voce
3091 816 3218 870 etin
3245 832 3367 887 per-

1790 912 1919 950 sona
1951 898 2115 969 ipsius
2152 902 2361 971 capitis,
2399 905 2500 959 hoc
2537 907 2729 961 modo:
2765 906 2830 961 In
2859 916 2925 971 te,
2971 908 3212 976 Domine,
3249 929 3366 981 spe-

1791 987 1921 1053 ravi,
1949 1001 2047 1060 ego
2081 987 2389 1048 Dominicus
2424 993 2605 1060 homo,
2635 1011 2668 1050 0
2698 995 2915 1052 Domine
2946 998 3199 1066 Verbum,
3230 1002 3280 1055 in
3321 1012 3374 1057 te

1789 1085 1872 1129 est
1908 1091 2031 1146 spes
2069 1079 2462 1150 corpOralitatis
2492 1098 2643 1148 mem,
2680 1101 2783 1139 non
2812 1088 3022 1154 speravi
3063 1090 3116 1144 in
3158 1106 3268 1156 me,
3307 1105 3368 1145 ut

1789 1165 1954 1221 miser
1984 1166 2176 1224 Adam.
2227 1169 2293 1225 Et
2339 1172 2487 1238 ideo,
2523 1186 2625 1228 non
2666 1175 2957 1245 confundor
3001 1180 3054 1233 in
3085 1190 3359 1244 (eternum,

1789 1254 2042 1312 confusus
2080 1271 2198 1314 sum
2231 1261 2282 1316 in
2313 1262 2584 1331 passione,
2618 1279 2718 1320 non
2746 1267 3041 1336 confundar
3076 1271 3127 1326 in
3165 1281 3360 1336 morte,

1788 1344 1877 1413 qui
1904 1343 2034 1410 dixi,
2052 1345 2176 1402 Post
2197 1357 2299 1404 tres
2320 1351 2431 1405 dies
2451 1366 2736 1424 resurgam.
2752 1353 2819 1410 Et
2840 1365 2896 1410 ut
2917 1373 3020 1412 non
3045 1360 3357 1430 confundor,

1788 1433 1842 1484 in
1868 1442 1960 1486 tua
1979 1425 2201 1504 'justitia
2232 1439 2394 1494 libera
2423 1454 2525 1506 me,
2557 1443 2761 1498 scilicet
2792 1459 2820 1499 a
2853 1457 3046 1514 morte,
3076 1451 3279 1507 scilicet
3311 1454 3363 1507 in

1789 1522 2090 1580 humilitate
2141 1537 2195 1582 et
2243 1530 2546 1587 obedientia
2597 1550 2696 1622 per
2733 1552 2893 1608 quam
2935 1537 3229 1610 justilicas,
3278 1547 3368 1615 qui

1787 1614 1956 1670 Adam
1990 1616 2281 1676 dcstituisti
2325 1623 2375 1677 in
2415 1639 2511 1679 sua
2549 1614 2782 1694 iustitia.
2828 1629 2940 1687 Hoc
2971 1635 3128 1689 modo
3162 1614 3324 1691 libera
3349 1651 3368 1688 :

1790 1703 1996 1763 Inclina
2027 1709 2096 1762 ad
2119 1727 2198 1765 me
2225 1725 2405 1766 aurem
2431 1725 2593 1780 tuam,
2625 1719 2693 1772 ad
2720 1718 3084 1777 infirmitatem
3117 1723 3367 1778 humani—

76 1802 149 1854 ad
186 1816 442 1859 amorem
467 1803 558 1858 Dei
575 1805 922 1876 praedicando
949 1809 1328 1875 accenderunt,
1358 1818 1412 1865 et
1435 1810 1515 1865 sic
1544 1809 1684 1866 illam

1793 1797 1918 1851 tatis
1960 1797 2291 1856 divinitatem
2342 1812 2486 1858 tuam
2527 1806 2744 1871 inclina,
2791 1819 2868 1876 ut,
2906 1827 3028 1866 cum
3070 1815 3274 1869 moriar
3300 1831 3367 1870 ex

75 1899 338 1966 priorem
378 1898 650 1955 civitatem
694 1901 1088 1973 ampliaverunt
1129 1912 1185 1958 et
1226 1904 1564 1970 munierunt;
1609 1904 1689 1960 vel

76 1985 137 2037 in
163 1986 386 2041 civitate
415 1990 636 2054 munita,
667 1989 718 2045 id
744 1999 846 2056 est,
872 1989 1168 2048 Jerusalem
1197 1993 1249 2048 in
1290 1994 1464 2050 medio
1492 1995 1692 2050 mundo

77 2077 300 2146 posita,
346 2078 417 2132 ibi
464 2079 758 2147 miri/ienuit
788 2083 1198 2138 misericordiam
1234 2100 1406 2150 suam,
1445 2085 1568 2155 quia
1618 2085 1689 2139 ibi

76 2177 275 2233 natus,
299 2169 373 2224 ibi
397 2185 609 2240 passus,
631 2171 705 2226 ibi
725 2173 1106 2237 ascenditNel,
1132 2175 1394 2231 munitam
1416 2177 1689 2232 civitatem

76 2260 225 2315 dicit
253 2261 556 2317 Ecclesium
582 2263 899 2320 catholicam
928 2266 1163 2337 undique
1196 2282 1295 2338 per
1328 2266 1486 2323 ﬁdem
1516 2268 1690 2324 muni-

79 2363 228 2416 tam,
286 2352 378 2407 vel
417 2352 714 2410 Jerusalem
749 2355 1024 2413 caelestem
1070 2359 1331 2414 munitam
1375 2359 1689 2430 angelorum

79 2440 434 2508 frequentia.
471 2443 531 2497 Et
560 2452 616 2497 ut
647 2444 732 2498 illa
766 2445 1152 2513 misericordia,
1186 2449 1237 2502 id
1267 2458 1368 2514 est,
1395 2450 1691 2520 redemptio

75 2539 135 2583 et
167 2530 415 2585 salvatio
445 2533 848 2601 mirilicaretur,
892 2536 1005 2608 Ego
1044 2549 1217 2592 autem
1237 2540 1346 2592 dixi
1383 2539 1438 2595 in
1473 2555 1690 2594 excessu

76 2623 284 2674 mentis
311 2637 444 2676 mete
465 2639 486 2678 :
513 2621 785 2695 Projectus
803 2643 918 2682 sum
950 2646 980 2682 a
1003 2628 1137 2699 facie
1167 2629 1436 2685 oculorum
1455 2641 1688 2696 tuorum,

78 2712 350 2781 cogitans
394 2727 482 2767 me
517 2715 570 2768 iu
599 2717 772 2786 primo
815 2728 1041 2788 parente
1070 2727 1525 2788 transgressorem
1555 2736 1690 2790 prae-

77 2802 234 2871 cepti
267 2801 373 2867 tui,
403 2818 562 2873 quem
597 2822 664 2861 ex
693 2823 885 2879 magna
925 2809 1293 2867 misericordia
1333 2812 1560 2868 similem
1595 2815 1688 2869 tibi

77 2908 413 2960 creaveras,
456 2897 811 2955 immortalem
863 2900 1100 2966 ieceras,
1153 2902 1206 2958 in
1243 2903 1409 2974 gloria
1453 2905 1687 2976 paradisi

79 3001 384 3066 posueras,
429 2991 752 3062 quandoque
787 2993 853 3048 ad
893 2992 1151 3063 majorem
1193 2995 1419 3066 gloriam
1462 2998 1690 3055 transle-

80 3062 349 3132 rendnm.
380 3078 526 3145 Diei,
559 3081 610 3135 id
633 3092 736 3146 est,
767 3062 1012 3154 cogitavi.
1050 3084 1326 3156 Projectus
1351 3104 1467 3142 sum
1495 3105 1526 3142 a
1552 3088 1688 3159 facie

1791 1883 2101 1945 inﬁrmitate
2145 1894 2342 1956 carnis,
2374 1909 2648 1967 resurgam
2677 1911 2743 1954 cx
2785 1903 3019 1971 potentia
3050 1903 3364 1961 divinitatis.

1789 1975 2033 2032 Ac‘celera
2077 1991 2132 2033 ut
2176 1997 2332 2036 eruas
2371 2000 2472 2051 me,
2526 1987 2728 2044 scilicet
2767 1993 2832 2045 de
2866 1991 3016 2048 fovea
3059 1997 3266 2061 mortis,
3301 2015 3368 2052 ne

1790 2071 2010 2130 diﬂ‘eras
2044 2091 2130 2132 me
2169 2082 2491 2136 resuscitare
2516 2098 2684 2154 usque
2728 2086 2780 2140 in
2817 2101 3155 2146 communem
3192 2108 3368 2147 resur-

1793 2163 2106 2222 rectionem.
2129 2167 2253 2223 Esto
2277 2171 2406 2225 mihi
2429 2172 2479 2225 in
2497 2173 2661 2228 Deum
2679 2187 3019 2246 protectorem
3040 2181 3093 2234 in
3118 2185 3368 2250 passione

1791 2261 1837 2310 et
1865 2257 1918 2311 in
1945 2258 2155 2314 domum
2188 2264 2377 2334 refugii
2409 2264 2462 2318 in
2494 2277 2683 2323 morte.

1861 2348 1984 2404 Ideo
2013 2353 2262 2421 quoniam
2288 2363 2342 2408 tu
2373 2355 2624 2424 Verbum,
2648 2375 2700 2414 es
2727 2361 2979 2430 fortitudo
3002 2381 3133 2421 mea:
3176 2367 3365 2422 huma-

1793 2440 1974 2497 nitatis
1995 2453 2042 2496 et
2068 2443 2342 2516 refugiant.
2367 2447 2432 2501 Et
2450 2451 2574 2520 quia
2597 2462 2651 2504 tu
2675 2469 2727 2507 es
2751 2466 3064 2524 protectoret
3084 2459 3364 2532 refugium,

1790 2530 2012 2585 deduces
2039 2536 2198 2588 mede
2225 2547 2396 2590 morte
2417 2538 2468 2592 in
2492 2537 2686 2608 vitam,
2729 2544 2810 2598 vel
2839 2545 2903 2600 de
2943 2530 3367 2605 contradictione

1790 2617 1995 2677 Judaici
2027 2624 2239 2694 populi,
2266 2635 2319 2681 et
2358 2629 2650 2688 constitues
2679 2648 2762 2688 me
2806 2635 2858 2690 iu
2899 2647 3058 2708 caput
3095 2642 3356 2711 gentium.

1792 2706 1858 2762 Et
1887 2713 2113 2767 enutries
2141 2733 2249 2780 me,
2286 2716 2337 2769 id
2369 2727 2451 2772 est
2478 2732 2541 2773 ex
2572 2721 2824 2790 perlectis
2845 2706 3139 2795 perfectum
3165 2746 3362 2802 corpus

1793 2801 1923 2856 mihi
1953 2804 2252 2874 adaptabls,
2296 2807 2611 2864 humilitatis
2641 2827 2773 2869 meae
2797 2817 3040 2888 exemplo
3071 2819 3190 2876 illos
3210 2801 3363 2890 quasi

1791 2888 1930 2946 lacte
1956 2894 2236 2960 nutriens,
2281 2909 2492 2967 promer
2521 2915 2707 2956 nomen
2755 2915 2901 2960 tuum
2929 2908 3133 2965 scilicet
3158 2888 3254 2980 per
3282 2929 3368 2966 me

1790 2981 2229 3041 clariﬁcandum:
2273 2990 2374 3045 hoc
2421 2992 2578 3049 modo
2626 2995 2847 3052 deduces
2883 3015 2902 3053 :
2931 2997 3136 3056 Educes
3176 3019 3255 3058 me
3301 3005 3366 3058 de

1792 3075 1976 3146 laqueo
2030 3079 2160 3144 hoc,
2202 3095 2354 3151 quem
2405 3087 2785 3142 absconderant
2838 3091 3002 3158 mihi,
3047 3093 3247 3160 idest,
3302 3098 3368 3152 de

80 3168 375 3224 οεηιοηηη
403 3179 632 3226 morum
658 3174 843 3230 Tantae
868 3185 994 3232 sum
1013 3154 1332 3247 quimtes
1361 3193 1492 3234 mea,
1522 3154 1686 3253 οἰ-ίεί-
1712 3154 1759 3218 C
1789 3176 1964 3223 morte
1991 3184 2099 3239 qua
2127 3187 2214 3225 me
2252 3173 2394 3228 velut
2425 3173 2614 3245 laqueo
2658 3180 2896 3235 vinctum
2944 3183 2996 3236 in
3028 3184 3139 3238 sola
3182 3185 3364 3241 iudica

83 3258 249 3314 nales
276 3259 444 3330 quod,
477 3261 522 3316 si
555 3264 774 3334 respicis
800 3267 1014 3332 merita,
1039 3282 1142 3322 non
1169 3284 1287 3324 sum
1313 3270 1506 3342 dignus
1527 3287 1684 3341 quem

81 3349 236 3402 oculi
279 3352 358 3404 tui
392 3351 632 3416 videant,
681 3355 732 3408 id
759 3364 865 3420 est,
893 3358 1313 3414 misericordiam
1351 3371 1598 3429 praestes,
1633 3372 1688 3416 et

85 3442 196 3495 hoc
219 3443 459 3510 cogitavi
484 3445 536 3498 in
557 3462 767 3500 excessu
785 3451 972 3502 mentis
995 3467 1141 3517 mew,
1168 3451 1219 3507 id
1240 3462 1341 3517 est,
1371 3453 1422 3508 in
1450 3471 1680 3525 pavore:

80 3533 237 3594 ideo,
291 3533 499 3589 scilicet
537 3538 659 3606 quia
707 3539 924 3596 humilis
973 3559 1056 3598 me
1106 3548 1374 3612 accusavi,
1421 3549 1546 3618 quia
1599 3565 1684 3604 me

87 3625 412 3694 recognovi,
439 3629 703 3684 exaudiin
747 3649 915 3686 vocem
971 3638 1226 3692 orationis
1280 3656 1428 3704 metr,
1482 3641 1534 3694 id
1576 3651 1682 3708 est,

88 3715 330 3768 liberam
356 3725 412 3770 et
433 3717 660 3774 validam
688 3721 1037 3780 intentionem
1073 3729 1336 3784 exaudiin
1373 3731 1682 3787 miscricor-

88 3806 240 3859 diter
267 3807 600 3864 redimendo.
628 3811 692 3866 Et
715 3812 818 3869 hoc
841 3813 1035 3881 fecisti,
1065 3818 1191 3871 dum
1215 3819 1494 3875 clamarem
1518 3823 1586 3876 ad
1611 3833 1682 3889 te,

90 3914 204 3951 non
241 3899 308 3952 ad
347 3898 508 3954 aliud.
544 3900 656 3957 lloc
689 3912 774 3959 est
809 3907 950 3975 quod
979 3909 1103 3964 alibi
1129 3911 1259 3966 dicit
1289 3929 1302 3964 :
1341 3911 1400 3967 Si
1425 3914 1680 3982 dicebam,

90 3998 272 4040 motus
318 3997 395 4042 est
433 4005 522 4059 pes
564 4008 728 4064 meus,
777 3995 845 4049 ad
881 3995 1028 4062 illud,
1077 3997 1187 4069 Ego
1224 4001 1336 4055 dixi
1379 4004 1433 4057 in
1473 4021 1683 4060 excessu

89 4073 289 4129 mentis
316 4091 480 4131 mete:
503 4076 776 4150 Projectus
801 4099 916 4136 sum
941 4101 972 4138 a
995 4085 1128 4154 facie
1153 4087 1424 4143 oculorum
1451 4103 1680 4148 tuorum.

96 4158 468 4219 Misericordia
502 4177 614 4232 tua,
651 4167 892 4235 Domine,
931 4173 1195 4242 adjuvabit
1241 4193 1322 4231 me
1357 4177 1473 4248 (Ps.
1508 4183 1680 4256 xcm),

91 4256 159 4308 ad
191 4254 344 4319 illud,
379 4253 507 4310 Ideo
529 4257 790 4312 exaudisti
812 4276 980 4316 vocem
1010 4265 1262 4320 orationis
1289 4283 1436 4323 metr.
1463 4271 1527 4326 Et
1556 4253 1684 4341 quia

94 4342 363 4400 Dominus
387 4354 494 4400 tam
520 4347 826 4404 misericors
847 4359 928 4405 est
947 4361 1002 4406 et
1020 4361 1124 4407 tam
1150 4368 1429 4427 promptus
1448 4361 1513 4415 ad
1537 4361 1684 4431 igno-

91 4437 376 4502 scendum,
411 4437 623 4510 Diligite
649 4439 948 4506 Dominum,
982 4459 1087 4500 non
1110 4450 1386 4516 mundum,
1421 4451 1472 4507 id
1499 4463 1600 4520 est,
1629 4455 1680 4508 in

91 4525 388 4583 dilectione
409 4526 526 4596 ejus
545 4541 885 4598 perseverate
919 4534 1011 4602 qui
1047 4535 1196 4606 prior
1220 4538 1406 4596 dilexit
1435 4558 1552 4610 vos,
1588 4547 1679 4614 qui

93 4629 194 4670 vos
221 4615 417 4686 impios
446 4617 635 4672 dilexit
658 4627 716 4673 ut
737 4617 1145 4693 faceretjustos,
1172 4643 1312 4682 nunc
1338 4632 1508 4685 sancti
1530 4632 1677 4700 lacti,

89 4703 299 4772 diligite
339 4719 484 4760 eum.
533 4704 752 4778 Diligite
788 4722 912 4763 eum
951 4725 1049 4766 suo
1073 4710 1266 4770 merito
1295 4719 1384 4787 qui
1407 4719 1555 4789 prior
1586 4737 1679 4778 vos

91 4794 287 4849 dilexit
318 4794 522 4866 absque
551 4807 731 4854 vestro
761 4798 970 4855 merito.
993 4801 1117 4858 ideo
1144 4805 1306 4861 nolite
1337 4823 1366 4863 a
1396 4811 1679 4869 dilectione

91 4899 334 4947 cessare,
359 4887 606 4956 quoniam
633 4887 900 4942 veritatem
923 4892 1144 4961 requiret
1171 4893 1442 4966 Dominus,
1476 4901 1680 4959 scilicet

93 4985 153 5028 ut
174 4977 532 5044 perseveretis
552 4976 604 5033 in
626 4977 870 5035 bonitate
891 4990 945 5035 et
966 4980 1019 5036 in
1039 4986 1278 5040 custodia
1302 4991 1676 5049 mandatorum

92 5066 233 5134 ejus.
259 5066 362 5132 Qui
384 5066 522 5122 enim
543 5067 669 5124 dicit
691 5085 747 5123 se
767 5068 982 5139 diligere
1003 5071 1188 5140 Deum,
1214 5085 1262 5129 et
1289 5082 1535 5136 mandata
1563 5102 1675 5154 ejus

95 5173 204 5209 non
225 5158 472 5223 custodit,
499 5159 727 5214 mendax
743 5168 816 5213 est
833 5157 884 5230 (Ι
896 5159 1054 5217 Joan.
1070 5163 1152 5235 ll);
1177 5167 1442 5224 veritatem
1455 5173 1675 5243 requiret

95 5246 163 5299 ad
195 5250 663 5304 remunerandum.
690 5248 760 5304 Et
789 5263 1048 5309 converso
1077 5255 1319 5311 retribuet
1347 5260 1676 5318 abundanter

94 5335 410 5403 facientibus
433 5340 748 5407 superbiam,
778 5337 831 5392 id
856 5348 957 5406 est,
983 5349 1452 5411 perseverantibus
1477 5351 1527 5406 in
1555 5367 1674 5423 pec-

96 5425 599 5482 catis.Abundanter
621 5427 772 5488 enim
796 5440 1100 5500 peccantes,
1124 5435 1676 5512 abundanter'patien—

99 5525 188 5569 tur
214 5526 495 5571 tormenta.
520 5519 585 5573 Et
606 5519 732 5574 ideo
754 5518 886 5573 certi
908 5519 974 5575 de
993 5525 1232 5591 praemio,
1265 5521 1495 5585 Viriliter
1513 5534 1672 5596 agite,

1786 3259 2026 3316 detinere
2073 3272 2429 3332 putaverunt,
2463 3276 2520 3321 ut
2563 3281 2757 3326 munus
2801 3283 2920 3341 post
2966 3290 3050 3329 me
3080 3293 3185 3330 non
3231 3278 3356 3343 iret,

1784 3344 2054 3406 liberabis.
2084 3351 2476 3411 Absconderunt
2507 3367 2765 3428 quantum
2789 3364 2856 3417 ad
2889 3380 2974 3419 me
2995 3366 3135 3421 velut
3165 3367 3356 3438 laqueo

1786 3449 2047 3509 quantum
2077 3442 2144 3497 ad
2182 3459 2272 3510 se,
2311 3461 2416 3500 non
2449 3457 2712 3518 quantum
2759 3452 2824 3507 ad
2855 3467 2968 3519 me,
3009 3457 3258 3524 quoniam
3305 3468 3361 3512 tu

1783 3545 1836 3584 es
1859 3538 2120 3600 protector
2149 3549 2316 3600 meus,
2346 3532 2399 3588 in
2427 3553 2613 3592 manus
2645 3546 2764 3593 tuas
2793 3545 3094 3598 commendo
3121 3546 3363 3611 spiritum

1783 3636 1974 3688 meum,
1994 3620 2354 3692 inpotentiam
2380 3636 2523 3682 tuam
2548 3631 2702 3685 trado
2717 3630 2950 3688 animam
2973 3651 3146 3691 meam
3165 3653 3362 3694 excun-

1785 3719 1892 3764 tem
1923 3726 1951 3764 a
1983 3727 2243 3783 corpore,
2267 3723 2327 3770 ut
2360 3728 2476 3771 eam
2511 3720 2702 3776 reddas
2731 3735 2852 3778 cum
2894 3728 3138 3794 postulo,
3172 3729 3222 3785 id
3247 3742 3361 3798 est,

1783 3817 1850 3856 ex
1880 3802 2162 3861 divinitate
2211 3813 2299 3862 tua
2332 3818 2649 3879 potestatem
2692 3815 2916 3872 habeam
2962 3821 3190 3889 ponendi
3239 3825 3356 3877 ani-

1784 3909 1926 3947 mam
1959 3912 2132 3951 meam
2163 3906 2218 3952 et
2245 3898 2438 3954 iterum
2468 3907 2776 3961 assumendi
2803 3921 2942 3964 eam.

1853 3984 1977 4040 Ideo
2007 3986 2100 4041 tibi
2127 3992 2450 4058 commendo,
2499 3996 2624 4064 quia
2657 4005 2707 4050 tu
2743 3999 3006 4055 redemisti
3042 4021 3140 4068 me,
3170 4005 3222 4060 id
3249 4017 3326 4061 cst
3348 4051 3361 4069 .

1785 4079 2040 4146 redimes,
2068 4097 2098 4136 a
2138 4093 2345 4152 morte,
2391 4085 2613 4144 Domine
2636 4089 2775 4146 Deus
2808 4094 3061 4161 veritatis,
3094 4099 3182 4166 qui
3230 4117 3365 4154 mm-

1783 4184 1943 4238 quam
1987 4171 2128 4228 fallis
2167 4173 2221 4228 in
2271 4177 2569 4244 promissis.
2619 4179 2696 4235 Tu
2747 4184 2891 4237 enim
2938 4197 3034 4253 per
3071 4190 3398 4257 prophetas

1785 4261 2232 4319 resuscitaturum
2263 4280 2350 4321 me
2376 4267 2670 4336 promisisti
2703 4277 2755 4325 et
2783 4274 2908 4342 quia
2937 4273 3079 4329 Deus
3107 4280 3358 4340 veritatis,

1784 4351 1942 4405 odisti
1979 4353 2304 4410 observantes
2348 4359 2603 4414 vanitates
2648 4379 2997 4432 supervacue,
3029 4368 3236 4423 scilicet
3265 4369 3359 4424 Ju-

1787 4437 1930 4496 dazos
1957 4443 2072 4512 qui,
2101 4461 2168 4500 ne
2191 4444 2503 4503 amitterent
2532 4446 2707 4506 locum
2738 4463 2792 4508 et
2827 4467 3060 4526 gentem,
3096 4459 3357 4516 inutiliter

1713 4505 1759 4564 θ
1784 4543 1869 4584 me
1892 4532 2206 4588 occiderunt
2230 4533 2410 4607 (Joan.
2438 4539 2535 4611 XI).
2572 4539 2681 4612 Ego
2709 4557 2881 4600 autem
2911 4548 2965 4602 in
2997 4547 3218 4605 Domino
3242 4571 3358 4623 spe-

1785 4621 1924 4688 ravi,
1964 4625 2236 4680 exsultabo
2291 4638 2339 4681 et
2389 4629 2608 4685 lwtabor
2640 4632 2694 4686 in
2734 4635 3094 4696 misericordia
3134 4621 3359 4708 tua,rut

1783 4719 1963 4786 Supra,
1995 4717 2098 4774 hac
2129 4721 2368 4789 scilicet,
2399 4723 2615 4779 salvasti
2647 4728 2876 4784 animam
2910 4751 3097 4800 meam,
3133 4735 3184 4793 id
3242 4751 3318 4793 es:
3340 4783 3354 4804 ,

1780 4802 1946 4860 vitam
1984 4823 2191 4875 meam,
2225 4828 2310 4867 me
2341 4814 2710 4872 rcsuscitando
2739 4821 2804 4874 de
2831 4824 3252 4893 necessitatibus,
3302 4831 3352 4884 id

1780 4903 1901 4960 est,
1933 4897 1999 4951 de
2033 4907 2205 4952 morte
2248 4909 2302 4956 et
2347 4905 2718 4970 possibilitate.
2768 4902 3027 4973 Quoniam
3089 4919 3356 4986 respexisti

1781 4985 2123 5044 humilitatem
2156 5008 2344 5059 meam,
2376 4995 2428 5050 id
2456 5003 2538 5054 est
2559 5038 2575 5065 ,
2604 5003 2941 5071 assumpsiSti
2970 4985 3350 5064 mortalitatem

1782 5095 1991 5147 meam,
2031 5085 2115 5139 vel
2156 5085 2514 5148 obedientiam
2559 5103 2732 5146 meam
2783 5096 3087 5166 respexisti,
3119 5101 3207 5167 qui
3259 5101 3356 5152 de—

1757 5169 2000 5236 spexisti
2063 5173 2478 5235 inobedicntiam
2538 5181 2686 5235 Adze.
2754 5181 2822 5236 Et
2881 5186 3134 5240 salvando
3166 5227 3181 5252 ,
3243 5187 3354 5241 Nec

1778 5257 2075 5314 conclusisti
2110 5275 2190 5316 me
2235 5265 2288 5317 in
2317 5282 2505 5326 manus
2535 5269 2762 5335 inimici,
2795 5271 2845 5326 id
2870 5283 2982 5339 est,
3013 5276 3063 5329 in
3093 5283 3353 5343 potestate

1778 5343 1983 5404 Judaici
2027 5351 2239 5420 populi,
2264 5364 2321 5410 ut
2346 5371 2447 5426 per
2473 5368 2700 5416 mortem
2728 5359 3029 5418 detinerent
3056 5377 3140 5417 me
3168 5364 3219 5418 in
3259 5382 3355 5420 an-

1780 5439 1969 5508 gustiis
2005 5439 2223 5498 Judzeze.
2265 5445 2518 5508 Clausisd
2569 5464 2654 5505 me
2692 5449 2744 5502 in
2789 5462 3053 5518 potestate
3098 5453 3354 5526 illorum,

1780 5530 1904 5596 Quia
1935 5542 2179 5588 mortuus
2227 5549 2382 5594 suum
2404 5582 2420 5596 .
2460 5544 2554 5596 sed
2599 5555 2703 5596 non
2735 5541 3067 5596 conclusisti.
3113 5543 3234 5596 auia
3269 5565 3355 5596 ιοιι-
