3930 5588
546 432 654 503 asa

1176 448 1427 504 REMlGll
1468 447 2117 505 ANTISSIODORENSIS
2153 448 2301 504 OPP.
2331 412 2521 508 .PARS
2559 453 2598 507 I.
2638 483 2708 493 -
2743 453 3146 511 EXEGETICA.

547 561 844 616 intuitum:
883 559 1002 614 ideo
1043 576 1145 616 non
1174 560 1472 616 conclusisti
1503 560 1656 631 pedes
1696 577 1834 617 meos
1860 602 1875 629 ,
1906 561 1958 618 id
1998 571 2112 629 εει,
2145 565 2190 626 Α
2218 565 2486 623 rationem
2522 580 2708 622 eorum
2753 581 3036 633 veneram,
3075 565 3306 635 accipere
3347 567 3584 623 animum
3627 584 3777 625 meum

546 653 946 722 praedicatores,
976 654 1029 707 in
1062 652 1175 707 loco
1204 654 1451 724 spatioso,
1480 654 1531 709 id
1573 662 1687 723 est,
1722 655 1772 710 in
1807 663 1913 711 tota
1941 655 2117 725 genti-

546 744 716 798 litate.
748 744 1001 801 Accensae
1028 751 1152 798 sunt
1179 742 1324 799 faces
1351 744 1402 799 iu
1432 742 1615 799 Judaea
1642 760 1762 816 quae
1789 745 2036 801 exierunt
2063 753 2119 800 et

545 847 717 892 totum
763 838 1016 893 mundum
1040 838 1409 894 incenderunt.
1444 837 1693 894 Miserere
1711 841 1833 906 mei,
1880 839 2114 894 Domine.

542 931 710 998 Quasi
738 931 921 987 dicat:
953 931 1323 988 Resuscitatus
1351 942 1408 988 et
1440 932 1587 988 omni
1620 932 1971 1004 passibilitate
2000 946 2119 988 ere.

544 1028 669 1089 plus
686 1017 798 1087 jam
829 1034 933 1074 non
967 1028 1173 1076 terreor
1208 1030 1402 1089 morte,
1439 1012 1531 1077 scd
1559 1023 1799 1076 miserere
1827 1022 1966 1089 mei,
1990 1037 2119 1092 per-

548 1109 649 1166 tice
687 1105 739 1166 in
769 1111 849 1167 eis
891 1113 1033 1182 quod
1059 1112 1303 1183 incepisti
1340 1113 1392 1169 in
1441 1129 1555 1180 me,
1603 1114 1850 1186 quoniam
1895 1113 2120 1170 tribular

543 1214 650 1253 non
676 1199 729 1255 in
758 1215 877 1266 me,
904 1194 997 1257 Sed
1033 1202 1085 1257 in
1117 1203 1270 1269 meis,
1300 1202 1350 1258 id
1378 1212 1493 1271 est,
1534 1202 1823 1258 crudelitas
1864 1218 2118 1274 persecu-

546 1298 720 1344 torum
750 1306 1003 1363 magnum
1032 1293 1162 1348 mibi
1188 1294 1433 1348 timorem
1457 1293 1649 1349 incutit
1673 1293 1815 1359 inde,
1845 1292 1969 1366 quia
1994 1310 2122 1350 con-

543 1376 780 1437 turbatus
808 1392 882 1436 est
914 1382 1095 1438 oculus
1125 1402 1269 1439 meus
1305 1386 1549 1449 interior.
1577 1386 1628 1441 id
1653 1394 1766 1454 εει,
1794 1386 1933 1443 ratio
1971 1401 2119 1444 meo—

540 1485 659 1549 rum
689 1473 1003 1528 conturbata
1048 1482 1132 1530 est
1174 1477 1227 1530 in
1267 1477 1347 1531 ira
1378 1492 1540 1548 quam
1587 1468 1886 1549 promeruit
1911 1478 2120 1551 primus
2170 1529 2174 1533 «

539 1577 756 1632 parens.
781 1564 930 1620 Mens
958 1581 1223 1633 meorum,
1251 1583 1372 1637 qua:
1391 1568 1574 1623 debuit
1600 1568 1684 1622 vir
1712 1582 1831 1624 esse
1849 1577 1902 1623 et
1925 1569 2115 1637 Evam,

540 1650 595 1706 id
622 1660 705 1708 est
740 1669 955 1710 carnem
1005 1670 1178 1723 suam,
1212 1674 1427 1729 regere,
1456 1658 1503 1713 si
1537 1658 1636 1714 sub
1672 1659 1848 1729 capite
1879 1674 1978 1716 suo
2002 1675 2117 1715 ma-

538 1753 728 1809 neret,
756 1746 1013 1802 recedens
1040 1762 1068 1800 a
1111 1748 1286 1819 capite
1324 1764 1454 1814 suo,
1493 1750 1543 1804 id
1582 1760 1665 1805 est
1709 1765 1737 1804 a
1774 1749 1883 1806 Deo
1908 1790 1924 1816 ,
1964 1750 2117 1821 inﬁt"

538 1841 682 1885 mata
713 1845 807 1888 est.
839 1834 902 1888 Et
931 1835 1109 1890 anima
1133 1854 1274 1904 mea,
1306 1838 1355 1893 id
1383 1848 1483 1904 est,
1507 1838 1824 1895 sensualitas
1845 1840 2113 1910 inﬁrmata

535 1932 645 1988 est,
692 1925 817 1994 quia
865 1926 947 1981 vir
990 1927 1144 1995 Erat,
1193 1928 1243 1982 id
1298 1937 1381 1986 εει
1424 1930 1594 1996 ratio,
1644 1930 1813 1986 uoluit
1851 1946 1972 1987 esse
2014 1931 2116 1987 sub

537 2014 713 2084 capite
741 2031 840 2072 suo
866 2057 880 2083 ,
910 2034 1009 2075 nec
1033 2018 1164 2084 Eva,
1194 2020 1246 2076 id
1266 2029 1346 2076 est
1374 2062 1388 2086 ,
1412 2022 1734 2078 seusualitas
1753 2064 1767 2088 ,
1793 2022 1965 2078 noluit
1993 2036 2116 2078 esse

518 2104 638 2177 sub
685 2121 783 2160 suo
808 2108 1023 2178 capite,
1079 2108 1129 2163 id
1173 2119 1284 2174 est,
1317 2111 1418 2166 sub
1440 2111 1679 2167 dominio
1722 2112 1968 2177 rationis,
2017 2126 2115 2168 nec

536 2195 679 2250 valet
704 2213 823 2252 eam
856 2199 995 2254 ratio
1022 2199 1298 2257 refrenare
1318 2242 1333 2266 ,
1363 2202 1491 2272 quin
1523 2203 1780 2258 extendat
1827 2218 2019 2259 manus
2047 2201 2114 2258 ad

537 2284 742 2341 illicita.
777 2286 843 2340 Et
874 2299 1045 2344 venter
1074 2306 1249 2357 meus,
1292 2291 1343 2347 id
1389 2301 1502 2359 est,
1543 2308 1671 2347 caro
1714 2308 1955 2348 meorum
1987 2308 2118 2348 con-

538 2382 752 2436 turbata
794 2391 1010 2437 estnon
1044 2383 1227 2439 valens
1263 2385 1718 2455 concupiscentiis
1744 2386 2016 2441 resistere.
2048 2384 2116 2440 Et

537 2458 659 2526 ideo
683 2473 928 2539 tribulor,
953 2475 1206 2544 quoniam
1230 2476 1334 2530 vita
1373 2492 1509 2542 mea,
1540 2475 1778 2547 longaeva
1822 2476 1930 2531 vita
1951 2489 2112 2546 quam

537 2563 725 2618 debuit
763 2565 924 2620 homo
953 2566 1187 2634 habere,
1216 2568 1258 2623 si
1290 2583 1319 2622 a
1350 2576 1618 2638 prtccepto
1655 2566 1863 2623 Domini
1908 2567 1999 2621 Dei
2030 2563 2113 2622 sui

535 2670 642 2710 non
683 2654 997 2723 decederet,
1023 2656 1208 2726 defecit
1239 2657 1293 2712 in
1323 2656 1533 2726 dolore,
1567 2658 1617 2713 id
1640 2666 1726 2714 est
1751 2657 1805 2712 in
1834 2656 1996 2712 verbo
2025 2653 2115 2712 illo

536 2747 678 2801 mule
698 2761 907 2819 semper
927 2758 1011 2804 εει
1029 2748 1338 2816 dolendum,
1364 2749 1529 2805 Eritis
1558 2751 1690 2819 sicut
1716 2750 1791 2803 dii
1818 2747 1973 2831 (Gen.
2004 2745 2110 2820 ιιι).

534 2840 602 2895 Et
631 2843 753 2896 anni
793 2842 894 2895 mei
917 2883 933 2909 ,
971 2841 1022 2898 id
1051 2852 1154 2907 est,
1187 2843 1312 2899 anui
1341 2858 1582 2898 meorum
1608 2842 1796 2899 interni
1825 2841 1917 2913 qui
1947 2839 2111 2896 futuri

532 2943 714 2999 erant,
740 2933 1052 2989 defecerunt
1076 2935 1131 2988 in
1158 2934 1452 3005 gannitibus,
1482 2933 1536 2989 id
1582 2942 1699 2999 est,
1733 2934 1784 2988 iu
1815 2932 1981 2988 verbo
2022 2929 2113 2986 illo

527 3025 675 3079 unde
714 3039 925 3095 semper
966 3036 1053 3080 est
1092 3024 1575 3096 ingemiscendum.
1628 3022 1910 3093 Inﬁrmata
1952 3030 2025 3075 est
2057 3020 2113 3105 in

526 3126 835 3186 paupertate
867 3109 1024 3172 virtus
1060 3133 1173 3171 utea
1200 3156 1216 3183 ,
1246 3117 1299 3172 id
1336 3124 1419 3170 est
1443 3156 1458 3183 ,
1501 3113 1853 3179 sensualitas,
1884 3121 1940 3168 et
1984 3126 2113 3167 caro

534 3222 654 3263 mea
680 3224 798 3278 qua:
823 3217 947 3265 ante
982 3208 1479 3279 prmvaricationem
1527 3205 1682 3261 ﬁrma
1711 3212 1831 3262 erat
1859 3218 2000 3258 nunc
2035 3203 2084 3258 la

533 3298 1005 3372 horatiudigentia
1034 3300 1231 3370 plena:
1282 3298 1334 3355 in
1381 3297 1527 3354 nullo
1562 3297 1708 3353 enim
1754 3295 1919 3351 babet
1961 3293 2110 3350 sufﬁ-
2136 3281 2185 3347 Β

530 3389 809 3464 cientium.
841 3388 905 3443 Et
951 3406 1070 3444 assa
1113 3405 1258 3457 mea,
1303 3388 1354 3444 id
1382 3394 1502 3454 est,
1542 3385 1680 3441 ratio
1718 3393 1773 3439 et
1816 3382 2114 3454 intelligen.

536 3482 611 3537 tia
653 3480 961 3536 conturbata
995 3492 1113 3536 sunt
1138 3520 1153 3547 ,
1193 3480 1246 3537 id
1284 3487 1407 3546 est,
1456 3475 1675 3534 confusa
1709 3475 1762 3530 in
1810 3475 2116 3546 cognitione

534 3571 669 3625 Veri.
697 3570 802 3625 Pro
840 3570 1034 3640 quibus
1069 3567 1482 3626 necessitatibus
1529 3565 1841 3621 auferendis
1889 3563 2117 3619 veniens

536 3663 694 3715 homo
727 3661 982 3715 Dominus
1026 3660 1279 3715 immunis
1308 3674 1338 3713 a
1370 3666 1593 3730 peccato
1616 3697 1630 3718 ,
1665 3654 1839 3726 factus
1866 3671 1980 3710 sum
2024 3670 2115 3724 op-

533 3755 802 3824 probrium
846 3754 1027 3809 vicinis
1063 3753 1220 3819 meis,
1273 3750 1473 3808 ludatis
1520 3749 1611 3821 qui
1650 3748 1943 3805 secundum
1995 3762 2113 3803 car-

528 3838 658 3898 nem
706 3852 862 3899 erant
909 3843 1101 3913 vieini:
1142 3859 1299 3913 super
1339 3857 1514 3896 omnes
1549 3839 1787 3895 inimicos
1834 3853 2008 3903 meos,
2061 3838 2114 3893 id

534 3945 617 3991 est
636 3977 650 4001 ,
681 3938 853 4008 magis
879 3952 963 3993 me
992 3937 1352 4008 despexerunt
1384 3950 1546 4006 quam
1574 3934 1805 4007 aliquem
1836 3931 2113 4005 gentilium

533 4041 671 4097 quos
698 4041 864 4082 canes
886 4035 939 4082 et
971 4026 1272 4083 immundos
1298 4026 1590 4082 vocabant:
1618 4024 1773 4096 quasi
1800 4024 1942 4080 dicat
1969 4032 2113 4078 tanta

524 4114 592 4169 et
620 4124 726 4170 tam
753 4115 967 4187 indigna
988 4118 1098 4187 pati
1127 4131 1231 4171 non
1262 4116 1511 4187 dignatus
1539 4132 1677 4172 sum.
1711 4114 1780 4169 Et
1807 4115 1985 4181 timor,
2010 4113 2115 4169 sei-

536 4208 665 4263 licet
706 4209 877 4278 factus
907 4225 1021 4263 sunt
1064 4209 1200 4263 notis
1239 4209 1388 4275 meis,
1418 4208 1468 4263 id
1499 4216 1615 4274 est,
1662 4206 1956 4278 discipulis.
2001 4203 2113 4260 Nos

534 4302 873 4367 sperabamus
937 4298 1060 4368 quia
1123 4299 1230 4368 ipse
1305 4306 1436 4353 esset
1517 4296 1877 4368 redempturus
1944 4294 2117 4361 Israel

534 4385 687 4456 (Luc.
739 4385 868 4459 xw).
902 4386 1003 4454 Qui
1041 4387 1278 4443 ridebant
1316 4404 1425 4454 me,
1477 4387 1530 4443 id
1577 4398 1694 4453 est,
1747 4385 2114 4456 intelligebant

535 4476 704 4532 Deum
746 4494 841 4547 per
866 4478 1155 4544 miracula,
1198 4477 1342 4549 foras
1379 4477 1624 4549 fugerunt
1664 4495 1696 4532 a
1739 4494 1819 4531 me
1843 4518 1858 4545 ,
1906 4479 1959 4532 id
1990 4486 2111 4544 est,

535 4584 566 4622 a
601 4568 880 4636 divinitate
920 4569 988 4624 ad
1023 4569 1411 4625 immanitatem
1458 4584 1516 4624 sc
1559 4578 1973 4641 converterunt,
2019 4568 2112 4639 qui

534 4662 684 4731 prius
700 4660 863 4714 Deum
883 4662 1139 4731 putabant
1158 4661 1329 4718 solum
1351 4661 1620 4716 hominem
1639 4674 1723 4715 me
1745 4660 2109 4717 crediderunt.

537 4749 796 4805 Oblivioni
818 4751 973 4805 datus
1000 4768 1114 4805 sum
1142 4769 1173 4806 a
1195 4751 1347 4806 corde
1369 4767 1554 4807 eorum
1583 4761 1832 4822 tanquam
1856 4762 2111 4817 mortuus,

537 4842 742 4898 scilicet
771 4842 992 4915 quilibet
1025 4853 1275 4916 tanquam
1304 4861 1390 4899 vas
1414 4842 1671 4915 perditum
1692 4883 1708 4909 ,
1758 4844 1809 4899 id
1841 4852 1923 4898 est
1947 4884 1963 4909 ,
1994 4852 2111 4897 tan-

534 4950 699 5006 quam
728 4952 820 4992 vas
854 4936 1038 4991 inutile
1064 4944 1119 4991 et
1143 4935 1273 4991 nulli
1304 4935 1419 4990 usui
1451 4945 1654 5006 aptum,
1690 4935 1834 5001 ideo,
1861 4936 2110 5007 quoniam

470 5068 475 5073 ι
536 5029 733 5093 audiri,
760 5028 814 5084 id
842 5037 944 5094 εει,
969 5026 1234 5097 patienter
1256 5026 1345 5081 tuli
1374 5027 1799 5096 vituperationem
1828 5026 2109 5080 multorum

535 5125 967 5180 commorantium
996 5123 1051 5177 in
1094 5121 1431 5197 circuitu,‘id
1474 5129 1588 5184 εει,
1623 5117 2006 5175 delectantium
2056 5120 2109 5174 in

530 5215 771 5264 terrm-is
787 5229 801 5258 ε
833 5215 952 5268 ideo
978 5227 1063 5266 me
1085 5211 1215 5265 nihil
1240 5225 1397 5264 nosse
1413 5218 1737 5262 nutaverant
1757 5249 1771 5256 -
1794 5209 1923 5268 quia
1945 5210 2111 5265 multa

2219 656 2480 712 consiliati
2523 667 2676 724 sunt,
2711 656 2765 713 id
2802 667 2921 725 est,
2969 673 3074 713 non
3123 656 3295 714 solum
3338 673 3461 724 me,
3492 658 3590 713 sed
3631 660 3781 716 etiam

2219 762 2369 803 meos
2395 750 2663 818 persecuti
2693 759 2819 804 sunt
2861 758 2921 804 ut
2946 749 3254 820 perderent.
3290 745 3405 819 Ego
3442 760 3625 805 autem
3649 751 3712 804 iis
3741 762 3785 807 te

2216 837 2460 909 speravi,
2506 838 2767 894 Domine:
2794 838 2936 894 istud
2984 848 3039 894 et
3079 848 3277 896 extera
3310 854 3431 909 qua:
3467 851 3784 911 sequuntur,

2217 914 2391 1002 magis
2418 929 2470 986 in
2501 944 2728 1002 persona
2758 945 2978 986 suorum
3004 929 3137 986 dicit
3164 937 3357 999 caput,
3396 944 3565 1002 quam
3591 931 3783 1021 illius.

2720 1015 3043 1077 PSALMUS
3078 1017 3272 1074 XXXI.

2626 1123 3110 1167 INTELLECTUS
3155 1126 3361 1165 DAVID

2293 1216 2315 1252 ι
2353 1196 2507 1255 Beati
2575 1213 2804 1270 quorum
2861 1200 3102 1255 remissae
3161 1209 3285 1256 sunt
3328 1202 3694 1274 iniquitates,
3743 1214 3787 1261 et

2222 1305 2243 1343 ι
2289 1303 2515 1360 quorum
2569 1299 2705 1347 tecta
2737 1299 2862 1346 sunt
2906 1299 3146 1362 peccata.
3190 1290 3390 1348 Beatus
3426 1293 3512 1347 vir
3562 1293 3659 1348 cui
3696 1310 3786 1349 non

2223 1399 2243 1435 ι
2284 1382 2565 1452 imputavit
2607 1382 2866 1438 Dominus
2901 1392 3213 1455 peceatum,
3244 1399 3345 1439 nec
3383 1393 3468 1440 εει
3515 1385 3571 1441 in
3613 1386 3788 1457 spin'tu

2222 1490 2244 1527 s
2286 1474 2404 1546 ejus
2439 1473 2614 1530 dolus.
2656 1473 2918 1542 Quoniam
2967 1474 3142 1539 tacui,
3190 1474 3639 1531 inveteraverunt
3683 1491 3788 1531 ossa

2222 1582 2242 1617 ι
2283 1578 2438 1631 mea,
2477 1562 2603 1619 dum
2640 1564 2928 1620 clamarem
2985 1573 3096 1621 tota
3134 1564 3240 1621 die.
3288 1565 3557 1633 Quoniam
3613 1567 3703 1622 die
3737 1581 3789 1621 ac

2221 1673 2243 1707 ς
2287 1663 2444 1710 ιιοειε
2472 1664 2691 1726 gravata
2727 1664 2811 1711 OSl
2836 1671 2999 1727 super
3032 1671 3118 1712 me
3152 1672 3343 1713 manus
3370 1667 3484 1725 tua,
3507 1673 3791 1715 εοηνει-ειιε

2223 1744 2243 1798 i
2287 1760 2404 1801 sum
2438 1746 2490 1802 in
2525 1760 2767 1801 terniuna
2805 1761 2947 1813 mea,
2979 1747 3106 1802 dum
3152 1747 3444 1820 conﬁgitur
3485 1750 3669 1821 Spina.
3707 1750 3790 1804 De-

2221 1852 2241 1888 t
2287 1835 2468 1893 lictum
2485 1852 2660 1892 meum
2677 1838 2949 1909 cognitum
2963 1838 3057 1894 tibi
3073 1836 3193 1903 τεεί,
3211 1846 3266 1895 ει
3286 1839 3616 1911 iniustitiam
3633 1856 3787 1897 meatu

2147 1919 2189 1978 Β
2222 1943 2242 1979 ι
2287 1942 2392 1983 non
2423 1928 2697 1984 abscondi.
2726 1928 2844 1983 Dixi
2865 1944 2879 1982 :
2903 1929 3215 1986 Conﬁtebor
3232 1932 3523 1988 adversum
3545 1948 3643 1988 me
3670 1931 3790 2001 inju-

2222 2034 2241 2068 ι
2286 2018 2483 2074 stitiam
2510 2033 2684 2073 meam
2730 2018 2990 2087 Domino,
3015 2028 3070 2074 et
3097 2031 3152 2076 tu
3183 2020 3441 2077 remisisti
3467 2022 3790 2094 impietatem

2223 2125 2242 2160 ι
2285 2109 2490 2180 pcecati
2513 2107 2637 2164 mei.
2659 2107 2763 2165 Pro
2786 2109 2887 2166 bac
2908 2112 3177 2165 orabit'ad
3208 2119 3259 2167 te
3276 2112 3460 2167 omnis
3485 2122 3718 2170 sanctus
3740 2115 3784 2169 in

2224 2216 2243 2250 ι
2290 2207 2527 2269 tempore
2552 2208 2874 2271 opportuno.
2906 2199 3286 2257 Verumtamen
3312 2201 3365 2255 in
3393 2200 3603 2258 diluvio
3643 2219 3790 2274 aqua-

2222 2305 2240 2339 ι
2287 2304 2405 2343 rum
2446 2288 2733 2344 multarum
2760 2330 2775 2354 ,
2807 2291 2873 2343 ad
2903 2304 3024 2345 eum
3075 2304 3181 2344 non
3209 2291 3694 2362 approximabunt.
3725 2292 3788 2345 Tu

2220 2396 2238 2431 ‹
2284 2394 2345 2434 εε
2373 2378 2636 2451 refugium
2659 2395 2833 2436 meum
2856 2397 2886 2434 a
2917 2381 3261 2437 tribulatione
3296 2398 3418 2453 qum
3445 2385 3791 2440 circumdedit

2220 2488 2240 2523 ι
2288 2485 2406 2537 ιηε,
2436 2470 2726 2526 exsultatio
2770 2485 2889 2526 mea
2928 2486 2959 2525 a
2987 2471 3452 2529 circumdantihus
3503 2490 3612 2528 me.
3648 2475 3790 2529 Intel-

2220 2586 2240 2619 ι
2287 2564 2484 2619 lectum
2516 2561 2612 2618 tibi
2661 2563 2798 2619 dabo
2822 2604 2836 2630 ,
2867 2573 2919 2618 et
2957 2562 3222 2619 instruam
3258 2574 3309 2618 te
3360 2566 3411 2621 in
3442 2567 3530 2620 via
3566 2567 3672 2623 hac
3697 2582 3787 2637 qua

2219 2671 2239 2707 ι
2282 2653 2574 2724 gradieris,
2621 2653 2849 2708 ﬁrmabo
2881 2669 3040 2726 super
3086 2664 3138 2710 ιε
3164 2655 3349 2712 oculos
3397 2674 3575 2713 meos.
3633 2658 3792 2713 Nolite

2219 2761 2237 2794 ι
2284 2742 2399 2798 ﬁeri
2430 2742 2569 2799 sicut
2606 2758 2777 2814 equus
2811 2753 2864 2799 et
2904 2744 3110 2811 mulus,
3147 2746 3341 2816 quibus
3370 2763 3481 2802 non
3526 2758 3615 2803 est
3651 2749 3793 2804 intel-

2219 2855 2238 2888 ι
2286 2836 2476 2893 lectus.
2527 2836 2584 2892 ln
2632 2853 2789 2893 eamo
2835 2844 2890 2893 et
2937 2836 3090 2893 freno
3119 2839 3362 2895 maxillas
3423 2856 3620 2897 eorum
3678 2856 3792 2898 εοιιο

2220 2947 2239 2982 ι
2284 2930 2520 3002 stringe,
2551 2930 2641 3000 qui
2670 2945 2776 2985 non
2803 2931 3180 3002 approximant
3207 2931 3272 2985 ad
3299 2941 3368 2987 te.
3403 2932 3575 2987 Multa
3596 2932 3787 3007 ﬂagella

2221 3038 2241 3072 ι
2281 3022 2605 3091 peccatoris,
2657 3033 2964 3093 sperantem
3016 3032 3195 3079 autem
3229 3024 3279 3078 in
3331 3026 3565 3081 Domino
3595 3028 3793 3083 miseri-

2220 3127 2239 3163 α
2281 3111 2460 3166 cordia
2490 3110 2864 3166 circumdabit.
2892 3112 3169 3168 Laetamini
3211 3114 3262 3169 in
3287 3113 3520 3175 Domino
3546 3126 3601 3173 et
3631 3118 3793 3172 exsul-

2220 3220 2240 3253 i
2284 3209 2426 3268 tate,
2469 3199 2600 3271 justi
2622 3198 2720 3271 ,et
2747 3202 3083 3273 gloriamini,
3117 3192 3308 3260 omues
3342 3206 3475 3260 recti
3506 3205 3693 3262 corde.
3721 3227 3737 3257 s

2799 3292 3242 3350 ENABRATIO.

2285 3384 2417 3440 Cum
2440 3384 2492 3439 in
2523 3384 2771 3441 omnibus
2790 3385 3026 3456 psalmus
3048 3386 3118 3441 sit
3140 3386 3454 3453 intellectus,
3476 3388 3607 3444 huic
3636 3386 3792 3444 masi

2215 3491 2301 3532 me
2347 3484 2400 3532 et
2448 3477 2799 3547 spiritualiter
2845 3478 3156 3532 attribuitur
3203 3493 3397 3533 nomen
3452 3480 3623 3546 illud,
3663 3482 3791 3551 quod

2215 3583 2498 3623 commune
2532 3576 2618 3624 est
2642 3607 2657 3634 ,
2700 3576 2921 3639 propter
2944 3568 3257 3639 dignitatem
3305 3577 3360 3623 et
3389 3570 3791 3632 excellentiam,

2213 3666 2309 3724 ut,
2339 3673 2459 3714 cum
2488 3657 2686 3713 dicitur
2714 3658 3026 3729 Apostolus,
3054 3658 3366 3729 intelligitur
3400 3657 3637 3721 Paulus;
3668 3661 3790 3716 Pro—
3876 3657 3877 3729 ᾖ

2205 3749 2372 3821 pheta
2396 3789 2411 3815 ,
2443 3747 2644 3815 Isaias;
2680 3748 2840 3814 Urbs,
2876 3750 3065 3805 Roma.

2284 3841 2537 3897 Coutinet
2578 3841 2720 3895 enim
2769 3840 3095 3895 intellectum
3135 3842 3328 3912 cuique
3376 3840 3521 3897 ﬁdeli
3564 3841 3793 3896 maxime

2204 3933 2576 3989 necessarium
2628 3936 2697 3987 ad
2742 3932 3132 3999 salvationcm,
3182 3934 3322 3988 hunc
3374 3933 3622 3999 scilicet,
3679 3945 3792 3988 ante

2216 4022 2387 4101 (idem!
2405 4040 2511 4079 non
2557 4038 2676 4080 esse
2696 4021 2952 4093 iactanda
2984 4024 3209 4091 merita,
3255 4024 3452 4095 quippe
3483 4040 3606 4095 qua:
3657 4025 3790 4080 nulla

2214 4124 2372 4181 sunt;
2406 4122 2625 4185 accepta
2676 4114 2782 4178 ﬁde
2827 4129 2922 4184 per
2956 4113 3223 4185 gratiam,
3277 4129 3382 4168 non
3428 4129 3552 4169 esse
3596 4130 3789 4185 prauo

2215 4204 2466 4259 mendum
2496 4205 2561 4259 de
2606 4202 2958 4274 impunitate,
3004 4219 3105 4258 uec
3146 4217 3268 4258 esse
3306 4203 3522 4275 pigrum
3561 4205 3614 4259 in
3662 4207 3787 4259 bona

2215 4296 2565 4366 operatione;
2601 4308 2656 4351 et
2695 4296 2738 4351 si
2770 4296 2898 4366 quid
2946 4294 3071 4351 boni
3104 4294 3293 4351 iecerit
3316 4337 3331 4359 .
3366 4313 3472 4351 non
3503 4296 3652 4364 sibi,
3706 4298 3787 4352 sed

2218 4396 2388 4445 totum
2420 4389 2606 4460 gratia:
2638 4387 2728 4443 Dei
2764 4387 3079 4443 attribuere.
3114 4387 3226 4443 Vox
3269 4386 3576 4457 Prophetas.
3626 4389 3786 4456 Quasi

2214 4480 2361 4543 dicat
2388 4499 2400 4533 :
2448 4480 2616 4536 Video
2645 4480 2887 4535 homines
2914 4479 3046 4535 velle
3072 4494 3196 4535 eSse
3228 4482 3444 4545 beatos,
3473 4481 3569 4535 sed
3596 4480 3786 4535 diversi

2216 4570 2424 4626 diversa
2464 4571 2531 4625 de
2569 4566 2898 4626 beatitudine
2945 4570 3292 4626 constituunt.
3333 4569 3448 4626 Hoc
3476 4580 3658 4626 autem
3701 4586 3787 4626 ca—

2164 4628 2189 4678 )
2217 4661 2473 4718 tholicum
2501 4702 2516 4727 ,
2547 4662 2649 4716 hoc
2678 4677 2881 4718 verum.

2287 4750 2434 4805 Beati
2459 4766 2677 4822 quorum
2715 4750 2941 4804 remissio
2964 4761 3082 4805 sunt
3106 4751 3425 4823 iniquitates,
3444 4768 3548 4806 non
3572 4751 3647 4806 illi
3666 4768 3786 4823 quo.

2215 4862 2330 4899 rum
2361 4844 2514 4899 nulla:
2539 4851 2663 4899 sunt
2684 4884 2698 4910 ,
2723 4843 2846 4912 quia
2880 4841 2951 4897 illi
2974 4842 3101 4898 nulli
3125 4853 3280 4906 sunt,
3310 4844 3405 4898 sed
3434 4860 3658 4915 quorum
3686 4844 3782 4895 ini-

2210 4935 2451 5006 quitates,
2481 4933 2769 5008 originales
2788 4933 2993 4989 scilicet
3012 4945 3067 4989 et
3092 4934 3351 5001 actuales,
3386 4936 3620 4988 remissa!
3647 4945 3783 4989 sunt.

2213 5025 2419 5081 scilicet
2454 5040 2549 5096 per
2595 5026 2823 5097 gratiam
2877 5022 3007 5091 Dei,
3036 5040 3156 5094 qua:
3193 5024 3342 5096 prius
3385 5024 3614 5080 intensm
3638 5031 3783 5078 erant

2213 5119 2376 5174 etiam
2408 5120 2506 5175 sub
2534 5118 2670 5190 lege,
2691 5120 2844 5191 juxta
2875 5118 3033 5184 illud,
3065 5116 3145 5170 Ad
3167 5116 3451 5188 perfectum
3485 5117 3617 5172 nihil
3642 5116 3782 5170 duxit

2212 5211 2298 5267 lea:
2336 5209 2521 5283 (Hebr.
2555 5208 2674 5283 vn),
2722 5219 2993 5282 quotquot
3010 5219 3132 5264 ante
3158 5209 3288 5264 snlvi
3325 5207 3452 5264 facti
3482 5208 3783 5276 sunt,idco

2380 5303 2402 5316 “
2492 5304 2504 5314 '
2566 5321 2593 5324 ··
2613 5312 2690 5346 αι’
2721 5304 2845 5359 quia
2875 5303 3166 5360 credebant
3195 5300 3436 5357 futurum
3461 5303 3607 5374 quod
3634 5301 3782 5356 modo

3186 5391 3201 5408 '
3283 5388 3464 5446 ἐποιειὶ
3507 5410 3601 5463 per
3628 5390 3781 5463 ﬁdem

3644 5466 3709 5493 με,
3730 5481 3783 5500 ﬁ.

3689 459 3781 514 300
3876 452 3877 514 ι
