3930 5684
139 398 234 453 301

1263 393 1793 455 ENARRATlO-NES
1829 395 1894 452 ΙΝ
1930 395 2263 454 PSALMOS.

3294 405 3403 462 30¢

145 509 256 568 ram
281 512 519 568 remissa
543 521 664 567 sunt
697 511 995 584 iniquitates
1024 525 1121 583 per
1146 512 1498 582 baptismum,
1534 521 1581 566 et
1601 527 1724 581 quo-
1752 518 1796 574 Α
1827 510 1966 566 sicut
2011 526 2246 581 possem,
2300 511 2346 567 si
2396 527 2503 568 non
2543 513 2596 568 in
2637 527 2740 580 me,
2787 514 2891 570 sed,
2921 515 2973 570 in
3013 514 3240 572 Domino
3275 533 3404 576 con.

144 623 257 661 rum
297 615 434 660 tecta
467 615 592 660 sunt
633 614 842 676 peccata
873 619 974 675 per
994 605 1340 668 charitatem,
1381 602 1536 671 juxta
1573 603 1724 667 illud,

142 697 388 751 Charitas
419 696 582 768 operit
601 695 987 750 multitudinem
1009 705 1335 762 peccatorum
1371 693 1422 765 (Ι
1452 693 1594 748 Patr.
1623 693 1724 764 1v).

148 787 341 842 Beatus
368 789 450 840 uir
498 787 586 841 cui
615 803 717 841 non
745 787 1015 856 imputauit
1049 785 1300 840 Dominus
1326 795 1610 855 peccatum,
1635 799 1731 854 per

146 877 492 948 martyrium.
516 875 670 932 Nunc
696 887 821 931 sunt
849 876 1092 930 remissa:
1119 876 1171 928 in
1199 890 1338 945 aqua
1364 875 1634 943 baptismi.
1665 873 1731 928 Et

141 977 269 1022 sunt
291 968 454 1032 beati,
475 964 704 1038 quorum
725 977 858 1020 tecta
903 975 1022 1020 sunt
1061 975 1293 1036 precata,
1324 964 1552 1019 actualia
1581 963 1729 1019 scili-

141 1066 230 1116 cet
261 1066 385 1128 post
431 1058 756 1128 baptismum
807 1056 1113 1110 commissa.
1144 1054 1322 1120 Tecta,
1347 1054 1490 1118 dico,
1525 1069 1630 1108 non
1661 1053 1730 1108 ab

142 1149 382 1214 inﬁrmo,
406 1149 502 1203 sed
523 1163 554 1201 a
581 1147 808 1202 medico.
832 1145 985 1217 Tcgit
1013 1146 1259 1200 inﬁrmus
1287 1145 1504 1201 vulnera
1532 1144 1596 1199 ad
1630 1146 1730 1199 hoc

143 1250 204 1294 ut
253 1239 506 1295 morbum
545 1247 738 1310 augeat
778 1256 793 1293 :
835 1239 968 1309 tegit
1012 1239 1252 1293 medicus
1288 1237 1732 1293 medicaminibus

120 1340 208 1403 ut
244 1341 419 1386 sanet».
467 1331 706 1397 Quorum
748 1342 881 1386 tecta
921 1339 1042 1385 sunt
1084 1340 1296 1401 peccata
1340 1331 1732 1386 medicamento

141 1422 500 1492 penitentite,
528 1436 639 1476 non
667 1431 728 1476 ut
771 1423 1008 1476 eaDeus
1040 1437 1145 1474 non
1177 1421 1374 1485 videat,
1413 1421 1506 1476 sed
1535 1428 1592 1476 ut
1623 1435 1730 1475 non

140 1516 219 1569 ita
247 1517 429 1571 videat
466 1524 529 1570 ut
559 1517 762 1587 puniat.
794 1513 948 1582 Quod
986 1514 1188 1585 tegitur
1216 1528 1320 1568 non
1353 1513 1584 1578 videtur,
1623 1527 1731 1566 non

141 1610 470 1680 imputatur;
510 1609 649 1680 quod
689 1624 794 1663 non
833 1609 1129 1678 imputatur
1157 1622 1261 1660 non
1287 1607 1557 1677 punietur.
1589 1605 1647 1661 Si
1677 1613 1732 1659 tu

137 1705 277 1773 tegis
317 1712 548 1773 peccata
593 1711 682 1756 tua
730 1715 835 1756 non
884 1699 1191 1756 confitendo
1237 1699 1322 1753 vel
1375 1697 1732 1762 defendendo,

138 1796 281 1850 Dens
314 1810 379 1850 ea
410 1794 634 1864 detegit.
661 1792 720 1848 Si
752 1799 931 1846 autem
959 1800 1016 1844 tu
1048 1799 1100 1845 te
1129 1789 1402 1856 humilias,
1429 1799 1484 1844 et.
1511 1803 1734 1844 accusas

1832 599 2073 655 fiderent.
2115 647 2118 650 .
2445 650 2450 654 .

1883 693 2007 762 Qui
2057 694 2110 749 in
2147 695 2374 751 Domino
2412 696 2627 764 juvenis
2661 713 2780 753 esse
2816 700 2964 770 potui
3004 700 3058 755 in
3108 715 3195 757 me
3241 717 3407 758 senex

1832 782 2007 840 factus
2051 801 2190 840 sum.
2227 786 2487 849 Quoniam
2531 787 2693 853 tacui,
2737 789 2862 843 dum
2901 789 3232 845 clamarent:
3268 792 3411 847 tacui

1831 887 2080 948 peccata,
2129 879 2355 934 clamavi
2400 880 2634 948 merita;
2669 883 2811 936 tacui
2863 882 3410 953 undeproilcerem,

1830 969 2058 1024 clamavi
2083 972 2224 1025 unde
2243 970 2560 1040 deficerem;
2585 975 2726 1028 tacui
2751 989 2781 1028 a
2806 975 3163 1041 confessione,
3183 976 3412 1034 clamavi

1833 1056 1888 1113 in
1909 1059 2086 1116 laude.
2115 1060 2242 1116 Tota
2271 1063 2373 1126 die,
2415 1064 2468 1118 id
2495 1073 2597 1130 est,
2634 1063 2870 1131 assidue,
2902 1075 2960 1120 ut
2991 1066 3079 1122 ille
3111 1067 3413 1123 Pharistens

1832 1151 1923 1221 qui
1948 1165 2044 1221 per
2063 1154 2353 1210 vanitatem
2375 1171 2472 1210 sua
2495 1155 2773 1212 benefacta
2789 1157 3048 1227 iactabat.
3068 1159 3172 1216 Sed
3196 1162 3413 1217 tandem

1833 1261 2108 1301 conversus
2131 1264 2246 1302 sum
2270 1249 2336 1304 ab
2357 1248 2446 1303 illo
2467 1249 2604 1304 falso
2627 1250 2861 1306 clamore
2883 1253 2951 1308 ad
2974 1267 3183 1320 verum,
3207 1253 3416 1310 scilicet

1833 1342 1895 1390 ut
1938 1352 2043 1392 non
2086 1339 2427 1396 defenderem
2477 1350 2726 1411 peccata,
2778 1342 2873 1397 sed
2925 1358 3259 1410 accusarem,
3315 1359 3417 1401 nec

1827 1425 2090 1496 jactarem
2131 1429 2343 1496 merita,
2392 1432 2485 1486 sed
2524 1433 2855 1487 damnarem.
2898 1433 2964 1487 Et
3010 1434 3151 1489 hanc
3188 1450 3415 1490 conver-
3454 1468 3457 1469 ν

1834 1519 2039 1574 sionem
2057 1521 2164 1576 feci
2186 1523 2240 1576 in
2261 1539 2498 1578 mutua
2518 1540 2655 1590 mea,
2681 1525 2966 1580 attendens
2989 1527 3042 1580 in
3063 1542 3147 1581 me
3167 1543 3413 1598 magnam

1835 1609 2128 1674 miseriam,
2155 1611 2364 1667 scilicet
2379 1614 2647 1668 assiduam
2669 1614 3072 1671 tribulationem
3088 1616 3419 1688 ﬂagellorum
3444 1649 3448 1652 -

1837 1710 2070 1768 tuorum,
2123 1703 2229 1758 vidi
2269 1703 2537 1772 justitiam
2571 1721 2692 1776 quae
2742 1709 2872 1763 mihi
2925 1708 3100 1764 facilis
3140 1711 3422 1768 videbatur

1833 1809 1954 1849 esse
1991 1793 2258 1850 diﬂicilem
2298 1797 2417 1852 sine
2460 1807 2552 1852 tua
2584 1800 2777 1870 gratia.
2811 1800 3046 1872 Cognovi
3091 1804 3256 1858 multa
3290 1806 3420 1860 vitia

137 1896 196 1941 et
225 1887 456 1956 detegis,
484 1886 626 1940 Deus
654 1900 717 1939 ea
747 1884 897 1955 tegit.
931 1881 1221 1953 Subjnngit
1253 1881 1524 1951 quomodo
1555 1889 1692 1934 tecta
1714 1894 1733 1932 :
1769 1879 1810 1938 Β
1840 1900 1928 1940 me
1972 1885 2243 1951 invadere,
2283 1902 2383 1942 nec
2423 1889 2557 1943 meis
2596 1889 2804 1945 viribus
2847 1905 3005 1961 posse
3041 1893 3312 1948 resistere.
3354 1895 3423 1948 El.

131 1979 334 2033 Beatus
371 1980 468 2042 vir,
496 1978 551 2032 id
583 1985 685 2041 est,
714 1975 1050 2036 immortalis,
1084 1974 1166 2028 vel
1194 1972 1497 2036 laudabilis,
1519 1971 1605 2027 vel
1625 1971 1741 2043 glo-

133 2071 414 2125 riosnscui
436 2067 846 2137 nonimputavit
880 2066 1136 2120 Dominus
1174 2076 1462 2136 peccatum,
1487 2080 1592 2118 non
1645 2065 1740 2118 im-

127 2161 348 2230 putavit
371 2159 440 2213 ad
459 2172 694 2228 plenam,
711 2155 939 2226 quia-hic
957 2153 1155 2210 delevit
1176 2170 1272 2224 per
1285 2154 1734 2209 misericordiam.

199 2269 382 2325 Aliter
409 2286 425 2321 :
457 2265 624 2334 Quasi
675 2264 850 2329 dicat,
883 2263 1016 2317 beati
1047 2272 1175 2318 sunt
1203 2263 1279 2317 illi
1309 2263 1397 2333 qui
1427 2279 1528 2334 per
1560 2263 1739 2333 bapti-

133 2378 314 2419 smum
339 2359 477 2416 salvi
503 2357 630 2412 facti
657 2365 782 2412 sunt
803 2364 1020 2425 accepta
1051 2355 1366 2410 remissione
1397 2365 1737 2426 peccatorum

130 2469 226 2524 per
257 2451 521 2522 gratiam.
551 2447 616 2501 Et
657 2445 734 2501 illi
774 2445 912 2499 beati
936 2445 1024 2514 qui
1049 2454 1169 2515 post
1191 2445 1515 2513 baptismum
1548 2460 1736 2516 pecca—

130 2550 332 2598 verunt
360 2538 603 2610 quidem,
633 2536 758 2606 quia
791 2535 1104 2588 ceciderunt
1131 2534 1182 2588 in
1215 2535 1606 2599 eritninalibns,
1637 2534 1729 2589 sed

127 2651 223 2705 per
252 2630 656 2688 confessionem
685 2635 737 2682 et
763 2625 1135 2697 pmnitentiam
1156 2626 1602 2679 emendaverunt.
1633 2625 1740 2679 Sed

128 2726 218 2780 ille
252 2731 348 2777 est
386 2721 469 2774 eir
501 2719 680 2772 beatus
720 2725 775 2770 et
805 2717 940 2770 bene
975 2715 1076 2779 vir,
1105 2716 1228 2784 quia
1261 2714 1472 2770 fortiter
1510 2714 1638 2769 fecit
1681 2723 1760 2769 et-

125 2816 306 2887 magis
351 2813 534 2866 beatus
573 2824 733 2878 quam
770 2807 867 2872 illi,
909 2808 994 2860 cui
1040 2823 1144 2860 non
1178 2807 1449 2875 imputavit
1481 2805 1740 2860 Dominus

126 2915 427 2964 oeccatum,
473 2899 527 2954 id
553 2906 655 2960 est,
689 2897 778 2967 qui
811 2906 932 2968 post
977 2897 1346 2951 remissionem
1390 2908 1739 2967 peccatorum

127 3001 210 3053 sic
238 2994 544 3053 custodivit
573 2993 809 3046 animam
835 3006 987 3046 suam
1021 3005 1050 3044 a
1081 2998 1303 3060 peccato
1333 2991 1648 3056 immunem,
1684 3009 1744 3059 ut

127 3091 260 3145 nihil
285 3091 658 3146 committeret
688 3101 796 3144 tam
827 3105 1078 3161 magnum
1109 3089 1250 3159 quod
1270 3088 1604 3143 ei‘Dominus
1644 3089 1741 3143 im-

125 3189 281 3248 putet
334 3199 350 3235 :
401 3182 528 3252 quia
579 3195 683 3236 non
730 3181 1005 3234 eontmisit
1058 3179 1164 3232 nisi
1209 3178 1460 3242 venialia,
1510 3188 1563 3233 et
1612 3195 1732 3250 quae

1840 1977 1941 2033 hoc
1976 1977 2113 2042 ideo,
2145 1980 2391 2050 quoniam
2435 1992 2650 2052 grauata
2679 1994 2753 2037 est
2795 2000 2952 2050 super
2977 2002 3060 2040 me
3092 2003 3278 2042 manus
3308 1999 3420 2054 tua,

1838 2085 1960 2141 qua:
1991 2071 2221 2127 humiles
2252 2073 2516 2139 sublevat,
2545 2076 2808 2145 superbos
2827 2084 3035 2147 gravat.
3060 2077 3303 2134 Potentia
3335 2089 3423 2133 tua
3478 2084 3485 2090 '

1841 2164 2070 2220 multum
2121 2181 2207 2221 me
2261 2167 2552 2236 superbum
2601 2168 2905 2238 depressit,
2963 2171 3089 2240 quia
3143 2184 3424 2241 peccatum

1839 2255 1974 2310 mihi
2019 2255 2285 2311 dominari
2337 2257 2604 2326 permisit,
2649 2256 2916 2326 justitiam
2960 2259 3228 2316 dillicilem
3277 2263 3422 2328 fecit,

1840 2364 1960 2418 qum
1991 2357 2230 2419 potestas
2251 2349 2366 2404 ineo
2413 2350 2592 2404 omnia
2625 2349 2950 2418 sublevaret,
2981 2353 3025 2408 si
3056 2368 3162 2409 non
3204 2355 3270 2408 de
3314 2370 3423 2419 me,

1842 2442 1936 2496 sed
1977 2443 2043 2496 de
2072 2442 2161 2496 illo
2187 2457 2512 2512 praesumere
2557 2441 2766 2497 vellem.
2809 2441 2910 2497 Dis
2937 2459 3000 2497 ac
3045 2455 3212 2511 nocte,
3261 2445 3312 2501 id
3341 2455 3427 2502 est

1844 2521 2080 2587 assidue.

1913 2623 2150 2680 Conlusit
2181 2627 2320 2680 enim
2377 2625 2518 2681 Deus
2554 2628 2731 2682 omnia
2771 2629 2866 2682 sub
2918 2638 3159 2698 peccato,
3211 2639 3269 2683 ut
3318 2645 3430 2684 om-

1843 2716 1986 2770 nium
2022 2717 2354 2770 misereretur
2379 2717 2553 2787 (Rom.
2598 2718 2698 2788 χι).
2731 2716 2827 2773 Vel
2850 2719 2934 2773 die
2960 2737 3022 2773 ac
3045 2730 3214 2786 nocte,
3241 2721 3292 2775 id
3319 2729 3426 2785 est,

1842 2817 1897 2864 et
1930 2810 1980 2863 in
2008 2809 2279 2878 prosperis
2303 2818 2358 2864 et
2386 2811 2438 2864 in
2467 2811 2711 2865 adversis
2735 2851 2749 2876 ,
2775 2811 2902 2881 quia
2940 2826 3042 2866 nec
3071 2812 3124 2865 in
3155 2814 3428 2883 prosperis

1842 2898 1912 2954 ab
1947 2901 2049 2955 hac
2085 2900 2308 2956 miseria
2343 2916 2464 2956 sum
2496 2899 2796 2968 relevatus,
2832 2917 2932 2957 nec
2963 2903 3013 2956 in
3040 2903 3303 2958 adversis.
3332 2902 3430 2961 Yet

1841 3008 2119 3046 conversus
2161 3007 2275 3045 sum
2303 3008 2332 3046 a
2363 2992 2521 3047 laude
2566 2993 2620 3048 in
2668 2995 3069 3050 accusationem
3118 2996 3244 3050 mei.
3288 2995 3430 3048 Dum

1843 3083 2125 3154 conﬁgitur
2167 3084 2349 3153 spina,
2385 3083 2438 3139 id
2471 3091 2575 3150 est,
2637 3087 2764 3142 dum
2813 3084 3078 3157 frangitur
3132 3088 3378 3157 superbia
3404 3125 3425 3154 ,

1845 3183 1901 3228 et
1936 3175 2168 3230 inclinor
2196 3176 2264 3230 ad
2294 3175 2655 3232 humilitatem
2690 3193 2789 3247 per
2814 3178 2946 3248 legis
2979 3178 3422 3248 prohibitionem.

128 3238 436 3332 Dominica.
468 3273 740 3336 oratione,
787 3271 869 3326 vel
902 3271 1220 3340 psalmodia,
1253 3269 1336 3322 vel
1381 3269 1598 3335 lctania,
1628 3238 1735 3323 .ch
1759 3238 1809 3300 θ
1842 3267 2007 3337 Spina
2059 3275 2142 3321 est
2183 3283 2245 3322 os
2273 3268 2417 3338 quod
2445 3238 2705 3322 animalis.
2739 3238 2936 3339 corpus
2979 3238 3210 3340 rigidum
3243 3279 3424 3335 tenet;

125 3363 503 3436 eleemosynis
524 3362 716 3417 leviter
744 3361 1034 3416 emendare
1053 3360 1250 3430 potuit.
1272 3359 1397 3413 ldco
1419 3375 1524 3413 non
1561 3360 1736 3430 impu-

123 3461 289 3524 tavit,
317 3458 444 3526 quia
463 3472 558 3509 nec
579 3464 655 3508 est
678 3455 733 3506 in
753 3454 938 3524 spiritu
963 3453 1075 3522 ejus
1098 3451 1272 3504 dolus.
1298 3451 1354 3504 In
1386 3450 1528 3506 illius
1548 3451 1736 3520 spiritu

121 3564 199 3606 est
223 3548 389 3604 dolus
419 3547 513 3616 qui
558 3545 696 3598 aliud
750 3553 904 3599 estet
939 3542 1083 3597 aliud
1127 3541 1360 3596 simulat.
1396 3541 1542 3595 Intus
1573 3541 1738 3595 habet

120 3639 485 3713 mjustitiam,
512 3636 640 3689 foris
658 3633 1178 3705 clamatjustitiam:
1205 3633 1346 3702 quod
1369 3633 1537 3686 notari
1564 3635 1740 3701 potest

120 3754 182 3790 ιιι
229 3736 514 3792 lerismo
554 3745 608 3789 et
648 3733 962 3788 Publicano.
994 3731 1049 3784 in
1081 3730 1272 3801 spiritu
1313 3729 1590 3784 Publicani
1632 3745 1737 3782 non

117 3830 234 3881 fuit
265 3827 443 3889 dolus,
476 3825 604 3896 quia
635 3825 778 3894 quod
798 3841 864 3879 ex
895 3840 951 3879 se
979 3831 1094 3878 erat
1119 3838 1223 3877 non
1258 3822 1440 3876 tacuit.
1478 3822 1738 3876 Humilia—

124 3919 234 3981 vit,
263 3932 326 3971 se
357 3915 652 3977 accusavit,
678 3924 822 3969 stans
857 3931 888 3966 a
920 3913 1090 3982 longe,
1114 3923 1297 3967 etnon
1323 3912 1525 3967 audens
1554 3911 1730 3965 oculos

117 4009 201 4061 ad
225 4008 418 4061 uelum
443 4006 634 4070 levare,
651 4006 741 4060 sed
757 4004 1062 4076 percutiens
1084 4013 1262 4074 pectus
1285 4019 1456 4065 suum,
1481 4003 1698 4057 dicebat
1720 4021 1733 4057 :

119 4103 280 4152 Deus
321 4100 582 4169 propitius
621 4108 728 4151 esto
766 4097 894 4151 ηιὶΙιί
919 4095 1178 4167 peccatori
1217 4095 1366 4168 (Luc.
1395 4097 1570 4167 xvm).
1600 4096 1736 4151 l-luic

121 4208 243 4244 non
278 4190 559 4256 imputavit
593 4187 846 4241 Dominus
878 4198 1179 4258 peccatum,
1211 4187 1335 4256 quia
1365 4187 1630 4241 descendit
1643 4187 1732 4256 ju-

117 4280 405 4350 stiﬁcatus
439 4281 490 4332 in
524 4280 735 4332 domum
760 4296 909 4332 suam
928 4282 990 4332 ab
1022 4278 1134 4342 illo,
1160 4279 1208 4332 id
1236 4285 1338 4343 est,
1365 4279 1431 4332 ad
1458 4291 1736 4348 c0mpara-

119 4373 348 4426 tionem
376 4368 658 4424 Pharisaei.
691 4369 992 4423 Pharisants
1031 4379 1212 4422 autem
1255 4369 1420 4422 tacuit
1452 4370 1591 4438 quod
1630 4365 1740 4423 cla-

117 4465 403 4520 mandunt
433 4462 549 4528 fuit,
575 4472 629 4516 et
650 4462 899 4516 clamavit
923 4461 1064 4532 quod
1092 4461 1373 4516 tacendum
1396 4470 1509 4515 erat
1535 4476 1547 4512 :
1575 4460 1740 4514 tacuit

115 4564 394 4625 peccata,
436 4553 686 4607 clamavit
720 4553 932 4617 merita,
958 4563 1012 4606 ct
1043 4552 1162 4606 ideo
1188 4551 1348 4605 etiam
1389 4550 1433 4604 si
1470 4550 1732 4618 justitiam

111 4647 378 4716 aliquam
410 4654 466 4699 et
494 4645 743 4698 meritum
788 4644 976 4699 habuit
1004 4660 1101 4715 per
1136 4643 1439 4714 superbiam
1483 4645 1732 4714 perdidit,

112 4742 238 4797 sibi
270 4740 582 4794 attribuens
607 4738 747 4808 quod
782 4755 811 4792 a
847 4737 955 4793 Deo
976 4737 1203 4808 accepit.
1238 4737 1396 4804 Quasi
1430 4717 1573 4791 dicat
1600 4752 1613 4790 :
1642 4737 1729 4792 Ille

109 4844 214 4890 est
247 4834 459 4895 beatus,
494 4833 549 4884 in
569 4830 720 4899 cujus
747 4830 934 4900 spiritu
958 4847 1060 4883 non
1085 4839 1157 4883 est
1185 4829 1355 4882 dolus.
1386 4827 1517 4895 Quia
1547 4843 1576 4881 e
1603 4844 1732 4883 con—

108 4943 300 4982 verso
349 4926 438 4979 ille
477 4939 583 4978 non
611 4932 693 4978 est
723 4923 921 4987 beatus,
953 4925 1006 4977 in
1035 4921 1187 4991 cujus
1218 4923 1405 4994 spiritu
1447 4933 1520 4977 est
1561 4924 1732 4990 dolus,

108 5021 284 5095 quod
326 5019 458 5074 mihi
498 5028 722 5088 experto
749 5018 1097 5074 credendum.
1139 5017 1561 5074 Iuretemrerunt
1595 5021 1736 5074 enim

109 5129 258 5166 osm
282 5127 400 5163 mea
427 5108 858 5163 dnm'clamarem
883 5117 987 5161 tota
1017 5107 1120 5172 die,
1147 5110 1393 5180 quoniam
1415 5112 1578 5163 tacui.

197 5203 332 5258 lloe
370 5203 424 5257 in
467 5217 700 5273 persona
741 5200 1002 5270 cujusque
1037 5203 1358 5270 pertinentis
1403 5201 1468 5256 ad
1498 5210 1735 5258 veterem

105 5294 440 5356 hominem,
475 5293 603 5347 dicit
633 5311 644 5346 :
677 5290 834 5362 Quia,
871 5305 969 5359 per
1007 5290 1358 5346 humilitatem
1397 5291 1540 5343 nolui
1576 5291 1740 5360 perti-

107 5398 275 5442 nere
309 5384 377 5437 ad
422 5398 618 5438 novum
659 5382 956 5444 hominem,
997 5395 1091 5448 per
1122 5382 1426 5453 superbiam
1476 5381 1526 5434 in
1568 5383 1734 5436 veteri

104 5476 364 5538 homine
405 5474 698 5544 permansi.
747 5472 867 5528 Hoc
919 5463 1150 5528 maxime
1203 5483 1326 5516 nn”
1365 5483 1372 5488 ·

99 5568 430 5635 Iudaicum
450 5565 704 5636 populum
725 5563 815 5612 (ι’-³
877 5562 887 5566 ’
972 5560 1005 5563 ί⁷

276 5657 292 5668 ο
321 5658 339 5668 .-
388 5657 402 5668 ο

189 5667 264 5684 ρ-.
277 5657 362 5684 ..ιη
389 5674 437 5684 ..ι

1839 3375 1902 3413 ea
1949 3359 2142 3426 fracta,
2195 3361 2528 3416 incurvatur.
2571 3361 2722 3416 Tunc
2775 3377 2874 3434 ego
2905 3377 3180 3416 conversus
3215 3379 3332 3417 sum
3373 3363 3442 3416 in‘

1842 3468 2079 3505 (erutum:
2113 3468 2248 3518 mea,
2294 3452 2348 3506 id
2393 3454 2848 3518 est,attendcndo
2892 3455 3163 3508 miseriam
3209 3470 3423 3518 meam,

1839 3543 1963 3596 dum
2008 3544 2288 3614 rota/igitur
2329 3545 2509 3609 spina,
2558 3545 2609 3598 id
2640 3554 2744 3610 est,
2776 3543 2902 3599 dum
2947 3545 3274 3600 conscientia
3305 3559 3425 3600 mea

1839 3649 1958 3703 quae
2012 3636 2160 3704 prius
2206 3635 2306 3689 sibi
2349 3635 2710 3707 applandebat
2749 3639 2816 3692 de
2869 3636 3176 3691 innocentia
3227 3644 3434 3706 putans-

1841 3737 2060 3797 pcccata
2110 3741 2215 3780 non
2252 3742 2372 3782 esse
2400 3744 2520 3798 qua:
2545 3737 2699 3782 erant
2727 3736 2969 3798 peccata,
3010 3729 3137 3782 dum
3167 3729 3256 3784 illa
3295 3734 3436 3784 (του--

1839 3819 2060 3873 scientia
2108 3818 2434 3888 configitur,
2484 3818 2533 3872 i:|
2578 3827 2691 3881 cst,
2749 3819 3005 3889 pangitur
3043 3830 3098 3874 et
3151 3807 3511 3889 excitatur.

1840 3911 2010 3980 spinis
2038 3910 2459 3979 proluibitionum
2505 3919 2738 3964 tuarum.
2767 3911 2936 3965 Antea
2968 3911 3106 3964 enim
3135 3911 3427 3966 nesciebam

1839 4001 1935 4052 Itoc
1980 4009 2247 4070 peccatum
2290 4017 2400 4054 esse
2429 4017 2584 4069 quam
2617 4000 2700 4055 lex
2742 4001 2932 4055 diceret
2961 4043 2976 4066 ,
3031 3999 3154 4055 Non
3184 4003 3386 4056 occides
3409 4043 3425 4068 ,

1843 4086 1966 4144 Non
2000 4090 2352 4143 nime/tabet'is'
2386 4089 2564 4160 (Rom.
2590 4091 2712 4159 vn).
2745 4090 2838 4145 Vel
2879 4100 3097 4161 gravata
3156 4102 3230 4145 est
3272 4107 3430 4160 super

1840 4197 1922 4234 me
1945 4196 2130 4234 manus
2158 4191 2251 4234 tua
2286 4183 2410 4234 dum
2441 4181 2720 4250 conﬁgitur
2746 4183 2917 4252 spina,
2969 4182 3019 4235 id
3045 4189 3145 4246 est,
3181 4181 3318 4234 facta
3347 4189 3430 4235 est

1844 4270 1975 4325 mihi
2000 4269 2209 4339 justitia
2256 4270 2508 4335 dillicilis',
2537 4286 2657 4341 qum
2686 4273 2834 4341 prius
2882 4271 3164 4325 videbatur
3207 4270 3380 4324 facilis
3405 4312 3420 4334 ,

1843 4359 1969 4414 dum
2011 4360 2133 4414 data
2181 4368 2266 4414 est
2309 4361 2393 4414 lex
2446 4372 2534 4414 tua
2587 4375 2708 4429 quae
2759 4360 2986 4431 pupugit
3036 4360 3421 4415 conscientiam

1844 4462 2039 4512 meam,
2074 4448 2231 4516 juxta
2265 4448 2392 4503 illud
2419 4448 2679 4517 Apostoli,
2713 4448 2846 4502 Ante
2873 4449 3036 4517 legem
3069 4450 3204 4502 enim
3234 4464 3420 4518 pecca-

1841 4549 1950 4594 tum
1979 4551 2240 4595 mortnum
2273 4551 2384 4593 erat
2413 4582 2427 4602 ,
2464 4556 2556 4607 ego
2589 4549 2761 4593 autent
2802 4539 3060 4605 vivebam;
3106 4556 3224 4593 cum
3251 4550 3426 4594 autem

1842 4633 2057 4687 venisset
2106 4632 2210 4695 lex,
2241 4641 2504 4702 peccatum
2564 4631 2774 4695 rerizrit',
2823 4647 2916 4700 ego
2967 4641 3140 4686 autem
3193 4642 3428 4686 mortuus

1843 4738 1978 4776 sum.
2023 4720 2164 4775 Nam
2185 4721 2677 4786 concupiscentiam
2707 4721 2994 4774 nesciebam
3019 4737 3127 4775 esse
3159 4731 3427 4791 peccatum

1846 4813 1948 4868 nisi
1995 4812 2079 4866 lea:
2118 4812 2308 4865 diceret
2359 4811 2554 4879 (Exod.
2595 4813 2726 4881 xx),
2775 4808 2898 4865 Non
2939 4813 3288 4881 concupisces.
3331 4810 3422 4864 Vel

1845 4908 1969 4961 dum
2019 4905 2300 4960 clamarem
2337 4913 2444 4957 tota
2476 4904 2559 4957 die
2600 4903 2872 4960 desiderio
2919 4903 3296 4974 temporalium
3342 4916 3428 4954 re-

1848 5013 2000 5064 ‘rnm,
2028 5007 2086 5054 ct
2138 5011 2240 5052 non
2273 4998 2386 5051 sine
2427 5011 2612 5063 causa,
2662 4997 2800 5067 quia
2827 5013 3018 5051 manus
3044 5006 3164 5057 tua,
3211 4995 3261 5049 id
3312 5001 3430 5054 est,

1847 5092 2084 5163 potentia
2107 5133 2121 5156 ,
2159 5100 2372 5161 gravata
2397 5099 2468 5142 est
2518 5107 2674 5156 super
2717 5106 2827 5151 me,
2861 5089 2912 5142 id
2942 5098 3042 5150 est,
3073 5099 3288 5157 gravem
3321 5084 3436 5136 viu-

1848 5185 2045 5240 dictam
2084 5183 2288 5252 accepit
2332 5181 2398 5236 de
2442 5195 2536 5236 me
2577 5199 2676 5253 pro
2722 5189 2947 5251 peccato
2984 5177 3141 5250 primi
3174 5173 3434 5245 parentis.

1847 5277 1946 5330 Die
1972 5293 2034 5330 ac
2079 5284 2243 5338 nocte,
2294 5273 2344 5328 id
2379 5283 2464 5326 est
2506 5276 2724 5329 assidu"
2795 5271 2905 5312 ΠΜ
2956 5289 3004 5298 -τ
3065 5271 3077 5284 '
