3978 6442
534 429 643 485 5θῦ
667 432 682 440 ’

1183 429 1439 486 REMICII
1480 423 2133 486 ANTISSIODORENSIS
2172 423 2321 481 OPP.
2361 422 2559 479 PARS.
2600 421 2642 476 1.
2682 441 2749 462 -ι-
2785 419 3193 482 EXEGETICA.

3701 428 3798 486 506

534 550 742 603 vulnus.
805 543 858 600 Si
919 561 1023 599 non
1087 544 1222 612 tegis
1280 553 1336 598 tu
1407 543 1709 614 perdendo,
1772 543 1914 613 tegit
1973 543 2114 596 Deus
2142 543 2186 603 Α
2217 539 2670 610 praesumeudum,
2692 539 2805 594 ‘nisi
2831 541 2899 594 de
2939 542 3050 596 sola
3085 542 3177 598 Dei
3209 542 3282 597 tui
3311 542 3706 600 misericordia.
3735 545 3801 600 Et

531 643 812 698 medendo.
863 640 1069 693 llevera
1113 655 1213 691 non
1257 637 1542 702 abscondi,
1573 637 1696 706 quia
1740 636 1873 703 dixi,
1903 636 1956 689 id
1999 643 2101 697 est,

529 735 781 806 cogitavi,
799 733 935 786 istud
959 730 1183 792 Scilicet,
1201 727 1496 797 Conﬁtebor
1514 727 1780 796 injustiam
1802 743 1967 780 meam
1992 725 2104 779 Do—

527 828 689 890 mino,
718 823 1017 879 confitebor
1041 820 1087 874 ei
1109 827 1328 889 peccata
1349 832 1464 873 mea
1491 818 1763 872 adversum
1790 833 1891 881 me,
1919 816 1970 869 id
1999 823 2102 880 εει,

527 935 613 973 me
639 915 956 971 accusando.
991 911 1104 967 Non
1136 909 1391 981 imputavi
1420 909 1550 974 Deo,
1579 908 1662 962 vel
1692 907 1835 974 fato,
1867 907 1952 961 vel
1995 905 2104 961 for-

533 1018 696 1071 tunm,
754 1005 836 1059 vel
863 1001 1286 1066 constellationi,
1311 999 1394 1056 vel
1441 999 1691 1066 diabolo,
1743 1008 1804 1054 ut
1844 998 1996 1053 multi
2027 996 2103 1052 fa-

525 1101 695 1153 ciunt.
745 1097 812 1150 Et
852 1097 984 1168 quia
1044 1109 1138 1150 me
1197 1093 1331 1148 adeo
1390 1091 1707 1158 humiliavi,
1755 1101 1812 1145 tu
1858 1091 2102 1145 remisisti

519 1191 835 1260 impietatem
875 1186 1072 1254 peccati
1101 1187 1224 1249 mei,
1267 1184 1320 1239 id
1359 1193 1458 1248 est,
1503 1181 1865 1238 defensionem
1897 1181 2100 1251 peccati

517 1297 638 1351 qua:
669 1288 786 1335 erat
813 1295 882 1334 ex
908 1277 1182 1346 superbia.
1223 1274 1411 1346 Magna
1456 1273 1852 1329 commendatio
1885 1271 2098 1326 miseri-

513 1371 717 1426 cordiae
766 1369 885 1423 Dei.
931 1366 1182 1422 Nondum
1215 1380 1320 1421 vos
1374 1365 1426 1419 in
1468 1379 1584 1431 ore,
1633 1370 1689 1419 et
1728 1361 1841 1432 jam
1894 1361 1962 1416 ad
2001 1375 2100 1426 cor

509 1463 667 1517 :attl’ls
694 1461 808 1515 Dei.

591 1553 708 1609 Non
733 1554 877 1609 enim
901 1551 1052 1618 dicit,
1080 1549 1361 1606 confessus
1377 1563 1497 1604 sum
1522 1555 1637 1604 :Aest
1663 1554 1843 1602 autem
1872 1544 2095 1609 dixisse,

518 1645 823 1702 confessum
854 1660 993 1700 esse.
1028 1643 1134 1701 Pro
1171 1647 1303 1707 hac,
1335 1641 1544 1698 scilicet
1567 1639 1866 1708 impietate,
1895 1637 1947 1692 id
1989 1645 2095 1701 est,

517 1734 832 1791 dimissione
864 1733 1107 1803 peccati,
1149 1729 1469 1786 dimittenda
1496 1769 1511 1796 ,
1549 1727 1634 1784 vel
1665 1741 1762 1798 pro
1795 1727 1895 1781 hac
1941 1725 2097 1779 venia

515 1835 886 1897 peccatorum,
913 1824 1082 1878 orabit
1107 1822 1176 1876 ad
1202 1832 1252 1876 te
1292 1822 1461 1876 omnis
1484 1830 1720 1885 sanctus,
1745 1819 1797 1872 id
1827 1826 1931 1880 est,
1969 1832 2097 1871 ora-

515 1917 595 1970 bit
625 1924 676 1971 te
712 1922 773 1969 ut
799 1913 866 1968 ad
897 1919 950 1967 te
973 1910 1280 1982 perveniat,
1311 1924 1420 1963 non
1446 1917 1668 1979 pr0pter
1699 1906 1863 1961 aliud.
1913 1905 2097 1960 Omnis

514 2016 760 2071 sanctus,
801 2003 855 2060 id
885 2011 992 2070 est,
1023 2002 1202 2058 omnis
1243 2001 1334 2072 qui
1372 2001 1486 2056 vult
1526 1999 1643 2055 ﬁeri
1696 2008 1938 2055 sanctus.
1965 1995 2099 2051 Nul-

516 2097 600 2154 lus
652 2098 800 2153 enim
858 2093 1326 2161 sanctificabitur,
1391 2091 1494 2149 nisi
1552 2091 1648 2147 cui
1703 2099 1771 2146 tu
1815 2087 2099 2145 dimiseris

510 2198 752 2260 peccata.
1065 2243 1072 2252 ,

585 2278 770 2333 Orabit
797 2277 951 2345 dico,
977 2278 1031 2332 in
1061 2286 1290 2348 tempore
1329 2285 1636 2347 opportuno,
1661 2273 1714 2329 id
1743 2283 1844 2338 est,
1876 2273 1928 2328 in
1960 2281 2094 2328 tem-

513 2386 646 2442 pore
676 2371 882 2442 gratiae,
909 2370 1117 2426 scilicet
1145 2369 1199 2424 in
1232 2377 1472 2440 tempore
1511 2367 1902 2423 incarnationis
1940 2365 2095 2420 Chri-

511 2465 614 2530 sti;
647 2471 912 2533 quotquot
939 2463 1085 2517 enim
1123 2461 1445 2518 sanetilieati
1477 2469 1605 2517 sunt
1633 2461 1718 2516 vel
1746 2468 1870 2515 ante
1897 2459 2095 2515 adven-

511 2566 624 2611 tum
658 2555 778 2610 Filii
814 2555 930 2623 Dei,
963 2553 1050 2611 vel
1095 2562 1246 2622 post,
1276 2569 1374 2624 per
1404 2552 1521 2623 ejus
1565 2552 1724 2608 fidem
1773 2551 1904 2607 salvi
1962 2550 2090 2606 facti

509 2655 636 2702 sunt
665 2666 678 2699 :
706 2654 831 2701 ante
858 2645 1172 2709 adventum,
1201 2645 1500 2700 credentes.
1513 2641 1753 2697 futurum
1786 2641 1929 2712 quod
1972 2649 2094 2711 post

510 2740 802 2794 adventum
843 2736 1113 2792 credimus
1167 2734 1388 2790 factum.
1451 2734 1687 2804 Tempus
1731 2742 2090 2803 opportunum

508 2839 613 2896 est,
627 2831 694 2885 dc
718 2844 826 2900 quo
842 2829 971 2884 dicit
987 2827 1306 2898 Apostolus:
1326 2825 1462 2881 Ecce
1475 2843 1611 2881 nunc
1625 2835 1824 2896 tempus
1853 2833 2092 2891 accepta-

510 2921 634 2985 bile,
657 2937 773 2974 ecce
807 2936 944 2973 nunc
987 2919 1096 2972 dies
1131 2918 1318 2972 salutis
1363 2917 1447 2990 (II
1480 2917 1603 2972 Cor.
1638 2918 1739 2986 γι).
1770 2915 2090 2984 Quanquam

509 3010 738 3065 dixerim
785 3011 839 3064 in
869 3018 1095 3079 tempore
1140 3017 1470 3078 opportuno,
1519 3016 1871 3061 verumtamen
1915 3006 1969 3060 in
2009 3007 2092 3059 di-

509 3103 646 3158 luvio
673 3117 927 3172 aquarum
949 3102 1233 3155 multarum
1264 3099 1333 3154 ad
1353 3115 1470 3154 eum
1496 3115 1601 3154 non
1628 3097 2086 3170 approximabunt,

509 3193 563 3249 id
592 3201 693 3260 cst,
725 3193 779 3248 in
811 3191 1210 3263 multiplicitate
1242 3190 1516 3247 variarum
1562 3189 1932 3245 doctrinarum
1980 3204 2086 3242 non

508 3283 768 3346 accedent
804 3280 868 3336 ad
911 3278 1032 3351 ejus
1061 3279 1516 3344 misericordiam,
1548 3277 1753 3334 scilicet
1777 3276 2089 3347 imputando

507 3375 720 3444 culpam
752 3388 904 3428 suam
934 3371 1018 3427 vel
1066 3369 1462 3426 constellationi
1491 3368 1784 3424 secundum
1827 3367 2089 3437 quosdam

508 3464 877 3537 philosophos,
903 3461 987 3517 vel
1015 3460 1246 3517 fortunae
1273 3459 1572 3516 secundum
1595 3458 1753 3524 alios,
1776 3466 1831 3513 et
1855 3457 1974 3512 aliis
1997 3458 2092 3511 hu-

501 3557 759 3628 iusmodi.
775 3556 992 3626 Quiper
1009 3553 1385 3625 compendium
1417 3553 1486 3608 ad
1505 3568 1626 3608 eum
1644 3539 1866 3622 pussent
1885 3550 2089 3615 venire,

510 3645 1028 3714 id-est,-conliteudo
1047 3653 1276 3716 peccata
1301 3659 1421 3709 sua,
1448 3652 1502 3698 et
1525 3657 1584 3698 se
1609 3640 1942 3697 humiliando
1970 3655 2092 3711 pos-

511 3748 633 3796 sent
673 3739 878 3794 habere
911 3735 1196 3806 .placatum
1216 3774 1231 3800 ,
1263 3748 1359 3804 per
1393 3732 1680 3788 circuitum
1709 3731 1887 3786 eundo
1935 3744 2094 3784 accu-

507 3839 652 3888 sant.
676 3829 838 3897 Quasi
867 3828 1012 3883 dicat
1035 3845 1047 3880 :
1074 3825 1150 3880 illi
1174 3823 1520 3879 multitudine
1541 3821 1950 3878 excusationum
1982 3833 2088 3874 non

508 3918 977 3992 approximabunt.
1005 3917 1118 3986 Ego
1146 3925 1324 3971 autem
1355 3913 1760 3985 approximabo,
1784 3912 1908 3982 quia
1931 3927 1960 3964 a
1986 3926 2091 3980 quo

507 4015 620 4084 fugi
647 4027 744 4084 per
775 4010 1105 4081 superbiam,
1138 4008 1204 4063 ad
1229 4008 1376 4062 illum
1405 4006 1665 4077 refugiam
1695 4021 1792 4077 per
1819 4004 2092 4060 humilita-

511 4115 639 4160 tem.
687 4103 764 4157 Tu
817 4119 872 4157 es
922 4101 1181 4170 refugium
1232 4112 1446 4153 meum:
1477 4098 1545 4152 ad
1592 4105 1645 4152 te
1673 4097 1792 4152 volo
1839 4095 2094 4166 confuge-

509 4213 593 4261 re,
623 4211 730 4251 non
755 4202 808 4250 te
832 4207 1111 4255 accusare,
1145 4199 1196 4246 te
1233 4189 1284 4244 in
1316 4189 1479 4244 corde
1512 4187 1666 4257 quasi
1696 4201 1876 4242 arcem
1900 4185 2091 4257 refugii

506 4286 710 4340 habere
737 4293 924 4353 satago
949 4322 965 4348 ,
995 4296 1101 4336 non
1142 4295 1253 4347 me,
1291 4295 1397 4336 non
1440 4278 1711 4334 hominem
1734 4317 1751 4344 ,
1797 4293 1906 4332 non
1938 4293 2094 4331 mun-

507 4380 635 4434 dum
657 4378 747 4448 qui
785 4377 946 4448 perit.
965 4374 1009 4428 Α
1025 4372 1364 4437 tribulatione
1382 4388 1499 4444 qua:
1514 4371 1852 4426 circumdedit
1869 4387 1970 4435 me,
1985 4385 2090 4424 non

509 4471 786 4535 demersit,
817 4468 948 4538 quia
971 4465 1173 4521 contuli
1195 4463 1376 4535 cepias
1407 4477 1557 4518 meas
1577 4463 1628 4516 in
1655 4476 1836 4516 arcem
1864 4460 2094 4530 desuper

509 4560 741 4614 irridens
753 4566 1050 4626 occupatos
1078 4555 1226 4609 curis
1250 4553 1408 4608 istius
1435 4551 1640 4607 saeculi.
1667 4551 1734 4606 Et
1760 4561 1882 4621 post
1916 4549 2093 4606 exsul-

509 4649 640 4702 tatio
665 4663 781 4700 mea
809 4646 864 4700 in
890 4653 941 4700 te
961 4644 1065 4698 erit
1104 4642 1234 4697 mihi
1261 4658 1275 4707 ;
1303 4650 1358 4696 et
1381 4656 1524 4695 nunc
1548 4640 1710 4696 etiam
1739 4655 1798 4695 es
1827 4649 1880 4695 tu
1914 4640 2094 4695 exsul-

511 4739 663 4802 tatio,
695 4738 789 4792 sed
817 4735 870 4790 in
899 4749 1013 4805 spe.
1046 4733 1114 4788 Et
1148 4733 1272 4803 quia
1303 4733 1357 4786 in
1385 4746 1444 4786 re
1483 4730 1659 4786 adhuc
1685 4741 1768 4786 est
1796 4730 2092 4798 tribulatio,

509 4848 632 4886 erue
681 4845 764 4884 me
825 4845 859 4882 a
912 4826 1362 4881 circumdantibus
1404 4841 1522 4890 me,
1578 4825 1782 4881 scilicet
1829 4826 1896 4882 ab
1939 4826 2095 4896 aquis

508 4922 719 4987 multis,
751 4919 835 4976 vel
875 4934 906 4972 a
944 4916 1378 4973 tribulationibus
1419 4915 1621 4982 carnis,
1656 4923 1716 4969 ut
1747 4930 1845 4985 per
1868 4929 1960 4972 eas
1988 4929 2094 4970 non

510 5017 759 5072 devocer.
784 5012 948 5081 Quasi
971 5011 1114 5068 dicat
1137 5009 1312 5071 :Dixi,
1339 5007 1656 5077 Conﬁtcbor,
1676 5016 1725 5061 et
1746 5016 1800 5059 tu
1829 5006 2094 5072 remisisti,

509 5109 628 5161 haec
666 5103 798 5159 mihi
830 5101 1034 5165 dicens,
1082 5097 1411 5154 Intellectum
1455 5097 1548 5150 tibi
1596 5096 1753 5161 dabo,
1791 5095 1936 5150 illum
1986 5095 2094 5150 sci-

508 5201 660 5265 licet,
685 5211 846 5268 quem
877 5194 999 5250 dedi
1023 5194 1075 5248 in
1106 5190 1600 5264 prima-creatione,
1625 5189 1752 5258 quia
1780 5205 1897 5242 cum
1924 5188 1976 5242 in
2003 5189 2097 5243 Ito-

509 5306 635 5343 norc
677 5303 835 5350 esses,
881 5285 1067 5350 idest,
1101 5283 1155 5337 in
1186 5280 1447 5354 dignitate
1484 5287 1692 5333 natura:
1719 5278 2015 5344 rationalis,
2042 5286 2097 5333 et

510 5397 616 5435 non
644 5377 945 5434 intellexisti
966 5385 1025 5430 ut
1048 5375 1287 5429 moribus
1306 5386 1624 5436 exornarcs,
1653 5371 1766 5424 vita
1795 5358 2095 5437 excoleres,

510 5481 842 5542 comparatus
873 5486 925 5523 es
945 5466 1195 5538 jumentis
1225 5463 1602 5534 insipientibus,
1634 5474 1680 5517 et
1707 5463 1891 5519 similis
1919 5464 2092 5534 factus

510 5579 566 5616 ss
592 5561 693 5614 illis
721 5565 739 5629 ι
765 5559 911 5614 l’sal.
940 5558 1151 5627 XLVIII),
1177 5555 1374 5611 oblitus
1403 5554 1496 5610 Dei
1545 5553 1639 5620 tui,
1667 5552 1783 5608 sine
1811 5569 1919 5623 quo
1949 5561 2094 5608 stare

513 5655 568 5710 in
603 5653 694 5706 illa
740 5651 996 5721 dignitate
1035 5664 1144 5704 non
1189 5646 1430 5718 potuisti.
1471 5643 1624 5700 Nunc
1655 5655 1832 5700 autem
1871 5646 1997 5715 quia
2025 5644 2091 5699 ad

503 5759 601 5798 ωε
624 5759 720 5813 per
752 5741 1110 5796 humilitatem
1138 5739 1306 5804 redis,
1338 5736 1670 5792 intellectum
1711 5737 1850 5792 dabo
1893 5737 1986 5791 tibi
2025 5736 2093 5790 ad

497 5835 903 5915 beatitudinem
949 5831 1339 5898 necessarium,
1391 5839 1450 5884 ut
1498 5829 1640 5885 scias
1682 5829 1748 5884 de
1792 5828 1936 5885 nullo
1973 5844 2094 5886 esse

2127 1891 2172 1951 Β

2213 632 2266 685 in
2290 631 2382 686 illo
2408 630 2682 686 intellectu
2710 632 2969 686 instruant
3000 643 3072 698 te,
3103 644 3162 688 ιιι
3187 635 3330 704 quod
3360 634 3497 692 bene
3524 637 3800 704 intelligis,

2208 745 2422 786 morum
2449 731 2734 786 honestate
2757 731 3050 801 compleas,
3076 731 3143 786 In
3165 733 3248 786 via
3268 733 3365 787 hac
3388 749 3490 802 qua
3517 735 3802 805 gradieris,

2205 823 2258 877 id
2282 832 2386 889 est,
2427 824 2480 879 in
2510 824 2610 878 hac
2639 823 2750 878 vita
2775 824 2827 878 in
2849 840 2957 894 qua
2984 840 3088 878 non
3119 824 3229 880 eris
3251 825 3423 896 piger,
3450 825 3548 881 sed
3573 841 3802 896 semper

2203 918 2456 989 gradiens
2482 917 2549 973 de
2569 917 2768 972 virtute
2795 917 2849 972 in
2876 919 3154 973 virtutem.

2273 1007 2368 1064 Vel
2397 1009 2450 1064 in
2476 1009 2708 1064 honesto
2748 1010 3026 1080 proposito
3063 1010 3206 1079 quod
3233 1009 3426 1081 eliges,
3453 1010 3686 1079 [innuba
3711 1026 3804 1065 srr-

2202 1111 2368 1173 perte
2389 1101 2566 1156 oculos
2591 1117 2752 1167 meos,
2786 1102 2837 1156 id
2861 1111 2963 1166 est,
2996 1116 3269 1171 nunquam
3297 1116 3328 1155 a
3357 1110 3409 1156 te
3444 1101 3666 1156 recedet
3695 1099 3801 1156 mi-

2203 1195 2496 1251 sericordia
2520 1210 2662 1261 mea,
2694 1195 2820 1265 quia
2853 1209 3068 1264 semper
3100 1193 3166 1248 ad
3199 1210 3287 1248 me
3331 1193 3586 1263 respiciet
3619 1191 3805 1248 humi-

2203 1285 2324 1341 litas
2354 1293 2468 1351 tua,
2490 1293 2552 1340 ut
2577 1285 2675 1352 ibi,
2703 1283 2856 1340 Oculi
2879 1286 2980 1339 mei
3005 1300 3206 1355 semper
3233 1284 3303 1337 ad
3332 1283 3645 1348 Dominum,
3671 1300 3800 1354 quo-

2202 1377 2343 1430 niam
2379 1377 2488 1446 ipse
2511 1374 2687 1430 evellet
2715 1375 2780 1429 de
2809 1374 3002 1446 laqueo
3026 1375 3183 1444 pedes
3219 1390 3359 1428 meos
3401 1372 3577 1445 (Psal.
3619 1375 3795 1439 xxiv).

2201 1469 2344 1540 Ergo
2387 1468 2441 1524 in
2496 1477 2646 1524 tanto
2694 1468 2902 1523 honore
2948 1467 3130 1536 positi,
3182 1476 3237 1521 et
3271 1466 3536 1522 habentes
3585 1475 3792 1521 tantam

2201 1572 2350 1628 spem
2382 1571 2482 1628 per
2525 1557 2951 1612 misericordiam
2977 1557 3102 1622 Dei,
3143 1556 3504 1626 intelligenter
3527 1565 3585 1611 et
3631 1555 3795 1612 ratio-

2200 1648 2452 1705 nabiliter
2473 1648 2674 1710 vivere.
2703 1647 2882 1702 Nolite
2903 1648 3022 1718 ﬁeri
3045 1648 3178 1702 sicut
3206 1664 3389 1718 equm,
3413 1648 3504 1719 qui
3534 1647 3657 1701 sine
3682 1647 3791 1701 dis-

2199 1743 2440 1798 cretione
2469 1750 2578 1797 tam
2627 1749 2986 1811 portat'suum
3015 1755 3283 1796 sessorem
3315 1755 3478 1810 quam
3510 1738 3702 1793 alium.
3729 1735 3790 1790 Et

2200 1833 2757 1888 mulustam-alterius
2783 1831 3154 1888 indiferenter
3173 1847 3314 1888 onus
3342 1832 3604 1896 sustinet,
3629 1843 3791 1900 quam

2201 1923 2284 1979 sui
2311 1923 2533 1978 domini.
2582 1922 2674 1978 Vel
2716 1922 2881 1978 nolite
2909 1935 3030 1978 esse
3075 1923 3192 1978 sine
3236 1931 3470 1988 rectore,
3513 1938 3582 1978 ne
3629 1922 3793 1977 lasci-

2198 2015 2405 2070 vientes
2447 2027 2546 2083 per
2589 2013 2815 2082 abrupta
2851 2012 3079 2079 cadatis,
3111 2012 3251 2068 sicut
3297 2027 3468 2082 equus
3514 2020 3570 2067 et
3614 2015 3790 2072 mulus

2196 2121 2318 2162 cum
2345 2106 2462 2160 sine
2503 2112 2712 2160 rectore
2741 2112 2888 2170 sunt,
2919 2119 3016 2173 per
3045 2105 3200 2160 devia
3232 2105 3471 2159 vadunt:
3500 2105 3585 2159 vel
3617 2106 3788 2160 nolite

2196 2199 2262 2254 de
2281 2197 2486 2252 viribus
2508 2195 2705 2251 vestris
2733 2209 3078 2266 przcsumere,
3107 2196 3198 2265 qui
3250 2195 3578 2251 intellectum
3613 2197 3783 2250 habe-

2197 2287 2441 2350 tis,»sicut
2465 2285 2591 2340 facit
2609 2299 2778 2355 equus
2799 2295 2852 2340 et
2875 2284 3050 2340 mulus
3061 2285 3364 2356 quibusnon
3375 2294 3448 2338 est
3465 2283 3782 2340 intellectus.

2265 2377 2396 2443 Sed,
2419 2393 2450 2431 ο
2475 2376 2720 2441 Domine,
2751 2375 2840 2444 qui
2869 2374 3074 2430 malunt
3098 2389 3218 2429 esse
3237 2374 3359 2444 equi
3385 2384 3442 2429 et
3465 2373 3595 2428 muli
3626 2386 3788 2444 quam

2195 2467 2287 2522 tibi
2313 2467 2711 2537 approximare,
2737 2465 2790 2519 in
2839 2482 2989 2520 camo
3028 2476 3075 2520 et
3099 2465 3268 2535 freno,
3300 2464 3352 2519 id
3380 2473 3487 2531 est,
3511 2460 3566 2518 iu
3591 2479 3785 2536 magna

2194 2559 2559 2616 refrenationc
2607 2567 2664 2614 et
2707 2572 2904 2629 magna
2945 2557 3285 2621 contritione,
3329 2555 3576 2610 maxillas
3606 2573 3783 2610 eorum

2193 2653 2507 2722 constringe,
2539 2651 2592 2706 id
2626 2657 2732 2716 est,
2763 2650 3052 2720 superbam
3089 2664 3276 2704 vocem
3321 2664 3509 2704 eorum
3548 2649 3788 2718 compri-

2193 2758 2300 2810 me,
2327 2742 2538 2798 discant
2577 2758 2681 2796 non
2706 2740 2918 2810 jactare
2949 2741 3162 2806 merita,
3193 2739 3288 2796 sed
3316 2739 3408 2795 tibi
3438 2755 3535 2810 per
3565 2739 3783 2793 humili-

2194 2843 2358 2889 tatem
2389 2833 2632 2888 conliteri
2661 2840 2902 2904 peccata.
2931 2831 3148 2886 Illorum
3175 2830 3482 2901 superbiam
3516 2829 3781 2900 deprime,

2191 2925 2352 2980 verba
2395 2922 2529 2994 legis
2559 2932 2661 2977 tua:
2703 2923 2757 2977 in
2785 2937 2880 2978 ore
2911 2937 3098 2976 eorum
3143 2935 3300 2990 pone,
3331 2934 3450 2989 qua:
3491 2935 3584 2973 eos
3617 2917 3780 2972 refre-

2192 3022 2322 3070 nent
2373 3029 2403 3067 a
2459 3012 2709 3082 superbia
2769 3021 2824 3067 et
2878 3025 3014 3081 vago
3051 3025 3258 3080 gressu,
3319 3009 3407 3080 qui
3450 3017 3648 3062 euntes
3691 3022 3781 3077 per

2191 3105 2495 3169 circuitum,
2525 3120 2627 3158 non
2668 3102 3032 3174 approximant
3064 3103 3131 3155 ad
3162 3112 3229 3154 te.
3260 3101 3410 3167 Quod
3440 3101 3484 3155 si
3527 3101 3781 3170 approxi-

2191 3212 2341 3254 mare
2380 3195 2632 3262 noluerit,
2663 3194 2831 3248 multa
2877 3193 3110 3264 ﬂagella,
3153 3193 3204 3248 id
3231 3202 3335 3258 est,
3387 3193 3549 3246 multa
3599 3208 3777 3263 pozna,

2190 3287 2294 3344 erit
2321 3285 2631 3357 peccatoris,
2657 3283 2709 3338 id
2731 3293 2835 3349 est,
2869 3284 2922 3337 in
2953 3291 3171 3353 peccato
3194 3283 3617 3352 perseverantis.
3647 3282 3778 3352 Spe-

2190 3387 2390 3433 rantem
2427 3385 2602 3430 autem
2626 3375 2679 3428 in
2707 3373 2953 3438 Dontino,
2986 3389 3089 3428 non
3114 3374 3165 3428 in
3197 3373 3409 3428 meritis
3424 3374 3559 3437 suis,
3595 3388 3701 3426 non
3728 3373 3778 3424 in

2189 3467 2410 3532 smculo,
2451 3463 2809 3519 misericordia
2849 3462 3213 3527 circumdabit,
3245 3461 3296 3516 id
3331 3470 3436 3526 est,
3467 3461 3702 3524 muniet,
3727 3468 3778 3513 et

2191 3559 2280 3616 hic
2302 3574 2399 3629 per
2430 3556 2661 3628 flagella,
2683 3566 2736 3611 et
2758 3557 2812 3611 in
2837 3554 3016 3610 futuro
3047 3569 3142 3624 per
3167 3553 3693 3608 remunerationem.
3718 3551 3779 3606 Et

2191 3662 2250 3708 ut
2294 3651 2436 3706 illius
2473 3647 2845 3704 misericordia
2895 3661 2992 3702 vos
3047 3645 3363 3710 circumdet,
3414 3643 3674 3698 ltetamini
3726 3644 3778 3695 in

2189 3742 2438 3808 Domino,
2471 3757 2577 3795 non
2601 3739 2655 3794 in
2679 3738 2896 3803 saeculo,
2926 3735 3080 3806 cujus
3105 3736 3293 3791 Iustitia
3321 3734 3640 3789 transitoria
3676 3743 3775 3789 est.

2189 3831 2470 3888 Lactantini
2519 3839 2721 3895 mente,
2756 3839 2802 3883 et
2833 3829 3089 3882 exsultate
3119 3828 3171 3880 in
3202 3840 3449 3897 corpore,
3481 3825 3535 3879 in
3565 3839 3667 3894 spe
3706 3833 3781 3878 ta-

2191 3941 2311 3980 men
2340 3923 2498 3994 jasti,
2551 3923 2677 3992 quia
2709 3919 2889 3990 injusti
2935 3919 3212 3975 in'steculo
3250 3918 3546 3984 exsultant,
3579 3934 3686 3973 non
3727 3918 3778 3972 in

2192 4015 2439 4070 Domino.
2470 4011 2535 4066 Et
2565 4011 2780 4066 tandem
2821 4008 3121 4081 gloriamini
3147 4007 3383 4080 perfecta
3426 4007 3600 4078 gloria
3641 4008 3698 4062 in
3728 4023 3779 4061 re

2192 4123 2368 4162 omnes
2393 4105 2518 4160 recti
2540 4103 2712 4158 corde.
2746 4101 2880 4157 Nam
2907 4102 3121 4157 distorti
3148 4102 3312 4157 corde
3339 4115 3445 4156 non
3470 4100 3524 4154 in
3551 4100 3780 4155 Domino

2192 4199 2527 4272 gloriantur;
2552 4211 2676 4252 cum
2703 4195 2886 4250 dicant
2913 4203 3004 4247 aut
3029 4193 3197 4248 Deum
3231 4208 3335 4247 non
3358 4207 3478 4247 esse
3511 4191 3567 4245 in
3598 4193 3776 4252 rebus,

2195 4292 2290 4348 sed
2321 4305 2451 4346 casu
2490 4289 2672 4344 omnia
2703 4288 3040 4358 contingere,
3071 4296 3129 4340 ut
3151 4285 3379 4358 pagani;
3407 4285 3494 4340 vel
3523 4287 3568 4340 si
3598 4285 3775 4340 dicunt

2196 4381 2364 4436 Deum
2399 4395 2538 4444 esse,
2585 4379 2772 4434 dicunt
2799 4392 2922 4431 eum
2955 4377 3232 4447 injustum,
3276 4386 3334 4431 ut
3362 4376 3483 4431 falsi
3518 4376 3779 4432 Christia-

2194 4470 2274 4536 ni,
2323 4484 2446 4524 cum
2493 4467 2678 4522 vident
2736 4481 2794 4521 se
2838 4466 2890 4520 in
2966 4466 3169 4531 labore,
3202 4477 3256 4522 et
3297 4465 3431 4522 alios
3461 4465 3634 4520 Deum
3679 4483 3778 4520 non

2123 4594 2172 4652 υ
2199 4561 2448 4617 timentes
2488 4557 2542 4612 in
2585 4557 2812 4627 requie;
2843 4571 2902 4612 se
2942 4572 3228 4627 pauperes,
3265 4557 3390 4612 illos
3431 4557 3670 4612 divites:
3699 4557 3778 4612 vel

2197 4655 2384 4710 dicunt
2406 4667 2527 4706 eum
2553 4645 2664 4706 sola
2695 4649 2933 4704 cmlestia
2979 4665 3195 4714 curare,
3233 4647 3444 4702 infirma
3479 4649 3777 4720 despicere.

2194 4743 2347 4800 Βεειί
2378 4751 2556 4797 autem
2601 4739 2763 4795 corde
2798 4748 2947 4805 sunt,
2995 4732 3282 4809 quisnam
3330 4737 3669 4794 voluntatem
3717 4739 3783 4793 ad

2192 4834 2290 4888 Dei
2321 4832 2647 4887 voluntatem
2673 4829 2945 4900 dirigunt;
2977 4838 3031 4884 et
3061 4829 3106 4884 si
3145 4845 3238 4884 eos
3266 4829 3558 4884 conturbat
3590 4829 3779 4884 burna-

2196 4941 2264 4981 na
2291 4924 2599 4989 infirmitas,
2645 4921 2958 4977 consolatur
2984 4935 3078 4976 eos
3112 4921 3307 4975 divinae
3339 4921 3617 4990 :equitatis
3637 4919 3780 4989 judi-

2196 5014 2362 5069 cium.
2395 5012 2460 5066 Et
2483 5013 2528 5067 si
2552 5011 2710 5066 aliter
2731 5026 2892 5080 quam
2922 5011 3088 5065 velint
3124 5011 3419 5083 contingat,
3449 5009 3779 5065 voluntatem

2197 5104 2293 5160 Dei
2332 5119 2443 5159 suae
2470 5101 2732 5158 voluntati
2760 5109 3078 5173 prteponunt
3105 5119 3118 5156 :
3152 5102 3204 5156 bi
3231 5117 3444 5173 semper
3471 5103 3524 5157 in
3556 5101 3780 5158 Dimitte

2198 5193 2516 5267 gloriantur.

2692 5280 2919 5337 PSALM
2929 5281 3013 5337 US
3049 5279 3266 5335 XXXII.

2625 5389 2678 5428 ΙΝ
2715 5387 2878 5428 ΠΝΕΙ
2916 5386 3149 5426 ΡεΑιιιιιε
3186 5385 3367 5424 ωνιι).

2274 5484 2293 5516 ι
2331 5462 2625 5528 Exsultate,
2648 5462 2803 5534 justi,
2842 5461 2896 5516 in
2939 5460 3186 5527 Domino,
3211 5466 3391 5514 rectos
3415 5459 3573 5514 decet
3602 5459 3768 5513 lauda-

2203 5576 2222 5609 ι
2269 5557 2360 5612 ιὶο.
2411 5553 2754 5612 Confitemini
2793 5554 3020 5609 Domino
3067 5555 3122 5608 in
3159 5554 3392 5619 cithara,
3427 5553 3479 5607 in
3528 5553 3777 5622 psalterio

2205 5667 2223 5699 ι
2267 5648 2451 5704 decem
2478 5645 2801 5701 chordarum
2826 5643 3036 5714 psallite
3063 5643 3159 5697 illi.
3187 5644 3412 5698 Cantate
3436 5644 3486 5698 ei
3509 5643 3779 5697 canticum

2202 5739 2227 5790 ἰ
2269 5753 2490 5804 novum,
2520 5737 2659 5792 bene
2712 5735 2923 5806 psallite
2970 5735 3020 5789 ei
3070 5735 3123 5789 iu
3174 5734 3585 5790 vociferatione.
3647 5733 3777 5799 Quia

2209 5850 2228 5883 ι
2274 5838 2478 5886 rectum
2523 5834 2607 5883 est
2635 5827 2856 5883 verbum
2887 5825 3122 5894 Domini,
3163 5835 3220 5880 et
3261 5825 3442 5881 omnia
3477 5813 3641 5896 opera
3667 5824 3777 5894 ejus
