3930 5800
510 334 619 391 ευπ

1147 332 1403 388 REMlGli
1441 325 2103 419 ANTISSIODORENSI§

2219 325 2290 380 ιν.
2308 388 2313 391 ,
2332 324 2531 395 mus.
2552 328 2595 384 l.
2632 350 2703 395 -ξ-
2741 328 2922 389 EXEG
2933 311 3171 389 ETICA.

3666 328 3792 394 ωε

502 449 825 522 jubilatioue
867 450 951 507 vei
994 451 1385 522 uociferatione,
1427 453 1481 509 id
1518 461 1621 517 est,
1662 448 1937 523 epcmndo
1969 460 2094 502 eum
2117 445 2174 508 Δ
2198 442 2309 499 sint
2359 445 2467 504 nisi
2496 450 2767 518 permissi,
2796 452 2941 509 sicut
2965 466 3106 522 aqua
3130 453 3185 508 in
3228 460 3351 510 utre
3382 468 3492 517 non
3510 464 3659 521 ent,
3696 458 3792 514 nisi

520 557 715 614 magna
753 542 1070 599 intentione.
1100 543 1158 599 in
1190 552 1400 600 tantum
1427 560 1551 599 eum
1580 543 1818 609 laudate,
1850 553 1908 595 ut
1933 538 2096 594 verba

427 616 431 643 ³
516 633 771 689 iaudibus
802 633 1075 700 deficiant,
1107 637 1231 706 quia
1255 636 1487 707 iubilnm
1516 644 1599 691 est
1644 635 1763 690 laus
1797 634 1889 690 Dei
1917 631 2103 687 verbis

517 726 929 797 inexplicabilis.
958 727 1089 783 ideo
1119 729 1170 784 in
1214 729 1319 785 lide
1363 728 1697 801 operamini,
1729 728 1855 798 quia
1886 734 2097 781 rectum

517 832 603 879 est
634 823 861 881 verbum
894 823 1128 889 Domini,
1152 825 1359 882 scilicet
1385 825 1604 880 verbum
1638 820 1953 879 ﬁdei:unde
1977 817 2102 894 pro-

518 915 723 986 pheta:
760 913 979 971 Verbum
1014 918 1300 971 breviatum
1332 917 1487 987 faciet
1524 917 1778 972 Dominus
1817 932 1973 986 super
1997 925 2105 970 ter-

522 1022 638 1061 ram
662 1006 801 1079 (lsa.
842 1009 897 1079 ι)
923 1025 938 1075 ;
966 1008 1032 1063 de
1057 1024 1167 1079 quo
1202 1009 1523 1078 Apestolus:
1556 1006 1675 1063 Hoc
1696 1017 1773 1063 est
1802 1007 2009 1062 verbum
2039 1006 2104 1075 ﬁ-

518 1099 608 1155 dei
628 1100 770 1172 quod
813 1100 1368 1173 prmdicamusﬂfom.
1417 1112 1517 1173 ut).
1564 1101 1695 1156 ltlud
1741 1101 1969 1157 verbum
2020 1115 2105 1155 re-

522 1201 668 1246 ctum
690 1199 800 1257 est,
837 1192 962 1263 quia
1011 1202 1095 1249 est
1138 1194 1191 1248 in
1231 1194 1590 1263 operatione;
1626 1194 1770 1248 unde
1816 1193 2101 1263 sequitur:

524 1278 592 1363 Et
633 1282 811 1337 omnia
863 1299 1022 1353 opera
1064 1284 1181 1354 ejus
1226 1285 1281 1339 in
1321 1285 1445 1354 ﬁde.
1507 1283 1696 1340 Nullus
1748 1293 1926 1354 potest
1968 1284 2107 1338 bene

496 1375 736 1443 .operari
762 1383 918 1430 extra
959 1375 1140 1443 iidem,
1189 1378 1304 1432 sive
1330 1378 1453 1443 hoc,
1482 1378 1708 1433 sive'illo
1739 1378 1934 1445 modo;
1963 1376 2107 1455 quod

520 1466 790 1536 sequitur,
820 1466 901 1523 sic
929 1469 1296 1524 continuatur.
1330 1470 1540 1526 Revera
1562 1480 1688 1527 sunt
1722 1471 1779 1525 in
1819 1470 1947 1536 ﬁde,
1980 1470 2107 1540 quia

520 1558 703 1613 omnia
732 1568 827 1613 aut
848 1568 979 1615 sunt
1025 1560 1425 1629 misericordia,
1452 1571 1546 1617 aut
1586 1562 1850 1631 judicium
1881 1578 1899 1616 :
1926 1571 1981 1617 et
2006 1563 2109 1619 hoc

520 1648 577 1702 in
610 1648 737 1719 ﬁde,
768 1651 895 1720 quia
928 1666 1202 1722 nunquam
1254 1652 1373 1707 sine
1421 1653 1876 1709 remuneratione.
1920 1652 2108 1724 Diligit

522 1740 982 1798 misericordiam:
1008 1757 1138 1814 ergo
1178 1752 1236 1799 et
1288 1758 1395 1799 nos
1444 1744 1730 1816 diligamus
1790 1745 2104 1800 misericor-

507 1832 688 1907 diam.
713 1833 844 1901 Qua:
886 1836 1059 1905 major
1083 1844 1265 1906 potest
1288 1851 1409 1893 esse
1436 1837 1537 1893 hac
1579 1838 1673 1893 Dei
1704 1836 2099 1900 misericordia,

520 1928 664 1997 quod
711 1943 931 1985 aversos
964 1938 1150 1997 vocat,
1179 1932 1320 2000 quod
1355 1932 1654 1997 condonat,
1700 1930 1843 2001 quod
1893 1930 2107 2001 patiens

519 2027 603 2074 est
636 2035 800 2091 super
824 2032 1140 2093 peccatores
1186 2024 1359 2080 donec
1391 2026 1815 2081 convertantur?
1846 2022 2108 2081 Hortatur

520 2112 729 2184 pigros,
769 2108 1084 2170 consolatur
1112 2115 1360 2182 amictae,
1391 2116 1549 2171 docet
1577 2117 1868 2181 studiosos,
1920 2115 2106 2171 oblivi-

521 2205 692 2261 scitur
722 2207 1016 2276 praeterita,
1043 2208 1313 2278 promittit
1349 2208 1551 2264 futura.
1584 2207 1700 2266 Non
1733 2207 1935 2285 deserit
1961 2206 2111 2263 labo-

522 2302 713 2351 rantes
731 2303 786 2352 et
813 2296 866 2351 in
894 2297 989 2353 ilio
1013 2298 1381 2367 confidentes;
1426 2300 1593 2355 donat
1620 2301 1763 2355 unde
1807 2300 1911 2356 sibi
1941 2300 2114 2355 sacri-

525 2387 745 2455 ﬁcetur,
790 2390 978 2445 tribuit
1021 2392 1161 2448 unde
1186 2392 1466 2463 placetur:
1493 2392 1579 2448 vel
1610 2392 1713 2447 alia
1749 2407 1915 2448 causa
1945 2406 2113 2462 quare

524 2480 599 2536 sit
631 2481 982 2548 cantandum,
1016 2484 1141 2553 quia
1184 2482 1360 2555 diligit
1408 2483 1837 2540 misericordiam
1884 2500 1990 2554 qua
2021 2498 2116 2539 vo-

525 2577 652 2636 cat,
681 2570 1092 2642 quaiustilicat,
1121 2583 1168 2628 et
1205 2575 1495 2643 jurticium,
1539 2590 1648 2644 quo
1677 2589 1806 2629 suos
1846 2572 2115 2645 ﬂagellat,

525 2660 701 2717 malos
737 2672 993 2718 excaecat.
1041 2662 1225 2734 Diligit
1257 2674 1304 2718 et
1338 2664 1606 2734 judicium
1631 2703 1648 2729 ,
1679 2663 1803 2734 quia
1855 2663 2118 2719 discernit

524 2752 670 2807 inter
687 2751 894 2822 justum
925 2762 980 2809 et
1009 2754 1252 2824 impium,
1275 2755 1436 2825 iustis
1470 2754 1604 2810 dans
1631 2755 1909 2826 prmtitium
1933 2795 1952 2820 ,
1981 2754 2118 2809 dans

526 2840 755 2912 iniustis
794 2858 1038 2913 pinnam.
1090 2844 1168 2899 ita
1220 2853 1275 2898 et
1334 2860 1433 2899 nos
1495 2844 1783 2916 diligamus
1828 2844 2117 2916 judicium,

519 2931 666 2999 iuste
711 2933 1035 3004 iudicemus.
1104 2934 1261 2990 -ιιυιιί
1325 2944 1518 3005 putant
1583 2950 1643 2990 se
1719 2935 1855 2990 bene
1921 2949 2118 3006 agere,

526 3040 649 3080 cum
693 3026 1031 3083 defendendo
1084 3043 1302 3082 causam
1336 3027 1612 3096 pauperis,
1662 3035 1876 3083 vertunt
1920 3028 2010 3098 ius
2065 3028 2117 3081 in

2200 552 2323 595 cum
2355 540 2470 596 vult
2494 542 2587 598 ille
2628 543 2720 614 qui
2770 544 2823 599 in
2853 553 3119 614 potestate
3152 546 3320 602 habet
3348 557 3550 605 utrem.
3588 549 3796 606 Paucas

2202 633 2256 687 in
2293 634 2555 691 thesauris
2586 635 2829 707 abyssos,
2868 653 2978 693 non
3033 638 3209 695 solum
3265 639 3424 705 alios,
3470 641 3584 696 sed
3632 642 3798 699 etiam

2202 724 2620 796 pet-ditissimos,
2644 728 2809 784 etiam
2832 729 3148 799 desperatos
3172 731 3225 785 in
3253 746 3474 787 camera
3502 748 3614 789 sua
3640 733 3799 789 habet

2202 820 2506 890 repositos;
2542 820 2617 875 illi
2664 821 2826 877 etiam
2859 821 2912 876 in
2954 831 3222 890 potestate
3259 839 3354 879 sna
3379 834 3533 889 sunt,
3572 833 3642 880 ut
3665 824 3799 881 nihil

2204 913 2413 984 possint
2459 914 2563 969 nisi
2594 914 2868 985 permissi,
2890 922 2951 969 ut
2975 915 3172 971 haheat
3201 914 3344 973 unde
3389 917 3609 973 tribuat
3637 917 3803 977 dona-

2207 1007 2288 1062 ria
2312 1007 2572 1064 militibus
2604 1008 2740 1072 suis,
2773 1007 2914 1064 unde
2951 1018 3177 1065 coronet
3202 1010 3395 1075 bonos,
3433 1010 3675 1065 damnet
3696 1024 3803 1063 rna-

2206 1098 2308 1162 los,
2341 1113 2470 1154 suos
2498 1098 2713 1169 probet,
2753 1098 2946 1169 impios
2974 1108 3280 1156 consumat.
3308 1100 3456 1171 Ergo
3477 1088 3684 1155 timeat
3703 1097 3807 1153 Do-

2206 1193 2406 1247 minum
2433 1193 2603 1246 omnis
2627 1201 2792 1257 terra,
2829 1191 2882 1247 id
2903 1200 3005 1257 est,
3036 1193 3331 1249 omneslilli
3354 1195 3448 1265 qui
3482 1202 3729 1258 terram,
3755 1193 3803 1248 id

2207 1290 2314 1346 est,
2332 1296 2543 1351 corpus
2582 1296 2740 1336 suum
2784 1281 2857 1336 ita
2906 1282 3287 1348 excoluerunt,
3320 1292 3385 1338 at
3435 1286 3677 1340 tandem
3708 1284 3804 1339 itu-

2208 1372 2493 1428 mortalem
2530 1373 2817 1444 recipiant,
2852 1374 3005 1430 illum
3043 1374 3216 1432 sointu
3240 1376 3477 1433 timeant
3497 1377 3593 1432 cui
3622 1378 3805 1432 omnia

2208 1463 2465 1521 obediunt
2512 1465 2854 1522 necessitate.
2899 1464 3066 1522 Saevit
3100 1476 3350 1538 corpeus,
3396 1468 3598 1524 timeat
3629 1468 3808 1523 Domi-

2209 1563 2373 1624 num;
2421 1557 2575 1614 stetit
2614 1557 2718 1624 ieo,
2752 1558 2943 1614 timeat
2962 1558 3282 1626 Dominum;
3309 1562 3467 1616 sazvit
3511 1568 3808 1633 tyrannos,

2212 1649 2400 1704 timeat
2456 1648 2745 1706 Dominum
2782 1667 2802 1705 ι
2846 1650 2979 1706 nihil
3023 1650 3166 1707 enim
3224 1651 3344 1721 plus
3388 1652 3514 1719 hac
3555 1661 3805 1723 possunt,

2208 1741 2315 1796 nisi
2355 1750 2617 1811 quantum
2667 1741 2754 1798 illo
2801 1742 3129 1812 permiserit.
3159 1742 3269 1799 Nec
3293 1755 3590 1800 moveatur
3628 1745 3809 1815 aliquo

2209 1834 2432 1901 horum,
2458 1834 2669 1890 scilicet
2693 1850 2725 1890 a
2755 1841 2857 1890 suo
2874 1836 3178 1906 proposito.
3216 1836 3294 1891 At:
3331 1853 3394 1892 eo
3422 1847 3638 1902 autem,
3667 1838 3805 1893 scili-

2208 1936 2294 1983 cet
2344 1926 2599 1993 Domino,
2634 1937 3062 1983 commemoratur
3108 1940 3288 1984 omnes
3328 1929 3704 1984 inhabitantes
3727 1944 3806 1983 or-

2211 2020 2347 2087 bem,
2376 2029 2436 2076 ut
2472 2037 2583 2093 quo
2629 2020 2717 2078 ille
2748 2021 2972 2093 jusserit
3010 2028 3356 2087 moveantur,
3380 2032 3580 2079 euntes
3611 2023 3806 2078 devir—

2215 2120 2328 2168 tnte
2374 2112 2435 2168 in.
2470 2113 2747 2178 virtutem,
2777 2128 2971 2171 omnes
3016 2112 3242 2184 perfecti
3274 2113 3375 2184 qui
3400 2128 3600 2185 agrum
3653 2128 3807 2169 suum

2212 2205 2578 2262 orbiculatum
2622 2204 2888 2270 fecerunt,
2934 2204 3085 2261 omni
3132 2205 3461 2262 comitate
3495 2212 3803 2276 amputata,

2217 2301 2269 2357 id
2299 2308 2407 2366 est,
2436 2299 2533 2370 qui
2570 2313 2792 2355 carnem
2812 2312 2965 2354 suam
3003 2298 3395 2354 crueiliserunt
3415 2302 3549 2353 eum
3578 2297 3735 2352 vitiis
3758 2305 3808 2352 et

2216 2393 2691 2464 concupiscentiis,
2710 2400 2768 2447 et
2788 2392 2868 2448 sic
2895 2392 3198 2448 inhabitant
3224 2391 3375 2446 illum
3407 2392 3602 2448 orbem
3628 2401 3689 2448 et
3708 2407 3805 2446 non

2218 2486 2621 2551 inhabitantur;
2660 2483 2736 2539 illi
2782 2485 3006 2539 timeant
3038 2484 3326 2541 Dominum
3380 2485 3586 2539 timore
3633 2495 3804 2546 casto,

2222 2588 2278 2633 et
2308 2593 2414 2633 non
2444 2577 2726 2641 amntium,
2747 2576 2839 2646 qui
2864 2575 2997 2631 nihil
3023 2584 3202 2646 potest
3224 2576 3277 2631 in
3300 2590 3419 2642 eos,
3445 2577 3557 2631 nisi
3583 2577 3807 2647 pennis-

2218 2685 2332 2726 sns.
2358 2669 2528 2724 Aliter
2557 2684 2571 2723 :
2601 2667 2669 2722 Et
2697 2667 2886 2739 spiritu
2907 2670 3016 2722 oris
3050 2684 3189 2738 ejus,
3230 2668 3409 2731 idest,
3434 2669 3633 2738 spiritu
3655 2667 3805 2723 ϐΙιτῑο

2222 2761 2316 2827 sti,
2344 2759 2523 2817 omnis
2563 2760 2737 2815 virtus
2766 2774 2974 2821 eorum,
2994 2759 3205 2815 scilicet
3238 2758 3634 2830 apostolorum.
3657 2758 3802 2827 Quod

2223 2853 2471 2923 Sequitur
2500 2852 2566 2907 ad
2596 2852 2738 2909 istud
2789 2852 2868 2907 sic
2900 2852 3251 2907 continuatur
3278 2868 3291 2904 :
3337 2850 3475 2922 Ejus
3506 2852 3640 2907 dico
3670 2866 3689 2906 :
3718 2852 3807 2919 qui

2224 2952 2309 2999 est
2338 2956 2677 3014 congregans,
2704 2941 2917 2999 scilicet
2941 2956 3040 3012 per
3066 2939 3185 2997 ilius
3209 2940 3396 3005 ambs,
3425 2957 3603 3011 aqua:
3627 2941 3804 3007 motis,

2226 3036 2408 3099 idest,
2448 3036 2609 3108 hujus
2658 3034 2842 3091 stecnli
2888 3034 3085 3091 fluctus
3114 3044 3170 3091 et
3197 3032 3616 3107 persecutiones
3657 3034 3803 3104 quasi

532 3117 849 3187 iniustitiam
879 3137 893 3171 :
923 3120 1065 3191 quod
1133 3134 1240 3175 non
1289 3130 1372 3177 est
1437 3120 1736 3176 faciendum
1760 3161 1778 3187 ,
1828 3121 1951 3191 quia
2018 3136 2121 3176 nec
2148 3168 2194 3230 ε
2229 3129 2282 3183 in
2315 3138 2515 3195 utrem,
2542 3138 2603 3182 ut
2637 3128 2689 3182 in
2722 3127 2911 3198 paucis
2946 3126 3058 3196 iam
3107 3127 3294 3182 saeviat
3335 3124 3478 3182 istud
3526 3125 3803 3185 smeututn.

528 3212 898 3268 misericordia
948 3212 1109 3268 debet
1159 3213 1420 3285 impedire
1470 3211 1773 3283 judicium,
1822 3229 1921 3269 nec
1968 3211 2115 3281 judi-

530 3304 677 3360 cium
728 3305 1179 3362 misericordiam.
1237 3305 1297 3361 Si
1340 3307 1591 3362 volumus
1644 3306 1868 3377 pauperi
1918 3306 2116 3362 subve-

530 3395 691 3463 nire,
744 3405 867 3467 post
907 3386 1172 3467 judicium
1214 3399 1644 3455 misericordiam
1687 3399 1984 3467 faciamus,
2034 3402 2115 3457 vel

531 3489 867 3559 postulemus
892 3507 921 3545 a
952 3490 1122 3546 fonte.
1154 3490 1355 3546 Probat
1379 3491 1522 3561 quod
1568 3491 1994 3547 misericordiam
2035 3492 2119 3548 di-
2180 3494 2185 3497 ’

532 3579 683 3652 ligat.
736 3582 1079 3639 Misereordia
1120 3584 1333 3638 Domini
1365 3583 1519 3653 plena
1559 3594 1633 3639 est
1679 3594 1843 3651 terra,
1884 3584 1940 3640 id
1991 3592 2115 3652 est,

536 3672 813 3741 Ecclesia,
833 3690 952 3745 qua:
976 3685 1059 3731 est
1085 3684 1229 3731 terra
1264 3674 1477 3731 Domini
1519 3684 1572 3731 et
1619 3674 1737 3745 eius
1788 3676 2076 3733 hmreditas
2099 3718 2116 3744 ,

537 3774 624 3821 cst
650 3765 807 3838 plena
834 3768 1206 3839 operariorum
1232 3768 1625 3824 misericordia:
1663 3769 1894 3825 Domini.
1921 3769 2118 3827 Osten—

539 3857 617 3914 dit
656 3874 753 3930 pcr
790 3875 927 3930 quos
956 3862 1236 3931 operarios
1263 3860 1497 3931 implevit
1528 3863 1669 3920 hanc
1697 3872 1917 3920 terram.
1951 3862 2120 3921 Verbo

537 3946 757 4002 Domini
799 3949 914 4004 cali
963 3951 1163 4019 ﬁrmati
1204 3962 1323 4006 sunt
1347 3993 1362 4017 ,
1396 3951 1448 4006 id
1491 3961 1569 4007 est
1592 3994 1607 4019 ,
1630 3953 1876 4009 doctrina
1902 3962 1959 4010 et
1994 3970 2122 4026 ope-

540 4039 754 4095 ratione
780 4039 924 4095 Filii.
971 4039 1127 4109 Caeli,
1160 4042 1213 4099 id
1255 4052 1357 4109 est,
1385 4045 1610 4113 apostoli
1647 4032 2119 4117 pluentes'doctriv

538 4133 655 4198 nis,
675 4142 923 4191 tonantes
959 4137 1149 4203 minis,
1185 4147 1534 4196 coruscantes
1575 4140 1881 4206 miraculis,
1912 4139 2115 4197 ﬁrmati

540 4233 666 4280 sunt
694 4225 748 4281 in
797 4226 928 4294 ﬁde,
966 4243 1061 4300 Spe
1100 4238 1156 4285 et
1201 4230 1493 4312 eharitaie.
1533 4229 1702 4287 Filius
1735 4233 1830 4288 Dei
1884 4230 2122 4312 Verbum

542 4317 759 4386 dicitur,
788 4322 914 4392 quia
947 4297 1332 4394 interpretatur
1358 4297 1512 4381 vobis
1547 4325 1876 4381 voluntatem
1904 4325 2022 4382 Dei.
2050 4297 2123 4381 Et

538 4404 723 4480 spiritu
759 4412 865 4466 oris
911 4413 1043 4483 ejus,
1097 4414 1151 4470 id
1198 4423 1321 4483 est,
1371 4414 1576 4486 Spiritu
1631 4427 1820 4473 sancto
1856 4418 2025 4474 misso
2054 4417 2124 4474 de

2226 3236 2349 3275 cum
2365 3219 2479 3289 iam
2504 3235 2604 3291 per
2622 3219 2921 3276 doctrinam
2946 3217 3312 3290 apostoiorum
3333 3217 3510 3291 maior
3523 3233 3661 3289 pars
3688 3233 3809 3274 celt-

2222 3325 2377 3366 versa
2400 3311 2472 3365 sit
2493 3310 2558 3364 ad
2584 3309 2762 3366 iidem.
2795 3309 2862 3364 Et
2886 3324 2953 3365 ne
2981 3309 3177 3379 aliquis
3211 3309 3541 3381 gloriaretur
3570 3318 3805 3364 temera-

2223 3403 2301 3457 ria
2342 3403 2727 3469 exsultatione,
2753 3399 2942 3459 dicens
2970 3421 2982 3457 :
3012 3400 3156 3457 Nihil
3178 3417 3308 3472 ergo
3322 3400 3663 3467 1imendttm,
3688 3403 3804 3471 quia

2223 3506 2559 3573 congregata:
2585 3504 2713 3551 sunt
2737 3510 2890 3566 aqum
2916 3494 3103 3560 maris,
3128 3492 3403 3565 subiungit
3428 3511 3441 3546 :
3470 3492 3685 3548 Timent
3705 3493 3807 3547 Do-

2224 3589 2423 3643 minum
2454 3589 2621 3644 omnis
2670 3598 2827 3643 terra.
2858 3578 3283 3657 Exsu'ltct,‘quia
3320 3585 3691 3640 miscricorﬁa
3714 3584 3808 3639 Do-

2226 3679 2357 3733 mini
2384 3678 2537 3749 plena
2562 3688 2637 3733 est
2669 3688 2831 3733 terra.
2862 3675 3066 3732 Timent
3103 3686 3284 3731 autem
3311 3689 3547 3747 peccare
3580 3685 3639 3731 et
3663 3676 3731 3731 ait
3748 3689 3813 3728 co

2226 3769 2498 3824 recedere.
2546 3767 2833 3823 Dominum
2881 3767 3055 3823 solum
3104 3766 3283 3821 timeat
3323 3765 3569 3821 Ecclesia
3617 3777 3809 3822 etnon

2228 3860 2356 3926 alia,
2384 3861 2509 3930 quia
2553 3860 2657 3915 alia
2685 3858 2865 3914 omnia
2893 3860 2944 3914 in
2983 3857 3103 3929 eius
3139 3868 3265 3914 sunt
3298 3866 3579 3939 potestate
3606 3868 3666 3913 et
3684 3856 3809 3913 nihil

2226 3960 2457 4024 possunt
2479 3952 2580 4008 nisi
2621 3965 2687 4006 eo
2713 3951 3088 4023 permittente.

2301 4042 2567 4110 Quoniam
2590 4045 2698 4114 ipse
2720 4044 2879 4109 dixit,
2897 4052 2944 4097 et
2969 4043 3111 4113 facta
3134 4051 3274 4110 sunt,
3299 4042 3506 4098 scilicet
3537 4043 3810 4098 creatione

2224 4136 2435 4208 prima;
2460 4135 2565 4202 vel,
2592 4135 2701 4206 ipse
2724 4135 2880 4201 dixit,
2910 4135 3095 4202 idest,
3137 4135 3404 4206 permisit,
3434 4142 3490 4189 et
3517 4136 3668 4205 facta
3696 4141 3808 4189 snt

2228 4243 2570 4300 quaecunque
2588 4228 2744 4289 ﬁunt,
2766 4228 2881 4284 sive
2917 4241 3037 4297 qnte
3067 4228 3180 4299 ipse
3218 4226 3367 4293 fecit,
3398 4227 3513 4283 sive
3543 4243 3667 4295 qua:
3699 4225 3808 4281 ﬁeri

2186 4320 2193 4401 ἶ
2227 4318 2510 4390 permittit,
2540 4326 2595 4374 et
2624 4318 2760 4373 nihil
2781 4317 2839 4373 lit
2869 4332 2934 4373 eo
2960 4333 3066 4373 non
3110 4317 3477 4388 permittente.
3505 4317 3572 4372 Et
3597 4317 3735 4372 bene
3757 4316 3804 4371 in

2232 4428 2303 4469 eo
2331 4414 2475 4485 quod
2514 4412 2662 4478 dicit,
2686 4411 2827 4483 facta
2853 4409 3200 4482 intelligimus
3221 4410 3426 4474 omnia,
3455 4410 3585 4480 quia
3613 4410 3807 4464 factum

540 4499 717 4567 rmlis,
746 4503 814 4557 ab
842 4518 937 4557 ore
967 4503 1099 4574 eius,
1131 4507 1184 4561 id
1214 4516 1315 4573 est,
1344 4507 1584 4573 Christo,
1609 4510 1702 4580 qui
1729 4519 1813 4567 est
1838 4525 1899 4566 os
1921 4511 2123 4578 Patris,
2234 4513 2319 4561 est
2349 4504 2617 4575 quoddam
2665 4503 2931 4561 incerlum
2958 4511 3014 4558 ει
3060 4500 3370 4566 confusum,
3406 4501 3510 4556 hoc
3538 4500 3658 4556 δε)ῑο
3700 4516 3808 4556 σεῖο

539 4592 667 4659 quia
712 4609 807 4662 per
852 4593 1000 4650 illum
1049 4598 1206 4653 nobis
1255 4598 1485 4657 locutus.
1533 4600 1634 4657 Hie
1687 4598 1926 4658 ostendit
1982 4603 2126 4674 quod

548 4679 788 4751 Spiritus
826 4696 1047 4742 sanctus
1096 4702 1126 4742 a
1175 4685 1313 4744 Filio
1362 4691 1651 4761 procedit:
1683 4691 1750 4748 ab
1799 4692 1888 4748 illo
1934 4684 2126 4765 spiritu

546 4776 716 4831 omnis
758 4776 922 4832 virtus
985 4766 1164 4833 eorum
1192 4821 1206 4846 ,
1264 4782 1472 4838 scilicet
1516 4784 1658 4854 quod
1704 4796 1829 4840 sunt
1877 4796 2126 4842 tonantes

547 4867 732 4937 minis,
777 4860 1127 4928 coruscantes
1154 4874 1430 4932 miraculis
1458 4892 1473 4931 :
1500 4877 1590 4933 hic
1619 4876 1858 4935 Trinitas
1887 4890 2121 4936 notatur.

543 4959 663 5018 lluc
715 4978 886 5034 usque
934 4966 1173 5022 ostensio
1229 4968 1634 5026 misericordiae.
1688 4970 1874 5044 Diligit
1931 4983 1979 5027 et
2036 4974 2133 5043 ju-

541 5052 776 5120 dicium,
823 5068 1140 5128 congregans
1182 5057 1313 5114 sicut
1360 5058 1415 5113 in
1472 5070 1588 5116 utre
1618 5078 1784 5132 aquas
1828 5063 2019 5127 maris,
2075 5063 2130 5121 id

544 5152 669 5210 est,
715 5159 1004 5202 reservans
1051 5147 1121 5202 ibi
1158 5146 1430 5205 ﬂuitantes
1473 5150 1776 5205 voluntates
1831 5152 2131 5208 amariean-

544 5234 679 5290 tium
718 5244 1155 5307 persceutorum,
1182 5254 1537 5308 compescens
1561 5255 1654 5296 cas
1686 5247 1745 5294 ut
1773 5255 1879 5295 non
1910 5242 2132 5298 saeviant

545 5325 651 5381 nisi
689 5341 755 5383 eo
802 5329 1146 5398 permittente
1172 5369 1187 5395 ,
1222 5336 1282 5383 ut
1333 5330 1530 5385 habeat
1580 5328 1721 5384 unde
1755 5329 1893 5387 ﬁlios
1922 5334 2135 5388 erudiat

548 5424 607 5470 et
630 5431 838 5494 servos
867 5419 1087 5489 puniat;
1157 5420 1349 5490 probet
1376 5419 1512 5488 pios,
1542 5429 1597 5475 et
1635 5422 1853 5476 damnet
1897 5423 2130 5494 impios;

548 5490 680 5561 suo:
704 5508 904 5565 milites
941 5517 1182 5572 coronet,
1225 5518 1281 5564 et
1325 5511 1757 5579 persequentium
1800 5490 2005 5568 rabiem
2049 5529 2137 5570 re-

550 5599 746 5652 tundat
774 5617 788 5653 :
822 5598 904 5655 vel
930 5610 1336 5671 persecutorem
1358 5601 1615 5656 saevitiam
1653 5618 1773 5673 qua:
1792 5604 1921 5660 olim
1948 5615 2136 5678 aperte

553 5698 610 5741 et
639 5687 838 5756 passim
891 5691 1189 5760 vagabatur
1229 5690 1443 5763 collegit
1479 5699 1533 5746 et
1568 5693 1891 5751 constrinxit
1920 5697 1973 5752 in
2002 5713 2135 5768 pau-

2235 4609 2348 4654 tum
2374 4599 2518 4670 quod
2546 4598 2748 4655 factum
2784 4603 2889 4651 est.
2919 4595 2987 4651 Et
3011 4595 3136 4650 ideo
3165 4594 3306 4665 quod
3336 4593 3490 4658 dicit,
3518 4593 3681 4657 dixit,
3718 4590 3808 4647 nti-

2234 4705 2338 4747 nus
2359 4687 2675 4762 intelligitur
2696 4703 2855 4759 quam
2884 4687 3027 4759 quod
3050 4686 3203 4752 dicit,
3215 4684 3502 4750 mandavit,
3525 4684 3655 4755 quia
3677 4680 3806 4754 quod

2235 4784 2558 4840 mandamus
2598 4791 2777 4838 ratum
2827 4766 2946 4836 esse
2987 4778 3257 4834 volumus.
3293 4774 3417 4847 'Ipsc
3448 4776 3806 4841 mandarit,ct

2235 4883 2413 4929 creata
2437 4881 2580 4927 sunt.
2620 4871 2831 4945 Emitte
2862 4870 3155 4942 separatim
3181 4876 3304 4939 post
3332 4875 3581 4923 recreata
3612 4876 3735 4922 sunt
3758 4865 3806 4920 in

2197 4960 2203 4969 “
2236 4963 2721 5020 sanctiiicationem
2771 4963 2950 5017 omnia
2987 4977 3053 5017 ex
3078 4977 3144 5019 eo
3183 4968 3328 5024 sunt,
3358 4969 3415 5018 et
3436 4959 3579 5015 nihil
3600 4965 3809 5031 possunt

2204 5056 2209 5133 ς
2237 5056 2353 5111 hate
2376 5052 2463 5109 vel
2501 5052 2575 5108 illi
2606 5051 2711 5108 nisi
2740 5067 2838 5124 per
2866 5066 3011 5105 eum.
3036 5049 3111 5107 Et
3148 5049 3273 5106 ideo
3309 5048 3573 5104 Dominus
3602 5050 3805 5119 dissipat

2236 5145 2457 5203 consilia
2505 5147 2736 5216 gentium
2796 5142 3150 5217 qurerentium
3194 5156 3395 5197 nomen
3438 5141 3567 5213 eius
3622 5141 3804 5204 delere,

2205 5242 2454 5313 fsanctos
2488 5239 2606 5310 ejus
2644 5236 2803 5292 morti
2836 5234 3068 5300 tradere,
3097 5241 3153 5289 et
3180 5250 3209 5291 a
3249 5232 3367 5287 Deo
3403 5249 3508 5289 suo
3533 5233 3803 5289 devocare.

2238 5329 2441 5386 Gentes
2470 5337 2651 5382 autem
2684 5339 2791 5380 non
2820 5323 3088 5394 dissipant
3130 5321 3416 5377 consilium
3451 5320 3693 5379 Domini.
3722 5321 3804 5376 Re-

2208 5409 2217 5414 ’
2239 5419 2422 5492 probat
2446 5426 2622 5473 autem
2644 5406 2981 5486 cogitationes
3017 5411 3350 5485 populorum,
3375 5412 3693 5470 Judarorum
3716 5414 3807 5469 sci-

2241 5512 2408 5569 licet:
2438 5510 2574 5565 Jubc
2611 5524 2734 5578 ergo
2783 5507 3037 5562 custodiri
3082 5504 3403 5577 sepulcrum,
3442 5524 3507 5561 ne
3569 5508 3711 5577 forte
3741 5523 3809 5561 re-

2243 5603 2387 5659 niant
2413 5596 2659 5669 discipuli
2702 5597 2839 5668 ejus,
2875 5606 2923 5653 et
2951 5595 3197 5668 furentur
3222 5612 3339 5650 cum
3366 5606 3415 5650 ct
3438 5597 3624 5652 dicunt
3671 5596 3806 5667 plebi,

2245 5692 2483 5750 Surrexit
2510 5707 2541 5744 a
2566 5691 2789 5744 mortuis
2815 5687 3030 5761 (Matth.
3057 5686 3228 5759 xxvii)
3255 5705 3267 5740 :
3295 5686 3477 5760 populi
3509 5696 3697 5744 autem
3717 5701 3806 5741 non

2928 5781 2967 5800 I‘
