3930 5364
127 415 243 476 309

1243 412 1773 473 ENABRATIONES
1806 415 1872 469 IN
1913 407 2276 473 I’SALMOS.~

3303 412 3406 469 5l0

136 529 464 600 principum,
509 527 710 584 scilicet
750 529 918 584 Amne
943 537 998 584 ct
1021 526 1259 598 Caiphae,
1288 529 1378 600 qui
1401 528 1530 583 dicit
1559 543 1573 580 :
1608 524 1722 580 Ex-
1751 528 1798 588 Α
1828 528 1920 582 sed
1963 543 2065 582 non
2104 544 2198 599 per
2225 543 2471 600 pompam
2500 544 2673 584 suam.
2718 528 2782 583 Et
2811 530 2975 601 gigas,
3004 528 3054 583 id
3086 537 3188 594 est,
3222 511 3410 584 robus-

137 618 280 687 pedit
309 618 452 672 vobis
480 629 532 672 ut
563 635 699 672 unus
730 621 990 672 moriatur
1009 619 1163 672 homo
1194 635 1287 688 pro
1321 617 1511 688 populo
1541 616 1722 689 (Joan.

113 699 256 816 ξιιμ
290 711 379 765 vel
424 711 668 766 omnium
714 712 1020 782 principum
1058 711 1414 783 quaerentium
1446 725 1565 773 sua,
1621 723 1724 764 non

118 803 263 874 ξιιιιεε
301 812 431 858 sunt
455 804 573 858 Dei.
615 803 1101 875 Principesautem
1141 819 1246 860 non
1276 803 1565 873 reprobant
1593 816 1727 856 con-

116 887 326 949 'silium
377 894 493 950 Dei.
536 895 602 949 Et
649 896 751 951 hoc
807 905 892 950 est
935 897 1079 965 quod
1126 895 1411 965 sequitur:
1440 892 1728 948 Consilium

143 997 322 1040 autem
370 986 588 1042 Domini
621 988 674 1042 in
701 998 955 1042 a-ternunt
987 997 1182 1052 manet,
1224 987 1430 1042 scilicet
1467 995 1526 1039 ut
1555 1001 1730 1040 resur-

141 1086 296 1146 geret
321 1086 381 1132 et
408 1079 705 1133 immanem
729 1095 902 1150 genus
932 1078 1242 1142 redimeret,
1284 1078 1513 1140 scilicet,
1535 1077 1731 1146 cogita-

140 1177 309 1228 tiones
331 1175 512 1230 cordis
531 1176 643 1245 ejus
669 1193 701 1230 a
727 1175 1058 1245 generatione
1082 1176 1136 1228 in
1169 1173 1574 1244 generationem,
1603 1172 1726 1240 quia

141 1262 259 1332 ejus
289 1267 584 1320 consilium
606 1268 748 1337 quod
779 1267 877 1321 fuit
899 1266 1273 1337 dispositioois
1290 1266 1550 1336 antiquae,
1577 1279 1730 1334 repa-

146 1361 381 1414 rationis
429 1376 602 1426 norm,
659 1359 936 1416 felicitatis
973 1369 1208 1425 mtemte,
1246 1368 1528 1429 permanet
1580 1366 1635 1413 et
1679 1357 1730 1411 in

142 1452 497 1518 generatione
527 1453 697 1521 prima
744 1460 797 1506 et
825 1452 1176 1523 generatione
1225 1451 1460 1506 secunda
1485 1450 1734 1504 immuta—

143 1541 271 1595 bile.
306 1541 363 1596 In
405 1543 578 1612 prima
599 1542 702 1597 luit
737 1544 1135 1613 prophetatum,
1169 1543 1221 1596 in
1262 1542 1494 1597 secunda
1546 1541 1735 1610 imple-

143 1644 280 1698 tum,
323 1633 406 1689 vel
451 1636 503 1690 in
531 1637 936 1708 generationem
963 1637 1337 1708 temporalem,
1399 1637 1451 1690 in
1512 1649 1738 1707 genera-

141 1726 348 1781 tionem
379 1737 661 1784 tetemam.
686 1729 741 1784 In
767 1729 886 1789 aliis
929 1731 1106 1786 minus
1147 1739 1233 1785 est
1276 1730 1534 1800 cogitatio
1570 1741 1732 1799 quam

141 1819 455 1873 consilium.
488 1819 782 1876 Consilium
831 1830 915 1876 est
939 1823 1174 1893 cogitata
1203 1822 1360 1887 ratio,
1390 1820 1482 1876 sed
1530 1821 1582 1876 in
1620 1822 1728 1875 Deo

142 1908 284 1963 idem
323 1919 408 1966 est
439 1926 454 1964 :
486 1911 606 1966 ideo
643 1911 733 1967 hic
758 1912 1135 1976 indifferenter
1155 1923 1447 1984 ponuntur.

209 2000 328 2059 Hoc
353 2012 435 2058 est
461 2003 590 2058 illud
617 2005 898 2060 consilium
939 2005 1151 2061 Domini
1185 2014 1242 2060 ut
1270 2021 1403 2074 gens
1434 2021 1530 2060 sua
1571 2005 1736 2076 eligat

139 2093 241 2148 sibi
277 2094 446 2150 Deum
475 2097 542 2150 ad
566 2097 972 2159 beatitudinem.
1003 2098 1057 2151 in
1084 2113 1191 2168 quo
1215 2097 1329 2152 solo
1350 2107 1432 2152 est
1458 2114 1582 2152 vera
1612 2099 1735 2152 bea-

141 2187 338 2240 titudo.
363 2185 551 2242 Nullus
571 2189 714 2243 enim
737 2188 1122 2243 beatitudinem
1141 2201 1321 2243 veram
1340 2189 1538 2244 habere
1559 2198 1734 2259 potest

137 2296 169 2334 a
202 2295 262 2336 se
285 2281 557 2348 in'eriori,
586 2297 774 2337 onlnes
794 2282 982 2341 volunt
1029 2298 1148 2339 csse
1188 2283 1350 2348 beati,
1396 2282 1489 2337 sed
1537 2282 1606 2336 illi
1636 2281 1733 2337 soli

136 2382 266 2426 sunt
296 2372 442 2427 beati
465 2374 556 2443 qui
599 2389 761 2444 supra
789 2389 847 2430 se
886 2375 1032 2429 brari
1059 2383 1326 2446 qumruut.
1358 2373 1520 2440 Quasi
1546 2373 1691 2428 dicat
1719 2391 1732 2427 :

138 2463 350 2520 Revera
373 2465 653 2518 consilium
679 2465 886 2520 Domini
901 2467 954 2520 in
976 2477 1225 2521 a’ternum
1241 2476 1411 2519 manet
1434 2466 1558 2536 quia
1588 2466 1734 2519 beam

132 2564 220 2610 est
247 2572 376 2626 gens
407 2555 557 2626 cujus
589 2565 664 2610 est
692 2556 948 2611 Dominus
981 2557 1279 2621 voluntate,
1330 2556 1468 2610 Deus
1501 2556 1612 2625 ejus
1642 2572 1731 2613 ne-

133 2649 398 2705 cessitate
421 2665 542 2718 quas
567 2665 672 2705 non
699 2650 862 2705 alium
891 2650 1174 2706 Dominum
1202 2649 1351 2721 elegit
1379 2651 1435 2704 in
1457 2649 1737 2703 lateredita-

135 2753 240 2794 tem
292 2740 417 2805 sibi,
454 2741 507 2796 id
565 2751 664 2807 est,
728 2741 954 2812 populus
1008 2756 1104 2810 per
1155 2741 1386 2811 gratiam
1417 2739 1731 2809 acquisitus.

135 2831 316 2902 Elegit
343 2832 464 2888 dico
488 2848 584 2902 per
603 2833 854 2903 gratiam,
881 2848 984 2888 non
1011 2847 1108 2901 per
1130 2831 1402 2891 meritum,
1428 2831 1531 2884 hoc
1553 2828 1731 2894 modo,

135 2923 220 2977 De
240 2923 370 2977 ratio
399 2924 622 2994 respexit
647 2923 922 2988 Dominus,
941 2922 1114 2988 idest,
1131 2922 1194 2976 de
1221 2921 1558 2976 humanitate
1576 2919 1734 2975 Verbi

132 3037 236 3092 per
271 3038 434 3090 quam
457 3037 516 3076 se
554 3022 620 3076 ad
662 3021 1029 3076 inﬁrmitatem
1053 3029 1292 3075 nostram
1310 3018 1563 3074 divinitas
1584 3016 1736 3072 incli-

134 3116 318 3177 aravit,
348 3115 568 3184 respexit
595 3114 870 3180 Dominus,
897 3112 988 3182 qui
1019 3111 1236 3183 priusin
1265 3110 1436 3165 Adam
1467 3109 1728 3179 despexit,

135 3219 195 3262 et
227 3207 572 3277 respiciendo
619 3207 764 3270 vidit,
818 3206 870 3260 id
922 3215 1024 3271 est,
1081 3204 1504 3260 misericorditer
1548 3201 1730 3274 elegit,

133 3316 321 3356 omnes
342 3299 482 3368 ﬁlios
512 3299 802 3363 Itomimtm,
851 3299 903 3353 id
954 3307 1036 3356 est
1065 3314 1254 3354 omnes
1283 3296 1496 3352 Judmos
1523 3295 1730 3350 futuros

133 3408 240 3461 per
277 3393 506 3464 gratiam
538 3410 688 3447 suam
729 3392 1028 3447 imitatores
1064 3389 1494 3462 patriarclnu-um
1526 3398 1578 3443 et
1609 3404 1731 3458 pro-

137 3485 456 3556 phetarum.
489 3485 557 3540 Et
584 3502 688 3540 non
721 3484 893 3539 solum
924 3485 988 3538 de
1013 3483 1137 3538 ecelo
1168 3483 1412 3550 respexit,
1445 3481 1538 3535 sed
1567 3480 1730 3552 etiam

134 3577 209 3630 de
235 3587 536 3646 preparato
554 3575 856 3630 habitacula
878 3591 996 3641 suo,
1030 3574 1210 3639 idest,
1236 3573 1301 3627 de
1329 3570 1584 3642 apostolis
1597 3586 1733 3640 quos
1790 3650 1792 3652 ν

135 3681 240 3737 per
264 3666 498 3737 gratiam
545 3681 696 3720 suam
725 3665 857 3720 tales
885 3663 1012 3720 fecit
1033 3664 1085 3718 in
1109 3665 1303 3734 quibus
1322 3662 1621 3726 habitaret,
1653 3677 1734 3715 re-

135 3760 312 3828 spexit
332 3775 486 3829 super
505 3774 683 3811 omnes
699 3759 788 3828 qui
814 3757 1047 3811 habitant
1072 3766 1288 3820 terram,
1314 3755 1364 3810 id
1388 3762 1487 3819 est,
1520 3754 1730 3808 miseri-

136 3847 386 3902 cordiam
403 3863 559 3902 suam
586 3847 831 3902 exhibuit
855 3860 1016 3916 super
1043 3861 1231 3901 omnes
1261 3845 1381 3900 illos
1401 3845 1465 3900 de
1487 3845 1734 3917 gentibus

134 3939 233 4010 qui
262 3948 484 4004 terram,
505 3939 560 3994 id
582 3943 689 4005 est,
715 3953 933 3993 carnem
951 3953 1102 3992 suam
1121 3937 1200 3992 sic
1219 3936 1422 4000 colunt,
1450 3937 1529 3991 sic
1567 3936 1734 4007 spinis

134 4039 196 4085 et
221 4029 434 4086 tribulis
454 4030 748 4085 emundant
769 4038 826 4084 ut
858 4028 1179 4100 quandoque
1203 4028 1347 4082 illam
1374 4027 1733 4083 inunortalcm

137 4121 413 4192 recipiant
437 4121 572 4176 tales
621 4120 948 4185 inhabitant,
974 4128 1029 4173 et
1051 4133 1154 4174 non
1201 4117 1592 4173 inhabitantnr.
1627 4116 1731 4182 Qui

136 4222 201 4268 ut
229 4212 407 4268 idonei
427 4212 619 4266 ﬁerent
643 4213 708 4265 ad
730 4211 1046 4266 electionem
1063 4210 1212 4278 finxit
1237 4208 1546 4280 singulatim
1571 4208 1730 4261 corda

133 4320 348 4368 eorum,
377 4303 428 4357 id
456 4313 561 4368 est,
618 4301 927 4356 informavit
953 4309 1008 4355 ct
1056 4300 1260 4370 aptavit
1303 4299 1465 4354 corda
1520 4313 1730 4361 eorum,

135 4378 324 4449 dando
353 4394 456 4449 illis
485 4395 693 4449 diversa
723 4394 862 4448 dona
895 4392 1067 4448 sancti
1097 4392 1350 4462 Spiritus.
1401 4391 1555 4446 Unde
1584 4391 1728 4460 Apo-

133 4491 318 4548 stolus
345 4510 358 4544 :
394 4489 762 4561 Unusquisque
791 4488 1058 4560 proprium
1104 4489 1299 4542 donum
1326 4487 1476 4541 habet
1528 4503 1593 4542 ea:
1625 4486 1731 4540 Dea

1829 628 1916 674 tus
1941 636 2043 674 non
2070 619 2359 675 salvabitur
2382 622 2438 676 in
2454 620 2786 675 multitudine
2807 621 3005 675 virtutis
3029 616 3295 674 sute.ldeo
3313 633 3410 688 per

1832 711 1933 765 hoc
1973 726 2076 765 non
2119 711 2417 777 salvantur,
2444 711 2567 781 quia
2593 710 2760 779 fallax
2787 719 2868 766 est
2891 727 3050 780 equus
3076 709 3145 762 (ιιι
3165 706 3408 762 salutem.

1831 803 2029 873 Equus,
2056 805 2106 858 iJ
2144 813 2248 884 est,
2287 805 2519 874 dignitas
2556 814 2608 860 et
2636 820 2827 875 pompa
2879 801 3153 858 szecularis
3199 801 3414 857 videtur

1832 899 2145 967 promittere
2181 885 2586 966 beatitudinem,
2628 900 2720 954 sed
2752 916 2854 953 non
2913 897 3199 968 persolvit,
3247 895 3296 950 si
3346 893 3413 948 ad

1835 1003 2010 1058 regem
2054 989 2295 1046 volumus
2326 991 2466 1045 istud
2493 991 2760 1046 conferre.
2819 990 2874 1045 Si
2910 1000 3088 1044 autem
3133 988 3200 1042 ad
3232 986 3418 1059 gigan-

1838 1090 1965 1144 tem,
1995 1082 2096 1136 hoe
2121 1083 2280 1138 modo
2305 1101 2318 1137 :
2345 1081 2542 1137 Fallax
2564 1101 2748 1155 equus,
2770 1083 2822 1138 id
2849 1095 2951 1147 est,
2973 1084 3266 1137 humanum
3298 1093 3441 1134 ρον-ο

1836 1190 1933 1244 pus
1958 1178 2101 1245 quod
2141 1186 2222 1231 est
2252 1176 2369 1231 sine
2400 1176 2672 1232 intellectu
2725 1186 2783 1232 ut
2827 1193 3005 1248 equus,
3030 1185 3084 1230 et
3114 1175 3254 1244 quod
3303 1173 3420 1228 sine

1834 1281 2068 1332 sessuro,
2101 1268 2152 1320 id
2182 1277 2282 1333 est,
2313 1268 2475 1322 animi
2499 1268 2776 1340 regimine,
2805 1283 2900 1339 per
2947 1269 3172 1336 abrupta
3228 1263 3415 1319 fertur.

1837 1357 2029 1414 Fallax
2077 1370 2160 1415 est
2208 1360 2274 1414 ad
2345 1361 2612 1424 salutem,
2669 1361 2793 1430 quia
2844 1360 3284 1429 impedimentum
3339 1363 3424 1411 est

1835 1450 2047 1504 animm.
2082 1451 2270 1514 Aliter,
2311 1452 2362 1506 in
2390 1453 2582 1507 bonam
2619 1459 2826 1522 partem
2858 1468 2870 1504 :
2904 1448 3025 1505 Non
3055 1449 3290 1504 solvatur
3333 1461 3424 1500 res:

1835 1557 1926 1610 per
1951 1542 2167 1596 multam
2189 1544 2444 1600 virtutem.
2479 1543 2520 1597 Ε
2526 1543 2654 1598 tiam
2685 1543 2772 1596 ille
2805 1543 2895 1612 qui
2950 1541 3261 1597 carnalibus
3295 1554 3425 1593 con-

1835 1639 2180 1708 cupiscentiis
2212 1638 2435 1703 resistit,
2465 1639 2546 1695 vel
2571 1637 2838 1693 diabolum
2865 1649 2917 1692 et
2949 1636 3167 1708 angelos
3188 1634 3303 1703 ejus
3330 1633 3423 1688 im-

1836 1741 2059 1802 pugnat,
2100 1733 2144 1786 si
2176 1733 2241 1787 de
2271 1748 2329 1787 se
2354 1733 2651 1803 praesumit,
2677 1749 2778 1786 non
2808 1730 3076 1786 salvator:
3100 1729 3226 1800 quia
3255 1725 3426 1798 fallas:

1836 1833 1919 1879 est
1945 1842 2127 1896 equus,
2155 1826 2204 1879 id
2232 1835 2334 1891 cst,
2365 1827 2525 1881 homo
2547 1826 2611 1880 ad
2640 1826 2886 1889 salutem,
2915 1841 3018 1879 non
3041 1825 3237 1878 habeat
3259 1821 3424 1875 Deum

1763 1891 1811 1952 Β
1839 1930 2101 1970 sessorem
2131 1933 2285 1970 suum
2317 1935 2330 1970 :
2369 1917 2494 1986 quia
2531 1933 2690 1988 neque
2713 1917 2924 1971 colentis
2962 1932 3120 1985 neque
3145 1912 3423 1976 currentis,

1837 2006 1927 2060 sed
1981 2008 2270 2062 miserantis
2319 2017 2392 2062 est
2448 2007 2546 2062 Dei
2576 2008 2746 2079 (Rom.
2783 2005 3001 2078 is).Job
3027 2007 3092 2061 de
3116 2006 3224 2060 Deo
3253 2004 3423 2059 dixit:

1836 2095 2079 2151 Balteum
2135 2114 2311 2167 regum
2340 2098 2594 2163 dissolvit,
2613 2109 2658 2153 et
2685 2117 2825 2152 renes
2849 2114 3026 2152 eorum
3050 2098 3173 2167 fune
3205 2097 3427 2167 pra'cin-

1837 2195 1910 2264 git
1941 2191 2062 2264 (Job
2106 2194 2223 2259 xtl).
2280 2194 2393 2249 lloc
2445 2195 2648 2249 dictum
2695 2203 2778 2247 est
2828 2194 2892 2248 de
2947 2192 3051 2247 illis
3098 2191 3189 2261 qui
3239 2199 3431 2261 regunt

1839 2285 2056 2341 illicitos
2083 2296 2258 2341 motus
2286 2286 2946 2357 bene,etprmsumuntdc
2962 2301 3047 2340 se:
3081 2284 3292 2338 illorum
3316 2280 3431 2334 bal-

1839 2388 1983 2433 teum
2015 2379 2279 2444 dissolvit,
2312 2379 2363 2434 id
2406 2387 2517 2443 est,
2551 2377 2815 2448 permittit
2851 2392 2944 2431 cos
2970 2376 3183 2440 cmlcre,
3235 2383 3292 2426 ut
3326 2372 3429 2426 l’e-

1839 2479 1957 2524 trus
1983 2471 2072 2540 qui
2105 2473 2338 2540 negavit,
2389 2471 2627 2526 Thomas
2657 2470 2746 2540 qui
2793 2470 2952 2534 dixit,
2988 2469 3179 2523 Omnes
3212 2484 3328 2521 cum
3369 2482 3427 2519 eo

1840 2566 2130 2618 moriamur
2191 2565 2376 2637 (Joan.
2414 2564 2512 2634 xl),
2563 2565 2769 2635 primus
2798 2577 2856 2618 se
2896 2563 2947 2616 in
2987 2561 3147 2630 pedes
3172 2558 3426 2625 conjecit.

1837 2656 2092 2720 Joannes,
2122 2658 2211 2726 qui
2248 2673 2407 2728 supra
2447 2665 2636 2726 pectus
2671 2656 2723 2710 in
2747 2670 2899 2709 uena
2953 2652 3196 2707 recubuit
3245 2651 3426 2721 (Joau.

1839 2746 1982 2815 xm),
2015 2747 2198 2802 relicta
2230 2746 2456 2801 sindone
2505 2747 2679 2800 nudus
2716 2743 2924 2814 aufugit
2975 2741 3167 2812 (Marc.
3203 2741 3347 2802 xw):
3377 2748 3432 2792 ct.

1837 2841 1941 2895 hoc
1959 2841 2025 2894 ad
2049 2839 2586 2902 utilitatemillm-mn,
2627 2839 2751 2908 quia
2788 2845 2969 2906 postea
3020 2834 3310 2904 pnecinget
3340 2848 3427 2888 re-

1838 2944 1934 2984 nes
1957 2945 2143 2984 eorum
2168 2928 2492 2984 constantia.
2519 2928 2769 2982 SalVatur
2794 2943 2908 2990 rex,
2935 2923 3170 2978 salvatur
3189 2924 3426 2994 etgigas.

1839 3018 1906 3074 In
1935 3018 2272 3073 multitudine
2303 3028 2474 3072 autent
2501 3035 2611 3086 sum
2641 3018 2845 3071 virtutis
2879 3033 2981 3070 non
3022 3014 3329 3069 salvabitur.
3371 3013 3428 3067 lu

1837 3134 1946 3190 quo
1974 3132 2104 3188 ergo
2132 3116 2310 3172 salus?
2363 3115 2494 3170 Ecce
2542 3115 2692 3185 quasi
2742 3115 2794 3168 in
2839 3113 3070 3168 evidenti
3124 3120 3223 3173 est,
3275 3107 3431 3164 Oculi

1843 3212 2074 3277 Domini,
2106 3212 2156 3266 id
2180 3221 2286 3276 est,
2319 3219 2593 3279 respectus
2624 3207 3006 3263 misericordia:
3030 3204 3238 3260 Domini
3273 3194 3430 3273 super

1843 3305 2094 3360 timentes
2117 3320 2256 3367 eum,
2285 3311 2342 3356 ut
2368 3301 2560 3355 evellat
2589 3302 2655 3354 de
2685 3301 2875 3370 laqueo
2902 3298 3063 3369 pedes
3112 3312 3321 3358 eorum,
3347 3285 3428 3348 ne

1841 3397 1906 3452 ad
1937 3412 2058 3450 cum
2085 3395 2434 3464 respicientes
2475 3394 2526 3446 in
2553 3393 2759 3446 foveam
2791 3391 2987 3445 cadant
3036 3389 3121 3443 vel
3153 3388 3424 3456 laqueum.

1842 3485 1910 3540 Et
1949 3486 2000 3539 in
2026 3487 2103 3538 eis
2129 3485 2216 3556 qui
2238 3491 2444 3552 sperant
2470 3498 2625 3552 super
2676 3478 3034 3534 misericordia
3066 3477 3198 3547 ejus,
3242 3477 3292 3530 id
3323 3487 3424 3537 est,

1840 3577 1930 3648 qui
1961 3576 2038 3632 sic
2060 3592 2182 3631 eum
2235 3575 2424 3630 timent
2467 3582 2524 3627 ut
2556 3572 2606 3626 in
2632 3573 2734 3625 alio
2781 3587 2884 3626 non
2931 3577 3170 3639 sperent,
3203 3567 3286 3622 vel
3333 3567 3422 3636 qui

1841 3678 2060 3737 sperant
2086 3667 2136 3722 in
2168 3665 2282 3734 ejus
2313 3663 2763 3720 remuneratione.
2794 3662 2982 3716 Timor
3001 3661 3142 3716 enim
3166 3660 3281 3714 sine
3307 3673 3424 3728 spe.

1840 3759 2144 3830 desperatio
2171 3767 2285 3814 cst:
2308 3773 2432 3829 spes
2463 3765 2641 3812 autem
2664 3756 2781 3810 sine
2813 3756 3027 3820 timore,
3058 3754 3406 3826 praesumptio

1839 3852 1922 3907 Ad
1949 3851 2051 3906 hoc
2081 3859 2208 3906 sunt
2261 3849 2398 3904 oculi
2427 3849 2642 3904 Domini
2676 3863 2836 3918 super
2873 3849 3070 3919 iustos,
3122 3857 3176 3900 ut
3210 3847 3424 3901 tandem

1839 3954 1988 4000 eruat
2017 3961 2048 3997 α
2078 3953 2241 3998 morte
2269 3951 2470 3997 teterna
2502 3942 2706 3995 animas
2732 3957 2932 4007 eorum,
2986 3951 3032 3994 et
3079 3939 3290 3994 interim
3319 3937 3423 3992 alat

1839 4053 1926 4092 eos
1956 4036 2009 4089 in
2038 4034 2195 4105 fame,
2230 4033 2409 4099 idest,
2458 4032 2512 4086 in
2545 4041 2785 4102 tempore
2817 4030 2972 4085 famis
3001 4049 3012 4083 :
3051 4029 3175 4100 quia
3217 4027 3346 4082 facit
3375 4028 3424 4080 iu

1843 4128 1944 4183 hoc
1970 4137 2208 4198 tempore
2248 4125 2455 4180 esurire
2483 4122 2768 4193 justitiam,
2820 4131 2875 4176 et
2930 4121 3018 4176 illa
3058 4121 3224 4176 reﬁci.
3275 4117 3424 4173 Unde

1841 4219 1964 4289 quia
1998 4218 2170 4273 reﬁcit
2213 4218 2264 4271 in
2303 4226 2542 4286 tempore
2587 4214 2744 4269 faunis
2776 4225 2830 4268 et
2876 4215 3088 4267 tandem
3145 4214 3194 4265 in
3238 4210 3423 4265 diebus

1839 4308 2186 4388 plenitudinis
2231 4307 2719 4371 saturabit,anima
2762 4313 2939 4358 nostra
2984 4305 3199 4357 sustinet
3244 4302 3422 4354 Domi-

1845 4417 1991 4465 num,
2024 4415 2184 4469 quem
2217 4399 2378 4453 habet
2419 4395 2980 4453 tuisericordissitnum
3011 4392 3418 4461 promissorem,

1840 4499 2122 4560 exspectat
2159 4489 2526 4544 ﬁdelissimum
2571 4485 2892 4549 debitorem,
2928 4484 2970 4538 si
3001 4499 3204 4537 moram
3247 4497 3421 4536 seram

134 4585 191 4660 (1
212 4588 340 4641 Cor.
380 4586 511 4657 vn);
537 4585 620 4641 vel
644 4585 936 4656 sigillatim,
964 4584 1014 4638 id
1040 4593 1146 4650 est,
1165 4583 1448 4654 sigillando
1462 4594 1516 4637 et
1541 4582 1732 4653 imprio
1763 4609 1810 4669 Β
1843 4578 2288 4640 l'ecerit.sustinet
2314 4576 2521 4646 pondus
2542 4582 2932 4644 praeceptorum
2956 4571 3089 4641 ejus.
3120 4572 3183 4625 Et
3206 4570 3422 4633 merito,

137 4680 342 4734 mendo
378 4679 481 4735 illis
506 4680 792 4752 imaginem
826 4695 1000 4735 suam.
1032 4679 1144 4744 Vel,
1179 4677 1510 4749 sing‘llatim,
1539 4679 1591 4733 id
1621 4686 1726 4744 est,

135 4770 372 4842 singulis
399 4770 632 4841 sigillum
660 4771 893 4841 Spiritus
923 4770 1259 4840 imprimens.
1295 4769 1360 4823 Et
1411 4784 1514 4824 non
1559 4768 1734 4824 solmn

134 4864 304 4917 corda
332 4863 508 4932 ﬁnxit,
535 4863 628 4919 sed
659 4863 896 4935 intelligit
925 4863 1098 4917 omnia
1127 4879 1284 4934 Opera
1336 4879 1535 4916 eorum.
1575 4861 1734 4918 Mise-

134 4957 376 5012 ricordia
402 4956 494 5013 Dei
533 4974 725 5027 magna
765 4974 872 5012 non
899 4956 1049 5021 dicit,
1088 4956 1383 5026 intelligere
1413 4952 1578 5009 facit:
1611 4956 1731 5021 sed,

131 5049 253 5118 ipse
289 5046 342 5101 in
365 5046 472 5102 illis
507 5046 742 5118 intelligit
769 5045 922 5116 juxta
960 5045 1106 5108 illud,
1151 5045 1378 5099 Domino
1427 5036 1732 5114 cooperante

132 5137 339 5210 (Marc.
390 5137 525 5204 xvn),
577 5138 659 5194 vel
695 5138 982 5210 intelligit,
1030 5137 1238 5193 scilicet
1284 5151 1387 5207 qua
1435 5127 1732 5193 intentione

133 5230 308 5286 ﬁant:
338 5231 599 5302 intelligit,
651 5233 701 5288 id
733 5241 842 5297 est,
889 5231 1030 5286 videt
1051 5231 1175 5301 quia
1215 5229 1395 5287 omnia
1428 5240 1553 5285 sunt
1587 5230 1728 5285 nuda

1835 4670 2083 4741 quoniam
2113 4667 2328 4738 adjutor
2352 4667 2402 4720 iu
2433 4665 2760 4736 perﬁciendo
2793 4664 2845 4718 in
2867 4665 3044 4725 bonis,
3077 4673 3123 4715 et
3165 4669 3423 4730 protector

1838 4773 2011 4817 noster
2037 4773 2132 4828 est,
2160 4761 2367 4816 scilicet
2399 4759 2448 4814 in
2482 4758 2657 4822 malis,
2685 4774 2752 4812 ne
2787 4755 3119 4810 deﬁciamus.

1907 4854 1972 4907 Et
2018 4853 2140 4908 ideo
2194 4851 2384 4906 merito
2442 4849 2589 4904 illum
2626 4849 2864 4911 sustinet,
2929 4847 3076 4902 illum
3115 4851 3419 4914 exspectat:

1838 4946 1960 5017 quia
1990 4946 2043 4999 in
2067 4962 2126 4999 eo
2152 4943 2414 4998 ltutabitur
2441 4959 2532 4996 cor
2567 4952 2818 5004 nostrum,
2852 4939 2952 4993 etsi
2991 4937 3273 4994 tribuletur
3296 4951 3424 4989 caro

1841 5049 2044 5095 nostra.
2072 5037 2138 5092 Et
2171 5039 2224 5092 in
2255 5038 2460 5092 nomine
2494 5048 2670 5093 saneto
2697 5036 2810 5104 ejus
2837 5037 3183 5105 speravimus,
3225 5047 3328 5085 non
3371 5030 3422 5082 iu

1842 5142 2051 5197 nostro,
2076 5143 2133 5187 ut
2158 5132 2328 5187 Adam
2352 5131 2442 5200 qui
2459 5131 2626 5198 voluit
2653 5130 2754 5184 sibi
2776 5145 2896 5184 esse
2919 5130 3059 5186 Deus
3077 5145 3089 5180 :
3107 5123 3423 5195 speravimus

1840 5231 1944 5286 hoc
1975 5231 2192 5284 nomine
2222 5228 2361 5298 quod
2391 5235 2476 5281 est
2520 5228 2682 5291 Deus,
2705 5224 2828 5294 quia
2867 5222 2980 5287 δέος
3012 5225 3194 5282 timor,
3234 5224 3287 5269 et
3328 5229 3423 5266 nos

2661 5337 2689 5352 η
2723 5327 2901 5352 anon-In
2919 5319 3008 5362 (sui
3034 5317 3245 5352 connlnc
3271 5305 3390 5334 (ι’-’⁸⁵⁸
