3930 5524
496 330 655 393 .3“

504 448 516 461 '
606 468 613 473 ι
1069 444 1192 502 PSA
1201 446 1388 504 ΕΜυὸ
1424 446 1659 504 XXXIII.

763 622 1083 678 ABIIIBLBCH,
1129 627 1199 669 ετ
1236 627 1440 669 υιιιειτ
1474 627 1603 680 εωι,
1639 627 1710 669 ΕΤ
1747 629 1915 671 ΛΒΙΙΤ.

633 741 655 773 ι
698 722 1016 779 Benedicam
1044 722 1329 780 Dominum
1358 724 1412 780 in
1435 724 1888 797 omnitempore:
1915 741 2130 799 semper

559 835 578 867 ι
614 813 744 883 laus
777 812 896 885 ejus
922 813 976 870 in
995 829 1091 870 ore
1114 830 1255 873 meo.
1283 815 1341 871 lu
1362 816 1590 874 Domino
1612 817 1922 875 laudabitur
1948 819 2127 875 anima

490 958 498 963 .
558 925 577 957 ι
625 919 775 971 mea;
805 905 1027 960 audiant
1068 906 1334 963 mansueti
1361 916 1415 964 et
1470 906 1735 965 laetentur.
1791 908 2130 982 Magniﬁcate

558 1015 577 1047 ι
625 995 908 1052 Dominum
955 1011 1189 1064 mecum,
1237 1006 1296 1054 et
1338 997 1638 1058 exaltemus
1689 1015 1881 1058 nomen
1929 1000 2047 1072 ejus
2074 1000 2128 1057 in

559 1106 577 1137 ι
624 1087 876 1158 idipsum.
906 1087 1183 1159 Exquisivi
1218 1090 1526 1156 Dominum,
1556 1099 1614 1146 et
1639 1090 1912 1151 exaudivit
1939 1105 2048 1157 me,
2076 1099 2132 1148 et

557 1196 575 1228 ε
619 1194 686 1235 ex
711 1178 966 1234 omnibus
987 1177 1422 1237 tribulationibus
1441 1180 1578 1236 meis
1605 1180 1803 1252 eripuit
1828 1196 1934 1237 me.
1959 1181 2132 1237 Acce-

561 1287 581 1319 ‹
626 1269 737 1341 dite
761 1270 827 1325 ad
853 1283 975 1325 eum
1000 1278 1055 1328 et
1102 1268 1499 1345 illuminamini,
1525 1280 1581 1331 et
1605 1270 1779 1332 facies
1791 1279 1983 1327 vestrae
2020 1285 2131 1328 non

486 1403 492 1412 .
558 1380 577 1412 ι
618 1361 1166 1419 confundentur.lste
1210 1376 1417 1434 pauper
1455 1362 1730 1427 clamavit,
1787 1371 1844 1419 et
1874 1362 2131 1419 Dominus
2178 1407 2183 1413 .

485 1506 499 1515 ,
555 1473 574 1502 ε
618 1453 894 1509 exaudivit
921 1467 1070 1520 eum,
1095 1461 1152 1510 et
1186 1453 1254 1509 de
1272 1454 1526 1514 omnibus
1555 1454 1993 1513 tribulationibus
2013 1452 2130 1524 ejus
2176 1500 2184 1507 .

488 1604 493 1609 η
555 1562 575 1590 ι
620 1544 1011 1601 salvaviteum.
1035 1545 1295 1603 lmmittet
1313 1547 1535 1618 angelus
1564 1547 1777 1604 Domini
1809 1547 1866 1603 in
1899 1548 2128 1617 circuitu
2176 1596 2179 1599 λ

487 1685 493 1691 .
559 1653 577 1683 ι
627 1635 930 1694 timentium
964 1654 1109 1707 eum,
1132 1648 1189 1699 et
1210 1640 1403 1711 eripiet
1442 1656 1554 1698 eos.
1583 1640 1812 1700 Gustate
1849 1650 1908 1701 et
1954 1641 2132 1699 videte

492 1779 497 1795 ,
558 1743 576 1773 ι
623 1727 876 1794 quoniam
906 1729 1089 1787 suavis
1114 1736 1197 1784 est
1221 1730 1511 1787 Dominus:
1545 1730 1737 1792 beatus
1778 1731 1862 1787 vir
1890 1731 1980 1804 qui
2010 1746 2131 1802 spe-

1184 332 1440 392 REMIGII
1480 335 2136 401 ANTISSIODORENSIS

2230 338 2325 397 PP.
2361 340 2547 400 PARS
2578 342 2629 399 Ρ.
2659 373 2728 383 —
2762 338 3169 398 EXECETICA.

3695 338 3797 395 δη

2154 454 2203 511 Α
2237 453 2303 508 de
2329 465 2415 509 eo.
2452 453 2518 509 Et
2545 452 2751 511 dimisit
2772 453 2958 519 David,
2986 462 3065 509 ειτ-
3083 452 3236 509 abiit.
3257 451 3391 508 Cum
3416 458 3609 507 autem
3633 450 3798 509 histo-

494 580 497 585 ι
555 553 790 597 νειιιιυε
845 552 1004 594 DAVID
1049 555 1157 597 CUI
1208 556 1448 598 IU‘I‘AVI'I‘
1505 555 1723 599 νυιτυι
1762 558 1900 599 88111
1949 558 2124 600 CONII
2182 585 2190 594 .

2229 542 2312 598 ria
2335 552 2523 600 narret
2556 543 2738 599 vultus
2775 543 3126 599 mutationem
3154 542 3357 599 factum
3392 554 3583 598 coram
3608 539 3794 605 Achis,

2230 630 2418 689 titulus
2441 640 2623 689 autem
2664 633 3072 688 habeat'eoram
3110 631 3447 697 Abimelech,
3487 637 3674 703 potest
3696 630 3796 686 dici

2225 725 2371 796 quod
2406 725 2573 783 Achis
2598 726 2877 798 proprium
2900 740 3097 783 nomen
3129 724 3279 781 illius
3299 724 3445 795 regis
3470 732 3643 787 esset,
3683 724 3800 778 Abi-

2188 853 2195 857 -
2228 819 2437 877 melech
2488 830 2673 876 autem
2693 834 2982 877 commune
3027 820 3270 877 omnium
3313 833 3497 892 regem
3524 818 3801 873 Philistbi—

2229 926 2443 977 norum,
2495 920 2557 967 ut
2599 910 2812 968 Pharao
2867 910 3269 984 Egyptiorum,
3310 909 3494 967 Caesar
3525 908 3799 964 Romano-

2185 1035 2191 1041 -
2229 1017 2372 1068 rum,
2398 1000 2482 1058 vel
2509 1001 2738 1058 mutatio
2754 1002 3037 1059 nominum
3061 1001 3228 1057 trahit
3246 1015 3349 1057 nos
3368 999 3436 1055 ad
3460 998 3799 1070 mysterium.

2228 1094 2286 1151 in
2318 1093 2490 1151 David
2526 1092 2875 1165 intelligimus
2920 1092 3219 1159 Christum,
3258 1093 3315 1149 in
3358 1091 3585 1148 Goliath
3619 1090 3802 1146 diabo-

2182 1222 2189 1229 .
2229 1184 2361 1250 lum,
2388 1198 2551 1257 quem
2578 1185 2866 1256 superbum
2885 1182 3135 1241 Christus
3162 1183 3383 1255 humilis
3410 1182 3638 1246 devicit,
3668 1182 3803 1236 sicut

2232 1278 2399 1334 David
2426 1292 2627 1349 parvus
2649 1292 2903 1349 magnum
2924 1277 3140 1334 Coliatb
3164 1275 3463 1347 iactantem
3486 1292 3621 1333 suas
3649 1276 3800 1339 vires,

2230 1374 2669 1424 etostentantem
2710 1365 2972 1423 lsraelitis
3002 1381 3158 1441 arma
3198 1381 3316 1423 sua.
3362 1365 3694 1422 Ahimelech
3740 1365 3804 1417 in-

2232 1463 2563 1529 terpretalur
2582 1457 2747 1528 patris
2771 1457 2874 1513 mei
2912 1473 3147 1529 regnum.
3193 1455 3437 1526 Regnum
3486 1454 3691 1518 David,
3724 1468 3805 1523 pa-

2233 1547 2333 1605 tris
2359 1546 2557 1604 Christi
2602 1548 2897 1603 secundum
2931 1560 3175 1614 carnem,
3220 1545 3334 1603 fuit-
3350 1544 3588 1618 populus
3625 1543 3804 1603 Iudai-

2231 1656 2332 1699 cus
2370 1658 2385 1697 :
2424 1650 2484 1698 et
2522 1655 2719 1699 coram
2750 1638 2977 1697 Iudaico
3023 1639 3220 1709 popqu
3278 1638 3513 1697 mutavit
3559 1636 3805 1694 Christus

2232 1733 2439 1790 vultum
2462 1748 2644 1798 suum,
2681 1733 2897 1802 quando
2923 1730 3252 1788 sacriﬁcium
3281 1730 3412 1787 illud
3436 1730 3587 1801 quod
3620 1729 3804 1785 eratin

558 1835 575 1862 ι
626 1825 711 1869 rat
733 1815 788 1870 in
818 1832 902 1873 eo.
933 1817 1141 1876 Timete
1173 1820 1478 1889 Dominum,
1528 1836 1725 1878 omnes
1768 1822 1940 1878 sancti
1988 1822 2129 1893 ejus,
2158 1809 2205 1870 Β
2233 1824 2428 1898 populo
2452 1824 2546 1881 illo
2581 1824 2878 1881 secundum
2912 1823 3181 1891 ordinem,
3235 1823 3417 1879 Aaron
3448 1822 3735 1879 transtulit
3758 1822 3803 1875 in

491 1894 499 1969 ί
556 1926 577 1958 ι
618 1908 871 1977 Quoniam
899 1925 1004 1967 non
1030 1918 1111 1968 est
1163 1911 1340 1981 inopia
1383 1910 1696 1967 timentibus
1745 1926 1888 1968 eum.
1925 1910 2130 1967 Divites

488 1988 497 2072 ς
556 2019 575 2049 α
620 2009 907 2070 eguerunt,
925 2009 980 2059 et
1009 2002 1351 2058 esurierunt:
1382 2003 1717 2075 iuquirentes
1748 2011 1927 2057 autem
1956 2001 2135 2057 Domi-

556 2111 575 2141 ι
620 2108 745 2146 nutu
773 2108 877 2153 non
916 2093 1225 2157 minuentur
1252 2094 1399 2155 omni
1442 2095 1604 2157 bono.
1652 2091 1865 2155 Venite,
1892 2092 2130 2159 lilii,a.u-

558 2201 576 2231 σ
625 2181 733 2240 dite
759 2198 877 2241 me;
938 2183 1183 2241 timorem
1231 2183 1440 2241 Domiui
1486 2183 1688 2239 docebo
1715 2197 1829 2238 vos.
1881 2179 2013 2251 Quis
2050 2189 2135 2239 est

488 2344 491 2349 ι
559 2298 577 2325 ι
623 2276 786 2339 homo
826 2277 915 2347 qui
946 2276 1060 2338 vult
1107 2277 1297 2345 vitam,
1351 2276 1525 2352 diligit
1554 2278 1670 2334 dies
1703 2278 1887 2335 videre
1918 2277 2135 2335 bonos?

559 2389 579 2418 ι
628 2368 860 2425 Prohibe
903 2370 1138 2442 linguam
1196 2378 1341 2425 tuam
1377 2386 1407 2426 a
1445 2370 1609 2436 malo,
1646 2378 1702 2427 ct
1746 2369 1882 2426 labia
1934 2379 2034 2447 tua.
2067 2383 2135 2425 ne

556 2478 578 2509 ε
629 2459 916 2530 loquantur
942 2459 1143 2515 dolum.
1170 2458 1384 2515 Diverte
1414 2475 1443 2515 a
1467 2460 1627 2526 malo,
1668 2467 1725 2516 et
1771 2459 1857 2521 fac
1889 2458 2132 2526 bonum;

518 2628 519 2631 η
562 2572 579 2599 ε
627 2551 839 2622 inquire
858 2567 1079 2621 pacem,
1102 2562 1157 2609 et
1179 2567 1504 2625 persequere
1551 2568 1689 2609 eam.
1721 2552 1873 2610 Oculi
1924 2551 2135 2609 Domini

562 2662 578 2691 ι
622 2658 782 2719 super
796 2641 1004 2710 iustos,
1022 2650 1077 2699 et
1101 2658 1260 2699 aures
1278 2643 1396 2717 ejus
1418 2644 1470 2705 in
1497 2659 1686 2716 preces
1712 2659 1924 2700 eorum.
1947 2643 2139 2704 Vultus

562 2754 580 2785 ι
629 2744 806 2792 autem
832 2736 1040 2798 Domini
1065 2752 1226 2808 super
1256 2735 1519 2798 facientes
1546 2736 1708 2803 mala,
1749 2746 1807 2793 ut
1842 2737 2031 2809 perdat
2071 2736 2140 2794 de
2189 2802 2197 2811 ,

562 2844 581 2875 ί
628 2834 770 2882 terra
820 2825 1135 2889 memoriam
1186 2842 1396 2887 eorum.
1443 2825 1826 2890 Clamaverunt
1863 2826 2042 2897 justi,
2083 2833 2141 2882 et

562 2937 581 2968 ι
627 2918 885 2975 Dominus
930 2918 1202 2976 exaudivit
1223 2935 1336 2987 eos,
1367 2928 1420 2974 et
1440 2935 1505 2975 ex
1537 2919 1790 2976 omnibus
1835 2917 2137 2981 tribulatio-

2229 1930 2426 1986 corpus
2445 1922 2500 1970 et
2532 1914 2848 1984 sanguinem
2885 1927 3041 1969 suum
3069 1912 3360 1969 secundum
3390 1913 3649 1967 ordinem
3686 1912 3802 1966 Μει-

2230 2004 2541 2071 chisedech,
2569 2003 2659 2073 qui
2689 2004 2740 2059 in
2782 2003 2950 2073 ﬁgura
2996 2002 3156 2075 hujus
3189 2002 3443 2061 sacriﬁcii
3472 2003 3681 2061 obtulit
3710 2004 3803 2058 Deo

2229 2109 2423 2167 panem
2463 2104 2519 2151 et
2544 2095 2726 2151 vinum
2772 2091 2926 2166 (Gen.
2953 2111 3076 2162 xw;
3110 2092 3273 2150 Hebr.
3301 2095 3398 2163 vn)
3425 2113 3439 2149 :
3464 2104 3521 2152 et
3548 2097 3670 2151 lucc
3698 2111 3802 2150 mu-

2237 2186 2369 2241 tatio
2404 2185 2544 2247 facta
2567 2193 2669 2250 est,
2694 2184 2910 2256 quando
2937 2183 2991 2239 iu
3028 2200 3180 2243 coena
3218 2185 3305 2239 illa
3328 2200 3437 2256 qua
3471 2184 3800 2249 tradebatur,

2233 2278 2430 2348 accepit
2455 2293 2643 2349 panem
2670 2287 2717 2331 et
2744 2276 3026 2343 benedixit,
3065 2286 3111 2331 ei
3135 2276 3312 2348 fregit,
3335 2286 3383 2330 et
3407 2276 3552 2330 dedit
3582 2276 3803 2343 discipu-

2235 2368 2302 2423 lis
2330 2368 2460 2432 suis,
2517 2368 2695 2423 dicens
2725 2384 2744 2424 :
2786 2364 2901 2423 Hoc
2924 2377 2997 2422 est
3029 2383 3217 2438 corpus
3247 2383 3439 2421 meum.
3484 2364 3799 2427 Similiter-rt

2235 2462 2411 2517 vinum
2450 2460 2646 2531 accipit
2678 2459 2893 2531 (Matth.
2921 2475 3081 2524 xxvr;
3118 2457 3287 2513 Mare.
3323 2475 3445 2521 xw;
3490 2456 3626 2514 Luc.
3662 2464 3804 2523 xm),

2183 2609 2193 2616 ,
2235 2560 2291 2607 ot
2314 2550 2701 2608 sanctiticando
2721 2550 2949 2606 mutavit
2968 2550 3020 2605 in
3045 2549 3359 2622 sanguinem
3390 2565 3574 2605 suum.
3603 2549 3677 2604 Et
3699 2564 3802 2602 cum

2237 2643 2342 2700 hoc
2400 2643 2628 2707 faceret,
2678 2642 2912 2712 quodam
2956 2639 3117 2697 modo
3164 2638 3441 2695 ferebatur
3469 2639 3533 2713 in
3567 2638 3805 2693 manibus

2238 2735 2373 2801 suis,
2412 2733 2555 2804 quod
2582 2732 2637 2788 in
2675 2731 2875 2803 specie,
2906 2728 3062 2801 panis
3093 2728 3263 2800 magis
3292 2743 3492 2799 corpus
3529 2743 3693 2783 suum
3730 2742 3804 2781 ac-

2240 2825 2345 2898 cipi
2383 2824 2571 2889 voluit,
2614 2837 2776 2894 quam
2819 2821 2926 2877 alia
2954 2835 2970 2874 :
3000 2820 3125 2892 quia
3157 2819 3341 2875 vinum
3371 2834 3576 2890 corpus
3599 2819 3805 2873 demen-

2245 2922 2344 2981 tat,
2376 2914 2451 2976 ita
2484 2922 2544 2970 et
2586 2911 2817 2975 imitatio
2856 2908 3121 2982 passionis
3176 2906 3376 2972 Christi
3425 2916 3650 2967 sanctos
3681 2923 3803 2961 mar-

563 2998 596 3060 ιΔ
630 3010 787 3071 nibus
810 3026 1005 3067 eorum.
1030 3010 1280 3066 liberavit
1307 3026 1420 3066 eos.
1446 3009 1606 3068 Juxta
1638 3019 1723 3068 est
1753 3012 2012 3067 Dominus
2054 3010 2142 3071 his
2244 3013 2393 3076 tyres
2432 3003 2566 3060 adeo
2592 3000 2901 3067 inebriavit,
2930 3008 2989 3057 ut
3017 3000 3085 3057 ab
3112 2998 3357 3055 humana
3378 3006 3563 3061 mente
3592 2996 3803 3080 omnino

492 3158 499 3165 ο
563 3116 583 3149 ι
624 3097 714 3166 qui
737 3097 1135 3154 tribulatosunt
1167 3099 1348 3163 corde,
1393 3107 1447 3155 et
1469 3099 1700 3156 hmnilcs
1726 3101 1915 3170 spiritu
1965 3100 2137 3156 salva-

2243 3092 2297 3147 in
2315 3087 2566 3153 'divinam
2607 3088 2959 3156 transferret,
2987 3096 3042 3144 et
3090 3095 3302 3143 terrena
3329 3086 3547 3163 penitus
3577 3084 3805 3140 oblivisci

493 3255 500 3267 ο
567 3209 586 3240 α
632 3188 733 3252 bit.
765 3190 1332 3257 Muluelribulationes
1355 3191 1647 3265 justorum,
1671 3201 1723 3247 et
1753 3194 1817 3247 de
1843 3191 1931 3253 bis
1958 3193 2136 3248 omni-
2165 3173 2211 3237 C
2247 3181 2469 3239 faceret.
2502 3182 2569 3238 Et
2608 3181 2661 3238 in
2691 3182 2792 3238 hac
2846 3176 3132 3236 traditione
3155 3178 3400 3249 corporis
3437 3187 3492 3232 ct
3534 3178 3801 3251 sanguinis

564 3298 585 3329 ι
625 3279 725 3336 bus
796 3279 1047 3339 liberabit
1103 3295 1199 3337 eos
1249 3280 1530 3341 Dominus.
1594 3280 1840 3338 Custodit
1880 3282 2138 3340 Dominus

497 3366 505 3374 ’
561 3390 581 3421 σ
621 3371 799 3428 omnia
822 3387 949 3431 ossa.
971 3387 1369 3439 eorum,unum
1417 3387 1483 3429 ex
1518 3371 1603 3429 bis
1651 3389 1757 3428 non
1803 3383 2134 3435 conteretur.

564 3480 587 3517 ι,
626 3460 768 3523 Mors
800 3471 1143 3536 peccatorum
1173 3462 1410 3539 pessima
1429 3481 1442 3518 :
1461 3473 1516 3518 et
1536 3463 1628 3533 qui
1655 3463 1887 3520 oderunt
1909 3464 2136 3539 justum,

499 3554 502 3558 “
567 3570 586 3602 ι
628 3553 959 3628 delinquont.
1004 3553 1253 3610 Rcdimet
1297 3554 1556 3610 Dominus
1606 3554 1814 3610 animas
1861 3568 2139 3618 servorum

498 3646 505 3653 '
544 3639 586 3689 ἰ
633 3657 873 3706 suorum,
929 3651 981 3697 et
1023 3658 1130 3700 non
1189 3641 1503 3717 delinquont
1554 3656 1742 3698 omnes
1782 3642 1873 3720 qui
1922 3652 2141 3719 sperant
2194 3714 2197 3719 ι

571 3750 590 3783 ι
636 3731 859 3788 ineo.»

1124 3823 1578 3887 ENARRATIO.

634 3915 877 3972 Psalmus
902 3916 1095 3982 David,
1116 3935 1234 3972 cum
1250 3919 1538 3977 immulavit
1572 3919 1768 3976 vultum
1790 3936 1943 3979 suum
1966 3936 2142 3976 coram

503 4003 507 4008 ’
563 4006 939 4074 Abimeleclt,et
962 4009 1156 4066 dimisit
1180 4026 1325 4087 eum,
1342 4018 1387 4064 et
1407 4010 1556 4065 abiit.
1573 4010 1794 4085 Legitur
1816 4011 1868 4066 in
1891 4010 2027 4067 libro
2040 4009 2145 4073 Re-

536 4104 537 4107 ‘
563 4111 687 4162 gum
716 4096 766 4167 (1
793 4098 919 4169 Reg.
947 4100 1088 4171 χχι).
1111 4101 1381 4176 quomodo
1427 4099 1592 4157 David
1626 4101 1895 4159 interfecit
1927 4101 2143 4159 Goliath

565 4187 918 4256 Philistmum,
956 4199 1012 4257 et
1063 4207 1160 4265 pro
1210 4193 1313 4248 hoc
1365 4193 1580 4266 negotio
1624 4194 1775 4253 venit
1821 4194 1873 4250 in
1916 4195 2143 4267 gratiam

510 4270 517 4277 ’
564 4277 693 4333 Saul
718 4281 858 4352 regis
872 4280 1053 4348 Israel,
1071 4291 1129 4337 ut
1146 4281 1309 4339 etiam
1329 4281 1483 4340 daret
1505 4283 1553 4339 ei
1573 4283 1736 4343 ﬁliam
1757 4300 1909 4341 suam
1927 4283 2138 4350 Miehol

561 4377 618 4424 ct
640 4371 863 4426 conviva
914 4373 1055 4448 regis
1099 4382 1283 4437 esset;
1334 4374 1428 4429 sed
1465 4383 1652 4447 postea
1707 4389 1831 4430 cum
1884 4374 1937 4428 in
1974 4373 2143 4428 choro

563 4464 872 4518 canentium
925 4464 1131 4521 audivit
1168 4463 1296 4521 Saul
1345 4464 1714 4537 praelationem
1752 4454 1957 4529 'David,
2010 4461 2144 4519 Saul

2239 3272 2347 3341 aui,
2386 3270 2783 3330 commendavit
2806 3269 2960 3325 nobis
2984 3267 3339 3324 humilitatem
3363 3281 3516 3322 suam
3556 3267 3675 3343 qun,
3702 3282 3805 3324 cum

2227 3361 2394 3421 dives
2424 3372 2595 3430 esset,
2639 3361 2818 3419 factus
2859 3367 2941 3417 est
2990 3375 3197 3432 panper
3240 3375 3339 3432 pro
3381 3359 3541 3422 nobis
3584 3358 3675 3431 (ΙΙ
3701 3359 3804 3425 Cor.

2237 3455 2358 3529 vm)
2392 3475 2405 3511 :
2441 3464 2497 3512 et
2518 3455 2633 3512 Rex
2663 3453 2975 3531 angelorum
3006 3451 3179 3509 factus
3207 3462 3290 3509 est
3318 3451 3501 3518 homo,
3528 3462 3592 3508 ut
3628 3468 3801 3524 panem

2240 3547 2555 3618 angelorum
2589 3530 2944 3601 manducaret
2978 3544 3160 3600 homo.
3193 3543 3363 3598 Tanta
3386 3542 3534 3598 enim
3565 3551 3691 3599 erat
3718 3530 3803 3601 htt-

2242 3652 2403 3692 mana
2430 3636 2682 3711 superbia
2706 3644 2766 3691 ut
2793 3650 2894 3693 nec
2915 3634 3304 3707 patriarcltam,
3334 3648 3433 3688 nec
3470 3636 3804 3708 praplietam.

2241 3743 2342 3786 nec
2367 3726 2529 3783 alium
2562 3726 2794 3797 aliquem
2837 3723 3116 3788 hominem
3156 3721 3357 3783 imitari
3385 3722 3723 3796 dignaretur.
3752 3718 3806 3806 llt

2242 3841 2375 3897 ergo
2414 3823 2531 3880 hmo
2581 3820 2831 3894 superbia
2862 3835 2921 3876 se
2958 3818 3295 3883 humiliaret,
3327 3815 3507 3872 factus
3555 3827 3647 3872 est
3690 3817 3807 3871 Deus

2244 3916 2430 3981 homo,
2472 3924 2532 3970 ut
2592 3913 2756 3969 homo
2804 3911 2961 3967 ﬁeret
3001 3911 3162 3966 Deus.
3216 3906 3544 3964 Immortalis
3597 3907 3808 3963 formam

2244 4007 2528 4065 mortalem
2575 4004 2769 4069 induit,
2808 4012 2870 4058 ut
2919 3999 3166 4058 mortalis
3191 4007 3498 4056 assumeret
3544 3998 3805 4065 immorta-

2245 4094 2349 4153 lem
2379 4113 2393 4150 :
2426 4093 2704 4151 descendit
2754 4093 2862 4159 ille,
2895 4101 2957 4147 ut
3003 4106 3102 4148 nos
3157 4090 3595 4147 ascenderemus.
3637 4088 3697 4145 In
3728 4088 3807 4144 hac

2247 4200 2427 4253 autem
2491 4189 2792 4247 mutatione
2824 4184 3026 4252 vultus,
3076 4183 3131 4241 id
3176 4192 3259 4241 est
3299 4181 3583 4249 sacriﬁcii,
3618 4182 3675 4237 in
3722 4195 3807 4251 quo

2246 4283 2495 4341 voluntas
2539 4282 2637 4340 Dei
2662 4281 2892 4351 quodam
2918 4279 3077 4336 modo
3121 4270 3533 4342 ostendebatur,
3565 4275 3695 4346 quia
3728 4288 3807 4345 per

2248 4376 2365 4436 haec
2405 4372 2722 4445 temporalia
2764 4371 3006 4431 instituta
3047 4368 3216 4425 voluit
3256 4367 3544 4424 ostendere
3596 4374 3805 4435 vera,et

2248 4474 2471 4531 aeterna,
2488 4463 2775 4521 allectabat
2796 4478 2876 4521 se.
2891 4461 3020 4531 Quae
3039 4458 3213 4532 major
3238 4448 3475 4524 aﬂ'ectio,
3501 4474 3669 4529 quam
3690 4456 3807 4528 quod

563 4555 816 4622 percussit
848 4546 1017 4621 mille,
1058 4566 1103 4610 et
1135 4555 1307 4611 David
1346 4532 1535 4613 decem
1565 4557 1765 4623 millia,
1808 4555 1862 4611 in
1912 4555 2147 4613 millibus
2172 4532 2226 4595 θ
2249 4556 2395 4615 Deus
2421 4554 2742 4613 immortalis
2782 4570 2882 4626 per.
2904 4551 3070 4609 multa
3108 4552 3322 4624 indigna
3349 4560 3406 4607 et
3425 4549 3595 4605 multa
3633 4548 3807 4620 probra

522 4645 527 4650 ’
565 4642 678 4697 suis
704 4643 1012 4714 indignatus
1035 4659 1150 4709 rex,
1178 4644 1346 4701 voluit
1369 4645 1674 4710 interﬁcere
1702 4645 1903 4702 David:
1938 4645 2147 4718 fugiens

514 4804 524 4811 .
565 4742 746 4789 autem
778 4733 950 4790 David
970 4749 1004 4793 a
1042 4735 1179 4792 facie
1206 4735 1361 4805 Saul,
1388 4738 1538 4794 venit
1563 4738 1615 4793 in
1645 4746 1845 4797 terram
1870 4736 2120 4798 PltiliStlii

516 4826 522 4831 ’
567 4840 758 4879 norum
786 4825 853 4879 ad
882 4824 1020 4881 Geth
1037 4825 1310 4883 civitatem
1340 4828 1522 4884 Achis.
1548 4826 1790 4899 Cumque
1814 4829 1919 4889 hoc
1934 4830 2143 4888 nuntia-

565 4923 678 4969 tum
701 4913 843 4971 foret
862 4915 1050 4981 Achis,
1069 4917 1217 4978 misit
1238 4916 1446 4988 legatos
1470 4919 1560 4990 qui
1584 4918 1751 4973 David
1769 4918 2142 4988 apprehende-

518 5016 523 5021 '
568 5014 707 5071 rent,
734 5015 786 5062 ct
804 5007 869 5063 ad
882 5022 1005 5063 eum
1032 5008 1292 5070 ducerent
1309 5018 1367 5064 ut
1384 5010 1797 5065 interﬁceretur.
1812 5009 1917 5065 Sed
1933 5009 2140 5065 miseri-

567 5099 747 5154 cordia
765 5099 854 5156 Dei
876 5101 1257 5170 przevenienlc,
1272 5099 1467 5161 cecidit
1485 5099 1718 5173 Spiritus
1737 5108 1953 5156 sanctus
1981 5114 2142 5177 super

566 5193 1018 5259 eum,etmutavit
1032 5193 1237 5249 vultum
1250 5189 2137 5264 suum,simulanssearreptitium.

568 5283 806 5339 Decorus
825 5284 968 5339 enim
994 5294 1115 5340 erat
1134 5293 1372 5355 aspectu,
1395 5290 1446 5338 et
1463 5280 1746 5338 allectabat
1766 5298 1843 5347 se,
1865 5295 1921 5340 et
1942 5296 2150 5357 tympa-

570 5376 788 5432 nizahat
807 5377 871 5431 ad
894 5364 1104 5447 portam
1130 5375 1230 5431 civi
1240 5375 1383 5435 tatis,
1398 5384 1450 5429 et
1467 5372 1742 5430 ferebatur
1756 5375 2003 5433 manibus
2014 5376 2148 5440 suis,

571 5474 626 5519 et
639 5467 962 5524 procedebat
977 5464 1042 5519 ad
1059 5465 1252 5519 ostium
1268 5471 1455 5524 portae,
1472 5474 1525 5517 et
1539 5463 1706 5518 saliva
1723 5462 2039 5521 decurrebat
2055 5480 2151 5524 per

2206 4654 2216 4663 '
2251 4650 2461 4709 subiret
2500 4654 2730 4704 mortem
2779 4642 3151 4718 temporalem,
3184 4649 3244 4697 ut
3269 4639 3570 4696 humanum
3603 4649 3808 4711 genus:

2200 4736 2217 4749 Ἀ
2250 4750 2427 4803 morte
2463 4749 2668 4797 aeterna
2706 4735 2983 4811 eriperet?
3019 4732 3444 4810 Tympanizabat
3495 4732 3566 4787 ad
3616 4740 3805 4803 portam

2200 4826 2211 4833 “
2251 4832 2513 4896 civitatis,
2546 4830 2671 4904 quia
2708 4843 2908 4899 corpus
2935 4840 3091 4885 suum
3108 4825 3178 4883 .in
3205 4838 3369 4883 cruce
3412 4823 3634 4878 allixum
3661 4819 3807 4878 clavis

2250 4923 2511 4987 extendit,
2553 4928 2613 4977 ut
2635 4919 2804 4976 corda
2834 4916 3111 4978 hominum
3146 4928 3266 4986 quae
3294 4916 3477 4986 pervia
3507 4923 3668 4974 erant
3711 4915 3804 4971 dias

2250 5014 2372 5071 bolo
2417 5007 2695 5071 clauderet
2743 5010 2983 5075 inimico,
3024 5017 3080 5065 et
3117 5007 3351 5078 aperiret
3379 5005 3624 5083 Deo.‘Et
3647 5005 3801 5081 proci-

2249 5108 2413 5164 dehat
2450 5106 2517 5161 ad
2550 5105 2750 5163 ostium
2786 5111 2983 5174 portas,
3006 5101 3060 5157 id
3096 5109 3198 5167 est,
3223 5098 3543 5160 humiliabat
3579 5113 3639 5153 se
3664 5110 3803 5167 usque

2212 5194 2217 5199 ’
2252 5198 2319 5257 ad
2356 5197 2569 5255 initium
2623 5194 2744 5251 fidei
2790 5202 3007 5259 nostrze,
3054 5205 3174 5263 qua:
3210 5189 3343 5246 fides
3383 5188 3639 5245 introitus
3665 5187 3801 5246 estin

2210 5292 2215 5299 ’
2252 5286 2569 5343 Ecolesiam.
2597 5284 2792 5344 Saliva:
2815 5288 2993 5346 autem
3024 5283 3076 5343 in
3099 5281 3321 5326 bal-rs“
3430 5277 3455 5284 “

2250 5377 2432 5435 saliva:
2467 5390 2754 5446 puerorum
2802 5390 2805 5391 '
2898 5382 2911 5390 ‘

2252 5467 2500 5524 carnari:
2525 5482 2577 5508 cr
2593 5467 2605 5480 ⁶
