3978 6412
201 395 340 480 ’διδ

1323 411 1864 471 ΕΝΑΒΒΑΤΙΟΝΕΞ
1902 413 1968 470 ΙΝ
2007 412 2342 474 PSALMGS.

3359 421 3490 476 ἴδη

201 590 442 630 νωηωω
484 572 584 643 ﬁm-
625 571 873 637 lmmim-s,
897 579 944 624 ει
977 568 1156 624 bibe,“
1198 569 1317 641 ejus
1345 570 1674 642 “ww-nem,
1701 584 1802 622 ηοη
1833 547 2056 634 Adere,
2090 555 2152 600 ut
2176 557 2447 604 amatores
2473 549 2652 643 saeculi
2683 551 2749 605 ad
2787 551 2890 607 hoc
2932 552 3073 643 quod
3103 551 3356 622 diligunt,
3391 556 3486 609 sed

214 665 434 720 habebit
473 662 632 716 vitam
679 659 860 732 (Joan.
889 658 964 731 vt)
999 674 1015 714 :
1064 659 1216 714 multi
1245 659 1524 720 audientes
1567 668 1621 714 et
1659 659 1806 729 igno-

195 764 413 810 rantes
436 766 572 822 opus
590 750 887 805 divinitatis
915 749 967 804 in
995 750 1082 805 his
1106 749 1293 816 latere,
1316 750 1567 810 abierunt
1608 757 1806 803 retror-

212 866 370 916 sum,
425 848 587 904 etiam
610 863 679 902 cx
724 845 1020 916 discipulis,
1071 846 1310 901 dicentes
1346 865 1358 901 :
1401 846 1579 900 Durus
1613 855 1686 900 est
1723 845 1806 902 hit:

209 956 418 1004 sermo,
445 948 493 992 et
523 937 639 1009 quis
668 937 868 1006 poterit
887 954 1004 992 eum
1038 938 1224 993 audire
1255 938 1436 1008 (Joan.
1467 936 1590 1010 v1)?
1639 937 1801 991 Puta-

210 1032 354 1087 bant
380 1030 526 1085 enim
549 1037 608 1083 ut
636 1043 851 1085 carnem
884 1043 1059 1095 suam,
1084 1043 1246 1099 quam
1284 1029 1556 1093 videbant,
1592 1027 1672 1082 eis
1696 1025 1804 1086 vel-

213 1121 290 1176 let
347 1119 481 1174 dare
527 1118 595 1173 ad
639 1117 1090 1174 manducandum.
1126 1117 1193 1172 Et
1219 1132 1513 1172 conversus
1544 1116 1805 1172 Dominus

209 1209 283 1263 ad
313 1207 611 1279 discipulos
645 1222 774 1263 suos
821 1208 1098 1274 undecim,
1133 1207 1268 1262 dixit
1297 1225 1310 1262 :
1344 1205 1601 1277 Nunquid
1640 1215 1687 1261 et
1718 1222 1804 1262 vos

211 1298 378 1354 t'ttltis
425 1297 608 1351 abire?
648 1296 942 1367 Respondit
987 1297 1180 1352 Petrus
1230 1312 1328 1367 pro
1373 1297 1663 1351 omnibus:
1699 1293 1805 1349 Do-

209 1390 380 1451 mine,
405 1389 476 1443 ad
501 1405 648 1459 quem
675 1389 905 1447 ibimus?
934 1387 1098 1443 Verba
1124 1389 1240 1445 vita:
1267 1390 1420 1444 babes
1444 1387 1652 1461 (Ibid.).
1683 1385 1804 1458 Spi-

208 1483 350 1539 ritus
387 1490 462 1535 est
497 1481 585 1552 qui
615 1481 858 1550 vivi/ient,
885 1497 1007 1534 caro
1034 1475 1216 1536 autem
1245 1480 1455 1535 inﬁrma
1482 1489 1564 1536 est
1588 1479 1796 1551 (Ibid.).

209 1571 264 1622 In
322 1571 413 1627 his
461 1572 553 1641 qui
599 1581 896 1626 retrorsum
951 1571 1220 1637 abierunt,
1273 1587 1377 1626 non
1439 1571 1796 1640 intelligentes

207 1662 697 1722 commutationem
732 1660 890 1731 hujus
925 1660 1196 1721 sacriﬁcii,
1249 1659 1564 1731 intelligitur
1610 1659 1793 1723 Aeltis,

214 1752 309 1822 qui
365 1752 757 1823 interpretatur
803 1753 930 1823 quid
965 1762 1038 1806 est
1091 1752 1226 1807 hoc?
1267 1761 1322 1806 ct
1350 1751 1619 1821 signiﬁcat
1645 1751 1797 1822 igno-

209 1843 478 1907 rantiam,
509 1843 647 1913 apud
680 1859 815 1914 quos
850 1858 970 1898 cum
999 1859 1027 1896 a
1058 1842 1346 1900 Pharisaris
1371 1853 1425 1897 et
1451 1843 1676 1897 summis
1719 1857 1798 1897 sa-

204 1935 529 1992 cerdotibus
549 1945 602 1991 et
624 1937 819 1991 scribis
839 1936 905 1990 ad
928 1946 1156 1991 mortem
1179 1944 1537 2007 quiercretur,
1568 1937 1620 1991 in
1645 1947 1797 2006 porta

203 2024 455 2082 civitatis
495 2026 837 2081 manentibus
868 2027 1286 2100 tympanizabat,
1325 2027 1377 2082 id
1409 2036 1510 2090 est,
1542 2027 1798 2099 apostolis

208 2115 263 2172 in
307 2113 419 2169 ﬁde
444 2113 557 2183 jam
588 2115 776 2187 positis
803 2130 921 2186 qua:
949 2124 1033 2172 est
1076 2117 1331 2173 introitus
1379 2117 1445 2172 ad
1498 2116 1795 2173 Jerusalem

203 2205 516 2270 caelestem,
547 2222 735 2262 sonum
787 2207 997 2263 dulcem
1044 2208 1109 2264 de
1141 2216 1395 2280 tympano
1425 2208 1670 2279 protulit,
1705 2209 1800 2263 do-

202 2295 448 2349 ctrinam
465 2296 668 2352 scilicet
691 2296 872 2352 carnis
897 2311 1006 2351 sua:
1024 2298 1431 2353 mortiﬁcandaa.
1457 2299 1522 2354 Et
1550 2299 1675 2369 quia
1709 2298 1796 2355 ille

199 2385 444 2456 populus
498 2388 806 2445 incredulus
851 2390 1378 2447 commendationem
1404 2391 1516 2445 veri
1541 2391 1791 2446 sacriﬁcii

201 2476 517 2548 intelligere
545 2477 741 2544 noluit,
795 2487 850 2534 et
897 2479 1203 2552 exemplum
1245 2479 1567 2536 humilitatis
1591 2480 1795 2537 Christi

203 2582 316 2620 non
359 2567 586 2638 recepit,
613 2568 816 2628 dimisit
866 2584 989 2624 cum
1030 2568 1280 2626 Christus
1307 2579 1363 2624 ct
1390 2570 1544 2637 abiit,
1595 2570 1647 2626 id
1688 2578 1792 2634 est,

206 2657 496 2711 transtulit
528 2658 594 2712 ad
635 2669 842 2736 gentes,
879 2667 937 2714 ut
974 2676 1070 2737 per
1093 2660 1196 2718 hoc
1219 2661 1576 2722 saivarentur.
1619 2661 1686 2716 Et
1715 2670 1798 2716 est

197 2761 302 2803 \‘ox
339 2745 544 2804 Christi
571 2747 622 2802 in
649 2749 750 2804 hoc
779 2749 1008 2822 psalmo,
1031 2751 1460 2805 commendantis
1485 2765 1681 2806 novum
1707 2765 1793 2806 sa-

197 2835 473 2897 criﬁcium
521 2838 762 2907 corporis
790 2846 846 2892 et
880 2839 1157 2907 sanguinis
1202 2841 1283 2895 sui
1314 2857 1327 2893 :
1357 2847 1408 2894 et
1438 2842 1789 2910 proponenti's

199 2928 250 2980 in
277 2941 349 2980 se
371 2928 674 3000 exemplum
693 2929 1010 2986 humilitatis
1033 2933 1266 2988 humano
1297 2934 1504 3004 generi,
1529 2933 1642 3005 qui,
1666 2953 1783 2990 cum

200 3015 252 3068 in
292 3016 477 3085 forma
524 3016 624 3072 Dei
665 3028 816 3087 esset,
857 3022 1137 3077 exinanivit
1185 3023 1516 3094 semetipsum
1566 3023 1794 3094 formam

196 3105 346 3170 serti
368 3105 670 3177 suscipiens
692 3105 856 3178 (Phil.
888 3109 972 3182 tt).

267 3195 594 3252 Beuedicam
634 3199 917 3255 Dominum
959 3203 1013 3258 in
1043 3205 1184 3258 omni
1214 3213 1460 3277 tempore.
1512 3207 1653 3278 Ego,
1692 3208 1781 3277 qui

196 3289 473 3351 hactenus
515 3289 761 3346 benedixi
810 3293 1092 3348 Dominum
1138 3295 1206 3350 ad
1235 3295 1423 3350 horam
1468 3312 1564 3366 per
1594 3289 1812 3369 lcgalia‘

197 3382 473 3444 sacriﬁcia
501 3385 794 3447 secundum
826 3387 1071 3443 ordinem
1104 3389 1284 3443 Aaron
1312 3389 1364 3444 in
1395 3390 1588 3460 populo
1616 3391 1781 3447 lsrae-

195 3472 375 3537 litico,
409 3489 551 3529 nunc
579 3474 892 3530 benedicam
920 3492 1060 3534 novo
1085 3478 1351 3534 sacriﬁcio
1375 3480 1667 3535 secundum
1699 3496 1788 3535 or-

194 3565 384 3619 dinem
432 3563 854 3634 Melchisedech,
899 3568 990 3638 qui
1036 3578 1093 3624 et
1139 3577 1380 3640 tempore
1425 3579 1481 3626 et
1525 3570 1787 3642 dignitate

197 3658 354 3730 prior
379 3653 502 3722 fuit,
529 3657 614 3717 cui
655 3656 856 3712 Abram
903 3659 1142 3715 decimas
1171 3660 1337 3726 dedit,
1369 3660 1421 3715 in
1468 3675 1575 3730 quo
1604 3661 1783 3715 Aaron

194 3747 502 3804 decimatus
536 3746 651 3802 fuit.
699 3749 767 3803 Et
798 3749 898 3806 hoc
924 3750 1119 3828 faciam
1147 3751 1199 3806 in
1233 3751 1428 3822 populo
1451 3751 1783 3818 Christiano,

194 3837 464 3893 sumendo
497 3854 693 3910 corpus
720 3849 774 3896 et
803 3856 828 3896 s
866 3842 1118 3914 uguinem
1145 3858 1358 3909 meum,
1412 3843 1464 3898 id
1491 3853 1576 3899 est
1597 3885 1612 3910 ,
1665 3843 1785 3899 imi-

194 3930 365 3984 tando
389 3928 746 3985 humilitatem
777 3947 977 3998 meam,
1022 3947 1130 3987 non
1159 3932 1226 3988 ad
1255 3932 1467 3998 horam,
1515 3933 1607 3988 sed
1636 3933 1782 3990 omni

194 4032 475 4090 tempore,
523 4021 648 4090 quia
696 4023 798 4078 hoc
844 4022 1168 4078 sacriﬁcium
1197 4038 1304 4078 non
1343 4031 1424 4078 est
1471 4023 1537 4077 ad
1571 4031 1782 4094 tempus

194 4097 529 4174 institutum.
575 4107 792 4166 Scilicet
826 4129 1029 4189 semper
1055 4111 1173 4167 laus
1217 4114 1367 4184 ejus,
1413 4113 1617 4170 scilicet
1642 4115 1775 4180 erit,

190 4200 242 4252 in
262 4215 362 4253 ore
388 4216 523 4266 meo,
553 4200 728 4266 idest,
759 4202 888 4258 etin
920 4204 1191 4274 prosperis
1221 4189 1274 4260 et
1301 4204 1356 4259 in
1385 4206 1646 4262 adversis.
1674 4207 1778 4262 Su-

191 4289 348 4356 perbi
397 4288 557 4360 hujus
601 4293 780 4348 saeculi
830 4296 1188 4366 prosperitate
1233 4297 1357 4352 elati
1417 4298 1472 4352 in
1507 4295 1782 4369 proSpcris

191 4381 544 4448 hencdicunt,
590 4382 642 4438 in
672 4384 914 4441 adversis
944 4379 1268 4444 maledicunt
1295 4404 1394 4445 ore
1437 4391 1684 4461 corporis
1724 4399 1780 4446 ct

192 4486 292 4527 ore
319 4473 522 4527 cordis.
553 4472 807 4529 Dominus
837 4461 1001 4542 dedit,
1035 4476 1291 4533 Dominus
1316 4479 1530 4534 abstulit
1561 4480 1682 4553 (Job
1709 4480 1771 4553 t).

192 4559 308 4615 Hoc
337 4562 497 4615 modo
519 4561 828 4618 benedicam
855 4581 868 4617 :
898 4564 965 4618 In
994 4564 1217 4620 Domino
1253 4565 1560 4623 laudabitur
1597 4569 1774 4624 anima

192 4668 308 4705 mea
333 4666 353 4704 :
389 4653 496 4707 vita
525 4669 640 4708 mea
671 4669 769 4724 per
791 4643 1246 4728 scivitupcrabiiis
1270 4657 1598 4726 laudabitur,
1621 4660 1671 4714 id
1692 4669 1778 4716 est

193 4743 482 4800 laudabilis
504 4746 630 4811 erit,
659 4746 714 4800 in
742 4746 984 4813 Domino,
1031 4747 1083 4802 id
1111 4755 1214 4814 est,
1243 4748 1298 4802 in
1325 4749 1696 4805 misericordia
1727 4757 1784 4806 et

193 4835 242 4889 in
287 4836 450 4892 donis
491 4838 743 4894 Domini:
793 4829 925 4894 nihil
965 4840 1103 4896 mihi
1151 4841 1466 4896 attribuam.
1511 4841 1781 4910 Audiam,

191 4935 399 4989 scilicet
428 4935 579 4991 hane
594 4937 952 4995 humilitatem
979 4955 1152 4996 meam
1172 4981 1186 5006 ,
1234 4942 1517 5011 mansueti,
1546 4942 1780 4999 humiles

191 5026 413 5080 audiant
433 5034 490 5080 ct
514 5025 812 5100 imitentur,
845 5030 896 5084 id
922 5029 1027 5097 est,
1075 5033 1286 5088 discant
1331 5035 1568 5089 animam
1614 5051 1768 5090 suam

192 5113 241 5168 in
267 5115 498 5170 Domino
527 5114 777 5184 laudare,
821 5129 876 5174 et
900 5136 1004 5175 non
1031 5121 1082 5176 in
1111 5137 1169 5178 sc
1189 5163 1206 5188 ,
1251 5139 1359 5178 non
1384 5124 1436 5179 in
1467 5125 1692 5190 szeculo,
1723 5136 1772 5180 et

192 5203 436 5284 (tuentur
459 5221 583 5262 vera
611 5207 815 5264 laetitia.
849 5210 972 5266 Ideo
995 5213 1262 5268 mansueti
1291 5215 1516 5272 audiant
1549 5215 1651 5270 hoc
1683 5230 1775 5270 sa-

191 5296 454 5351 criﬁcium
499 5298 840 5356 immutatum
893 5311 948 5357 et
992 5302 1320 5380 intelligant,
1379 5309 1501 5377 quia
1556 5309 1772 5378 superbi

193 5385 377 5442 audire
409 5386 732 5456 noluerunt,
777 5391 867 5461 qui
909 5391 1203 5448 dixerunt:
1237 5395 1416 5450 Durus
1450 5405 1524 5452 est
1555 5398 1639 5451 hic
1665 5415 1775 5452 ser-

191 5488 273 5529 mo
321 5476 516 5546 (Joan.
552 5480 672 5552 vs),
721 5491 768 5535 et
795 5480 1036 5537 thenlur
1062 5483 1113 5538 in
1142 5479 1446 5555 exemplum
1473 5486 1611 5553 mei,
1665 5504 1770 5542 non

192 5564 580 5625 contristentur
601 5581 661 5627 ut
690 5572 766 5628 illi
790 5573 881 5643 qui
909 5573 1161 5630 dixerunt
1185 5591 1198 5630 :
1223 5585 1269 5628 et
1292 5577 1407 5646 quis
1433 5563 1629 5647 poterit
1651 5595 1770 5632 cum

192 5658 408 5713 audire?
443 5660 621 5735 (ibid.)
660 5663 726 5717 Et
751 5665 875 5733 quia
908 5665 958 5720 in
996 5665 1096 5720 hac
1125 5665 1309 5720 lzelitia
1356 5682 1460 5721 non
1486 5677 1569 5723 cst
1614 5666 1764 5725 locus

195 5745 438 5815 invidiae,
465 5758 519 5805 et
545 5767 704 5806 omne
733 5754 929 5808 bonum
970 5755 1022 5809 in
1055 5770 1341 5810 commune
1369 5756 1620 5812 collatqu
1654 5759 1766 5828 pul-

196 5834 377 5896 ebrius
402 5841 676 5907 enitescit,
704 5843 826 5900 uolo
855 5843 1000 5902 solus
1028 5844 1247 5913 habere,
1277 5845 1399 5901 nolo
1428 5846 1570 5903 solus
1615 5863 1764 5906 accc-

1909 644 2170 708 quotquot
2215 653 2450 707 possum,
2487 639 2608 695 volo
2652 655 2862 695 mecum
2907 640 3122 697 trahere
3147 643 3213 696 ad
3245 656 3489 699 amorem

1910 729 2026 795 Dei,
2056 729 2408 797 obsecrando,
2440 731 2799 797 admonendo,
2823 732 3049 798 orando,
3075 733 3334 788 rationem
3365 737 3487 790 red-

1909 821 2100 876 dendo.
2131 820 2181 877 0'
2203 837 2328 885 vos,
2379 823 2666 887 mansueti,
2697 824 3029 894 magniﬁcate
3057 823 3339 879 Dominum
3379 842 3487 880 nte-

1907 927 2021 965 cum
2043 953 2058 976 ,
2089 913 2225 967 bene
2254 915 2526 984 operando
2547 933 2572 986 ελ
2593 916 2946 970 humiliumini
2979 916 3074 970 sub
3103 919 3298 987 potenti
3323 935 3485 972 manu

1909 1003 2027 1069 Dei,
2057 1014 2113 1058 ut
2145 1022 2229 1059 vos
2254 1005 2443 1060 exultet
2481 1005 2546 1076 (Ι
2578 1006 2724 1062 Petr.
2757 1007 2827 1077 v)
2855 1024 3063 1064 mecum
3091 1029 3104 1063 :
3136 1019 3195 1064 ut
3222 1011 3361 1065 sicut
3387 1027 3488 1082 ego

1906 1094 2028 1149 vivo
2072 1105 2294 1165 propter
2334 1095 2580 1164 Patrem,
2628 1097 2699 1153 ita
2749 1107 2803 1154 et
2831 1114 2930 1155 vos
2971 1111 3192 1171 propter
3234 1117 3380 1157 eum.
3415 1099 3482 1156 Et

1905 1183 2191 1238 exaltemus
2216 1202 2401 1240 nomen
2426 1185 2541 1257 ejus
2581 1187 2636 1242 in
2663 1188 2910 1258 idipsum.
2950 1189 3004 1244 ln
3035 1191 3192 1246 nobis
3224 1207 3480 1263 magnum

1905 1271 2168 1328 faciamus
2195 1290 2318 1330 eum
2354 1286 2502 1331 recte
2536 1277 2787 1345 vivendo,
2813 1288 2868 1334 et
2893 1279 3027 1335 alios
3053 1282 3120 1335 ad
3150 1295 3390 1335 amorem
3419 1281 3484 1336 il-

1905 1361 2009 1418 lius
2041 1365 2323 1432 trahendo,
2365 1366 2570 1423 scilicet
2593 1369 2951 1426 exsultatione
2987 1371 3238 1426 tendente
3265 1371 3318 1428 in
3347 1371 3486 1441 idip-

1903 1469 2047 1524 sum,
2085 1455 2138 1511 id
2162 1465 2248 1512 est
2276 1458 2328 1512 in
2360 1455 2549 1523 Deum,
2580 1459 2783 1516 scilicet
2818 1461 2870 1516 in
2895 1463 3146 1518 omnibus
3179 1464 3296 1535 ejus
3323 1465 3485 1520 mise-

1903 1546 2193 1603 ricordiam
2220 1549 2695 1616 commendantes,
2725 1551 2809 1609 vel
2835 1551 2888 1606 in
2915 1552 3142 1607 invicem
3167 1553 3324 1609 aliter
3351 1554 3485 1608 alte-

1904 1635 2019 1691 rius
2046 1650 2209 1692 onera
2238 1640 2522 1708 portando,
2554 1648 2608 1695 et
2652 1641 2732 1695 sic
2770 1640 2944 1712 legem
2984 1640 3182 1714 Christi
3213 1642 3484 1713 implendo

1882 1726 2048 1797 '(Gal.
2093 1729 2205 1799 vt);
2253 1731 2392 1784 etin
2440 1732 2542 1786 hoc
2587 1747 2675 1787 me
2722 1733 2917 1789 habete
2962 1735 3309 1805 exemplum,
3357 1736 3484 1807 quia

1903 1817 2190 1876 Christus:
2222 1821 2474 1892 exquisivi
2497 1822 2781 1876 Dominum
2805 1837 2824 1876 :
2851 1839 2915 1879 ex
2943 1827 3194 1881 onmibus
3225 1827 3332 1882 illis
3360 1829 3478 1897 glo-

1831 1911 1874 1969 B
1905 1911 2041 1966 riam
2081 1913 2323 1982 qumsivi,
2376 1913 2523 1968 illum
2564 1914 2734 1970 solum
2787 1918 2984 1971 amavi.
3033 1915 3102 1971 Et
3149 1919 3274 1988 quia
3330 1920 3480 1974 illum

1880 2004 2072 2061 solum
2106 2006 2362 2075 quaesivi,
2411 2008 2677 2062 exaudivit
2718 2025 2832 2074 me,
2864 2009 3067 2065 scilicet
3113 2011 3216 2066 hac
3258 2012 3483 2067 exaudi-

1881 2093 2122 2151 'dltionc.
2170 2095 2240 2150 It't
2285 2114 2350 2151 ea:
2386 2096 2625 2152 omnibus
2670 2099 3090 2156 tribulationibus
3119 2103 3246 2156 meis
3291 2103 3479 2173 eripuit

1880 2193 1999 2248 ‘me,
2053 2193 2159 2240 tam
2189 2187 2550 2243 exterioribus
2577 2204 2738 2258 quam
2769 2190 3135 2246 interioribus.
3161 2192 3322 2261 Ergo,
3355 2208 3477 2248 meo

1909 2275 2178 2347 exemplo,
2211 2272 2437 2332 accedite
2466 2277 2535 2330 ad
2565 2294 2682 2332 eum
2719 2279 2920 2345 animo,
2959 2294 3064 2334 non
3092 2279 3233 2346 loco,
3281 2295 3387 2336 non
3416 2297 3482 2337 eo

1887 2367 2059 2422 modo
2102 2382 2209 2437 quo
2258 2367 2331 2422 illi
2384 2378 2731 2424 accesserunt
2775 2371 2865 2440 qui
2913 2386 2999 2427 nte
3044 2373 3472 2428 cruciﬁxerunt:

1881 2453 1990 2515 ised
2038 2461 2302 2516 sumendo
2331 2477 2532 2532 corpus
2574 2469 2628 2517 et
2657 2463 2973 2534 sanguinem
3001 2464 3222 2531 Christi,
3261 2475 3315 2522 et
3351 2467 3475 2522 imi-

1883 2543 2061 2606 tando
2087 2551 2206 2622 ejus
2233 2552 2614 2608 humilitatem.
2645 2551 2711 2608 Et
2756 2556 2858 2610 hoc
2885 2555 3044 2612 modo
3069 2557 3375 2613 accedendo
3403 2555 3477 2612 il-

1895 2640 2226 2697 luminantini
2253 2659 2284 2698 a
2311 2644 2550 2699 tenebris
2571 2644 2905 2714 ignorantiae,
2937 2655 3126 2701 utnon
3157 2647 3276 2702 sitis
3296 2647 3476 2711 Aehis,

1893 2734 2128 2790 scientes
2171 2735 2300 2805 quid
2329 2736 2399 2791 sit
2442 2736 2766 2792 sacriﬁcium
2811 2737 2963 2803 illud,
3013 2739 3222 2809 etquid
3253 2747 3400 2794 notet
3426 2748 3483 2794 ct

1893 2833 2115 2897 propter
2139 2827 2267 2898 quid
2295 2828 2365 2883 sit
2384 2827 2538 2896 juxta
2568 2827 2696 2882 illud
2724 2828 2963 2898 Apostoli
2993 2817 3008 2883 ἑ
3035 2828 3221 2900 Surge,
3249 2832 3338 2901 qui
3358 2833 3482 2885 dor-

1893 2918 2013 2983 mis,
2041 2927 2089 2972 et
2115 2934 2334 2990 exsurge
2380 2936 2414 2972 a
2460 2919 2698 2983 mortuis,
2723 2927 2772 2972 et
2799 2917 3115 2973 illuminabit
3143 2929 3193 2974 te
3240 2918 3480 2976 Christus

1875 3007 2112 3080 '(Ephes.
2141 3007 2197 3082 v)
2226 3050 2242 3077 ,
2288 3010 2378 3080 qui
2422 3019 2505 3066 est
2547 3009 2634 3064 lux
2663 3025 2834 3066 vera:
2865 3010 2982 3080 ipse
3031 3011 3288 3069 enimicst
3324 3012 3483 3068 nobis

1894 3099 2036 3156 liber
2063 3109 2118 3156 et
2145 3100 2425 3171 exemplar
2463 3099 2605 3156 viuc.
2639 3099 2708 3154 Et
2740 3108 2861 3171 post
2891 3097 3005 3169 ejus
3031 3100 3480 3157 illuminationcm

1895 3191 2056 3262 facies
2088 3201 2273 3246 vestra:
2302 3207 2406 3245 non
2427 3191 2768 3246 erubescent.
2793 3191 3084 3248 interiores
3109 3192 3320 3248 scilicet
3349 3207 3482 3247 con-

1892 3283 2134 3339 scientiae
2177 3281 2289 3351 iam
2317 3283 2605 3348 mundatus,
2633 3283 2719 3338 vel
2746 3283 3062 3347 exteriores,
3111 3298 3218 3341 non
3250 3286 3480 3355 confun-

1891 3373 2085 3428 rlentur
2112 3371 2452 3428 ante'vcrum
2479 3370 2734 3440 iudicem,
2761 3387 2938 3442 neque
2962 3374 3050 3429 hic
3073 3375 3392 3431 erubescent
3414 3377 3482 3430 de

1868 3471 2212 3534 paupertate
2242 3470 2298 3517 ct
2341 3461 2655 3532 ignominia.
2703 3462 2867 3529 Quasi
2895 3463 3076 3518 dicat:
3112 3463 3177 3518 Et
3207 3472 3267 3517 ιιι
3309 3463 3479 3519 facies

1867 3561 2089 3610 vestra:
2135 3569 2245 3608 non
2292 3552 2719 3620 confundantur,
2786 3553 3071 3609 imitamini
3117 3554 3476 3610 humilitatem

1866 3647 2085 3711 'meam,
2113 3646 2206 3716 qui
2234 3661 2356 3700 cum
2389 3645 2538 3700 dives
2566 3659 2762 3712 essem,
2797 3644 2977 3702 factus
3003 3661 3120 3701 sum
3151 3661 3356 3717 pauper
3381 3663 3478 3718 pro

1885 3738 2040 3794 vobis
2061 3737 2144 3808 (II
2170 3737 2293 3792 Cor.
2321 3739 2477 3808 vni);
2503 3737 2576 3792 ita
2597 3745 2654 3792 et
2678 3752 2774 3793 vos
2803 3737 2968 3794 nolite
2990 3737 3216 3809 gloriam
3239 3747 3477 3794 vestram

1884 3845 2148 3900 quaerere,
2201 3829 2298 3885 sed
2327 3829 2442 3884 Dei.
2472 3828 2581 3885 Iste
2604 3847 2822 3901 pauper,
2854 3831 2907 3886 id
2940 3841 3054 3899 est,
3101 3848 3201 3904 ego
3232 3833 3474 3897 humilis,

1883 3937 1990 3976 non
2020 3935 2353 3990 praesumens
2380 3920 2484 3976 nisi
2529 3921 2596 3977 de
2624 3921 2739 3976 sola
2782 3922 2880 3978 Dei
2923 3924 3332 3990 misericordia,
3363 3925 3476 3976 cla-

1883 4017 2060 4081 mavit,
2099 4015 2152 4070 id
2197 4023 2304 4082 est,
2333 4015 2478 4070 omni
2528 4015 2826 4072 intentione
2857 4017 2924 4072 ad
2969 4019 3138 4073 Deum
3167 4034 3225 4074 se
3251 4020 3426 4075 erexit
3452 4059 3469 4075 .

1859 4109 1929 4162 et
1993 4123 2098 4164 non
2165 4105 2265 4162 fuit
2325 4106 2612 4174 confusus,
2675 4109 2804 4180 quia
2879 4109 3134 4164 Dominus
3199 4113 3466 4166 exaudivit

1858 4198 2031 4278 'eum,
2081 4217 2148 4255 ex
2173 4201 2411 4256 omnibus
2454 4203 2884 4258 tribulationibus
2933 4203 3048 4273 ejus
3078 4203 3300 4258 saluauit
3328 4221 3467 4258 eum.

1853 4287 2020 4360 'Ergo
2059 4300 2114 4345 et
2145 4306 2241 4345 vos
2287 4292 2571 4361 exaudiet,
2623 4293 2669 4348 si
2724 4293 2954 4349 humiles
3009 4294 3250 4359 fueritis,
3305 4295 3349 4349 si
3399 4296 3467 4348 ad

1854 4396 2000 4437 eum
2063 4382 2443 4438 eiamaveritis.
2509 4383 2577 4439 Et
2646 4399 2834 4438 revera
2898 4385 3126 4453 potestis
3188 4383 3424 4438 clamare
3447 4423 3466 4448 ,

1875 4469 2002 4539 quia
2050 4469 2260 4525 habetis
2305 4485 2397 4526 me
2455 4485 2559 4526 non
2609 4471 2781 4526 solum
2829 4471 3170 4540 exemplum,
3240 4472 3336 4526 sed
3399 4481 3454 4525 et

1877 4560 2134 4614 auxilium
2162 4601 2177 4626 ,
2231 4561 2358 4630 quia
2406 4561 2622 4632 angelus
2671 4560 2918 4628 Domini,
2966 4561 3172 4616 scilicet
3215 4561 3463 4617 Christus

1887 4651 2068 4720 magni
2135 4651 2343 4706 consilii
2419 4651 2641 4722 angelus
2675 4650 2695 4722 (
2721 4651 2832 4706 Isa.
2889 4668 2943 4706 tu
2964 4651 3004 4724 ),
3062 4653 3336 4719 immittet,
3415 4655 3468 4708 id

1849 4751 1970 4795 -est
2026 4740 2412 4797 immissiouem
2462 4742 2641 4806 faciet,
2691 4742 2854 4798 idest
2898 4742 3156 4797 auxilium
3187 4760 3369 4810 suum,
3412 4746 3466 4798 in

1887 4831 2108 4886 circuitu
2135 4833 2426 4886 timemium
2465 4849 2603 4898 eum,
2634 4832 2687 4887 id
2722 4841 2825 4897 est,
2853 4833 2921 4888 ad
2949 4833 3315 4890 delensioncm
3346 4833 3464 4889 illo-

1846 4927 2008 4982 -'rum
2039 4927 2130 4996 qui
2159 4941 2282 4982 eum
2312 4926 2520 4981 timent.
2567 4926 2633 4980 Et
2659 4928 2837 4997 eripiet
2867 4945 2974 4993 eos,
3009 4929 3099 4984 hic
3125 4930 3192 4984 ab
3219 4930 3462 4984 interiori

1890 5018 2230 5083 confusione,
2253 5025 2308 5070 et
2333 5015 2549 5071 tandem
2592 5017 2873 5072 exteriori.
2901 5018 2998 5072 Vel
3026 5021 3266 5074 immittet
3299 5035 3462 5089 ange-

1849 5149 1854 5156 -
1877 5112 1985 5166 lum
2010 5111 2269 5166 Dominus
2289 5109 2345 5163 in
2366 5110 2588 5163 circuitu
2610 5111 2905 5164 timentium
2921 5127 3060 5178 eum,
3075 5122 3122 5166 et
3145 5114 3324 5182 eripiet
3347 5129 3460 5176 eos,

1877 5203 2005 5274 quia
2033 5203 2264 5274 quisque
2295 5201 2475 5257 ﬁdelis
2499 5203 2662 5259 habet
2691 5204 2937 5276 angelum
2982 5204 3182 5259 bonum
3209 5203 3298 5274 qni
3338 5219 3460 5257 cum

1877 5295 2136 5360 custodit,
2185 5295 2328 5349 sicut
2359 5294 2412 5348 in
2459 5293 2750 5366 Evangelia
2779 5311 2793 5348 :
2826 5293 3010 5365 Angali
3039 5311 3217 5349 eorum
3261 5309 3461 5360 semper

1874 5387 2046 5442 uideat
2071 5385 2268 5456 {aciem
2291 5383 2472 5439 Patris
2495 5384 2676 5457 (Matt.
2723 5385 2898 5456 xvm).
2922 5385 3063 5454 Ergo
3087 5384 3208 5452 quia
3247 5398 3332 5438 me
3365 5384 3460 5438 ha-

1842 5488 1846 5492 '
1875 5476 2015 5532 betis
2039 5475 2366 5546 exemplum,
2397 5476 2608 5531 habetis
2637 5485 2694 5531 et
2719 5475 3002 5540 auxilium,
3034 5484 3242 5546 gustata
3271 5474 3456 5530 Domi-

1842 5575 1847 5592 ’
1878 5583 2032 5634 num,
2063 5567 2260 5622 sumite
2282 5582 2479 5638 corpus
2509 5567 2625 5638 ejus
2645 5575 2697 5622 et
2721 5565 3034 5636 sanguinem
3061 5582 3074 5618 :
3107 5575 3155 5619 et
3185 5566 3368 5629 ridete,
3405 5563 3459 5620 id

1841 5665 1956 5716 'est
1998 5660 2304 5730 intelligite,
2353 5661 2604 5731 quoniam
2650 5659 2824 5713 suavis
2867 5669 2941 5712 est
2983 5657 3260 5713 Dominus.
3302 5659 3457 5713 Ae'st

1874 5752 2018 5807 dicat
2047 5770 2058 5805 :
2090 5750 2301 5806 Sumite
2324 5750 2649 5805 sacriﬁcium
2679 5747 2925 5818 corporis
2949 5757 3002 5803 ct
3023 5749 3301 5820 sanguinis
3323 5750 3455 5804 mei.

1871 5855 1924 5901 ot
1957 5844 2239 5918 itztclligitc
2269 5845 2394 5917 quid
2424 5843 2668 5910 suutatis,
2698 5842 2824 5918 quia
2861 5842 2913 5899 in
2942 5841 3243 5916 exemplum
3278 5843 3427 5896 humi
