3930 5390
1159 403 1410 464 ιιΕΜιιςιι
1453 397 2110 464 AN'IISSIODORENSIS
2147 397 2296 456 OPP.
2339 400 2537 458 PARS.
2579 398 2618 457 Ι.
2644 432 2731 465 ί-
2760 399 3167 458 EXEGETICA.

3675 398 3779 458 516

528 517 698 574 litatis
740 523 792 572 et
833 517 1106 587 patientia:
1140 533 1271 574 mea:
1310 519 1412 575 hoc
1451 518 1684 584 sumitis,
1727 525 1787 572 ut
1830 516 1968 572 sicut
2000 527 2100 585 ego
2125 509 2330 593 Alam,
2361 513 2411 568 id
2438 521 2540 578 est,
2566 515 2656 585 qui
2689 515 2741 569 iu
2783 513 2873 569 Dei
2913 514 3115 580 studio,
3159 514 3213 569 in
3254 509 3347 568 Dei
3384 525 3553 583 opere
3589 526 3688 569 suo
3715 515 3781 569 ad

526 608 753 681 gloriam
787 624 961 664 meam
987 625 1092 664 non
1116 610 1360 680 qinesivi,
1391 610 1484 665 sed
1518 608 1750 680 Domini,
1780 607 1851 662 ita
1882 615 1938 662 et
1959 620 2054 660 vos
2085 622 2099 658 :

533 697 732 752 sumite
767 711 886 752 cum
935 697 1130 752 timore
1168 707 1221 752 et
1251 698 1571 762 reverentia,
1611 706 1664 752 et
1693 695 1944 751 videbitis
1972 709 2103 764 quo-

526 788 670 842 niam
696 789 877 844 suavis
902 797 984 844 εει
1018 788 1296 845 Dominus.
1331 788 1478 845 Sicut
1509 806 1607 860 ego
1637 790 1702 844 de
1727 797 1898 844 morte
1929 799 2102 842 trans-

527 879 598 934 ivi
628 881 694 934 ad
727 881 914 945 vitam,
944 881 1010 936 de
1053 882 1308 952 passione
1323 882 1387 935 ad
1417 882 1735 936 suavitatem
1775 889 1829 935 et
1854 879 2099 951 gloriam,

530 969 629 1035 ita,
667 979 719 1024 et
751 987 845 1026 vos
871 973 1214 1027 comedentes
1260 987 1362 1046 me,
1410 972 1460 1026 id
1509 982 1612 1037 est,
1651 971 1925 1026 imitantes
1975 985 2100 1038 pas-

531 1060 740 1114 sionem
786 1069 840 1115 et
868 1061 1224 1117 lnnuilitatem
1255 1078 1427 1140 meam
1461 1061 1516 1116 iu
1554 1063 1656 1118 hac
1682 1062 1812 1126 vita,
1855 1059 2103 1116 videbitis

531 1153 748 1207 tandem
771 1155 1023 1224 quoniam
1049 1153 1326 1222 Dominus,
1358 1155 1449 1226 qui
1482 1155 1637 1210 modo
1657 1171 1872 1208 amarus
1893 1154 2103 1208 videtur

530 1253 754 1315 propter
775 1247 1085 1316 passionum
1131 1247 1494 1311 tolerantiam,
1518 1247 1697 1302 suavis
1725 1255 1807 1301 est
1837 1247 1887 1300 in
1921 1261 2098 1299 reuiu-

529 1337 829 1391 neratione.
860 1333 1076 1392 Gustate
1096 1347 1149 1392 ct
1185 1337 1346 1392 nolite
1375 1353 1495 1392 esse
1527 1338 1714 1402 Athis,
1739 1337 1789 1392 id
1817 1345 1920 1402 est,
1950 1351 2102 1391 error

524 1435 579 1482 ct
612 1428 940 1502 ignorantia,
962 1442 1021 1486 ut
1041 1432 1232 1486 dicatis
1259 1449 1275 1486 :
1301 1433 1571 1498 Quomodo
1605 1432 1706 1486 iste
1731 1431 1921 1501 poterit
1954 1429 2100 1485 nobis

528 1519 657 1574 dare
683 1537 890 1575 carnem
925 1524 1251 1578 mamlucare
1273 1523 1451 1591 (Joan.
1476 1525 1589 1593 vi)?
1613 1524 1920 1593 Siiguoras,
1945 1530 2098 1592 gusta

523 1620 580 1666 et
612 1613 752 1678 vide,
775 1615 1021 1684 quoniam
1069 1617 1242 1670 suavis
1273 1625 1349 1670 est
1396 1615 1672 1672 Dominus.
1704 1615 1759 1670 Si
1790 1625 1968 1669 autem
1994 1631 2098 1669 non

523 1703 796 1774 intelligis,
826 1721 920 1760 rex
956 1706 1116 1762 Acbis
1162 1708 1411 1762 immutat
1441 1707 1633 1764 faciem
1657 1723 1829 1770 suam,
1861 1715 1915 1760 et
1947 1720 2101 1760 rece-

522 1795 655 1852 dita
690 1807 761 1854 te.
803 1799 870 1853 Et
903 1801 1027 1870 quia
1055 1801 1236 1855 suavis
1281 1811 1364 1856 est
1396 1801 1652 1856 Dominus
1685 1801 1736 1854 in
1784 1813 2096 1855 renumera-

2205 603 2305 658 boc
2337 605 2525 669 tendit,
2551 615 2606 660 ut
2637 605 2746 660 Deo
2769 607 3058 671 adhaereat,
3091 606 3142 660 in
3166 620 3272 675 quo
3298 613 3383 660 est
3410 619 3538 658 vera
3559 604 3692 657 vita.
3719 605 3782 659 Et

2205 695 2290 750 ille
2328 697 2428 751 uult
2475 699 2658 761 vitam,
2688 699 2775 767 qui
2819 699 2988 768 diligit
3026 698 3195 764 ridere
3235 698 3345 750 dies
3381 697 3562 759 bonos,
3593 696 3644 750 id
3675 705 3781 761 est,

2201 789 2290 857 qui
2320 801 2422 842 non
2465 787 2762 842 delectatur
2794 788 2844 841 in
2877 788 3066 843 diebus
3103 786 3277 850 malis,
3312 787 3405 842 sed
3432 787 3580 842 omni
3608 787 3782 842 intcno

2201 879 2345 939 tione
2371 879 2436 932 ad
2479 878 2814 932 illam'vitam
2848 879 3033 942 tendit,
3066 879 3118 932 in
3157 894 3260 947 qua
3289 877 3433 931 nulla
3458 878 3562 932 erit
3590 878 3783 933 adver-

2201 972 2352 1028 sitas.
2381 971 2585 1025 Aliter:
2620 970 2748 1035 Quis
2773 981 2848 1025 est
2885 971 3038 1026 homo
3059 973 3150 1042 qui
3179 970 3284 1024 vult
3315 971 3496 1036 vitam,
3527 979 3583 1025 et
3609 969 3784 1042 diligit

2200 1059 2370 1114 uidere
2393 1061 2501 1113 dies
2552 1061 2756 1114 bonos?
2802 1059 3036 1130 Quisque
3083 1061 3234 1126 dicit,
3276 1077 3376 1133 ego
3395 1078 3421 1116 ξ
3447 1045 3576 1132 ergo
3606 1060 3698 1116 fac
3721 1077 3782 1116 ea

2199 1167 2318 1222 quae
2357 1160 2673 1221 sequuntur.
2729 1149 2958 1206 Prohibe
3008 1152 3242 1223 linguam
3287 1163 3433 1207 tuam
3467 1153 3690 1219 amulo,
3731 1162 3788 1208 ut

2199 1244 2374 1297 eumlo
2405 1259 2499 1314 per
2527 1244 2809 1298 circuitum
2836 1260 3058 1300 accuses
3089 1245 3425 1312 Creatorem,
3454 1263 3579 1302 cum
3613 1257 3664 1303 te
3698 1263 3789 1304 ac-

2201 1337 2457 1400 cusando,
2488 1338 2661 1407 possis
2696 1338 2762 1392 de
2793 1338 3111 1408 compendio
3139 1355 3261 1393 eum
3287 1340 3527 1410 placare.
3553 1337 3786 1395 Prohibe

2201 1428 2430 1497 linguam
2484 1440 2627 1483 tuam
2667 1447 2696 1482 a
2743 1429 2906 1496 malo,
2947 1430 3073 1501 quia
3126 1432 3398 1503 perfectus
3440 1442 3526 1488 est
3551 1433 3645 1504 qui
3674 1449 3785 1488 non

2200 1529 2388 1590 peccat
2441 1521 2493 1573 in
2549 1520 2750 1591 lingua,
2782 1540 2812 1575 η
2839 1523 3000 1587 malo,
3041 1522 3091 1577 id
3133 1534 3215 1578 est
3255 1539 3283 1576 ει
3321 1524 3660 1579 detractione
3692 1543 3714 1579 :
3742 1536 3785 1579 et

2200 1613 2338 1668 labia
2363 1624 2450 1667 tua
2492 1632 2554 1668 ne
2583 1613 2865 1685 loquantur
2898 1615 3076 1669 dolum
3102 1633 3120 1671 :
3156 1616 3292 1671 labia
3321 1617 3503 1672 cordis
3531 1633 3636 1672 n0u
3669 1616 3786 1671 circ

2203 1707 2545 1761 eumveniaut
2580 1705 2800 1761 fratrem
2825 1708 3027 1764 dolose.
3059 1707 3203 1763 Mors
3233 1718 3280 1762 et
3311 1711 3415 1765 vita
3451 1711 3505 1763 in
3532 1710 3787 1764 manibus

2201 1799 2393 1868 lingua!
2435 1797 2615 1869 (Prov.
2665 1809 2841 1867 xviii).
2886 1801 2951 1855 Et
2986 1801 3111 1855 alibi
3147 1819 3160 1852 :
3199 1801 3387 1856 Cultus
3424 1801 3683 1872 justitize,
3713 1801 3786 1855 si-

523 1889 689 1956 tione,
719 1890 898 1946 beatus
923 1893 1003 1945 rir
1033 1895 1120 1963 qui
1151 1903 1321 1963 sperat
1355 1894 1491 1947 ineo
1515 1906 1534 1945 :
1555 1893 1680 1962 quia
1711 1892 1812 1946 etsi
1847 1907 1987 1946 nunc
2017 1891 2098 1946 vi-
2129 1865 2172 1924 Β
2201 1890 2424 1946 leutium
2459 1899 2514 1945 et
2554 1906 2653 1961 pax
2700 1889 2834 1962 (Isa.
2889 1890 3086 1962 xxxii).
3134 1891 3349 1946 Declina
3389 1908 3422 1944 η
3465 1889 3650 1954 malo;
3684 1905 3786 1945 non

523 1980 714 2036 deatur
757 1983 944 2049 miser,
987 1985 1200 2040 tandem
1245 1986 1432 2041 beatus
1466 1986 1590 2048 erit,
1621 2003 1736 2038 cum
1762 1983 1981 2038 mortale
2001 1984 2098 2037 hoc

523 2073 713 2149 induet
741 2075 1186 2130 immortalitatem
1219 2076 1268 2148 (1
1301 2075 1424 2130 Cor.
1452 2077 1560 2147 xv).
1584 2078 1652 2131 Et
1685 2077 1811 2146 quia
1841 2091 1964 2146 spes
1983 2075 2099 2130 sine

523 2171 765 2233 tempore
815 2166 1164 2237 praesumptio
1215 2175 1320 2231 est,
1351 2167 1524 2222 timete
1563 2166 1848 2221 Dominum
1892 2167 2097 2230 timore

527 2267 681 2311 casto
711 2297 726 2322 ,
784 2257 1033 2313 timentes
1079 2274 1200 2314 eum
1240 2257 1532 2314 offendere.
1579 2258 1743 2325 Quasi
1794 2258 1974 2316 dicat:
2008 2257 2098 2313 Ti-

521 2346 716 2402 meudo
744 2363 866 2404 eum
898 2365 1002 2404 non
1035 2350 1286 2417 mentiar,
1328 2366 1433 2405 non
1471 2350 1712 2408 fraudem
1744 2351 1959 2418 faciam,
1989 2367 2095 2407 non

519 2454 614 2494 ero
657 2455 871 2506 avarus,
923 2456 1030 2497 non
1085 2443 1422 2508 ambitiosus,
1463 2453 1517 2498 et
1569 2444 1686 2498 idco
1741 2458 1988 2514 pauper:
2026 2443 2095 2498 ad

519 2533 641 2598 hoc,
673 2535 917 2602 quoniam
967 2549 1069 2591 non
1116 2545 1189 2590 est
1218 2538 1394 2606 inopia
1447 2537 1743 2594 timentibus
1791 2554 1908 2592 eum
1941 2535 2094 2591 :veri

519 2624 644 2679 boni
669 2625 845 2695 inopia
882 2644 986 2682 non
1011 2637 1085 2682 est
1115 2627 1412 2682 timentibus
1434 2645 1573 2688 eum.
1597 2629 1722 2698 quia
1747 2629 1949 2684 habent
1970 2643 2094 2684 eum

518 2712 574 2767 in
603 2729 710 2784 quo
739 2725 864 2772 sunt
896 2719 1074 2774 omnia
1123 2719 1283 2783 bona,
1314 2727 1368 2774 et
1395 2719 1438 2773 si
1473 2734 1738 2789 pauperes
1789 2721 2093 2785 videantur,

518 2823 624 2863 non
661 2810 922 2868 habentes
959 2811 1087 2868 )hazc
1112 2811 1245 2868 falsa
1273 2814 1434 2879 bona,
1471 2823 1655 2869 tamen
1705 2814 1852 2869 intus
1902 2814 2096 2884 divites

517 2907 663 2964 sunt,
692 2908 747 2956 et
785 2903 1105 2972 quandoque
1134 2903 1264 2960 foris
1309 2903 1603 2975 indigentia
1643 2906 1996 2976 supplebitur.
2030 2907 2098 2961 Et

523 2987 646 3044 ideo
673 2990 836 3048 nolite
876 2993 1066 3049 timere
1115 3009 1379 3064 pauperes
1408 2995 1530 3051 ﬁeri
1575 2996 1626 3050 in
1655 2995 1738 3053 bis
1766 2996 1916 3052 falsis
1941 2995 2097 3051 bonis

518 3089 740 3149 propter
781 3097 928 3146 eum,
977 3084 1100 3152 quia
1127 3085 1312 3140 dirites
1341 3085 1500 3154 hujus
1533 3086 1734 3154 surculi,
1763 3086 2097 3142 abundantes

519 3169 723 3225 divitiis
743 3179 798 3226 et
819 3173 917 3226 sibi
935 3173 1177 3230 sullieere
1198 3175 1501 3243 credentes,
1527 3187 1978 3248 tameneguerunt
2007 3177 2096 3232 illo

519 3273 651 3315 vero
685 3260 828 3318 bono
851 3282 864 3318 :
891 3261 1025 3319 foris
1045 3264 1256 3331 divites,
1289 3266 1433 3322 intus
1458 3275 1584 3323 sunt
1621 3281 1900 3338 pauperes.
1934 3267 2096 3334 Quasi

520 3350 666 3408 dicat
699 3371 713 3407 :
746 3353 1070 3412 Timentibus
1105 3358 1273 3414 Deum
1310 3376 1415 3414 non
1463 3370 1538 3416 est
1579 3361 1778 3431 inopia,
1823 3377 1954 3416 nam
1990 3376 2096 3417 non

522 3447 834 3507 timentibus
860 3461 944 3508 est
967 3453 1167 3524 inopia.
1194 3453 1287 3510 Vel
1313 3471 1430 3521 vos,
1458 3465 1669 3528 gentes,
1691 3472 1811 3526 qua:
1829 3471 2100 3526 pauperes

522 3539 677 3606 estis,
711 3541 890 3607 idest,
934 3559 1054 3612 qua:
1107 3545 1457 3616 adjustitiam
1510 3548 1664 3602 vobis
1710 3564 1815 3602 non
1854 3547 2099 3604 sullicere

437 3649 454 3668 ε
518 3633 768 3695 creditis,
817 3637 1058 3691 accedite
1114 3637 1178 3691 ad
1227 3653 1375 3702 cunt,
1431 3638 1556 3708 quia
1607 3639 1738 3694 nihil
1771 3640 1924 3695 vobis
1952 3641 2002 3695 in
2035 3655 2100 3696 eo

523 3719 718 3775 deerit.
750 3722 966 3791 Divites,
991 3726 1041 3780 id
1071 3734 1174 3791 est,
1204 3726 1396 3793 Judaei,
1425 3730 1518 3799 qui
1556 3730 1655 3785 sibi
1685 3731 1738 3784 in
1758 3731 1884 3800 lege
1913 3739 1966 3786 et
1995 3741 2102 3787 ter-

527 3815 675 3874 rc‘uis
697 3819 854 3875 bouis
879 3822 1125 3877 sullicere
1140 3832 1490 3892 putaverunt,
1508 3835 1755 3896 eguerunt
1783 3842 1920 3896 pane
1939 3826 2099 3883 Verbi

527 3909 642 3964 Dei.
673 3909 822 3966 Unde
853 3913 1108 3982 propheta
1139 3931 1153 3970 :
1181 3914 1320 3970 Ecce
1343 3931 1441 3987 ego
1466 3917 1665 3973 mittam
1704 3918 1757 3972 in
1784 3934 1881 3974 vos
1909 3919 2100 3989 ﬂuitem

530 4016 632 4054 non
663 4002 834 4070 panis,
865 4003 954 4058 sed
1003 4005 1253 4060 audiendi
1304 4005 1463 4062 Verbi
1502 4006 1600 4063 Dei
1638 4009 1819 4079 (Amos
1848 4009 1988 4081 vm).
2031 4011 2100 4065 Et

530 4106 840 4162 quanquam
879 4104 1146 4165 eguerunt
1194 4096 1286 4152 illo
1335 4113 1461 4152 vero
1497 4099 1659 4162 bono,
1703 4110 1883 4156 tamen
1911 4102 2102 4156 esurie-

525 4191 646 4237 runt
679 4185 911 4240 naturali
951 4186 1271 4254 intentione,
1307 4191 1431 4260 quia
1473 4191 1794 4247 naturaliter
1819 4207 2008 4248 omnes
2032 4191 2101 4246 ad

524 4272 914 4331 beatitudinem
963 4279 1206 4347 tendunt,
1270 4281 1368 4336 etsi
1413 4282 1675 4351 quosdam
1717 4282 1905 4338 devius
1937 4298 2104 4338 error

525 4364 762 4421 abducit.
802 4364 1130 4438 Inquireutes
1167 4382 1342 4426 autem
1378 4371 1689 4438 Dominum,
1717 4372 1923 4427 scilicet
1958 4373 2103 4428 intus

525 4465 832 4526 querentes
881 4460 1130 4528 passibus
1177 4462 1343 4517 animi
1394 4478 1501 4518 non
1553 4463 1824 4534 corporis,
1867 4463 2014 4518 illum
2047 4464 2103 4520 in

2201 1981 2416 2047 sullieit,
2446 1982 2570 2051 quia
2615 1997 2717 2036 non
2749 1989 2832 2036 est
2874 1981 3007 2036 satis
3039 1997 3142 2036 non
3182 1981 3415 2052 spoliare
3456 1995 3778 2050 pauperem,

2200 2073 2304 2128 nisi
2336 2088 2458 2127 eum
2500 2073 2720 2128 vestias.
2741 2073 2905 2128 Dives
2947 2072 3033 2128 ille
3058 2068 3148 2142 qui
3179 2074 3232 2127 in
3257 2072 3471 2127 inferno
3499 2073 3785 2129 cruciaba-

2200 2172 2308 2230 tur,
2349 2180 2455 2218 non
2505 2163 2700 2232 legitur
2736 2163 2878 2234 quod
2923 2163 2989 2218 de
3029 2164 3215 2234 rapina
3249 2163 3468 2228 vixerit,
3519 2164 3620 2217 sed
3645 2164 3783 2233 quod

2199 2272 2295 2314 sua
2326 2272 2448 2311 cum
2482 2257 2686 2312 Lazaro
2723 2274 2828 2311 non
2865 2257 3047 2312 divisit
3073 2256 3226 2328 (Luc.
3270 2259 3401 2330 ενι).
3441 2257 3575 2312 l.lco
3610 2257 3788 2328 sequi-

2199 2359 2328 2405 tur:
2362 2350 2427 2404 Et
2459 2350 2546 2420 [ac
2575 2350 2786 2415 bonum,
2818 2366 2978 2405 omne
3024 2351 3164 2421 quod
3196 2360 3366 2420 potes.
3397 2349 3542 2403 Nihil
3570 2349 3787 2420 prodest

2197 2442 2242 2497 si
2275 2441 2511 2498 destruis
2539 2451 2593 2496 et
2617 2457 2721 2498 non
2757 2440 3026 2508 tedilieas;
3058 2441 3099 2496 si
3124 2442 3359 2497 destruis
3405 2443 3559 2506 vitia,
3598 2449 3656 2497 et
3685 2458 3784 2495 non

2197 2533 2433 2590 aediﬁcas
2461 2533 2688 2588 virtutes
2725 2549 2738 2587 :
2769 2548 2896 2588 nam
2927 2534 3101 2590 habeo
3134 2533 3422 2589 Dominum
3457 2533 3783 2602 adjutorcin.

2195 2625 2263 2681 Et
2291 2624 2534 2682 faciendo
2555 2623 2779 2690 bonum,
2805 2623 2912 2679 noli
2943 2638 3191 2694 quaerere
3221 2623 3308 2678 hic
3337 2624 3676 2685 mercedem,
3697 2623 3786 2677 sed

2196 2718 2399 2790 inquire
2421 2733 2625 2788 pacem,
2676 2716 2730 2772 id
2771 2724 2879 2782 est,
2917 2714 3408 2772 remunerationem
3438 2733 3452 2770 :
3487 2731 3555 2768 uc
3585 2714 3682 2769 tibi
3711 2713 3788 2767 di-

2198 2823 2356 2871 catur
2386 2830 2398 2867 :
2429 2811 2696 2882 Recepisti
2747 2810 3071 2868 mercedem.
3116 2808 3184 2862 Et
3224 2824 3533 2879 persequere
3562 2824 3705 2870 eam,
3738 2806 3787 2861 id

2198 2915 2300 2972 εει,
2333 2921 2399 2961 ηε
2448 2905 2700 2961 desistas.
2739 2905 2804 2960 Et
2827 2915 2980 2974 potes
3005 2918 3123 2959 eam
3167 2903 3459 2972 inquirere,
3491 2901 3620 2970 quia
3650 2901 3786 2954 oculi

2201 2998 2433 3063 Domini,
2456 2997 2519 3073 id
2541 3007 2648 3061 est,
2682 3006 2959 3067 respectus
3002 2994 3387 3050 misericorditn
3413 2992 3654 3054 Domini,
3689 3009 3782 3046 stt-

2199 3107 2290 3160 per
2321 3089 2518 3160 justas,
2562 3089 2612 3143 id
2640 3097 2743 3152 est,
2773 3102 2934 3158 super
2961 3101 3055 3144 eos
3081 3086 3172 3156 qui
3203 3084 3530 3140 voluntatem
3564 3081 3782 3161 Domini

2204 3180 2298 3236 Dei
2344 3179 2424 3235 sui
2473 3195 2584 3234 sum
2631 3178 2890 3236 voluntati
2919 3163 3256 3248 praeponam.
3287 3177 3352 3231 Et
3381 3193 3538 3230 aures
3575 3176 3698 3245 ejus
3731 3175 3781 3228 in

2199 3289 2373 3343 preces
2411 3288 2613 3338 eorum,
2645 3271 2771 3342 quia
2801 3271 2936 3327 nihil
2981 3270 3293 3326 desiderant
3327 3269 3428 3324 nisi
3459 3269 3603 3337 quod
3639 3267 3785 3322 desi-

2199 3365 2496 3420 derandum
2547 3372 2652 3431 est,
2681 3364 2737 3420 id
2791 3371 2896 3429 est,
2929 3362 3202 3419 exauditio
3249 3359 3367 3428 ejus
3404 3368 3455 3415 et
3496 3358 3789 3429 dispositio

2199 3456 2586 3513 misericordiae
2637 3456 2690 3510 in
2734 3469 2921 3526 preces
2961 3468 3168 3509 eorum.
3194 3451 3316 3506 Etsi
3366 3450 3513 3506 enim
3561 3466 3673 3504 non
3709 3449 3788 3502 vi-

2199 3548 2426 3602 deantur
2476 3545 2724 3602 exaudiri
2758 3544 3029 3600 interdum
3065 3557 3186 3598 cum
3227 3541 3486 3604 clamant,
3515 3540 3572 3594 in
3606 3539 3784 3593 tribu-

2198 3637 2491 3692 lationibus
2543 3644 2722 3691 tamen
2775 3635 3156 3698 exaudiuntur,
3199 3633 3323 3703 quia
3377 3629 3658 3685 tribulatio
3701 3646 3792 3699 pa-

2201 3728 2443 3784 tientiam
2467 3735 2726 3796 operatur
2765 3725 2943 3799 (Rom.
2983 3726 3038 3793 ν)
3065 3741 3078 3778 :
3107 3722 3368 3794 quidquid
3403 3721 3503 3777 sibi
3527 3721 3666 3776 utile
3702 3737 3788 3775 ro-

2200 3826 2326 3889 ganl
2349 3817 2502 3890 justi,
2531 3825 2727 3888 praesto
2774 3825 2855 3872 est
2881 3817 2948 3871 ad
2987 3814 3328 3870 tribuendum
3365 3813 3538 3884 gratia
3566 3813 3690 3867 Dei.
3729 3811 3792 3866 Et

2199 3927 2266 3967 ne
2287 3911 2409 3982 quis
2455 3925 2651 3980 pravus
2673 3909 2776 3966 hoc
2802 3908 2985 3964 audito
3013 3907 3217 3964 diceret
3247 3921 3261 3960 :
3293 3904 3497 3961 Secure
3521 3904 3788 3974 peccabo,

2200 4000 2324 4070 quia
2356 3998 2498 4054 Deus
2517 3998 2692 4067 justos
2722 4007 2926 4053 tantum
2958 3983 3121 4063 videt,
3148 4012 3253 4052 non
3281 4012 3395 4062 me;
3428 3996 3573 4050 addit
3607 4012 3624 4049 :
3664 3993 3791 4048 Val-

2200 4099 2284 4145 tus
2328 4099 2504 4144 autem
2527 4089 2740 4147 Domini
2782 4105 2937 4158 super
2960 4088 3207 4159 facientes
3238 4086 3404 4152 ninia,
3445 4102 3553 4142 non
3581 4086 3648 4140 ad
3683 4086 3792 4141 sal-

2201 4180 2463 4243 vaudum,
2503 4179 2598 4235 sed
2640 4189 2698 4232 ut
2740 4179 2923 4250 perdat
2961 4179 3023 4232 de
3071 4189 3219 4233 terra
3255 4177 3463 4233 scilicet
3496 4178 3791 4233 viventium

2201 4273 2506 4329 memoriam
2547 4287 2746 4336 eorum,
2799 4269 2851 4324 id
2882 4278 2985 4336 est,
3030 4268 3230 4324 faniam
3259 4277 3314 4326 et
3341 4267 3595 4339 gloriam,
3630 4283 3791 4338 quam

2203 4366 2304 4422 sibi
2333 4378 2659 4439 paraverunt
2682 4369 2734 4423 in
2775 4375 2916 4424 terra
2949 4368 3319 4424 morientium.
3348 4365 3468 4421 Non
3499 4366 3628 4420 ideo
3661 4380 3789 4434 per-

2205 4459 2295 4514 dct
2330 4461 2473 4530 quod
2521 4460 2592 4514 ibi
2623 4461 2726 4527 sit;
2755 4460 2848 4517 sed
2883 4460 3011 4530 quia
3057 4458 3158 4529 ipsi
3191 4465 3383 4528 putant
3421 4471 3481 4510 se
3508 4457 3793 4511 habituros

526 4561 637 4614 quo
664 4557 748 4602 est
786 4563 973 4604 verum
1005 4559 1059 4604 et
1101 4567 1368 4607 summum
1405 4553 1626 4619 bonum,
1667 4571 1783 4608 non.
1805 4555 2106 4609 minuentur
2129 4584 2180 4644 ¹1)
2207 4551 2346 4607 sicut
2369 4550 2473 4606 hic.
2507 4549 2717 4614 Dictum
2748 4559 2852 4617 est,
2879 4551 2944 4604 Et
2967 4567 3119 4605 aures
3142 4550 3255 4620 ejus
3278 4550 3332 4603 in
3359 4565 3536 4618 preces
3563 4563 3748 4602 eorum
3776 4565 3790 4599 :

531 4640 673 4694 omni
704 4639 859 4706 bono,
906 4642 1013 4697 imo
1059 4644 1414 4714 augebuntur,
1451 4645 1576 4714 quia
1628 4661 1770 4700 nunc
1803 4645 2008 4700 habent
2032 4662 2098 4701 ex

532 4738 708 4799 parte,
731 4739 785 4784 et
819 4731 1031 4786 tandem
1059 4732 1332 4789 habebunt
1369 4735 1625 4804 perfecte.
1661 4735 1816 4791 Nullo
1839 4738 1978 4793 bono
2001 4737 2102 4792 mi-

527 4829 782 4885 nuentur,
811 4821 934 4892 quia
964 4823 1239 4879 habebunt
1287 4825 1434 4880 illum
1479 4826 1530 4880 in
1557 4842 1664 4896 quo
1690 4836 1772 4882 est
1799 4844 1961 4884 omne
2004 4829 2099 4883 bo-

534 4927 682 4966 num.
714 4912 780 4966 Et
806 4913 931 4982 quia
979 4930 1085 4968 non
1123 4926 1207 4970 est
1236 4916 1410 4987 inopia
1450 4917 1762 4974 timentibus
1790 4934 1937 4985 cum,
1963 4918 2102 4974 veni-

530 5012 596 5064 te,
621 5001 739 5070 ﬁlii,
769 5005 1012 5073 passibus
1057 5005 1177 5060 tidei
1207 5023 1221 5059 :
1251 5015 1308 5061 et
1329 5007 1372 5062 si
1401 5007 1631 5062 dixerim
1656 5024 1751 5063 vos
1779 5009 1990 5074 timere,
2022 5018 2099 5062 ta-

529 5108 653 5148 men
679 5093 768 5149 lilii
795 5097 926 5150 estis
945 5093 1036 5164 jux
1049 5105 1096 5150 ta
1126 5097 1254 5151 illud
1285 5115 1299 5152 :
1334 5097 1592 5168 Quotquot
1637 5107 1937 5168 receperunt
1959 5081 2100 5165 enni,

527 5181 670 5237 dedit
689 5183 764 5237 eis
802 5194 1104 5255 potestatem
1147 5186 1288 5254 ﬁlios
1331 5187 1423 5241 Dei
1454 5187 1569 5256 fieri
1608 5185 1791 5258 (Joan.
1828 5189 1865 5261 ι)
1895 5209 1908 5243 :
1942 5190 2104 5246 uenite

530 5271 670 5316 bene
709 5277 982 5322 onerari-In
1014 5293 1026 5304 ο
1059 5276 1104 5328 si
1141 5276 1237 5326 lilii
1267 5279 1485 5324 Abrnbm
1522 5280 1668 5333 estis.
1699 5297 1854 5330 onem
1879 5283 2102 5330 Abi-nim

2203 4653 2261 4699 et
2298 4644 2505 4707 merito,
2540 4645 2663 4714 quia
2695 4644 3047 4700 clamauerunt
3060 4645 3216 4714 justi,
3257 4642 3468 4698 scilicet
3511 4643 3578 4696 ad
3612 4641 3795 4697 Domi-

2208 4754 2353 4802 num,
2395 4738 2448 4794 id
2473 4748 2576 4806 est,
2607 4739 2831 4794 liberant
2860 4746 2914 4793 et
2947 4737 3177 4793 validam
3211 4738 3569 4791 intentionem
3599 4734 3716 4789 oris
3742 4743 3793 4788 et

2207 4829 2386 4900 operis
2423 4827 2492 4884 ad
2512 4845 2646 4885 eum
2676 4829 3095 4894 dii-exerunt,“
3131 4837 3234 4894 est,
3264 4827 3489 4883 idoneos
3516 4835 3569 4881 et
3603 4826 3794 4896 dignos

2207 4917 2324 4988 ejus
2353 4919 2695 4994 exauditione
2731 4918 2975 4974 fecerunt
3014 4919 3289 4974 irremisse
3316 4916 3548 4988 agendo.
3580 4916 3647 4970 Et
3672 4916 3793 4970 ideo

2209 5010 2465 5064 Dominus
2503 5012 2766 5066 exaudivit
2800 5027 2930 5066 eos:
2965 5010 3109 5082 quod
3153 5011 3285 5066 mihi
3332 5019 3510 5080 patet,
3562 5009 3688 5079 quia
3732 5022 3793 5061 ex

2211 5101 2447 5156 omnibus
2498 5101 2920 5176 tribulationibus
2973 5119 3153 5159 eorum
3193 5102 3431 5158 liberavit
3462 5119 3573 5156 eos.
3605 5101 3706 5156 llic
3735 5100 3794 5153 li-

2210 5193 2437 5259 beravit,
2471 5194 2597 5280 qpia
2628 5195 2801 5266 magis
2835 5196 3156 5266 proluerunt
3204 5195 3582 5252 lribulationes
3628 5209 3791 5265 quam

2211 5284 2456 5310 λίμνη·
2515 5295 2562 5316 η·
2595 5288 2806 5324 συλλ-η
2839 5288 3053 5338 perlitus
3080 5288 3344 5344 liberabit.
3378 5288 3446 5342 Et
3467 5304 3572 5341 non
3599 5287 3792 5340 mirum
