3930 5470
134 467 241 525 517

1244 434 1774 515 exsulisrloxes
1813 456 1876 511 IN
1918 457 2250 514 rsxcnos.

3308 458 3416 513 Sl8

133 581 398 640 tribulam
443 590 563 635 sunt
610 577 785 642 corde,
828 576 879 631 id
923 583 1027 640 est,
1058 576 1148 644 qui
1192 574 1244 629 iu
1293 572 1733 628 tribulationibus
1765 575 1811 633 Α
1847 589 1864 622 ι
1910 569 2085 640 laquei
2131 573 2234 636 sui,
2284 588 2619 643 supervacue
2663 575 3133 643 exprobraret-unt
3179 575 3415 629 animam

132 692 239 733 cor
298 690 483 739 suum,
516 672 567 727 id
596 680 702 735 est,
756 668 1060 740 superbiam
1112 666 1290 721 cordis
1337 673 1627 719 conterunt
1676 672 1731 719 et

133 767 485 831 ltumiliant;
538 763 683 832 quod
725 770 778 816 et
807 759 1098 829 subiungit,
1131 768 1180 813 et
1233 757 1457 811 humiles
1516 756 1728 820 spiritu,

132 872 249 914 non
283 864 475 912 contra
537 851 823 908 Dominum
871 856 1271 903 murmurantes
1324 846 1391 901 de
1444 844 1729 915 injustitia,

132 949 237 1003 sed
292 946 415 1017 ejus
459 951 740 1014 paternam
814 938 1152 1007 disciplinam
1198 946 1256 991 ut
1305 936 1429 991 boni
1484 935 1577 989 ﬁlii
1635 935 1734 988 Ιιιι-

131 1042 351 1096 rniliter
405 1036 802 1107 suscipientes,
846 1032 1074 1088 salvabit
1138 1047 1283 1086 nunc
1331 1030 1543 1085 interim
1595 1029 1734 1083 inte-

130 1132 273 1186 riori
308 1129 633 1193 salvatione,
655 1138 712 1183 et
745 1125 960 1180 tandem
983 1125 1145 1179 etiam
1170 1122 1444 1179 exteriori.
1477 1120 1609 1175 Aliis
1635 1120 1735 1174 tri-

132 1222 352 1277 bulatis
383 1236 493 1276 non
550 1228 633 1275 est
671 1233 853 1287 prope,
892 1217 993 1271 sed
1022 1216 1177 1286 longe
1216 1214 1369 1283 juxta
1418 1214 1545 1267 illud
1576 1230 1589 1267 :
1625 1212 1736 1281 Ego

128 1329 257 1366 sum
294 1311 442 1366 Deus
476 1310 541 1364 de
578 1325 756 1380 prope,
788 1318 834 1361 et
880 1306 1020 1361 Deus
1078 1307 1142 1360 de
1195 1306 1345 1375 longe
1386 1304 1522 1377 (Jer.
1555 1304 1731 1369 mu).

127 1404 311 1471 Quasi
347 1402 545 1458 dicat:
586 1401 703 1470 Ego
745 1399 876 1463 dixi,
918 1415 984 1452 ex
1034 1396 1271 1452 omnibus
1313 1395 1737 1449 tribulationibus

128 1495 391 1549 liberabit
422 1495 619 1565 justos.
668 1492 803 1547 Nam
840 1493 1026 1546 milia:
1067 1500 1191 1545 sunt
1235 1490 1595 1544 tribulationrs
1644 1490 1739 1558 ju-

130 1598 373 1643 starum.
410 1586 606 1641 Omnes
628 1589 765 1639 enim
803 1586 893 1655 qui
919 1585 1001 1654 pie
1028 1582 1204 1637 rolunt
1243 1583 1409 1637 rircre
1434 1582 1485 1633 in
1508 1579 1735 1643 Clu-isto,

128 1677 562 1747 persecutionem
585 1676 859 1746 patiuntur
891 1672 975 1741 (11
1010 1671 1143 1725 Tim.
1166 1672 1269 1735 ιιι),
1290 1671 1352 1724 ιΙε
1384 1670 1621 1724 omnibus
1659 1670 1739 1723 liis

129 1772 391 1826 liberabit
416 1787 526 1834 eos,
556 1767 770 1823 tandem
804 1768 857 1822 in
889 1766 1130 1836 prannio.
1174 1765 1390 1820 Interim
1436 1774 1613 1817 autem
1650 1779 1741 1815 cu-
1819 1766 1824 1771 ’

128 1863 309 1916 stodit
342 1861 602 1916 Dominus
625 1861 803 1915 omnia
833 1876 951 1913 ossa
977 1874 1181 1921 eorum,
1215 1857 1266 1910 id
1292 1865 1394 1920 est,
1419 1872 1608 1910 omnes
1634 1856 1741 1908 vir-

131 1964 293 2010 tutes
353 1969 473 2024 qua:
514 1964 639 2009 sunt
695 1953 859 2006 robur
913 1950 1127 2005 anima).
1174 1951 1359 2004 hando
1398 1950 1736 2019 patientiam,
1776 1963 1815 2020 ις

130 2046 425 2099 custodiet
461 2046 595 2098 utin
626 2043 771 2098 nulla
804 2044 1002 2097 virtute
1030 2054 1081 2097 et
1112 2042 1257 2096 nullo
1294 2043 1436 2096 bono
1461 2043 1739 2112 proposito

130 2135 431 2191 deﬁciant.
463 2132 635 2190 Unum
667 2152 731 2189 ex
758 2136 859 2199 his,
895 2134 1100 2188 scilicet
1142 2134 1377 2196 ossibus,
1421 2150 1521 2186 non
1551 2143 1731 2186 caute-

133 2237 319 2291 retur,
365 2228 465 2282 etsi
509 2236 823 2281 conteratur
850 2242 911 2279 os
948 2225 1190 2294 corporis
1216 2266 1229 2287 ,
1268 2224 1370 2280 etsi
1431 2224 1735 2291 frangatur,

132 2328 185 2372 et
214 2318 584 2381 diminuatur,
631 2333 753 2372 ossa
778 2317 977 2371 animm
1006 2333 1108 2371 non
1154 2316 1325 2370 solum
1357 2332 1460 2371 non
1490 2316 1744 2386 frangen-

135 2419 259 2474 tur,
307 2410 421 2465 imo
463 2409 765 2463 robustiora
813 2409 982 2463 (ient:
1016 2409 1198 2463 carnis
1245 2409 1388 2463 enim
1436 2409 1745 2462 domatione

134 2498 382 2569 spiritus
412 2498 716 2553 roboratur.
745 2496 1021 2552 Justorum
1060 2514 1175 2552 ossa
1207 2498 1431 2551 custodit
1468 2498 1744 2563 Dominus,

136 2589 487 2659 injustornm
538 2597 718 2642 autem
755 2587 1079 2657 confringet.
1131 2588 1195 2642 Et
1245 2588 1364 2643 ideo
1396 2606 1534 2642 mors
1562 2606 1746 2657 pecca-

136 2691 328 2733 torum
381 2680 629 2749 pessima,
678 2679 803 2749 quia
838 2680 889 2733 in
931 2695 994 2733 co
1021 2679 1162 2747 quod
1205 2680 1467 2750 Optimum
1524 2680 1744 2744 habent,

139 2774 491 2835 moriuntur.
521 2772 572 2826 id
602 2781 704 2838 est,
740 2772 792 2825 in
831 2771 1032 2825 anima.
1074 2770 1219 2826 Mors
1250 2772 1393 2826 enim
1420 2772 1634 2835 anim-.13,
1669 2779 1752 2827 est

141 2863 405 2934 separari
445 2881 473 2917 a
527 2864 634 2917 Deo
674 2879 793 2926 suo,
833 2863 950 2918 sine
996 2879 1103 2933 quo
1150 2862 1335 2916 vivere
1385 2862 1573 2931 nequit
1607 2879 1620 2914 :
1649 2862 1752 2915 etsi

144 2956 473 3009 moriantur
494 2955 547 3008 in
575 2954 805 3017 deliciis,
838 2954 1071 3024 pessima
1100 2962 1183 3007 est
1214 2953 1339 3023 quia
1373 2968 1477 3007 non
1516 2953 1756 3007 moriun-

146 3056 244 3101 tur
268 3046 573 3100 laboribus.
608 3045 714 3100 Sed
758 3046 883 3115 quia
931 3044 1118 3100 nullus
1159 3053 1243 3099 est
1271 3044 1388 3099 sine
1418 3054 1659 3114 peccato,
1691 3058 1758 3098 ne

142 3143 262 3195 hoc
323 3139 513 3195 ﬁdeles
550 3141 869 3204 deterreret,
917 3138 1228 3209 subjungit:
1280 3137 1344 3191 Et
1394 3139 1484 3207 qui
1534 3138 1756 3191 oderunt

137 3234 389 3302 justum,
422 3230 743 3301 delinquont.
783 3231 947 3297 Quasi
1002 3231 1145 3285 dicat
1178 3247 1192 3285 :
1225 3230 1289 3284 Et
1342 3230 1413 3283 illi
1449 3229 1547 3283 soli
1585 3230 1759 3283 delin-

1843 680 1862 715 ι
1911 677 2104 718 meam.
2138 663 2328 720 Veniat
2362 666 2434 719 illi
2486 666 2709 736 laqueus
2752 682 2909 736 quem
2959 667 3164 738 ignorat
3190 708 3203 728 ,
3249 675 3301 719 et
3329 681 3421 719 cae

1908 755 2019 825 ptio
2062 772 2223 825 quam
2252 758 2533 811 abscondit
2562 757 2931 829 apprehendat
2962 776 3080 812 eum
3108 800 3120 821 ,
3173 766 3226 812 et
3254 758 3305 811 in
3336 757 3418 810 la-

1906 866 2101 921 queum
2148 854 2305 907 cadat
2336 853 2386 906 in
2417 853 2611 923 ipsum.
2646 854 2840 909 Anima
2886 864 3063 908 autem
3094 870 3207 908 mea
3242 853 3421 909 exsul-

1842 869 1861 902 C

1844 961 1861 994 ι
1916 942 2047 995 lavit
2096 942 2148 996 in
2185 943 2445 1009 Domino,
2496 955 2547 1000 et
2595 946 2953 1001 delectabitur
2995 963 3157 1017 super
3198 947 3418 1000 salutari

1845 1050 1863 1083 ι
1910 1038 2027 1086 suo;
2062 1032 2250 1087 Omnia
2278 1049 2402 1088 ossa
2440 1051 2554 1088 mea
2593 1035 2768 1089 dicent
2800 1055 2813 1089 :
2850 1037 3092 1099 Domino,
3124 1038 3244 1105 quis
3272 1036 3424 1089 simi-

1846 1141 1864 1173 ι
1911 1122 1973 1176 lis
2006 1122 2136 1175 tibi?
2168 1123 2411 1193 Eripiens
2444 1126 2653 1194 inopem
2683 1127 2747 1179 de
2777 1142 2933 1180 manu
2972 1126 3252 1180 lortiorum
3282 1126 3420 1194 ejus,

1847 1235 1864 1267 ι
1907 1231 2132 1286 egenum
2178 1224 2225 1268 et
2279 1232 2574 1286 pauperem
2626 1234 2653 1269 a
2707 1218 3079 1290 diripientibus
3110 1233 3253 1269 enni.
3290 1215 3425 1269 Suro

1848 1327 1865 1358 ι
1912 1318 2098 1378 graues
2143 1316 2305 1361 testes
2354 1309 2555 1378 iniqui,
2605 1325 2723 1379 qum
2768 1310 3079 1381 ignorabam
3126 1309 3428 1379 interroga-

1849 1419 1867 1451 ι
1914 1402 2043 1454 bant
2068 1417 2172 1453 me.
2207 1400 2589 1456 lletrilmctant
2619 1404 2745 1456 milii
2779 1403 2913 1456 mala
2946 1418 3042 1472 pro
3066 1402 3245 1465 bonis,
3269 1399 3429 1453 steri-

1849 1513 1864 1542 ι
1911 1492 2112 1545 litatem
2148 1493 2340 1546 aninue
2368 1508 2520 1547 meie.
2552 1494 2660 1565 Ego
2688 1503 2866 1548 autem
2898 1508 3019 1547 cum
3054 1493 3182 1546 mihi
3216 1489 3427 1544 molesti

1851 1602 1866 1633 ι
1911 1591 2119 1644 essent,
2170 1582 2430 1636 intluebar
2473 1584 2671 1637 cilicio.
2721 1583 3079 1637 llutuiliabam
3133 1583 3182 1634 in
3223 1579 3431 1650 jejunio

1851 1692 1867 1725 ι
1917 1675 2149 1728 animum
2201 1689 2401 1738 meam,
2433 1685 2487 1729 et
2515 1676 2691 1729 oratio
2738 1691 2852 1729 mea
2886 1675 2937 1728 in
2969 1674 3085 1727 sinu
3138 1687 3256 1725 meo
3306 1686 3432 1725 con-

1852 1783 1869 1815 ι
1916 1775 2170 1818 vertetur.
2205 1760 2367 1827 Quasi
2403 1766 2728 1833 proximum,
2767 1774 2821 1817 et
2852 1763 3003 1832 quasi
3056 1762 3279 1815 fratrem
3330 1776 3431 1814 uo-

1850 1874 1867 1905 ι
1919 1862 2089 1908 strum
2121 1860 2197 1910 sic
2227 1856 2664 1926 complacebam,
2717 1855 2867 1924 quasi
2907 1854 3091 1921 lugetis
3137 1862 3189 1907 et
3226 1849 3431 1905 contri-

1850 1968 1866 1998 ι
1910 1957 2088 2001 status
2119 1948 2197 2001 sic
2227 1947 2568 2002 bumiliabar.
2599 1946 3067 2000 Etadversumme
3095 1943 3257 1997 lmtati
3286 1950 3431 2005 sunt,

1850 2058 1868 2089 ι
1916 2047 1969 2091 et
2018 2049 2422 2093 convenerunt:
2457 2048 2779 2108 congregata
2830 2047 2955 2091 sunt
3002 2052 3167 2106 super
3209 2049 3293 2088 me
3336 2031 3437 2087 lla-

1852 2148 1869 2181 ι
1918 2128 2082 2199 gella,
2122 2139 2175 2184 et
2220 2129 2489 2198 ignoravi.
2523 2128 2774 2198 Dissipati
2801 2137 2953 2191 sunt,
3005 2143 3101 2182 nec
3128 2122 3435 2194 eompuncti

1854 2240 1871 2273 ι
1918 2232 2260 2276 tentaveruut
2313 2238 2397 2276 me
2445 2238 2458 2273 :
2500 2222 2967 2275 subsaunavcrunt
3012 2236 3096 2275 me
3137 2221 3439 2274 subsanna-

1855 2334 1871 2366 ι
1922 2316 2097 2379 tione,
2137 2314 2490 2369 freudtlct‘ttul
2521 2330 2682 2383 super
2727 2313 3094 2368 medentibus
3142 2312 3275 2367 suis.
3329 2311 3437 2364 Do-

1857 2430 1873 2462 ι
1923 2412 2084 2475 mine,
2115 2412 2330 2480 quando
2368 2410 2644 2479 respicies,
2678 2411 2901 2463 restitue
2923 2410 3157 2463 animam
3204 2422 3378 2461 meam
3408 2422 3441 2461 a

1858 2522 1875 2555 ι
1923 2504 2252 2574 malignitate
2300 2518 2523 2565 eorum,
2590 2518 2619 2555 a
2669 2502 2911 2555 leonibus
2958 2501 3172 2554 unicam
3240 2513 3440 2553 meam.

1859 2616 1876 2649 ι
1921 2598 2233 2651 Coulilebor
2283 2597 2375 2651 tibi
2410 2597 2459 2650 in
2497 2595 2735 2651 Ecclesia
2768 2612 2982 2666 magna,
3024 2594 3074 2648 in
3105 2591 3297 2663 populo
3324 2606 3445 2660 gra-

1862 2705 1878 2737 ι
1922 2692 1971 2740 vi
2004 2687 2231 2742 laudabo
2260 2697 2328 2742 te.
2365 2685 2480 2741 Non
2513 2685 2943 2757 supergaudeant
2973 2684 3101 2738 mibi
3132 2683 3221 2753 qui
3253 2682 3447 2736 adver-

1862 2798 1879 2830 ι
1926 2789 2114 2831 santur
2143 2778 2272 2831 mihi
2308 2778 2512 2847 inique,
2569 2778 2657 2846 qui
2686 2778 2915 2831 oderunt
2947 2792 3031 2830 me
3057 2775 3225 2846 gratis
3250 2781 3304 2828 et
3343 2789 3444 2826 an-

1863 2890 1879 2921 ι
1922 2878 2092 2923 ιιιιιιιιι
2141 2869 2330 2923 oculis.
2369 2868 2629 2935 Quoniam
2663 2868 2794 2922 mihi
2842 2866 3057 2936 quidem
3110 2863 3332 2934 pacilice
3363 2861 3447 2916 lo-

1866 2985 1881 3016 ι
1924 2964 2247 3034 qucbautnr,
2296 2972 2346 3017 et
2374 2963 2424 3016 in
2454 2961 2726 3016 iracundia
2760 2969 2916 3015 terrm
2948 2959 3249 3029 loquentes,
3296 2956 3448 3011 dolos

1865 3072 1883 3104 ι
1931 3054 2256 3123 Cogitabam.
2295 3051 2357 3107 Et
2407 3053 2767 3108 dilataverunt
2806 3067 2966 3120 super
3012 3066 3097 3105 me
3140 3066 3201 3104 os
3240 3063 3443 3104 suum:

1867 3162 1883 3196 ι
1928 3145 2197 3208 dixerunt,
2236 3143 2403 3212 Euge,
2440 3159 2595 3213 euge,
2648 3144 2897 3197 viderunt
2929 3142 3067 3197 oeuli
3122 3140 3316 3196 nostri.
3349 3137 3446 3195 VL-

1870 3254 1887 3287 ι
1918 3235 2074 3293 disti.
2112 3235 2356 3299 Domine,
2389 3251 2457 3288 ne
2496 3235 2654 3289 sileas
2683 3252 2696 3290 :
2729 3234 2981 3299 Domine,
3035 3248 3101 3287 ne
3145 3230 3391 3287 discedas
3417 3245 3450 3283 a

146 3336 332 3394 quem
366 3323 420 3378 in
449 3324 634 3387 vitam,
660 3333 716 3379 et
740 3325 1013 3378 incurrent
1056 3324 1195 3380 hanc
1226 3333 1475 3382 mortem.
1508 3324 1599 3393 qui
1629 3324 1754 3376 ode—
1782 3326 1826 3387 C
1860 3345 1882 3376 λι
1930 3341 2035 3379 me.
2070 3325 2308 3395 Exsurge
2337 3336 2391 3378 et
2424 3325 2640 3379 intende
2682 3325 2886 3391 judicio
2910 3339 3051 3388 meo,
3084 3324 3225 3378 Deus
3256 3336 3407 3376 meus
3430 3360 3447 3386 ,

150 3429 285 3472 runt
319 3433 410 3473 me
430 3418 636 3487 justum
658 3458 673 3481 ,
717 3417 1041 3472 salvatorem
1074 3426 1129 3472 et
1170 3415 1633 3471 reconciliatorem
1667 3428 1757 3469 co-

155 3526 309 3576 rum,
361 3511 454 3580 qui
515 3518 916 3565 sacramentum
961 3508 1205 3579 corporis
1245 3516 1300 3562 et
1339 3506 1617 3577 sanguinis
1653 3506 1758 3560 mei

150 3604 289 3660 odio
318 3602 546 3669 habent,
575 3610 987 3658 contemnentes
1024 3619 1130 3668 me,
1179 3601 1345 3656 Aebis
1368 3600 1595 3656 similes.
1623 3600 1760 3667 Quia

154 3694 339 3750 inulta
371 3703 500 3749 sunt
536 3708 734 3763 genera
762 3702 1129 3764 peccatorum,
1154 3702 1207 3748 et
1230 3709 1335 3747 non
1364 3708 1484 3747 esse
1506 3701 1760 3762 peceato-

152 3802 281 3843 rem
314 3786 374 3840 in
409 3785 513 3840 hac
541 3785 653 3839 vita
680 3784 899 3840 difﬁcile
948 3793 1055 3849 est,
1094 3782 1247 3851 cujus
1284 3782 1588 3854 peccatoris
1619 3796 1764 3836 lllltI‘S

155 3881 232 3935 sit
272 3879 534 3950 pessima,
567 3878 911 3932 determinat.
940 3876 1041 3932 llic
1065 3885 1147 3931 est
1173 3877 1315 3930 enim
1345 3876 1535 3930 modus
1569 3875 1762 3929 buria-

157 3989 252 4027 nm
278 3971 533 4039 justitize,
564 3979 622 4024 ut
643 3970 752 4024 vita
783 3969 1029 4024 mortalis
1056 3967 1451 4038 quantumlibet
1494 3967 1762 4037 pt‘olieial,

157 4064 299 4134 quia
328 4062 452 4117 sine
490 4061 687 4116 delicto
709 4076 829 4115 esse
864 4075 969 4114 non
1008 4058 1296 4130 potestgin
1327 4059 1430 4113 hoc
1460 4073 1565 4111 non
1594 4055 1766 4110 deliu-

154 4165 320 4227 qnat.
355 4156 484 4210 dum
509 4163 691 4224 sperat
724 4154 776 4208 in
812 4169 935 4208 eum
968 4154 1020 4207 in
1050 4169 1157 4223 quo
1183 4161 1267 4206 est
1297 4151 1545 4207 remissio
1576 4164 1767 4221 pecea-

161 4258 379 4304 torum.
434 4244 667 4299 Redimet
701 4244 980 4308 Dominus,
1029 4243 1239 4299 scilicet
1295 4243 1362 4296 ab
1407 4242 1494 4296 illa
1532 4242 1767 4312 pessima

163 4349 377 4402 morte,
411 4353 511 4409 per
539 4354 700 4407 quam
742 4353 771 4391 a
817 4337 1101 4407 temporali
1154 4336 1373 4391 miseria
1424 4336 1683 4389 transitur
1714 4335 1767 4388 in

160 4438 465 4492 attentam,
517 4428 725 4481 annuas
776 4442 1045 4481 servorum
1101 4442 1349 4489 suorum;
1387 4436 1434 4479 et
1477 4426 1578 4480 hoc
1628 4425 1768 4489 ideo,

161 4519 301 4590 quia
328 4533 437 4571 non
462 4515 785 4586 delinquant,
820 4515 1024 4571 scilicet
1066 4516 1387 4586 gravissimo
1417 4516 1637 4578 delicto,
1666 4530 1771 4569 non
1849 4548 1852 4551 λ

146 4609 461 4667 credendo
490 4608 544 4661 in
574 4624 699 4663 eum
757 4608 810 4663 in
835 4622 942 4678 quo
972 4617 1057 4663 est
1094 4608 1344 4664 remissio
1372 4617 1717 4678 peccatorum
1753 4626 1765 4661 ε

163 4719 360 4759 omnes
399 4702 489 4773 qui
518 4711 729 4772 sperant
755 4701 808 4756 in
840 4718 921 4756 eo.

677 4811 999 4869 PSALMUS
1040 4814 1281 4870 XXXIV.

542 4923 597 4962 IN
636 4923 797 4962 FINESI
835 4921 1069 4963 PSALIICS
1107 4925 1204 4964 Il‘Sl
1249 4926 1427 4964 ιιιγιιι.

252 5018 276 5053 ς
324 4998 518 5054 Judica
543 5040 557 5063 ,
586 4999 813 5053 Domine
834 5041 848 5063 ,
881 5008 1136 5054 nocentes
1169 5017 1283 5063 me,
1324 5016 1569 5069 expugna
1608 5000 1779 5070 impu-

175 5112 196 5145 ι
248 5101 487 5164 gnantes
517 5106 621 5145 me.
671 5090 1025 5161 Appreliende
1056 5108 1200 5144 artua
1234 5102 1286 5145 et
1316 5101 1522 5146 scutum
1547 5132 1560 5155 ,
1611 5100 1661 5145 et
1689 5108 1780 5146 ex-

176 5205 196 5237 ι
251 5198 426 5249 surge
474 5182 525 5236 in
555 5180 879 5250 adjutorium
925 5180 1075 5234 mibi.
1124 5180 1347 5236 Ell‘unde
1379 5182 1635 5256 frameam
1665 5224 1678 5244 .
1730 5192 1785 5237 et

176 5295 199 5328 ς
250 5272 522 5330 conclude
550 5274 808 5328 adversus
838 5287 936 5326 eos
981 5271 1068 5316 nui
1104 5283 1498 5312 ηιιι·εμη·-ϊ······
1535 5292 1618 5312 mn
1652 5293 1663 5305 -
1697 5276 1782 5308 ιιτι·

177 5389 198 5423 ι
246 5368 452 5423 ειηίηιετ

1866 3438 1884 3470 ι
1932 3428 1991 3474 et
2036 3416 2292 3471 Dominus
2339 3432 2489 3471 meus
2523 3419 2572 3471 in
2619 3433 2837 3471 causam
2882 3433 3055 3471 meam
3125 3415 3311 3471 .ludica
3363 3429 3453 3470 me

1856 3527 1885 3561 1
1919 3509 2224 3564 secundum
2250 3508 2515 3576 justitiam
2552 3518 2721 3573 tuam,
2770 3510 2994 3563 Domine
3026 3508 3167 3563 Deus
3193 3522 3365 3573 meus,
3397 3515 3455 3561 et

1859 3620 1887 3654 τ
1935 3618 2039 3657 non
2089 3603 2520 3673 supergaudeant
2558 3601 2710 3656 milii.
2740 3600 2854 3657 Non
2900 3601 3084 3657 dicant
3114 3603 3165 3656 in
3198 3601 3455 3656 cordibus

1860 3711 1889 3745 γι
1932 3694 2065 3758 suis,
2118 3693 2285 3763 Euge,
2317 3709 2451 3763 euge
2476 3695 2670 3747 animae
2703 3704 2931 3753 nostrae;
2966 3708 3063 3749 nec
3100 3693 3317 3748 dicant:
3354 3691 3458 3745 De-

1862 3805 1890 3837 1
1941 3788 2248 3840 voravimus
2278 3803 2419 3840 eum.
2442 3785 2778 3840 'Erulseseant
2809 3795 2863 3839 et
2893 3794 3242 3841 revereantur
3268 3781 3453 3848 simul,
3492 3778 3495 3781 ’

1842 3894 1892 3928 λι
1943 3877 2033 3947 qui
2065 3877 2409 3948 gratulantur
2448 3878 2603 3932 malis
2635 3878 2786 3932 meis.
2824 3877 3117 3932 [minantur
3139 3874 3458 3930 confusione

1844 3988 1894 4021 γ
1941 3980 1994 4024 et
2028 3971 2349 4037 reverentia,
2402 3970 2491 4039 qui
2527 3970 2756 4042 maligna
2793 3970 3084 4039 loquuntur
3138 3983 3299 4039 super
3345 3984 3454 4022 me.

1876 4081 1893 4113 ι
1940 4062 2225 4116 Exsultent
2254 4071 2309 4117 et
2334 4062 2600 4127 laetentur,
2627 4063 2716 4134 qui
2748 4064 2931 4117 volunt
2951 4061 3215 4131 justitiam
3247 4076 3455 4115 meam:

1877 4175 1894 4208 ι
1934 4165 1989 4211 et
2027 4157 2485 4227 dicantsemper:
2526 4157 2904 4229 Maguilieelur
2934 4159 3213 4223 Dominus,
3243 4158 3331 4228 qui
3362 4172 3462 4210 vo—

1871 4266 1897 4299 1
1947 4248 2061 4302 lunt
2098 4265 2282 4319 pacem
2314 4249 2452 4304 servi
2484 4248 2617 4317 ejus.
2646 4250 2711 4304 Et
2737 4249 2914 4322 lingua
2961 4266 3078 4304 mea
3114 4248 3462 4304 meditabitur

1879 4358 1897 4391 ι
1936 4338 2199 4408 justitiam
2234 4351 2397 4406 tuam,
2432 4350 2541 4395 tota
2582 4342 2667 4395 die
2695 4341 2906 4394 laudem
2936 4350 3100 4394 tuam.
3151 4359 3169 4393 ι
3414 4328 3415 4331 η

2439 4429 2886 4485 ΕΝΑΙΠΜΤΙΟ.

1940 4526 2000 4580 'lu
2033 4527 2135 4580 hoc
2165 4525 2371 4595 psalmo
2398 4541 2495 4578 vox
2544 4534 2627 4578 est
2676 4523 2864 4594 Capitis
2894 4522 3059 4576 nostri
3091 4537 3187 4575 suo
3215 4519 3462 4593 exemplo

1879 4620 2123 4673 docentis
2172 4620 2221 4672 in
2257 4617 2688 4671 trilmlalionilms
2729 4615 3013 4680 orandum,
3068 4626 3119 4669 ut
3170 4615 3465 4670 liberemur

1800 4688 1852 4748 Ῑ)
1880 4711 1948 4763 ab
1976 4710 2212 4764 inimicis
2241 4708 2587 4763 interioribus
2611 4717 2663 4763 et
2694 4707 3076 4761 exterioribus.
3112 4706 3273 4760 David
3303 4707 3467 4760 inter-

1878 4810 2127 4873 pretatur
2172 4817 2331 4855 manu
2382 4798 2569 4869 fortis,
2624 4800 2747 4871 quia
2803 4808 3042 4852 nostram
3092 4808 3320 4852 mortem
3371 4812 3468 4850 sua

1886 4905 2060 4951 morte
2106 4896 2304 4950 devicit
2333 4898 2490 4951 :‘risu
2523 4891 2905 4955 desiderabilis,
2951 4891 3072 4960 quia
3114 4890 3277 4945 vitam
3306 4899 3472 4943 mter-

1888 5003 2014 5042 nam
2063 4985 2326 5057 promisit.
2371 4986 2509 5055 Quid
2560 4995 2738 5039 autem
2791 4981 2979 5035 fortius
3008 5000 3069 5037 ea
3112 4998 3304 5046 manu,
3353 4996 3473 5048 quae

1888 5079 2061 5149 tetigit
2093 5079 2324 5134 loculum
2356 5095 2369 5131 :
2403 5086 2458 5133 et
2486 5076 2683 5131 resedit
2713 5075 2992 5129 mortuus?
3021 5072 3310 5135 (an.vu.)
3337 5070 3476 5136 Quid

1888 5173 2079 5227 fortius
2122 5189 2183 5228 ea
2232 5190 2414 5235 manu,
2452 5186 2571 5241 qua:
2619 5170 2874 5224 mundum
2923 5167 3141 5230 devicit,
3195 5160 3465 5217 diabolum

1890 5265 2039 5302 0:00;.
2098 5284 2203 5308 "nl‘
2255 5272 2461 5302 σιιυηιοιιίὶ
2515 5262 2657 5296 run-u‘
2746 5258 2834 5290 θυι,
2920 5257 2932 5270 ·
3008 5258 3019 5267 ’
3123 5256 3166 5268 Μ
