3930 5300
554 401 661 460 519

1204 388 1410 446 ΕΜΙϐΙΙ
1450 375 2104 441 ΑΝτιδδιυυυιιΕΝδιε
2136 372 2295 434 ΟΡΡ.’
2327 379 2525 438 PARS.
2568 383 2609 439 I.
2647 413 2718 428 --
2757 382 3168 443 EXEGETICA.

3701 334 3822 436 i520

548 503 723 559 'tuam.
745 502 939 558 Judica
970 501 1088 558 illos
1108 501 1196 572 qui
1222 499 1507 572 judiciaria
1533 504 1796 569 potestate
1826 501 1974 549 tuum
1993 490 2143 561 judi-
2165 492 2213 552 Α
2243 501 2393 564 putet
2443 494 2622 549 anima
2670 510 2808 561 mea,
2861 495 3083 552 obedire
3132 493 3229 550 tibi
3260 507 3430 564 usque
3457 492 3529 550 ad
3575 504 3820 552 mortem.

555 595 698 649 cium
727 593 1042 665 subvertere
1063 600 1360 658 conantur;
1389 591 1562 645 dacos
1585 589 1636 644 in
1665 587 1962 644 cmcitatem
1988 599 2138 640 men-

557 685 628 742 tis
655 701 668 738 :
698 683 799 738 nisi
829 682 972 738 enim
993 683 1176 753 pravis
1199 681 1407 737 meritis
1426 695 1612 737 eorum
1635 676 1973 750 exigentibus
1995 675 2138 730 intus

557 773 814 834 cxczecati
859 780 1072 840 essent,
1118 786 1454 842 nequaquam
1517 771 1570 826 in
1621 778 1896 825 auctorem
1951 765 2140 821 salutis

557 882 745 925 eorum
775 865 1070 922 sententias
1097 865 1287 921 mortis
1317 864 1531 930 darent,
1557 860 1724 917 Judaei
1755 861 1808 916 in
1841 858 2136 924 Christum,

557 967 609 1012 et
640 956 729 1010 alii
764 954 1019 1011 increduli
1042 955 1095 1010 in
1126 955 1509 1028 prmdicatores
1541 952 1699 1023 hujus
1725 953 1935 1010 salutis.

628 1047 722 1106 Vel
744 1048 932 1118 judica
983 1048 1128 1104 inter
1174 1062 1261 1104 me
1307 1046 1582 1104 Christum
1625 1054 1682 1101 et
1717 1045 1929 1102 Iudaeos
1952 1061 2140 1116 perse-

558 1149 788 1209 quentes
809 1181 824 1207 ,
855 1140 906 1196 id
936 1151 1048 1206 est,
1073 1139 1319 1196 discerne
1349 1148 1405 1196 et
1431 1140 1574 1195 inter
1610 1139 1906 1198 Ecclesiam
1932 1147 1988 1194 et
2014 1155 2141 1194 suos

559 1242 971 1303 persecutores,
1024 1242 1084 1288 ut
1123 1234 1208 1290 his
1241 1235 1333 1289 fiat
1377 1233 1445 1288 ad
1497 1233 1896 1289 damnationem
1952 1246 2139 1287 eorum

532 1323 896 1395 persecutio,
930 1341 1038 1396 qua
1068 1341 1154 1381 me
1183 1335 1238 1380 et
1273 1341 1425 1381 meos
1455 1333 1884 1396 persequuntur,
1920 1322 2048 1380 mihi
2087 1332 2143 1379 et

561 1415 694 1471 meis
716 1417 782 1472 ad
805 1417 1054 1488 gloriam.
1083 1417 1146 1472 Et
1187 1417 1291 1473 hoc
1319 1418 1478 1474 modo
1506 1416 1712 1490 judica.
1749 1418 2008 1489 Expugna
2038 1418 2139 1472 im-

559 1518 848 1577 pugnante:
883 1525 985 1563 me.
1017 1508 1120 1579 Ipsi
1172 1507 1419 1579 iudicant
1457 1525 1544 1565 me
1591 1518 1646 1565 et
1677 1524 1827 1566 meos
1856 1507 2143 1566 manifesto

556 1594 792 1664 judicio,
820 1599 914 1655 sed
945 1608 998 1653 tu
1020 1600 1202 1670 judica
1224 1615 1318 1656 eos
1344 1601 1576 1658 occulto.
1611 1599 1869 1671 Expugna
1895 1641 1910 1665 ,
1941 1599 1992 1655 id
2016 1608 2100 1656 est
2125 1639 2142 1666 ,

562 1703 754 1757 supera
778 1690 920 1746 intus
944 1691 1302 1762 impugnantes
1325 1709 1410 1748 me
1438 1692 1569 1748 foris
1585 1734 1600 1758 ,
1625 1691 1838 1749 Judznos
1863 1707 1951 1748 me
1977 1692 2146 1763 impu-

533 1772 793 1847 gnantes
831 1790 885 1836 et
928 1783 1169 1839 membra
1215 1798 1352 1840 mea.
1385 1784 1480 1840 Vel
1513 1783 1784 1840 diabolum
1823 1792 1871 1838 et
1923 1783 2142 1855 angelos

2308 582 2371 636 Et
2392 580 2558 638 etl‘usa
2585 582 2810 651 framea,
2841 583 2893 638 id
2938 593 3047 650 est,
3081 582 3380 640 clariﬁeata
3418 583 3824 644 resurrectione

2239 683 2292 730 et
2313 677 2627 732 ascensione
2649 693 2792 744 mea,
2824 677 3066 748 mihique
3091 676 3381 748 divulgata,
3423 676 3826 746 confundantur

2238 781 2286 824 et
2316 779 2643 829 revereantur
2671 770 2768 836 illi,
2790 770 2882 842 qui
2918 770 3078 840 prius
3103 769 3417 841 quaerebant
3451 769 3689 839 perdere
3718 770 3831 823 eni-

2239 880 2400 930 mam,
2427 863 2604 930 idest,
2625 864 2788 919 vitam
2816 880 2984 919 meam
3005 873 3060 920 et
3081 879 3322 922 meorum
3350 882 3364 919 :
3405 863 3829 934 confundantur,

2240 955 2580 1012 attendentes
2605 964 2826 1026 peccata
2851 971 2948 1012 sua
2977 973 2990 1011 :
3021 956 3346 1014 erubescant
3369 964 3418 1011 et
3443 967 3790 1011 reverentur
3816 999 3830 1020 ,

2240 1050 2448 1106 scilicet
2480 1048 2741 1118 judicium
2771 1065 2950 1106 meum
2995 1065 3094 1121 pro
3139 1049 3245 1106 illis
3283 1050 3546 1122 peccatis.
3577 1048 3648 1103 Et
3680 1064 3832 1105 reve-

2241 1141 2408 1195 rendo
2435 1139 2696 1209 judicium
2724 1156 2924 1207 meum,
2953 1150 3260 1196 avertantur
3288 1151 3602 1205 retrorsum,
3629 1148 3701 1195 ut
3725 1140 3832 1194 imi-

2243 1240 2443 1288 tatores
2467 1232 2620 1298 fiant,
2649 1232 2738 1304 qui
2765 1233 2916 1304 prius
2936 1233 3240 1305 pracedere
3271 1231 3562 1299 volebant,
3585 1241 3642 1287 et
3674 1247 3829 1286 suum

2241 1335 2480 1378 errorem
2526 1321 2908 1378 defendebant.
2956 1319 3025 1376 Et
3053 1320 3134 1378 sic
3161 1321 3603 1391 confundantur;
3622 1321 3831 1378 scilicet

2240 1412 2380 1472 bona
2409 1412 2753 1480 confusione,
2789 1415 3077 1485 cogitantes
3105 1414 3234 1469 mihi
3263 1412 3404 1468 mala
3424 1454 3442 1480 ,
3498 1429 3610 1470 non
3654 1412 3828 1469 solum

2243 1504 2505 1562 facientes
2533 1506 2741 1562 mibi-ct
2765 1507 2922 1563 meis.
2969 1505 3028 1562 Si
3055 1515 3237 1564 autem
3271 1515 3572 1564 retrorsum
3587 1506 3830 1562 converti

2243 1595 2531 1661 noluerint,
2544 1596 2674 1664 ﬁant
2689 1607 2936 1668 tanquam
2947 1597 3114 1669 puluis
3126 1609 3245 1654 ante
3257 1598 3447 1668 faciem
3473 1599 3633 1662 uenti,
3648 1598 3711 1652 id
3733 1606 3829 1661 est,

2242 1695 2466 1757 pereant
2493 1687 2808 1744 confusione
2835 1697 3056 1744 teterna.
3078 1689 3177 1744 Hie
3189 1690 3294 1746 duo
3308 1704 3511 1760 genera
3526 1686 3829 1744 carnalium

2243 1786 2647 1848 persecutorum
2682 1787 2852 1834 notat.
2877 1779 3279 1846 Unum,eorum
3305 1779 3492 1850 quisic
3523 1794 3830 1849 expugnan-

563 1871 681 1942 ejus
700 1886 945 1944 expugna
965 1914 980 1939 ,
1002 1883 1063 1930 ut
1088 1875 1222 1930 meis
1247 1892 1351 1932 non
1395 1877 1739 1948 praevaleant.
1771 1877 1839 1934 Et
1879 1886 1938 1932 ut
1971 1849 2142 1948 e'xpu-
2175 1849 2222 1910 Β
2251 1878 2370 1936 tur,
2401 1878 2458 1924 ut
2497 1871 2564 1926 de
2614 1886 2841 1926 numero
2892 1849 3335 1942 persequentium
3378 1871 3575 1927 devota
3636 1870 3830 1941 pietate

562 1979 724 2034 gues,
775 1966 1100 2037 apprehende
1128 1985 1276 2022 arma
1306 1978 1353 2022 et
1379 1978 1585 2024 scutum
1610 2011 1624 2036 ,
1660 1970 1710 2024 id
1737 1977 1854 2036 est,
1904 1970 2142 2024 animam

567 2069 738 2108 meam
768 2063 821 2110 ct
851 2071 1090 2112 meorum
1115 2059 1352 2128 potentia
1390 2059 1688 2115 divinitatis
1715 2070 1815 2116 tua:
1837 2062 2102 2117 sustineat
2128 2079 2142 2116 :

563 2160 682 2215 qua:
711 2146 903 2202 animae.
937 2157 1062 2202 sunt
1088 2163 1266 2212 arma,
1299 2149 1422 2219 quia
1457 2165 1552 2220 per
1583 2149 1701 2206 illas
1730 2151 1931 2210 militas
1957 2151 2145 2208 ctvul-

565 2250 726 2290 ueras
755 2237 1002 2294 inimicos
1025 2280 1039 2305 ,
1070 2240 1193 2309 quia
1219 2249 1431 2295 scutum
1461 2249 1607 2308 sunt,
1639 2241 1762 2312 quia
1789 2251 1843 2297 et
1883 2257 1942 2298 se
1969 2250 2149 2314 prote-

565 2338 699 2400 gunt
719 2340 773 2386 et
794 2332 928 2389 alios
956 2351 969 2388 :
996 2341 1052 2390 et
1078 2335 1191 2392 lucc
1215 2343 1394 2391 tamen
1430 2351 1583 2391 arma
1607 2335 1728 2391 aliis
1763 2335 1929 2391 armis
1961 2350 2150 2390 nume-

565 2434 784 2491 rantur,
834 2425 985 2495 juxta
1021 2427 1146 2482 illud
1186 2427 1469 2498 Apostoli:
1507 2428 1573 2483 In
1607 2428 1848 2484 omnibus
1887 2437 2147 2482 sumentes

565 2527 769 2573 acutum
789 2518 914 2587 ﬁdei
934 2529 981 2573 et
1003 2519 1206 2590 galeam
1226 2520 1412 2576 salutis
1431 2531 1478 2575 et
1501 2520 1736 2592 gladium
1758 2520 1993 2591 spiritus,
2008 2520 2147 2590 quod

531 2604 538 2610 ’
564 2615 640 2659 est
664 2607 870 2661 verbum
903 2606 999 2662 Dei
1026 2607 1186 2680 (Eph.
1220 2609 1313 2679 vi).
1343 2609 1500 2666 Aliud
1524 2611 1682 2666 estin
1712 2610 1911 2666 divinis
1937 2611 2105 2666 armis
2130 2651 2146 2677 ,

565 2695 709 2750 aliud
734 2696 788 2751 in
820 2697 1089 2754 humanis.
1121 2699 1178 2754 ln
1200 2699 1396 2756 divinis
1422 2741 1438 2767 ,
1466 2717 1631 2756 unum
1666 2702 1719 2757 in
1753 2702 1981 2759 diversis
2007 2705 2148 2761 acci-

565 2787 744 2859 pitur,
771 2798 829 2844 ut
859 2789 992 2847 fides
1029 2807 1128 2862 pro
1149 2801 1303 2848 scuto
1329 2801 1382 2848 et
1403 2793 1576 2863 galea.
1598 2793 1654 2849 ln
1682 2794 1934 2850 immanis
1951 2835 1966 2860 ,
1991 2795 2149 2851 mini-

566 2896 673 2938 me.
713 2880 793 2936 Tu
824 2883 1176 2952 apprehende,
1228 2883 1358 2954 quia
1401 2899 1547 2938 arma
1602 2884 1998 2954 quantumlibet
2025 2893 2151 2941 sunt

565 2983 690 3043 apta
719 2975 786 3030 ad
836 2990 1102 3050 pugnam,
1152 2992 1250 3047 per
1298 2991 1357 3032 se
1411 2976 1542 3031 nihil
1579 2975 1815 3043 faciunt,
1869 2977 1971 3032 nisi
2022 2975 2148 3033 forti

541 3053 729 3125 ‘manu
756 3073 1052 3141 gestemur.
1083 3065 1329 3137 Magnum
1350 3067 1515 3123 etiam
1543 3067 1787 3124 fidelibus
1807 3069 2009 3138 pnebet
2027 3085 2150 3139 pro-

570 3163 728 3233 pheta
757 3165 1126 3234 spectaculum
1144 3207 1158 3232 ,
1190 3180 1311 3222 cum
1334 3167 1538 3224 inducit
1567 3168 1734 3224 Deum
1763 3176 2030 3224 armatum
2052 3183 2150 3238 pro

2251 1969 2524 2016 transeant
2573 1961 2626 2015 in
2660 1976 2882 2017 numero
2911 1960 3168 2017 fidelium.
3218 1961 3463 2016 Alterum
3486 2002 3503 2026 ,
3531 1976 3730 2017 eorum
3753 1961 3830 2031 qni

2246 2052 2326 2108 sic
2369 2061 2746 2122 expugnantur
2772 2094 2788 2120 ,
2844 2068 2948 2108 non
2984 2062 3043 2108 ut
3083 2054 3296 2108 Christo
3331 2061 3830 2124 concorparentnr,

2249 2143 2340 2198 sed
2373 2151 2431 2197 nt
2451 2142 2654 2200 scilicet
2681 2145 2836 2201 abeo
2865 2145 3119 2216 separati,
3145 2145 3461 2214 cumimpiis
3485 2145 3826 2199 damnentur.

2250 2235 2344 2291 Vel
2373 2236 2474 2291 hoc
2498 2236 2656 2291 modo
2687 2237 2739 2290 in
2777 2237 2999 2290 malum.
3032 2237 3176 2293 Dixit
3203 2237 3483 2309 superius;
3517 2236 3621 2291 Dic
3652 2237 3828 2291 animt

2251 2345 2378 2383 mea:
2417 2346 2430 2383 :
2463 2328 2620 2384 Salus
2644 2339 2733 2383 tua
2766 2346 2858 2401 ego
2878 2343 3038 2384 sum:
3071 2339 3124 2384 et
3164 2330 3306 2384 dicta
3345 2330 3433 2384 illa
3462 2329 3645 2386 salute
3687 2329 3827 2392 meis,

2251 2419 2661 2488 confundantur,
2713 2420 2764 2474 id
2803 2429 2884 2474 est
2909 2429 3249 2476 excmccntur
3282 2420 3509 2475 interius
3550 2435 3566 2474 :
3609 2429 3664 2474 et
3706 2436 3829 2474 rere-

2253 2518 2484 2576 reanlur,
2520 2509 2571 2564 id
2611 2518 2712 2575 est,
2758 2511 2982 2566 timeant
3021 2512 3490 2568 resurrectionem.
3535 2511 3829 2578 erenta

2252 2599 2480 2652 animam
2519 2617 2684 2654 meam
2729 2600 2794 2654 ad
2834 2601 3258 2666 damnationem,
3301 2613 3613 2657 avertantur
3650 2612 3829 2656 retror-

2253 2706 2390 2754 sum,
2419 2689 2470 2744 id
2501 2699 2607 2758 est,
2629 2693 2824 2748 cadant
2855 2703 3024 2757 retro,
3046 2693 3171 2762 quia
3203 2692 3292 2748 ille
3316 2709 3477 2748 casus
3495 2703 3582 2748 est
3603 2693 3826 2765 gravior.

2252 2781 2342 2836 Ille
2367 2782 2513 2837 cadit
2543 2792 2707 2849 retro,
2737 2783 2827 2854 qui
2859 2794 3066 2854 peccat,
3091 2792 3146 2839 et
3187 2800 3282 2838 sua
3314 2793 3535 2853 peccata
3570 2801 3682 2838 non
3712 2800 3826 2838 con-

2253 2877 2455 2934 sidcrat
2491 2891 2506 2930 :
2546 2877 2633 2933 ille
2671 2878 2723 2932 in
2775 2877 2987 2943 faciem,
3037 2878 3130 2949 qui
3180 2893 3276 2932 sua
3319 2886 3542 2946 peccata
3590 2877 3830 2948 proponit

2253 2977 2379 3022 ante
2407 2982 2484 3022 se.
2515 2968 2673 3035 Quasi
2709 2966 2854 3022 dicat
2886 2985 2899 3022 :
2927 2967 2985 3022 ln
3017 2983 3134 3022 mea
3173 2967 3563 3023 clarificatione
3591 2967 3735 3022 meis
3767 2967 3828 3020 sic

2253 3061 2531 3130 contingat
2559 3074 2573 3113 :
2595 3060 2777 3131 justus
2795 3060 3121 3131 justiﬁcetur
3147 3060 3318 3114 adhuc
3349 3077 3368 3114 :
3396 3060 3632 3125 alienus,
3664 3062 3755 3131 qui
3786 3061 3828 3110 in

2254 3156 2494 3212 sordibus
2518 3165 2616 3222 est,
2640 3157 2904 3212 sordescat
2932 3159 3105 3212 adhuc
3127 3157 3311 3229 (Apoc.
3335 3159 3495 3226 χιιι).
3521 3159 3624 3226 Qui
3656 3159 3828 3214 nolunt

574 3256 688 3308 suis
718 3263 888 3314 stare.
925 3256 993 3310 Et
1037 3258 1117 3316 sic
1156 3267 1427 3326 armatus,
1474 3277 1692 3332 exsurge
1731 3261 1788 3316 in
1824 3234 2149 3331 adiutorium

2255 3246 2446 3313 averti,
2470 3247 2600 3316 ﬁant
2624 3257 2872 3320 tanquam
2907 3248 3074 3320 pulvis
3114 3259 3234 3304 ante
3269 3250 3460 3320 [aciein
3491 3252 3651 3308 oeuli.
3687 3249 3828 3306 Sicut

569 3347 725 3413 mihi,
748 3363 834 3402 me
860 3347 1198 3407 sublimando
1215 3391 1231 3416 ,
1251 3351 1588 3410 adversarios
1616 3352 1986 3425 deprimendo.
2013 3353 2154 3409 Deus

571 3444 920 3502 immutabilis
945 3455 1064 3502 est:
1096 3447 1190 3504 sed
1235 3457 1361 3505 tunc
1400 3449 1598 3506 dicitur
1640 3448 1857 3518 jacere,
1903 3465 2027 3506 cum
2054 3465 2154 3506 nos

571 3539 838 3609 permittit
865 3538 1119 3596 deficere.
1152 3541 1303 3598 Tunc
1332 3557 1460 3598 vero
1487 3543 1682 3598 dicitur
1708 3559 2002 3614 exsurgere
2029 3559 2153 3599 cum

571 3646 671 3685 nos
701 3631 868 3686 armis
889 3631 1144 3687 virtutum
1177 3634 1244 3687 ad
1287 3649 1519 3704 pugnam
1555 3643 1742 3704 parat,
1793 3643 1848 3689 et
1876 3635 2047 3690 fortes
2087 3637 2155 3692 ad

577 3723 932 3779 resistendum
961 3724 1106 3780 facit.
1157 3724 1270 3782 Hoc
1295 3725 1456 3782 modo
1485 3742 1718 3798 exsurge
1742 3728 1793 3782 in
1830 3727 2153 3797 adjutorium

577 3813 728 3869 mihi.
758 3813 988 3885 Eﬂ‘unde
1028 3815 1316 3884 frameam,
1349 3817 1400 3872 id
1427 3826 1511 3873 est
1533 3858 1548 3884 ,
1594 3818 1890 3889 multiplica
1918 3819 2155 3890 gladium

577 3913 725 3962 tuum
752 3945 771 3970 ,
796 3904 979 3963 fideles
1013 3914 1158 3973 tuos,
1193 3922 1289 3972 per
1323 3923 1457 3978 quos
1491 3909 1680 3980 vigiles
1709 3909 1959 3966 inimicos
1981 3925 2152 3967 meos.

578 3991 670 4049 Vel
692 3995 948 4065 frameam
965 4007 1130 4062 tuam,
1155 3998 1206 4054 id
1232 4009 1316 4054 est
1334 4015 1418 4054 me
1433 3999 1707 4055 Christum
1729 4009 1898 4068 tuum,
1915 4003 2006 4074 qui
2037 4018 2154 4059 smn

579 4087 800 4151 framea,
832 4088 882 4142 id
908 4097 990 4145 est
1014 4131 1029 4156 ,
1059 4090 1266 4161 gladius
1293 4099 1435 4147 tuus.
1457 4091 1582 4148 Non
1633 4095 1771 4148 enim
1810 4097 1922 4150 veni
1956 4096 2158 4152 mittere

575 4197 752 4251 pacem
768 4181 818 4234 in
834 4191 1048 4249 terram,
1064 4183 1156 4238 red
1175 4182 1408 4252 gladium
1424 4184 1636 4256 (Matth.
1657 4201 1686 4240 ι
1707 4203 1720 4252 ;
1736 4185 1848 4242 Luc
1862 4186 2160 4258 x1).E/fuu-

576 4270 658 4332 de,
683 4269 733 4325 id
753 4278 854 4336 cst,
887 4271 939 4326 in
977 4273 1212 4344 gentium
1238 4274 1483 4330 notitiam
1515 4275 1671 4342 educ,
1699 4285 1758 4332 ut
1798 4277 1865 4333 ad
1900 4277 2159 4335 imitatio-

576 4376 698 4417 nem
724 4377 889 4426 mete,
921 4363 1102 4419 multa:
1138 4363 1358 4421 framea:
1401 4365 1556 4422 ﬁant.
1610 4365 1677 4420 Et
1724 4367 1826 4423 hoc
1855 4369 2016 4424 modo
2036 4385 2159 4424 con-

577 4455 746 4522 clude,
778 4456 831 4510 id
859 4465 973 4524 est,
1025 4457 1172 4512 muni
1208 4474 1295 4513 me
1329 4467 1385 4514 et
1429 4475 1580 4515 meos
1607 4475 1622 4526 ;
1647 4471 1850 4530 quanto
1878 4461 2020 4516 enim
2050 4460 2154 4516 mei

578 4546 822 4602 frameati
838 4547 1019 4617 plures
1038 4558 1217 4615 erunt,
1249 4558 1401 4605 tanto
1425 4551 1597 4623 magis
1626 4551 1866 4608 munitus
1887 4566 2002 4608 ero.
2037 4552 2154 4618 Vel,

2255 3334 2429 3407 pulvis
2451 3352 2555 3393 non
2586 3347 2763 3409 potest
2798 3348 2944 3396 stare
2973 3348 3161 3396 contra
3189 3349 3444 3406 ventum;
3480 3341 3558 3396 ita
3596 3342 3691 3398 isti
3727 3343 3829 3397 sine

2254 3427 2526 3484 soliditate
2571 3429 2698 3485 tidei
2741 3447 2846 3487 non
2899 3430 3114 3494 valeant
3158 3432 3412 3488 resistere
3451 3441 3620 3489 vento
3669 3442 3829 3488 lentav

2255 3519 2437 3586 tionis,
2469 3531 2516 3576 et
2539 3521 2752 3593 angelus
2786 3522 3020 3590 Domini,
3051 3523 3317 3596 malignus
3346 3524 3596 3594 spiritus,
3629 3525 3829 3579 Domini

2253 3627 2352 3684 per
2378 3621 2648 3680 naturam,
2677 3615 2757 3670 vel
2796 3616 2921 3688 quia
2961 3617 3092 3672 nihil
3128 3626 3304 3688 potest
3342 3617 3444 3672 nisi
3471 3617 3775 3688 permissus
3805 3633 3834 3670 ι

2256 3704 2514 3771 Domino;
2545 3707 2614 3762 sit
2638 3718 2910 3762 coarctam
2934 3725 3040 3775 eos,
3067 3708 3119 3763 id
3143 3718 3246 3775 est,
3274 3709 3512 3778 undique
3537 3725 3639 3779 per
3666 3709 3828 3763 varias

2257 3797 2581 3854 tentationes
2607 3814 2700 3856 eos
2739 3798 2806 3854 ad
2837 3800 3192 3871 prazcipitium
3223 3799 3522 3872 impellens.
3553 3799 3604 3853 Γ
3607 3801 3721 3856 iant
3748 3803 3828 3854 cur

2255 3887 2465 3942 illorum
2491 3889 2712 3944 tenebrae
2740 3899 2788 3945 et
2809 3889 3088 3958 lubricum,
3116 3901 3161 3946 et
3184 3891 3402 3962 angelus
3429 3891 3644 3945 Domini
3663 3906 3826 3961 pem

2257 3996 2418 4049 quens
2445 3996 2532 4034 eos
2549 3997 2570 4046 ,'
2597 3981 2648 4035 id
2671 3990 2772 4046 est,
2799 3981 2852 4036 in
2883 3981 2987 4038 hac
3015 3982 3100 4036 via
3121 3983 3328 4038 similes
3355 3983 3465 4037 sint
3492 3983 3597 4038 iter
3625 3982 3826 4038 facienti

2256 4087 2356 4144 per
2378 4075 2628 4129 tenebras
2648 4083 2704 4129 et
2735 4074 3024 4142 lubricum,
3056 4075 3140 4131 cui
3167 4075 3235 4131 ad
3260 4075 3554 4145 lapsumct
3581 4075 3826 4147 impulsor

2257 4163 2466 4218 accedit
2491 4181 2505 4218 :
2529 4163 2638 4218 sint
2664 4163 2715 4218 in
2755 4164 2992 4221 tenebris
3017 4165 3199 4236 positi,
3232 4164 3283 4219 id
3308 4175 3394 4219 est
3445 4165 3500 4220 in
3533 4165 3822 4236 ignorant'u

2257 4264 2313 4310 et
2356 4256 2596 4312 Caecitate
2638 4255 2854 4322 mentis,
2900 4267 2958 4316 et
2998 4257 3052 4312 in
3091 4257 3315 4321 lubrico,
3354 4256 3418 4312 id
3450 4267 3557 4322 est,
3607 4257 3821 4312 luxuria.

2258 4349 2610 4409 Luxuriosatn
2639 4349 2804 4405 vitam
2835 4349 3196 4421 ducant..qua2
3217 4360 3301 4406 est
3323 4351 3392 4407 ad
3419 4365 3612 4407 casum
3629 4365 3821 4420 prona;

2259 4450 2314 4498 et
2354 4451 2533 4497 tamen
2575 4458 2680 4499 non
2723 4441 2863 4498 desit
2908 4442 3015 4497 illis
3056 4451 3367 4512 persecutor
3409 4442 3680 4500 diabolus.
3721 4441 3826 4496 lla:

2260 4547 2368 4588 non
2403 4535 2638 4604 optando
2678 4533 2826 4597 dicit,
2868 4533 2962 4588 sed
3006 4532 3394 4604 prophetando.
3418 4532 3823 4605 Hieronymus:

577 4604 853 4704 conclude:
875 4639 1082 4696 scilicet
1102 4656 1197 4697 ora
1229 4604 1571 4698 inimicoruin
1608 4662 1621 4699 :
1655 4653 1711 4699 et
1731 4643 1816 4700 fac
1847 4643 2030 4702 fideles
2059 4604 2159 4716 per
2183 4604 2237 4666 Β
2262 4626 2376 4684 Non
2416 4637 2744 4699 cognoscam
2784 4627 2962 4682 lumen
3005 4627 3266 4691 νεῖίίθιίεν
3297 4641 3394 4683 nec
3422 4627 3579 4682 “nm
3611 4627 3826 4683 δωδοκ

579 4727 1040 4786 confirmationem
1085 4732 1189 4786 mei
1240 4732 1314 4787 ita
1343 4733 1760 4805 circumspectos
1776 4775 1799 4802 ,
1825 4743 1885 4790 ut
1925 4751 2030 4793 non
2063 4736 2159 4793 ha-

579 4819 744 4874 beant
764 4820 1057 4878 adversarii
1082 4823 1210 4892 quid
1235 4825 1605 4882 contradicere
1635 4844 1647 4880 :
1686 4826 1794 4882 imo
1816 4827 2050 4886 habeant
2061 4843 2160 4899 per

545 4907 548 4910 ’
579 4910 939 4969 innocentiam
965 4925 1020 4970 ct
1039 4916 1214 4971 bonos
1231 4933 1410 4974 mores
1433 4918 1687 4984 revereri,
1707 4921 1951 4976 adversus
1968 4937 2054 4975 eos
2072 4920 2161 4991 qui

579 5021 661 5059 me
689 5017 1084 5076 persequuntur.
1115 5008 1212 5066 Dic
1239 5011 1430 5068 anima'
1468 5027 1614 5078 metr,
1641 5011 1693 5067 id
1721 5021 1826 5077 est,
1849 5012 1936 5068 fac
1962 5011 2161 5066 intelli-

543 5101 546 5106 Ι
579 5107 707 5152 “ore
728 5095 962 5148 inﬁmam
988 5113 1163 5148 "mam
1191 5109 1242 5144 Μ
1288 5116 1550 5153 meorum-
1575 5119 1602 5148 ει
1637 5112 1686 5146 Ιρ
1721 5102 1834 5145 enin
1860 5118 1980 5142 neco
2012 5102 2125 5138 enin
2147 5132 2155 5134 _

2261 4721 2578 4788 consistant,
2609 4720 2704 4778 sed
2743 4735 2966 4792 gressus
2995 4734 3184 4774 eorum
3223 4721 3314 4791 qui
3360 4721 3412 4774 in
3450 4721 3556 4776 hac
3595 4721 3825 4790 passione

2261 4821 2594 4886 grassantur,
2620 4812 2810 4869 lubrici
2848 4812 2997 4879 fiant,
3036 4820 3091 4867 ct
3130 4812 3317 4883 angelo
3353 4812 3620 4868 claritatis
3664 4811 3825 4868 Domi-

2263 4903 2398 4963 nicae
2443 4902 2768 4974 aliligautur.
2798 4901 2963 4971 Quasi
3003 4902 3148 4958 dicat
3189 4922 3200 4956 ε
3243 4902 3309 4956 Et
3348 4895 3452 4957 hoc
3490 4902 3597 4958 illis
3634 4901 3822 4957 eveniat

2264 5009 2372 5048 non
2399 5008 2462 5048 ex
2495 4993 2674 5047 divina
2703 4991 2984 5063 injustitia,
3013 4992 3110 5049 sed
3135 5007 3319 5048 eorum
3347 4991 3576 5058 merito;
3598 4991 3823 5061 quoniam

2680 5085 2692 5099 ‘
3055 5085 3066 5095 ‘
3189 5086 3310 5122 τ’·ὐυ
3355 5082 3535 5141 laeui
3567 5085 3650 5138 sui
3695 5097 3714 5132 :
3750 5079 3822 5147 qui

3642 5173 3655 5186 '
3667 5190 3694 5206 ··
3742 5172 3820 5224 hor

2264 5087 2412 5122 amnti.
