3930 5324
97 425 190 482 521

1229 415 1760 479 ENAItRATIONES
1796 424 1860 479 IN
1898 422 2231 482 PSALMOS.

3258 434 3366 493 32!

95 540 323 595 destrnis
338 538 578 608 templum
596 536 919 609 ὒιίμιαιιΙι.
941 538 1131 606 xxvii);
1154 536 1273 589 Non
1289 548 1357 590 est
1376 538 1457 589 hic
1474 539 1625 589 homo
1647 554 1678 588 a
1710 543 1753 599 Α
1785 538 1962 593 verbis
1998 540 2463 604 numerositatem,
2498 540 2550 595 in
2585 542 2741 598 factis
2771 543 3131 601 sterilitatem.
3153 547 3363 606 Aliter:

99 631 202 686 Deo
225 630 405 701 (Joan.
437 627 515 698 Ix)
542 630 671 694 ;sed
699 645 1035 698 supervacue,
1064 628 1115 681 id
1136 636 1239 691 cst,
1267 628 1599 680 mendaciter
1625 635 1680 679 et

96 725 210 778 sine
236 723 487 786 veritate,
514 720 644 775 nihil
676 721 820 775 enim
861 726 1150 789 potuerunt
1181 719 1429 787 probare.
1471 716 1564 771 Vel
1594 718 1675 769 in-

97 816 307 869 teritum
334 812 509 885 laquei
535 812 616 866 sui
646 810 1050 875 absconderant,
1075 824 1271 865 causas
1301 807 1479 862 causis
1530 807 1681 860 inne-

97 912 306 958 ctentcs
333 920 346 956 :
376 903 481 967 sui,
508 900 712 957 scilicet
748 916 852 954 non
881 914 948 954 ex
978 914 1129 963 vero,
1156 898 1249 953 sed
1279 913 1344 951 ex
1378 896 1677 950 mendacio.

100 995 232 1049 Vere
270 994 357 1048 sui
398 992 573 1062 laquei
616 989 890 1045 interitum
930 998 1279 1060 paraverunt,
1312 995 1368 1042 et
1402 1003 1505 1041 non
1552 986 1680 1050 mei,

97 1090 218 1158 quia
266 1086 450 1142 veniet
488 1084 583 1148 illi,
624 1084 829 1139 scilicet
860 1080 1057 1152 populo
1095 1080 1425 1145 Judzeorum,
1464 1078 1682 1148 laqueus

95 1196 241 1249 quem
266 1179 503 1248 ignorat,
534 1176 741 1231 scilicet
773 1172 954 1244 captio
980 1173 1088 1228 Titi
1113 1182 1167 1227 et
1197 1171 1510 1241 Vespasiani
1546 1186 1561 1224 :
1602 1169 1683 1223 vel

97 1268 535 1342 persecutoribus
576 1266 829 1323 Ecclesiae
856 1266 1040 1321 veniet
1081 1263 1307 1333 laqueus
1342 1277 1501 1332 quem
1534 1261 1689 1333 igno-

100 1370 235 1425 rant,
282 1362 338 1415 in
380 1374 449 1414 eo
489 1358 629 1428 quod
673 1373 795 1415 eam
846 1357 1041 1428 injuste
1088 1362 1519 1425 persequuntur;
1560 1352 1685 1422 quia

98 1454 344 1511 funiculis
375 1459 722 1522 peccatorum
750 1464 970 1506 suorum
1004 1449 1147 1503 intus
1172 1447 1423 1519 ligantur,
1450 1447 1590 1500 unde
1618 1446 1687 1499 ad

98 1546 499 1599 damnationem
534 1543 817 1597 trahantur
848 1560 859 1595 :
892 1551 941 1595 et
978 1540 1151 1611 captio
1185 1556 1342 1611 quam
1383 1538 1684 1601 abscondit,

96 1636 318 1707 populus
343 1635 625 1698 Iudaicus,
658 1634 709 1688 id
742 1641 846 1699 est,
874 1643 1105 1687 mortem
1130 1647 1291 1701 quam
1317 1630 1447 1685 mihi
1476 1630 1689 1700 paravit

97 1730 356 1784 absconse
372 1728 442 1783 ad
465 1727 896 1797 illaqueationem
916 1734 972 1781 et
996 1724 1271 1779 interitum
1298 1723 1459 1778 totius
1478 1722 1687 1788 mundi,

96 1822 449 1893 apprehendat
474 1838 615 1886 eum,
640 1820 721 1875 vel
745 1827 1109 1891 peccatorem.
1138 1817 1309 1872 Cadat
1336 1817 1389 1871 in
1414 1817 1548 1887 ipso,
1578 1816 1686 1871 sci-

1786 630 2125 686 Sterilitatcm
2156 634 2345 687 animm
2378 650 2504 688 mea:
2534 674 2545 686 .
2581 635 2705 691 dum
2737 638 2947 706 regnari
2975 653 3033 693 se
3063 655 3167 694 non
3194 645 3367 711 patie-

1786 720 1982 775 bantur
2007 722 2072 774 ad
2102 722 2287 787 vitam,
2323 722 2648 777 sterilitatem
2680 726 2975 782 reddebant
3001 729 3192 785 anima:
3220 749 3370 799 mea,

1787 808 1838 864 id
1865 818 1969 874 εει,
1999 810 2271 866 desiderio
2298 828 2439 868 meo.
2472 813 2584 883 Ego
2612 826 2784 870 autem
2816 819 2967 888 quasi
3002 821 3099 875 feci
3130 823 3271 878 unde
3298 826 3371 880 illi

1787 899 2101 967 deﬁcerent,
2130 913 2185 955 et
2212 901 2315 956 mei
2349 903 2675 972 proﬁcerent
2708 907 2869 975 :quia
2897 907 3151 964 delictum
3185 927 3371 966 eorum

1786 991 1931 1046 salus
1959 992 2207 1063 gentibus
2246 994 2472 1059 scilicet,
2503 1012 2621 1048 cum
2664 998 2792 1050 mihi
2842 998 3045 1053 molesti
3088 1013 3279 1070 essent,
3324 1006 3375 1058 id

1787 1092 1892 1149 est,
1933 1099 2057 1137 cum
2109 1098 2195 1137 me
2238 1094 2459 1153 propter
2496 1086 2738 1141 habitum
2783 1088 2963 1143 miseri
3005 1091 3371 1154 molestareut,

1787 1177 2044 1231 induebar
2070 1176 2263 1242 cilicio,
2304 1178 2356 1232 id
2389 1187 2491 1244 est,
2524 1179 2653 1233 latui
2717 1181 2853 1235 infra
2908 1191 3079 1238 metas
3124 1185 3373 1240 humani-

1789 1266 1938 1330 tatis,
1971 1281 2075 1320 non
2102 1267 2389 1322 ostendens
2414 1268 2516 1322 illis
2539 1269 2870 1324 divinitatem
2897 1286 3070 1327 meam
3088 1289 3186 1343 per
3209 1274 3374 1329 mira-

1789 1356 1956 1411 cula:
2002 1357 2055 1411 in
2104 1358 2250 1414 nullo
2297 1360 2442 1415 enim
2492 1362 2544 1415 in
2590 1362 2843 1431 passione
2883 1366 3167 1421 ostendere
3209 1366 3380 1421 noluit

1790 1445 2084 1515 potentiam
2131 1462 2283 1502 suam
2329 1466 2343 1502 :
2385 1448 2445 1503 Si
2492 1450 2628 1503 enim
2680 1452 3055 1521 cognouissent,
3102 1470 3204 1508 non
3254 1469 3377 1510 eum

1790 1539 2169 1607 cruciﬁxissent
2201 1541 2251 1609 (Ι
2282 1540 2405 1595 Cor.
2440 1542 2503 1611 ιι)
2537 1578 2553 1608 ,
2588 1551 2641 1598 ει
2680 1543 2734 1597 in
2763 1544 2864 1599 hoc
2892 1545 3046 1600 nobis
3075 1548 3378 1616 exemplum

1792 1632 2145 1687 humanitatis
2184 1643 2239 1688 et
2286 1633 2557 1703 patientia:
2595 1636 2841 1705 praebuit.
2880 1636 3148 1691 Induebar
3186 1638 3377 1702 cilicio,

1793 1722 1846 1777 id
1888 1733 1993 1789 est,
2032 1724 2263 1779 latebam
2319 1725 2373 1779 in
2422 1725 2774 1780 similitudine
2820 1728 3001 1782 carnis
3046 1729 3273 1799 peccati.
3317 1729 3385 1783 Et

1796 1821 1973 1868 tamen
2020 1830 2325 1885 quanquam
2355 1816 2484 1870 mihi
2528 1817 2868 1873 sterilitatem
2892 1817 3168 1884 aderrent,
3201 1835 3373 1890 quam

98 1914 214 1969 licet
257 1913 460 1983 laqueo
497 1912 728 1967 mortis:
762 1926 923 1982 quem
958 1910 1091 1965 mihi
1134 1918 1465 1980 paraverunt
1507 1908 1592 1963 vel
1635 1908 1689 1962 in
1723 1899 1766 1957 Β
1794 1920 1955 1975 quam
2001 1905 2130 1959 mihi
2169 1906 2350 1961 cibum
2389 1907 2793 1974 subtraherent,
2841 1924 2945 1962 non
2990 1909 3287 1975 irascebar,
3320 1920 3380 1965 ιιι

98 2008 225 2076 ipso,
256 2014 317 2060 ut
350 2019 570 2075 semper
597 2004 651 2058 in
689 2005 804 2073 ipso
832 2004 960 2069 sint,
992 2002 1099 2058 illis
1142 2002 1467 2073 illaqueatis.
1498 2002 1689 2057 Anima

98 2107 289 2159 autem,
329 2094 386 2149 id
418 2102 523 2158 est,
564 2092 667 2147 mei
696 2092 916 2156 Christi,
960 2092 1014 2147 id
1054 2102 1138 2146 est
1174 2092 1285 2145 vita
1328 2108 1460 2157 mea,
1501 2100 1688 2161 erepta

96 2185 158 2239 de
183 2184 380 2252 laqueo
409 2183 616 2246 mortis,
649 2182 928 2236 exsultabit
956 2182 1011 2236 in
1042 2181 1293 2248 Domino,
1320 2196 1427 2236 non
1451 2180 1505 2235 in
1529 2196 1687 2235 mun-

96 2275 178 2340 do,
201 2283 257 2328 ut
282 2273 362 2328 illi
396 2272 650 2342 laqueati.
679 2270 748 2326 Et
777 2271 1121 2326 delectabitur
1143 2287 1299 2341 super
1319 2270 1545 2325 salutari
1567 2286 1687 2335 suo,

98 2366 146 2419 id
170 2374 269 2430 est,
302 2365 375 2419 de
405 2363 708 2419 salvatione
734 2378 830 2418 sua
860 2363 1094 2433 desuper
1119 2364 1267 2429 data,
1300 2378 1407 2418 non
1440 2364 1492 2416 in
1518 2371 1689 2417 terre-

99 2460 191 2523 nis,
222 2468 279 2513 ut
315 2457 397 2513 illi
431 2458 525 2528 qui
565 2456 842 2527 illaqueati
892 2465 1019 2511 sunt
1066 2455 1283 2511 funibus
1320 2462 1688 2525 peccatorum.

98 2550 158 2604 Et
205 2566 310 2606 non
357 2549 534 2604 solum
582 2546 762 2601 anima
805 2561 924 2602 mea
959 2546 1179 2612 Christi,
1224 2547 1317 2601 sed
1356 2547 1533 2600 omnia
1571 2562 1692 2600 ossa

97 2660 223 2708 mea,
249 2644 303 2697 id
327 2652 442 2708 est,
464 2640 635 2697 fortes
654 2640 779 2704 mei,
807 2639 1078 2694 imitantes
1107 2637 1467 2693 constantiam
1492 2651 1689 2703 meam,

98 2734 259 2788 dicent
282 2750 299 2787 :
328 2732 581 2796 Domine,
605 2731 722 2801 quis
736 2729 927 2784 similis
950 2728 1082 2783 tibi?
1104 2727 1323 2783 Dicetur
1357 2727 1482 2795 illis,
1512 2726 1689 2781 Adora

98 2826 279 2891 solent,
307 2824 481 2881 adora
530 2825 733 2889 lunam,
770 2823 936 2877 adora
975 2830 1210 2877 statuam
1249 2820 1431 2887 lovis;
1482 2820 1574 2877 sed
1618 2820 1695 2876 illi

98 2922 486 2984 cognoscentes
515 2914 629 2967 htec
653 2911 833 2967 omnia
863 2926 984 2966 esse
1004 2926 1167 2981 opera
1187 2919 1300 2976 tua,
1331 2911 1547 2966 dicent:
1581 2909 1691 2964 Do-

102 3005 259 3069 mine,
287 3003 418 3073 quis
447 3002 500 3056 in
531 3001 800 3056 creaturis
843 3000 1036 3056 similis
1073 3000 1185 3055 tui?
1217 2998 1425 3065 Nullus,
1456 3000 1581 3070 quia
1615 3008 1691 3067 tu,

101 3105 149 3147 et
171 3108 272 3147 non
298 3092 465 3156 alius,
490 3107 551 3146 es
570 3090 785 3161 rapiens
806 3091 1031 3161 inopem,
1058 3089 1111 3145 id
1138 3098 1241 3155 est,
1272 3089 1484 3145 ﬁdelem
1510 3090 1693 3145 humi-

100 3184 216 3249 lem,
239 3185 292 3238 in
322 3182 527 3238 nullius
549 3197 649 3252 ope
671 3181 1057 3247 conﬁdentem,
1079 3181 1180 3236 nisi
1207 3181 1259 3235 in
1288 3190 1397 3247 tua,
1422 3181 1487 3235 de
1506 3198 1690 3247 manu,

102 3276 148 3328 id
170 3284 249 3330 est
278 3250 875 3345 potestatepfortiorum
908 3273 1044 3342 ejus.
1081 3272 1352 3339 Quantum
1382 3273 1451 3327 ad
1493 3290 1690 3343 corpus
1714 3250 1762 3313 (ἶ

101 3368 370 3423 Christum
393 3366 505 3436 jam
529 3366 772 3436 eripuisti
804 3384 815 3419 :
841 3373 896 3419 et
919 3365 1161 3436 quotidie
1190 3365 1355 3433 eripis
1374 3365 1493 3435 ejus
1515 3380 1687 3419 mem-

103 3457 188 3510 bra
218 3457 473 3520 interius,
502 3472 608 3511 non
640 3454 960 3525 permittens
995 3454 1117 3508 ullis
1143 3453 1532 3508 tentationibus
1569 3468 1691 3524 apo.

102 3556 314 3611 stature,
350 3546 563 3601 scilicet
602 3547 825 3616 eripiens
849 3561 1086 3615 egenum,
1115 3543 1167 3598 id
1201 3552 1304 3609 est,
1328 3544 1477 3598 illum
1512 3544 1603 3613 qui
1634 3557 1692 3599 se

103 3640 196 3693 sibi
238 3656 348 3693 non
400 3638 647 3693 suﬁicere
689 3637 916 3692 credens
962 3636 1134 3690 credit
1178 3651 1236 3691 se
1270 3650 1431 3706 egere
1479 3636 1693 3690 miseri-

105 3729 275 3782 cordia
310 3728 434 3783 Dei.
467 3726 533 3780 Et
576 3742 876 3796 pauperem,
922 3725 975 3779 id
1004 3734 1108 3789 est,
1138 3725 1287 3779 illum
1319 3724 1408 3793 qui
1451 3724 1554 3779 sibi
1586 3740 1693 3779 non

105 3820 374 3875 suﬁiciens
418 3819 487 3873 ad
526 3808 780 3882 salutem,
822 3816 975 3871 diviti
1018 3815 1128 3871 Deo
1168 3817 1408 3870 adhaeret
1442 3833 1455 3869 :
1488 3832 1520 3869 a
1559 3816 1692 3869 diri-

102 3912 351 3977 pientibus
377 3924 518 3974 eum,
546 3906 822 3963 Christum
847 3921 874 3960 a
906 3904 1106 3961 Judaeis
1129 3914 1185 3961 et
1206 3905 1505 3961 Ecclesiam
1528 3921 1558 3959 a
1583 3906 1694 3962 suis

103 4001 497 4070 peccatoribus.
534 3999 637 4065 Qui
682 3997 999 4067 diripientes
1026 4004 1153 4051 sunt
1193 3996 1367 4050 multi.
1400 3995 1534 4050 Nam
1578 4012 1696 4050 sur—

104 4104 289 4162 gentes,
312 4093 372 4147 id
402 4100 508 4155 est,
537 4097 725 4145 contra
763 4104 851 4144 me
891 4103 950 4144 se
994 4088 1286 4156 erigentes,
1317 4097 1468 4141 testes
1504 4088 1694 4159 iniqui,

103 4184 259 4240 Judaei
285 4194 344 4241 et
362 4184 451 4238 alii
471 4181 754 4247 increduli,
777 4180 967 4235 dantes
983 4179 1350 4234 testimonium
1374 4178 1622 4234 falsitatis
1644 4185 1701 4233 et

107 4272 472 4327 testimonium
496 4269 686 4324 mortis
707 4269 759 4322 in
781 4278 1058 4324 auctorem
1080 4267 1204 4323 vita:
1221 4285 1233 4321 :
1253 4265 1317 4325 Si
1334 4284 1437 4322 non
1460 4278 1589 4345 esset
1614 4267 1699 4321 Itic

105 4364 434 4434 malefactor,
463 4378 564 4416 non
594 4360 686 4414 tibi
719 4360 1124 4414 tradidissemus
1148 4375 1266 4414 eum
1301 4359 1483 4430 (Joan.
1517 4359 1695 4431 xvm).

1790 1997 1881 2051 alii
1924 1997 2128 2052 domini
2160 1997 2352 2064 solent,
2385 1999 2662 2055 subtracto
2691 2000 2829 2055 cibo.
2854 2000 2961 2056 Sed
2982 2002 3036 2055 in
3062 2002 3153 2056 illo
3171 2002 3379 2072 jejunio

1787 2087 2131 2141 humiliabam
2157 2090 2388 2141 animam
2415 2105 2606 2155 meam,
2641 2090 2691 2145 id
2718 2099 2823 2157 est,
2863 2092 3119 2146 humilem
3148 2108 3236 2147 me
3273 2092 3380 2147 illis

1787 2180 2155 2233 ostendebam.
2183 2177 2295 2249 Ego
2316 2180 2633 2233 da’monium
2676 2197 2781 2235 non
2819 2182 2981 2236 habeo
3018 2183 3201 2254 (Joan.
3234 2186 3376 2252 vm).

1792 2267 1871 2323 Tu
1902 2286 1954 2322 es
1981 2266 2220 2323 Christus
2247 2268 2294 2322 F
2299 2269 2420 2324 ilius
2447 2270 2541 2324 Dei
2568 2271 2702 2325 viui!
2722 2270 2765 2324 Τ
2769 2289 2801 2325 tt
2846 2272 2976 2327 dicis
2997 2272 3215 2344 (Matth.
3240 2276 3375 2347 xvt).

1792 2359 1859 2413 Et
1897 2376 2207 2431 quanquam
2250 2361 2305 2416 in
2352 2361 2458 2417 illis
2495 2371 2641 2418 esset
2677 2363 2955 2431 sterilitas,
2984 2373 3163 2421 tamen
3206 2368 3381 2422 oratio

1792 2466 1906 2504 mea
1952 2452 2007 2505 in
2048 2452 2166 2505 sinu
2206 2468 2320 2506 meo
2358 2464 2703 2509 convertetur.
2734 2456 2816 2509 Ad
2861 2454 2979 2512 illos
3006 2467 3377 2522 convertetur,

1790 2542 1881 2611 qui
1912 2540 2239 2612 prazﬁgnrati
2270 2551 2397 2598 sunt
2423 2558 2521 2613 per
2549 2559 2769 2599 manum
2801 2548 3114 2602 mandatam
3157 2547 3381 2619 a'lepra

1792 2634 1847 2689 in
1870 2635 2044 2689 sinum
2065 2634 2363 2689 reductam.
2391 2634 2577 2690 Manus
2598 2636 2741 2690 enim
2766 2636 2932 2708 Moysi
2953 2639 3146 2695 educta
3171 2641 3236 2695 de
3256 2641 3379 2695 sinu

1795 2724 2005 2794 leprosa
2059 2723 2270 2794 (Exod.
2329 2724 2437 2795 tv),
2490 2725 2759 2795 signiﬁcat
2790 2728 3044 2783 ‘rescisos
3094 2743 3382 2800 acorpore
3464 2758 3467 2761 -

1792 2814 1992 2871 Christi
2038 2826 2258 2886 propter
2295 2815 2521 2886 lepram,
2554 2817 2610 2871 id
2655 2825 2762 2883 est,
2792 2819 3092 2874 criminalia
3136 2830 3379 2890 peccata.

1795 2907 1985 2963 Manus
2016 2920 2203 2963 sanata
2236 2908 2289 2962 in
2318 2908 2495 2963 sinum
2533 2909 2754 2964 reducta
2782 2910 3051 2981 signiﬁcat
3077 2926 3175 2981 per
3202 2912 3379 2980 paeni-

1796 3001 2023 3056 tentiam
2081 3001 2388 3065 mundatos,
2431 3008 2487 3055 et
2531 3012 2812 3056 revocatos
2858 3002 2909 3055 in
2945 3001 3240 3057 Ecclesiam
3276 3016 3294 3053 :
3326 3004 3384 3057 in

1794 3094 1914 3148 sinu
1942 3109 2056 3147 meo
2090 3101 2438 3158 convertetur,
2464 3092 2516 3148 id
2546 3101 2651 3158 εει,
2687 3109 2717 3147 a
2763 3092 2889 3148 [iliis
2918 3094 3013 3148 ira:
3041 3102 3384 3149 convertetur

1798 3186 1850 3240 in
1882 3184 2022 3240 ﬁlios
2067 3184 2477 3250 misericordizn,
2524 3195 2584 3239 ut
2620 3186 2741 3241 illos
2770 3194 3073 3248 convertat,
3101 3196 3156 3242 et
3196 3187 3249 3242 in
3278 3187 3384 3243 illis

1794 3291 1901 3331 non
1932 3276 2002 3329 sit
2027 3275 2379 3340 infructuosa,
2407 3276 2497 3345 qui
2524 3276 2580 3329 in
2610 3276 2730 3330 sinu
2773 3275 3161 3332 misericordiae
3191 3277 3284 3332 Dei
3313 3280 3381 3335 ad

1793 3367 1959 3420 vitam
1986 3366 2351 3436 przedestinati
2383 3376 2509 3420 sunt
2542 3384 2557 3420 :
2587 3368 2805 3436 quidam
2834 3371 2980 3425 enim
3028 3368 3079 3423 in
3130 3370 3383 3439 passione

1792 3458 2038 3512 conversi
2071 3464 2214 3512 sunt.
2239 3457 2409 3511 Aliter
2434 3458 2589 3525 quasi
2618 3457 2764 3511 dicat
2795 3476 2807 3512 :
2834 3459 2933 3528 Ipsi
2967 3460 3096 3514 mihi
3127 3460 3379 3513 sterilita~

1793 3555 1894 3602 tem
1925 3563 2080 3603 suam
2107 3547 2329 3611 dabant,
2372 3547 2423 3601 id
2452 3556 2555 3612 est,
2584 3561 2645 3602 se
2679 3548 2891 3605 steriles
2914 3559 2967 3604 et
2997 3548 3381 3613 infructuosos,

1792 3655 1886 3709 ego
1904 3647 2077 3692 autem
2105 3653 2224 3690 cum
2250 3637 2378 3690 mihi
2401 3636 2603 3692 molesti
2624 3648 2811 3705 essent,
2838 3640 2892 3694 id
2912 3649 3017 3705 est,
3045 3639 3386 3710 despicerent

1793 3741 2014 3802 propter
2054 3728 2296 3784 habitum
2346 3730 2613 3799 pauperis,
2647 3731 2905 3785 induebar
2951 3731 3142 3798 cilicio,
3174 3732 3228 3787 id
3275 3741 3378 3799 est,

1794 3817 2054 3886 quosdam
2077 3832 2144 3871 ex
2169 3817 2271 3873 illis
2292 3819 2666 3888 peccatoribus
2688 3818 2789 3875 feci
2810 3821 3181 3876 indumentum
3196 3835 3383 3885 meum

1794 3916 1851 3963 et
1892 3910 2227 3965 conformavi
2266 3926 2361 3966 eos
2406 3911 2561 3965 mihi.
2591 3911 2657 3966 Et
2706 3920 2885 3967 tamen
2922 3912 3288 3976 Itumiliabam,
3329 3912 3385 3967 id

1796 4008 1900 4065 est,
1931 4002 2290 4056 extenuabam
2321 4010 2377 4056 et
2406 4002 2747 4057 macerabam
2777 4003 3013 4057 animam
3038 4019 3214 4058 meam
3241 4003 3388 4073 jeju-

1798 4094 1908 4158 nio,
1935 4093 2062 4162 quia
2087 4109 2192 4149 non
2224 4101 2303 4148 tot
2331 4094 2719 4148 manducabatn
2747 4103 2877 4164 quot
2907 4094 3173 4151 volebam.
3197 4093 3382 4149 Solum

1798 4184 1942 4240 enim
1988 4183 2251 4239 latronem
2282 4184 2492 4239 comedi
2537 4194 2592 4239 et
2622 4184 2760 4240 alios
2785 4200 2987 4255 paucos
3019 4183 3171 4256 (Luc.
3202 4184 3381 4253 mn).

1800 4272 2120 4345 Quanquam
2147 4284 2369 4344 possent
2393 4289 2723 4345 cognoscere
2750 4275 2804 4329 in
2831 4289 2919 4330 me
2945 4275 3087 4328 unde
3121 4288 3275 4329 mens
3311 4274 3388 4328 ci-

1799 4365 1902 4421 bus
1920 4364 2131 4430 ﬁerent,
2157 4365 2284 4435 quia
2304 4365 2481 4420 oratio
2502 4379 2621 4420 mea
2644 4380 2749 4420 non
2770 4365 2939 4420 exibit
2961 4363 3108 4419 foras
3130 4364 3197 4418 ad
3219 4363 3383 4419 alios:

106 4455 168 4509 Et
195 4471 387 4511 revera
438 4453 608 4524 iniqui
630 4460 801 4517 testes,
826 4452 953 4522 quia
982 4466 1099 4521 qua:
1126 4450 1452 4520 ignorabant,
1479 4452 1689 4505 interro-

1803 4458 1899 4514 sed
1933 4465 2279 4513 convertetur
2307 4457 2453 4512 intus
2496 4456 2551 4511 in
2591 4456 2769 4512 sinum
2814 4470 2991 4511 meum
3037 4456 3105 4509 ad
3153 4454 3386 4509 Verbum

106 4547 288 4615 gabant
309 4562 415 4611 me,
448 4545 501 4599 id
530 4552 635 4609 est,
663 4551 880 4613 peccata
910 4556 1031 4611 quae
1056 4555 1157 4612 ego
1186 4556 1283 4611 per
1308 4541 1691 4612 experientiae
1727 4607 1767 4618 _
1802 4546 1933 4602 mihi
1955 4546 2309 4618 personaliter
2332 4546 2561 4602 unitum.
2590 4544 2706 4600 Non
2728 4544 2872 4600 enim
2908 4545 3129 4600 orabam
3162 4544 3296 4600 foris
3319 4546 3388 4600 ad

110 4607 431 4704 nesciebant,
465 4607 853 4706 interrogando
883 4607 1013 4689 mihi
1036 4607 1406 4706 imponebant.
1432 4636 1499 4690 Et
1522 4636 1577 4690 in
1604 4635 1695 4690 illa
1727 4607 1774 4668 D
1800 4607 2042 4705 alios,-ut
2061 4638 2242 4694 caueri
2264 4638 2565 4693 hominum.
2588 4636 2683 4692 Vel
2706 4650 3017 4707 quanquam
3046 4636 3387 4700 humiliabar,

110 4729 550 4799 interrogatione,
593 4726 942 4781 retribuebant
986 4726 1117 4779 mihi
1161 4724 1305 4780 mala
1348 4741 1443 4795 pro
1484 4726 1629 4781 bonis
1680 4746 1694 4782 :

110 4822 246 4889 quod
282 4820 681 4893 iniquissimum
711 4830 813 4874 est.
856 4818 957 4886 Qui
1000 4834 1107 4874 non
1156 4818 1333 4874 reddit
1362 4820 1561 4875 bonum
1599 4834 1699 4890 pro

109 4910 262 4974 bono,
292 4912 537 4983 ingratus
562 4918 675 4976 est;
705 4910 797 4981 qui
826 4918 1007 4965 autem
1038 4909 1237 4966 malum
1268 4926 1366 4981 pro
1393 4911 1557 4978 malo,
1580 4927 1698 4967 ma—

112 4998 190 5055 lus
234 5011 323 5056 est
351 5016 367 5057 :
397 5002 491 5072 qui
536 5015 667 5057 vero
692 4998 892 5055 malum
923 5015 1020 5070 pro
1048 5001 1215 5067 bono,
1245 5002 1462 5071 iniquus
1494 5012 1612 5068 est;
1644 5002 1698 5058 id

111 5099 209 5155 est,
240 5091 614 5147 retribuebant
646 5098 903 5155 mortem,
931 5104 1052 5160 quae
1082 5090 1224 5144 mala
1276 5099 1396 5145 erat
1434 5100 1697 5161 quantum

112 5182 175 5236 ad
194 5197 385 5237 eorum
416 5182 790 5248 intentionem,
822 5196 921 5252 pro
949 5182 1060 5237 vita
1092 5196 1108 5235 :
1140 5183 1258 5238 hzec
1288 5181 1449 5248 mala,
1489 5182 1699 5238 scilicet

806 5288 827 5292 ά
880 5271 931 5301 ἶιι
972 5280 1048 5312 “cl
1093 5272 1215 5312 vitm
1258 5287 1391 5310 niam
1454 5273 1564 5310 la‘nn
1597 5272 1701 5324 illis

1797 4744 2106 4801 quanquam
2137 4746 2244 4783 nun
2272 4728 2571 4794 irascebar,
2600 4736 2777 4783 tamen
2803 4729 2974 4782 oratio
3018 4744 3133 4782 mea
3180 4727 3236 4782 in
3265 4728 3389 4780 sinu

1798 4836 1912 4875 meo
1939 4829 2284 4886 convertetur,
2314 4819 2367 4874 id
2394 4827 2498 4885 est,
2530 4820 2797 4875 habebam
2826 4819 3020 4886 Deum,
3048 4820 3103 4874 in
3136 4834 3221 4873 me
3249 4818 3389 4888 ipso,

1797 4923 1897 4980 per
1920 4922 2080 4977 quem
2112 4922 2324 4977 possem
2351 4907 2629 4964 vindicare
2655 4909 2709 4963 in
2730 4923 2843 4963 eos.
2870 4907 2976 4964 Sed
3000 4909 3120 4964 ideo
3141 4907 3390 4962 humilia-

1798 5001 1941 5066 bam,
1968 5001 2092 5071 quia
2119 4999 2527 5071 complacebam,
2553 5000 2761 5057 scilicet
2785 5001 2917 5057 mihi
2943 5002 2998 5056 in
3024 5001 3392 5056 admonitione

1799 5093 2035 5160 illorum,
2058 5093 2137 5149 sic
2158 5092 2311 5163 quasi
2353 5091 2552 5161 aliquis
2575 5090 2775 5162 gaudet
2811 5092 2867 5147 in
2907 5091 3245 5148 admonendo
3272 5089 3389 5157 fra-

1799 5195 1930 5241 trem
1960 5187 2043 5241 vel
2089 5186 2408 5256 proximum.
2446 5184 2513 5241 Et
2541 5196 2721 5242 tamen
2751 5185 2833 5242 sic
2871 5185 3188 5240 bumiliabar
3214 5181 3281 5235 ab
3309 5181 3392 5235 eis

1807 5282 1959 5320 ιπηιοὸ
1983 5280 2164 5319 Iunone
2192 5289 2238 5316 ΔΙ
2266 5279 2608 5316 ρηηονῖοιημη
2652 5280 2704 5314 ςιι
2730 5288 2808 5312 nol
2863 5287 2915 5312 nl
2942 5290 3147 5313 naccam
3176 5284 3390 5310 bonum.
