3930 5502
529 343 637 402 επ

1159 338 1419 396 ΒΕΜΙΕΠ
1460 333 2118 395 ANTISSIODORENSIS
2153 332 2304 391 OPP.
2344 331 2524 391 PARS
2564 331 2603 387 l.
2646 363 2711 372 -—
2749 328 3159 387 EXEGETICA.

3695 331 3797 388 39.4

524 455 986 523 convenientibus,
1010 463 1316 527 congregata
1344 464 1461 509 sunt
1492 470 1648 524 super
1681 469 1762 507 me
1787 450 2017 522 ﬂagella,
2043 460 2113 515 et,
2146 456 2188 515 Α
2224 448 2487 504 timebant
2514 447 2764 503 amittere
2790 446 2967 501 locum
2996 454 3053 500 et
3078 453 3292 516 gentem
3318 444 3485 515 (Joan
3503 445 3606 515 xu).
3642 445 3800 501 Delos

523 550 629 604 hoc
670 549 786 602 sine
839 562 953 601 mea
1011 546 1189 616 culpa,
1240 546 1366 615 quia
1427 546 1665 615 ignoravi
1721 558 1827 598 non
1887 556 2105 612 poenam

525 639 621 693 sed
680 652 901 692 causam
957 650 1129 707 pusum
1191 636 1316 706 quia
1376 636 1519 689 nulla
1576 644 1695 690 erat
1748 649 1868 688 mea
1930 633 2108 701 culpa.

525 729 780 798 Dissipati
842 737 1003 789 sunt,
1058 727 1109 780 id
1168 734 1289 791 est,
1344 726 1759 786 dissentientes,
1812 740 1842 778 a
1902 740 1961 779 se
2024 725 2110 777 in-

524 819 670 875 venti
728 827 871 873 sunt.
931 816 1034 870 Alii
1083 815 1368 879 dicebant,
1423 817 1548 885 quia
1604 816 1769 869 bonus
1819 823 1897 869 est
1952 828 1970 866 :
2017 813 2111 867 alii

525 921 698 965 autem
731 926 832 963 non
880 907 1061 976 (Joan.
1106 907 1244 976 vn):
1279 922 1382 963 nec
1427 918 1607 961 tamen
1656 922 1686 961 a
1740 907 2113 978 persecutione

527 1017 644 1056 mea
678 1001 999 1057 destiterunt
1023 1017 1035 1052 :
1066 998 1149 1053 vel
1188 999 1291 1055 hoc
1320 999 1478 1054 modo
1505 998 1747 1067 dissipati
1769 1038 1785 1063 ,
1815 998 1865 1051 id
1889 1006 2006 1059 est,
2028 997 2113 1053 di-

520 1092 649 1148 visi.
708 1094 815 1147 Aut
850 1092 954 1145 duo
992 1092 1195 1147 Christi
1224 1100 1381 1156 sunt,
1431 1099 1524 1145 aut
1566 1090 1654 1145 hic
1681 1098 1784 1145 est.
1816 1088 1915 1143 Vel
1943 1089 2113 1144 timidi

528 1170 655 1239 facti
696 1192 822 1240 sunt
865 1198 964 1253 pro
1011 1183 1286 1239 miraculis
1315 1198 1411 1253 pro
1441 1182 1773 1237 obscuritate
1819 1181 1950 1238 solis
1977 1221 1992 1246 ,
2018 1196 2115 1251 pro

527 1287 684 1332 terrae
711 1282 890 1339 motu,
926 1292 1017 1329 nec
1044 1283 1225 1329 tamen
1262 1283 1388 1329 sunt
1414 1274 1730 1344 compuncti.
1766 1272 2114 1327 Tentaverunt

526 1382 609 1420 me
636 1366 836 1436 potius.
871 1365 933 1421 Si
960 1364 1130 1419 Filius
1156 1366 1250 1420 Dei
1273 1376 1371 1430 est,
1403 1365 1680 1420 descendat
1713 1382 1850 1419 nunc
1876 1366 1940 1419 de
1961 1380 2115 1418 cruce

526 1458 679 1528 (Luc.
700 1457 1347 1528 xxm).Subsannaverunt
1367 1476 1449 1513 me
1462 1460 1889 1524 subsannatione,
1908 1459 2118 1515 scilicet

530 1559 720 1619 aperta
748 1550 998 1605 irrisione
1026 1560 1039 1604 ξ
1068 1550 1192 1613 Are,
1229 1566 1320 1604 rex
1338 1550 1646 1604 Juda'orum
1670 1550 1881 1620 (.llattlt.
1918 1550 2113 1622 xxv").

530 1640 905 1695 Frcnduerunt
931 1657 1087 1711 super
1112 1657 1193 1694 me
1218 1641 1459 1695 dentibus
1480 1643 1611 1707 suis,
1638 1642 1919 1712 Cruci/ige,
1945 1642 2118 1696 cruci-

529 1748 592 1802 ge
615 1730 795 1801 (Joan.
822 1733 956 1805 xu).
991 1732 1228 1797 Domine,
1246 1734 1457 1802 quando
1487 1735 1767 1803 respicies?
1792 1734 1869 1788 Ex
1888 1748 2119 1803 persona

2214 542 2533 611 cogitabant,
2560 538 2732 601 idest,
2764 536 2953 592 mortis
2967 551 3163 591 causas
3188 536 3383 590 callide
3403 536 3797 605 exquirebant:

2214 644 2269 690 et
2284 634 2523 697 tandem,
2537 630 2883 686 dilatavcrunt
2901 646 3058 700 super
3073 645 3153 684 me
3179 646 3236 683 os
3256 645 3431 691 suum,
3452 629 3507 685 id
3521 638 3629 691 est,
3661 645 3802 685 mor-

2218 732 2286 787 tis
2304 731 2599 785 sententias
2626 731 2677 784 in
2699 745 2783 785 me
2806 730 3089 785 dederunt.
3108 728 3246 784 Reus
3268 739 3342 783 est
3365 730 3551 784 mortis
3578 729 3799 799 (Matth.

2217 823 2393 893 xxvi).
2422 823 2487 877 Et
2516 822 2684 894 gavisi
2714 831 2840 877 sunt
2860 822 2927 876 de
2949 830 3121 876 morte
3150 836 3299 887 mea;
3346 820 3471 891 quia
3505 821 3759 874 dixerunt
3781 837 3800 875 :

2216 915 2381 987 Euge,
2409 916 2568 986 euge!
2592 917 2726 969 bene
2754 914 2934 969 evenit
2962 933 2975 968 :
3002 914 3236 968 uiderunt
3266 912 3407 977 oculi
3432 914 3626 975 nostri,
3659 913 3801 982 quod

2214 1008 2366 1076 prius
2388 1006 2740 1075 speravimus,
2766 1012 2826 1059 ut
2851 1004 2941 1074 qui
2965 998 3313 1073 promittebat
3334 1005 3523 1069 vitam,
3552 1020 3806 1060 morere-

2217 1108 2321 1152 tur.
2352 1096 2451 1151 Ubi
2476 1111 2617 1152 nunc
2639 1095 2776 1152 facta
2805 1104 2895 1149 tua
2918 1095 2943 1149 ?
2966 1095 3056 1150 ubi
3086 1095 3386 1150 mirabilia?
3407 1095 3469 1152 Si
3500 1094 3687 1149 Filius
3712 1095 3803 1150 Dei

2216 1198 2313 1250 est,
2344 1186 2621 1240 descendat
2655 1186 2720 1239 de
2773 1201 2926 1239 cruce
2969 1182 3183 1255 (Matth.
3213 1183 3405 1256 xxv").
3444 1182 3670 1246 Vidisti,
3705 1184 3804 1240 Do-

2217 1278 2373 1332 mine.
2395 1276 2557 1343 Quasi
2573 1275 2718 1331 dicat
2742 1291 2756 1329 :
2782 1276 2884 1346 Ipsi
2906 1275 3153 1331 viderunt
3173 1276 3479 1345 passionem
3506 1277 3805 1339 meam,vi-

2218 1367 2413 1421 derunt
2434 1376 2660 1422 mortem
2688 1381 2863 1421 meam
2886 1365 3400 1435 quipossuntdecipi
3427 1369 3553 1421 :sed
3590 1375 3676 1430 tn,
3704 1364 3802 1419 Do—

2220 1459 2380 1524 mine,
2407 1460 2500 1528 qtti
2548 1473 2651 1513 non
2700 1467 2855 1527 potes
2899 1456 3033 1522 falli,
3080 1456 3249 1513 vidisti
3277 1457 3733 1527 pmnam,uidisti
3758 1466 3807 1511 et

2218 1564 2434 1603 causam
2465 1564 2483 1602 :
2507 1558 2562 1602 et
2584 1547 2704 1603 ideo
2733 1564 2795 1602 ne
2824 1546 3001 1612 sileas,
3019 1547 3225 1604 scilicet
3249 1564 3278 1600 a
3298 1545 3524 1615 judicio,
3540 1548 3637 1617 qui
3666 1547 3807 1601 visus

2219 1654 2278 1697 es
2317 1639 2477 1695 silere
2521 1638 2729 1695 scilicet
2770 1638 2824 1693 in
2872 1653 3028 1707 poena
3079 1655 3196 1694 utea
3224 1653 3239 1692 :
3270 1654 3333 1691 ne
3367 1637 3526 1692 sileas
3556 1637 3615 1691 in
3646 1653 3804 1692 causa

2221 1746 2362 1795 mea,
2395 1730 2620 1787 ostende
2666 1746 2880 1784 causam
2928 1744 3104 1784 meant
3152 1743 3275 1784 esse
3320 1726 3605 1783 meliorem
3644 1742 3804 1783 causa

530 1836 752 1876 suorum
786 1823 888 1877 boe
940 1823 1102 1887 dicit,
1143 1823 1341 1891 quibus
1400 1822 1615 1893 longum
1662 1823 1875 1878 videtur
1910 1823 2113 1878 dill‘erri
2148 1824 2191 1883 Β
2218 1820 2546 1883 Ιιιιὶωοιιιιιι,
2602 1835 2689 1875 me
2733 1819 3128 1875 resuscitando.
3174 1818 3231 1873 Si
3282 1833 3388 1872 non
3441 1818 3709 1872 descendi
3740 1818 3801 1871 de

528 1914 821 1970 vindictam
847 1926 1018 1984 usque
1047 1916 1098 1969 itt
1129 1930 1474 1970 communem
1510 1915 1981 1970 resurrectionem.
2008 1914 2119 1969 Cur

528 2019 636 2059 non
665 2006 823 2060 modo
842 2005 1117 2059 vindicas?
1140 2004 1250 2060 Cur
1278 2019 1378 2059 nos
1405 2004 1564 2059 modo
1586 2020 1691 2059 non
1721 2005 1989 2060 coronas?
2016 2005 2117 2072 Qui

527 2094 732 2149 videris
758 2094 1067 2164 despexisse
1089 2095 1149 2149 in
1169 2109 1328 2164 pinna
1350 2136 1363 2159 ,
1388 2110 1490 2150 cur
1517 2110 1621 2149 non
1654 2096 1878 2166 reSpieis
1900 2096 1953 2150 in
1977 2094 2121 2164 judi-

535 2186 656 2242 cio?
700 2185 865 2253 Quasi
894 2188 1039 2242 dicat
1069 2204 1081 2239 :
1114 2187 1239 2241 Scio
1289 2202 1389 2243 cur
1408 2182 1597 2243 dillers
1630 2207 1642 2242 :
1678 2203 1783 2243 non
1833 2187 1966 2243 lacis
2019 2190 2121 2243 boe

532 2278 723 2342 taedio,
753 2278 846 2332 sed
870 2292 1073 2343 amore,
1097 2293 1205 2332 non
1234 2293 1298 2333 cx
1324 2278 1500 2349 inopia
1523 2320 1540 2344 ,
1567 2280 1661 2333 sed
1688 2294 1754 2333 ex
1780 2279 2009 2333 ratione.
2040 2278 2123 2333 Tu

532 2368 676 2424 enim
707 2376 897 2439 potens
919 2384 978 2424 es
1006 2370 1153 2429 dare,
1185 2368 1279 2425 sed
1304 2385 1404 2441 ego
1425 2371 1694 2441 impotens
1715 2372 1979 2443 accipere.
2005 2370 2123 2427 Non

532 2476 600 2516 ex
627 2461 945 2531 impotentia
979 2462 1081 2516 hoc
1110 2462 1241 2517 lacis
1260 2503 1275 2530 ,
1303 2464 1397 2518 sed
1428 2478 1496 2518 ex
1519 2465 1923 2535 Opportunitate
1942 2508 1956 2529 ,
1980 2474 2040 2520 ut
2067 2467 2122 2520 in

534 2551 806 2606 communi
830 2552 1227 2607 resurrectione
1278 2552 1453 2620 majus
1481 2554 1552 2609 sit
1589 2556 1866 2624 gaudium.
1892 2554 2124 2610 Restitue

534 2641 766 2696 animam
787 2658 971 2705 meam,
1006 2642 1242 2697 animam
1272 2642 1474 2698 Christi
1505 2645 1582 2699 ιιιί
1601 2644 2009 2716 ,a‘malignitate
2033 2662 2122 2700 eo-

535 2752 683 2803 rum,
724 2736 777 2791 in
808 2746 1048 2807 tempore
1070 2737 1481 2807 przcdestinato,
1527 2754 1556 2793 a
1604 2748 1779 2795 morte
1803 2755 1963 2809 quam
1993 2740 2125 2793 mibi

538 2837 866 2899 paraverunt
888 2828 1129 2899 maligni,
1152 2839 1198 2882 et
1217 2830 1422 2883 unicam
1439 2846 1627 2894 meum,
1649 2830 1699 2885 id
1727 2840 1810 2885 est
1830 2830 2124 2885 Ecclesium

537 2934 734 2983 tneam,
759 2920 916 2973 unice
937 2918 1209 2973 dilectam.
1243 2917 1338 2973 Vel
1363 2920 1599 2973 animum
1627 2935 1829 2985 meam,
1853 2921 1978 2989 quia
2002 2920 2123 2974 uni-

537 3026 600 3067 ca
633 3012 717 3065 vel
744 3013 855 3067 sola
884 3027 913 3065 a
938 3022 1161 3081 peccato
1188 3013 1443 3069 immunis
1474 3032 1490 3069 :
1515 3014 1681 3069 libera
1718 3033 1751 3069 a
1780 3016 2013 3069 leonibus
2034 3057 2051 3081 ,
2076 3016 2126 3069 id

538 3111 641 3167 est,
666 3119 698 3157 a
716 3101 997 3158 ferocitate
1018 3102 1346 3159 Iudaeorum.
1373 3103 1605 3160 Restitue
1630 3105 1930 3172 aleom'bus,
1956 3108 2006 3161 id
2023 3115 2124 3172 est,

541 3193 709 3248 libera
767 3194 837 3249 ab
884 3194 971 3249 bis
993 3234 1009 3261 ,
1036 3195 1127 3264 qui
1168 3205 1221 3249 ut
1252 3196 1435 3254 leones
1465 3196 1705 3252 lacerant
1726 3213 1947 3252 carnem
1984 3197 2120 3267 ejus.
2152 3177 2195 3240 ο

541 3283 637 3338 Vel
674 3301 707 3337 a
733 3282 987 3350 leonibus,
1015 3286 1068 3340 id
1110 3294 1212 3349 est,
1246 3303 1276 3341 a
1305 3287 1624 3342 crudelitate
1652 3289 1851 3344 diaboli
1886 3299 1940 3343 et
1964 3291 2123 3344 mini.

540 3385 775 3430 strorum
798 3375 933 3445 ejus.
963 3377 1028 3431 Et
1048 3393 1154 3447 quo
1182 3377 1355 3433 fructu
1380 3387 1504 3450 pcto
1531 3395 1616 3434 me
1635 3382 1791 3435 erui?
1818 3380 1928 3437 Hoc
1952 3401 1965 3436 :
2010 3400 2130 3437 con-

539 3466 837 3535 ﬁtebortibi
866 3468 920 3522 in
948 3468 1183 3523 Ecclesia
1212 3487 1401 3541 magna
1434 3512 1448 3538 ,
1508 3472 1561 3526 id
1594 3482 1679 3527 est
1706 3474 1879 3543 ampla
1915 3492 1929 3530 :
1961 3476 2131 3529 conti-

550 3558 698 3611 nenti
750 3559 923 3612 bonos
960 3567 1015 3612 et
1068 3559 1239 3614 malos
1268 3599 1283 3624 ,
1316 3575 1484 3629 grana
1514 3571 1573 3615 et
1600 3563 1783 3632 paleas
1814 3582 1825 3617 :
1857 3565 1911 3617 in
1938 3565 2128 3634 popqu

543 3651 689 3719 gravi
721 3649 949 3704 laudabo
977 3659 1047 3715 tc,
1097 3667 1204 3706 non
1240 3652 1292 3706 in
1337 3652 1517 3722 palea,
1572 3654 1623 3706 id
1652 3664 1730 3709 est
1759 3695 1773 3719 ,
1805 3672 1911 3710 non
1946 3656 1998 3709 in
2027 3655 2132 3711 illis

542 3755 681 3810 quos
702 3750 895 3795 ventus
909 3741 1264 3797 tentationum
1292 3744 1537 3798 sublevat
1564 3754 1619 3799 et
1649 3745 1907 3815 dissipat,
1949 3746 2041 3801 sed
2072 3746 2131 3800 il-

540 3831 613 3886 lis
641 3832 730 3899 qui
751 3830 853 3885 lidc
875 3840 931 3885 et
953 3845 1115 3899 Opere
1138 3834 1275 3886 ﬁrmi
1304 3840 1359 3887 et
1392 3833 1613 3889 stabiles
1638 3834 1797 3890 nullis
1824 3835 2129 3889 tentationi-

542 3925 647 3978 bus
681 3932 982 3987 moventur,
1005 3924 1061 3977 in
1093 3924 1177 3979 bis
1204 3926 1486 3979 ostendam
1519 3934 1572 3979 te
1601 3926 1944 3981 laudabilem.
1982 3928 2046 3980 Et
2074 3937 2133 3981 ut

538 4018 746 4088 possim
775 4026 827 4071 te
854 4017 1071 4073 laudare
1091 4018 1144 4072 itt
1173 4018 1370 4088 populo
1392 4019 1563 4087 gravi,
1593 4036 1693 4073 non
1716 4020 2132 4089 supergaudeunt

540 4110 675 4163 mihi
705 4149 721 4173 ,
747 4110 838 4180 qui
869 4110 1037 4180 gavisi
1071 4120 1197 4164 sunt
1249 4112 1301 4166 in
1348 4120 1521 4167 morte
1554 4126 1659 4167 non
1702 4113 2135 4183 supergaudeant

549 4217 654 4255 non
678 4202 976 4273 resurgenti
1006 4202 1171 4257 Judaei
1198 4243 1212 4267 ,
1243 4203 1332 4274 qui
1384 4203 1733 4258 adversantur
1760 4204 1886 4258 mihi
1914 4204 2088 4273 inique
2117 4222 2129 4256 :

547 4293 672 4361 quia
698 4292 893 4347 inﬁrmi
912 4293 1139 4359 medico,
1170 4296 1307 4348 servi
1328 4294 1574 4358 Domino,
1591 4304 1839 4353 creatura
1866 4294 2130 4349 Creatori.

546 4384 795 4439 Ostendit
824 4387 1094 4457 quomodo
1124 4386 1322 4457 inique.
1354 4386 1457 4452 Qui
1488 4387 1708 4441 oderunt
1740 4402 1821 4440 me
1848 4386 2012 4456 gratis
2034 4427 2047 4448 ,
2081 4387 2131 4441 id

549 4485 634 4529 est
661 4477 776 4531 sine
805 4492 989 4541 causa,
1041 4488 1086 4530 et
1116 4489 1352 4532 annuum
1379 4478 1566 4540 oculis,
1600 4479 1651 4532 id
1678 4488 1780 4543 est,
1813 4479 1995 4537 dolose
2021 4492 2133 4533 me-

552 4581 674 4620 cum
699 4576 891 4637 agunt,
915 4582 1101 4637 pacem
1132 4568 1310 4623 verbis
1339 4568 1751 4638 pnetendentes.
1777 4585 1937 4640 opere
1958 4582 2132 4626 autem

553 4658 771 4712 bellum.
806 4658 897 4713 Vel
924 4658 1355 4722 annuuntoculis,
1386 4659 1630 4715 utlndas
1658 4678 1670 4713 :
1702 4659 1821 4728 Ipse
1842 4672 1939 4726 est,
1971 4672 2136 4716 tenere

552 4768 671 4804 eum
704 4751 917 4822 (Matth.
950 4752 1121 4822 xxvt).
1153 4752 1326 4806 Aliter
1351 4768 1448 4822 pro
1474 4753 1731 4807 membris
1758 4768 1773 4806 :
1796 4752 1841 4808 Ο
1869 4754 2094 4809 Domine
2116 4792 2131 4816 ,

554 4854 614 4897 ιιι
645 4854 694 4898 te
739 4844 948 4899 laudent
983 4845 1116 4898 meis
1141 4886 1155 4908 ,
1189 4861 1291 4897 non
1333 4844 1749 4914 supergaudeant
1777 4846 1903 4898 mihi
1928 4886 1942 4908 ,
1973 4845 2023 4897 id
2053 4853 2136 4897 est

558 4936 711 5001 meis,
734 4952 821 5006 qut
854 4938 1197 4989 adversantur
1221 4936 1348 4987 mihi
1374 4935 1567 5004 inique.
1602 4933 1713 4989 Non
1758 4934 2139 5005 supervaleant

556 5026 726 5095 palea:
764 5025 974 5095 granis,
998 5025 1205 5077 scilicet
1225 5033 1284 5076 nt
1316 5023 1494 5093 plures
1542 5024 1820 5076 imitentur
1844 5025 2008 5077 vitam
2038 5024 2139 5075 im-

560 5116 791 5184 piorum,
818 5128 979 5183 quam
1004 5114 1161 5166 ﬁdem
1186 5122 1239 5166 et
1266 5112 1425 5163 vitam
1450 5121 1789 5175 sanctorum,
1829 5116 1917 5181 qui
1960 5112 2138 5183 gravi-

562 5212 726 5257 tatem
752 5218 960 5257 morum
982 5209 1034 5254 et
1060 5201 1400 5255 sanctitatem
1440 5201 1561 5255 vita:
1612 5200 1831 5255 habent.
1862 5202 2027 5271 Quasi
2056 5203 2135 5257 di-

560 5306 651 5349 cat
677 5296 774 5349 :Et
797 5310 904 5350 non
936 5296 1130 5348 mirntn
1166 5293 1211 5345 si
1250 5309 1371 5347 cum
1398 5292 1531 5347 meis
1560 5294 1743 5348 dolose
1770 5309 1936 5367 agunt
1965 5339 1980 5363 ,
2004 5314 2140 5369 quo-

566 5385 709 5437 niam
736 5384 861 5436 milti
889 5383 1097 5451 quidem
1122 5421 1136 5443 ,
1168 5383 1258 5450 qui
1291 5383 1546 5438 immunis
1576 5399 1692 5439 sum
1721 5399 1750 5437 a
1780 5390 2141 5459 pcccato,qui

560 5482 622 5502 1-1
656 5473 980 5502 ηὶηδῖιιιιιγηλ
1009 5473 1268 5502 mantelum-ms
1300 5474 1419 5502 ινΑηῖ
1466 5478 1973 5502 ---2ι--ι-....-ι-...

2221 1930 2403 1979 cruce,
2434 1928 2710 1984 resurgam
2745 1915 2810 1966 de
2835 1911 3103 1981 sepulcro.
3133 1910 3219 1974 Et,
3248 1925 3332 1964 me
3362 1909 3727 1969 resuscitato,
3750 1926 3805 1961 ne

2220 2005 2460 2060 discedas
2490 2021 2523 2057 a
2547 2020 2648 2067 me,
2678 2004 2831 2058 idest
2862 2018 2892 2056 a
2918 2003 3074 2066 meis,
3106 2002 3280 2056 dando
3307 2000 3409 2057 illis
3436 2000 3802 2055 constantiam

2226 2111 2326 2167 per
2369 2093 2553 2159 iidem,
2600 2109 2773 2165 spem,
2813 2102 2867 2148 et
2905 2094 3252 2157 charitatem,
3278 2093 3368 2161 qui
3400 2093 3587 2147 dixisti
3624 2109 3639 2144 :
3683 2090 3805 2144 Ecce

2220 2204 2313 2258 ego
2353 2187 2619 2241 vobiscum
2667 2203 2783 2241 sunt
2832 2185 3070 2240 omnibus
3118 2186 3301 2240 diebus
3350 2185 3533 2257 (Matt.
3588 2187 3802 2249 xxvnt).

2221 2278 2484 2349 Exsurge,
2516 2278 2759 2341 Domine,
2784 2279 2835 2333 id
2868 2287 2970 2341 est,
2996 2278 3222 2332 ostende
3248 2278 3551 2347 potentiam
3580 2288 3733 2332 tuam
3760 2279 3805 2331 in

2222 2371 2620 2426 resurrectione
2641 2384 2791 2424 mea:
2822 2369 2913 2439 qui
2939 2369 3088 2424 visus
3109 2384 3169 2423 es
3184 2368 3371 2436 jacere
3386 2369 3439 2422 in
3468 2379 3655 2424 morte
3670 2384 3803 2424 mea.

2223 2463 2289 2519 Et
2313 2463 2385 2517 ita
2396 2478 2631 2532 exsurge
2653 2479 2667 2519 :
2686 2462 2893 2517 intende
2901 2462 3108 2531 judicio
3131 2478 3264 2527 meo,
3278 2462 3333 2516 id
3348 2470 3453 2526 est,
3470 2462 3804 2517 irrcmissmn

2226 2567 2278 2613 te
2304 2556 2384 2613 fac
2411 2557 2462 2612 itt
2481 2556 2838 2612 discernenda
2854 2571 3073 2610 causam
3115 2570 3293 2609 nteam
3311 2570 3341 2608 a
3370 2569 3538 2610 causa
3569 2554 3801 2615 illorum,

2225 2663 2344 2703 cum
2373 2648 2570 2717 quibus
2594 2660 2750 2717 paena
2778 2655 2862 2703 est
2894 2661 3008 2717 par.
3034 2647 3103 2700 Et
3129 2646 3227 2701 hoc
3252 2654 3332 2701 est
3358 2646 3505 2716 quod
3537 2648 3805 2715 sequitur,

2225 2738 2368 2795 Deus
2390 2755 2537 2793 meus
2564 2738 2906 2800 necessitate,
2940 2746 2993 2791 et
3027 2736 3284 2791 Dominus
3311 2738 3614 2792 voluntate.
3643 2736 3809 2791 luteu-

2227 2831 2293 2886 tle
2318 2832 2371 2885 in
2394 2846 2608 2884 causam
2635 2846 2822 2884 meam.
2850 2829 2964 2885 Non
2992 2830 3275 2885 discernor
3314 2828 3384 2884 ab
3415 2829 3603 2900 impiis
3642 2846 3808 2900 quan-

2228 2934 2341 2979 tum
2363 2926 2428 2979 ad
2478 2940 2693 2995 poenam
2722 2939 2737 2978 :
2767 2924 3047 2980 discernor
3094 2932 3270 2980 autem
3301 2940 3332 2977 a
3361 2933 3413 2980 te
3437 2934 3711 2994 quantum
3745 2926 3804 2979 att

2226 3017 2717 3073 causamzostende
2742 3016 2794 3071 in
2824 3018 3216 3072 resurrectione
3240 3032 3357 3072 mea
3384 3032 3609 3072 causam
3632 3032 3805 3072 meam

2228 3112 2497 3180 disparem
2536 3110 2701 3164 fuisse
2730 3125 2761 3163 ιι
2799 3124 2961 3164 causa
2998 3109 3287 3173 latronum,
3320 3125 3444 3164 cum
3472 3110 3679 3179 quibus
3705 3124 3811 3179 pae-

2231 3219 2296 3257 na
2345 3218 2444 3273 par
2500 3201 2618 3255 fuit.
2656 3200 2850 3255 Judica
2894 3217 2974 3254 me
3015 3202 3297 3254 secundum
3314 3202 3587 3271 justitiam
3625 3212 3811 3262 tuam,

2230 3294 2332 3349 ltoc
2357 3292 2515 3347 modo
2538 3293 2790 3348 discerne
2819 3307 2903 3346 me
2929 3293 2996 3345 ab
3024 3291 3224 3361 impiis.
3245 3290 3414 3346 Jndzei
3430 3291 3814 3360 judicaveruat

2231 3398 2316 3439 me
2343 3384 2643 3438 secundum
2670 3383 2936 3452 justitiam
2980 3398 3157 3447 suam,
3186 3382 3278 3438 sed
3318 3391 3371 3436 tu
3396 3381 3584 3451 judica
3620 3398 3811 3438 secun-

2230 3475 2355 3529 dnm
2385 3475 2647 3545 justitiam
2686 3484 2830 3529 tuam
2860 3493 2873 3529 :
2903 3490 3009 3529 non
3042 3475 3184 3529 enim
3216 3475 3409 3529 merito
3433 3476 3643 3544 peccati
3678 3491 3813 3529 mor-

2231 3581 2338 3626 tem
2394 3572 2565 3635 subii,
2607 3572 2701 3625 sed
2749 3586 2910 3625 causa
2961 3570 3311 3635 obedientiae;
3351 3579 3407 3625 et
3445 3571 3569 3625 ideo
3613 3572 3812 3641 justum

2230 3669 2314 3715 est
2341 3669 2399 3712 ut
2424 3674 2508 3713 me
2536 3659 2847 3723 resnseites,
2878 3677 2910 3712 ο
2940 3659 3203 3713 Domine!
3244 3660 3328 3713 cui
3367 3659 3674 3715 voluntarie
3710 3677 3813 3715 sero

2230 3753 2339 3807 vio.
2389 3750 2529 3806 Deus
2566 3768 2741 3815 meus,
2797 3753 3090 3806 creatione.
3144 3753 3266 3807 ldeo
3294 3752 3481 3822 judica
3532 3756 3811 3809 sctunduut

2224 3844 2489 3914 justitiam
2522 3852 2686 3906 tuam,
2725 3855 2779 3896 ut
2816 3860 2915 3897 non
2955 3846 3369 3914 supergaudeant
3402 3846 3556 3899 mihi.
3602 3845 3661 3900 Si
3698 3863 3813 3917 gau-

2235 3935 2364 3990 dent
2391 3935 2455 3989 de
2492 3950 2608 3989 mea
2641 3942 2834 3995 morte,
2868 3935 3149 3989 tristentur
3182 3937 3248 3990 de
3273 3939 3697 3992 resurrectione.
3730 3937 3813 3992 Vel

2235 4041 2340 4080 non
2367 4024 2797 4097 supergandeant
2827 4026 2976 4084 meis.
3009 4027 3318 4081 devocando
3336 4042 3433 4082 eos
3462 4029 3553 4097 qui
3586 4029 3814 4098 gaudent

2238 4119 2303 4173 de
2336 4133 2523 4174 eorum
2577 4118 2794 4173 interitu
2816 4159 2829 4185 ,
2867 4118 3075 4174 scilicet
3107 4137 3208 4174 non
3244 4120 3423 4174 dicant
3471 4123 3527 4175 in
3578 4122 3815 4176 cordibus

2236 4210 2369 4274 suis,
2401 4210 2451 4264 id
2487 4218 2592 4273 est,
2627 4210 2679 4264 in
2712 4211 3156 4281 cogitationibus,
3191 4214 3291 4267 etsi
3323 4213 3508 4268 dicunt
3542 4214 3596 4268 itt
3632 4214 3811 4274 labiis.

2240 4302 2405 4372 Euge,
2436 4303 2597 4372 euge!
2633 4304 2823 4357 animm
2849 4313 3073 4369 nostra;
3100 4306 3235 4359 bene
3288 4306 3515 4377 contigit
3559 4306 3812 4361 voluntati

2241 4402 2438 4446 nostrte
2470 4408 2482 4445 :
2512 4392 2630 4445 ideo
2657 4390 2795 4447 bene
2817 4393 2941 4462 quia
2982 4392 3345 4448 devoravimus
3370 4411 3511 4459 eum,
3536 4395 3814 4467 deglutivi-

2236 4494 2356 4535 mus
2377 4490 2433 4536 et
2463 4480 2839 4549 transjecimus
2869 4484 2919 4535 in
2964 4497 3162 4551 corpus
3207 4492 3471 4548 nostrum,
3510 4484 3814 4540 devocanda

2242 4588 2270 4626 a
2303 4573 2413 4627 Deo
2442 4588 2562 4636 suo,
2590 4584 2646 4626 et
2683 4573 2836 4627 nobis
2862 4571 3270 4627 conformando.
3301 4573 3414 4629 lmo
3450 4574 3815 4629 diminnantur

2242 4663 2362 4734 ipsi,
2395 4670 2453 4716 nt
2500 4663 2893 4717 absorbeantur
2922 4662 2973 4716 in
3002 4677 3200 4733 corpus
3229 4663 3408 4733 populi
3438 4667 3639 4728 sancti,
3664 4681 3810 4736 quem

2242 4755 2296 4808 in
2328 4768 2482 4808 suum
2516 4751 2805 4807 absorbere
2840 4753 3089 4807 volebant
3115 4770 3128 4806 :
3153 4754 3295 4823 quod
3326 4753 3697 4825 prtelignravit
3740 4756 3812 4809 vi-

2244 4844 2386 4897 tulus
2426 4844 2514 4896 ille
2549 4841 2836 4898 conﬂatilis
2876 4858 3036 4912 quem
3068 4844 3246 4898 Aaron
3284 4842 3413 4898 fecit
3447 4845 3517 4899 de
3545 4846 3811 4900 inauribns

2246 4934 2529 4991 mulierum
2572 4934 2940 4999 llebrmarnm,
2972 4936 3099 4989 dum
3133 4934 3341 5006 Moyses
3363 4945 3511 4990 esset
3544 4937 3605 4991 in
3645 4945 3813 4991 monte

2244 5026 2412 5091 Sinni,
2450 5026 2724 5097 accipiens
2762 5026 2894 5081 duas
2919 5024 3128 5080 tabulas
3152 5025 3484 5081 Testatnenti
3509 5042 3538 5079 a
3566 5026 3808 5081 Domino:

2242 5120 2344 5174 cni'
2378 5118 2819 5174 sacrificaverunt
2870 5116 2962 5171 lilii
3012 5116 3195 5182 Israel,
3241 5118 3491 5172 dicentes
3523 5138 3536 5173 :
3571 5118 3671 5172 Isti
3702 5127 3809 5173 sunt

2244 5211 2319 5264 dii
2342 5213 2443 5275 tui,
2477 5209 2648 5264 Israel
2674 5206 2875 5279 (Exod.
2908 5207 3112 5274 mm);
3144 5220 3303 5277 quem
3333 5208 3563 5262 vitulum
3595 5208 3808 5281 Moyses,

2244 5304 2575 5360 descendens
2624 5303 2690 5356 de
2744 5309 2957 5363 monte,
3016 5310 3237 5368 accepta
3287 5299 3433 5367 lege,
3480 5300 3728 5391 diminitit
3764 5307 3810 5351 α

2245 5390 3817 5502 Ψίυμίεαυναάεδξνενξσὲτακ
