3978 6412
182 423 301 480 525

1260 412 1788 472 ΕΝΑΠΒΑῚἸΟΜΞΞ
1828 411 1892 466 ΙΝ
1932 411 2267 466 1³81143108,

3352 401 3459 458 τ’)ῑὸ

179 532 529 605 gratulantur
553 533 704 588 malis
728 532 872 600 meis,
903 530 957 587 id
984 538 1098 597 est,
1127 529 1526 585 consentientes
1553 536 1612 582 ιιι
1646 533 1787 580 totus
1814 528 1863 587 Α
1897 541 1917 574 ι
1957 523 2142 578 corde.
2176 521 2292 575 Non
2332 520 2511 575 veniat
2549 518 2677 574 mibi
2709 533 2805 589 pes
2833 514 3126 587 superbia,
3170 522 3231 569 et
3267 528 3462 572 manus

182 626 429 679 mundus
454 633 575 696 post
602 634 723 678 eum
755 624 929 679 abeat.
969 623 1037 677 Et
1065 638 1171 678 non
1210 622 1382 677 solum
1413 621 1775 682 erubescant,

181 716 285 769 sed
331 716 623 768 induantur
649 714 973 783 confusione,
1005 714 1056 767 id
1085 721 1190 778 est,
1228 727 1420 782 magna
1448 710 1777 765 erubescen-

182 806 260 858 tia
324 815 671 873 peccatorum
719 819 939 858 suorum
976 805 1324 873 operiuntur;
1372 812 1418 855 et
1470 801 1771 864 reverentia,

182 896 237 951 id
282 906 393 961 est,
428 898 621 953 timore
660 895 870 965 judicii,
919 898 1007 964 qui
1049 896 1279 966 maligna
1309 896 1593 962 loquuntur
1620 910 1778 965 super

182 983 287 1055 me,
331 990 383 1043 id
430 1000 543 1053 est,
582 991 858 1045 metulacia
900 1006 1022 1056 sua,
1054 1000 1107 1045 et
1148 990 1200 1043 bi
1238 1004 1429 1043 onmes
1474 988 1595 1042 facti
1647 988 1769 1050 mei,

178 1078 447 1133 exsultent
478 1080 686 1135 scilicet
722 1081 772 1134 in
810 1097 1038 1151 corpore
1092 1097 1186 1151 spe
1235 1079 1667 1143 resurrectionis,
1724 1088 1774 1132 et

178 1168 433 1222 (tutentur
462 1187 605 1224 nunc
634 1172 684 1224 in
716 1181 893 1226 mente
928 1172 1229 1227 resuscitati
1274 1172 1500 1227 interius
1542 1170 1635 1234 illi,
1683 1170 1773 1240 qui

178 1259 364 1313 t'olunt
410 1260 674 1330 justitiam
705 1278 911 1326 meam,
951 1263 1003 1317 id
1034 1274 1138 1326 est,
1171 1264 1260 1332 qui
1312 1278 1464 1316 suam
1507 1261 1771 1331 justitiam

179 1350 589 1416 deseruerunt,
631 1361 683 1407 et
730 1354 1117 1408 misericordiae
1161 1354 1252 1409 Dei
1286 1354 1662 1424 subjiciuntur.
1705 1351 1772 1405 Et

177 1442 364 1494 dicunt
410 1457 657 1513 semper:
686 1443 1054 1515 Magniﬁcelur
1098 1444 1375 1512 Dominus,
1424 1446 1476 1500 id
1523 1455 1635 1510 est,
1674 1446 1774 1499 hu-

179 1533 400 1587 milient
437 1550 525 1596 se,
566 1536 696 1589 nihil
751 1537 849 1591 sibi
898 1539 1197 1593 attribuant
1251 1539 1353 1593 nisi
1398 1538 1593 1592 malmn
1625 1557 1638 1593 :
1667 1538 1772 1593 illis

175 1624 315 1679 solis
358 1641 591 1695 magnus
631 1620 841 1682 videtur
869 1627 1127 1684 Dominus
1153 1630 1242 1698 qui
1287 1644 1345 1683 se
1372 1628 1676 1693 ltumiliaut,
1719 1637 1773 1682 et

175 1731 236 1769 se
278 1732 486 1785 parvos
528 1726 939 1788 recognoscuut.
1008 1719 1263 1789 Semper,
1323 1718 1374 1772 id
1425 1726 1545 1784 est,
1604 1726 1657 1771 et
1717 1718 1772 1771 in

179 1809 491 1878 prosperis,
536 1817 590 1862 ct
633 1810 684 1862 in
720 1811 979 1865 adversis.
1014 1810 1093 1865 Illi
1121 1825 1311 1865 omnes
1336 1824 1395 1865 se
1440 1808 1772 1864 humiliando

1886 630 1905 664 ι
1947 612 2246 683 peccatoris
2297 628 2401 666 non
2451 620 2665 665 moveat
2715 625 2819 664 me.
2878 607 2952 662 Ibi
3004 607 3317 662 ceciderunt
3366 608 3459 676 qui

1884 700 1902 760 ι
1948 714 2242 778 operantur
2282 706 2655 775 iniquitatem;
2703 702 2910 774 expulsi
2938 709 3100 766 sunt,
3141 715 3241 756 nec
3274 709 3463 771 potue-

1881 819 1901 852 ι
1952 808 2080 855 runt
2122 808 2287 855 stare.
2324 817 2343 851 ι

2445 883 2897 943 ENARRATIO.

1946 983 2043 1038 llic
2081 983 2316 1053 psalmus
2346 983 2457 1054 agit
2490 992 2678 1037 contra
2708 980 2827 1035 illos
2846 979 2935 1050 qui
2972 978 3073 1033 sibi
3106 977 3464 1032 adversantur

1875 1090 1944 1128 ne
1976 1076 2110 1130 bene
2142 1076 2360 1139 vivant,
2394 1088 2499 1128 non
2530 1072 2653 1143 quia
2696 1088 2799 1126 non
2841 1070 3173 1140 intelligunt,
3214 1069 3307 1122 sed
3336 1068 3460 1139 quia

1875 1166 2082 1222 nolunt.
2124 1166 2283 1220 Aliud
2311 1167 2455 1219 enim
2499 1172 2583 1219 est
2610 1163 2742 1217 velle
2766 1160 3084 1231 intelligere,
3115 1170 3173 1214 et
3206 1157 3460 1228 impediri

1875 1264 2111 1319 humana
2136 1261 2448 1333 fragilitate,
2488 1259 2612 1329 quia
2634 1273 2824 1327 corpus
2851 1251 3186 1325 corruptibile
3209 1260 3459 1322 aggravet

1874 1357 2130 1419 animum,
2153 1364 2200 1408 et
2222 1365 2427 1408 terrena
2450 1350 2760 1406 inhabitntio
2782 1348 3022 1418 deprimit
3051 1359 3262 1399 sensum
3288 1341 3456 1396 multa

1874 1445 2500 1519 cogitantem(Sap.tx),
2530 1453 2585 1498 et
2631 1441 2806 1502 aliud,
2841 1438 2981 1510 quod
3027 1453 3122 1492 cor
3166 1436 3460 1490 lmmanum

1872 1519 2228 1610 periculosius
2257 1546 2443 1592 contra
2482 1551 2539 1591 se
2568 1534 2709 1604 agit,
2745 1531 2933 1586 nolens
2962 1528 3259 1597 intelligere
3280 1524 3459 1579 divina

1875 1630 2161 1688 mandata,
2192 1636 2253 1679 ut
2295 1626 2449 1695 quasi
2498 1622 2801 1692 ignorantia
2843 1635 2907 1675 se
2951 1625 3194 1673 excuset.
3225 1615 3295 1670 Et
3336 1622 3463 1668 sunt

1875 1720 1990 1772 hare
2033 1715 2373 1785 huiusmodi:
2417 1714 2569 1781 Quod
2614 1713 2705 1767 tibi
2754 1726 2857 1765 non
2910 1710 3007 1772 vis,
3038 1707 3157 1761 aliis
3190 1722 3254 1759 ne
3276 1703 3462 1773 feceris

1877 1808 2030 1879 (Tob.
2061 1822 2149 1871 iv;
2190 1805 2381 1860 Matth.
2406 1808 2482 1876 v),
2514 1812 2570 1858 et
2607 1802 2708 1858 alia
2740 1800 2909 1855 multa
2938 1813 3059 1869 qua:
3081 1795 3242 1851 facile
3263 1792 3462 1849 intelli-

173 1896 642 1966 magniﬁcentiam
676 1899 767 1953 Dei
802 1899 948 1954 inse
996 1908 1413 1972 recognoscont,
1456 1901 1545 1970 qui
1601 1898 1773 1953 colunt
1809 1899 1850 1958 Β
1884 1909 2102 1971 guntur.
2146 1897 2211 1951 lli
2258 1904 2386 1951 sunt
2434 1894 2525 1964 qui
2571 1892 2758 1948 nolunt
2805 1888 3115 1946 consentire
3151 1881 3463 1941 adversario

170 2006 361 2058 pacem
407 2006 539 2044 servi
586 1991 705 2061 ejus
735 2032 749 2055 ,
790 1992 840 2045 id
893 2000 1013 2058 est,
1049 1993 1138 2063 qui
1175 2001 1453 2063 gratanter
1499 1991 1770 2062 accipiunt

176 2080 685 2136 reconciliationem
743 2082 922 2136 datam
964 2098 1058 2153 per
1099 2098 1182 2137 me
1224 2082 1497 2138 Christum
1554 2095 1767 2135 servum

172 2169 312 2238 ejus,
367 2172 459 2240 qui
504 2173 611 2226 dixi
642 2189 654 2226 :
690 2171 883 2226 Pacem
926 2189 1092 2228 meam
1133 2174 1200 2226 do
1240 2173 1400 2235 vobis,
1446 2172 1767 2227 exteriorem

173 2262 391 2317 scilicet
443 2263 493 2316 in
524 2278 649 2331 spe,
685 2279 864 2333 pacem
892 2263 1128 2335 relinquo
1172 2264 1313 2318 vobis
1366 2264 1560 2334 (Joan.
1594 2262 1717 2335 xw)
1751 2302 1767 2327 ,

172 2352 389 2407 scilicet
440 2352 750 2406 interiorem
785 2353 854 2407 ad
886 2354 1082 2408 bellum
1122 2355 1383 2409 exterius.
1434 2354 1526 2409 Vel
1570 2370 1771 2424 semper

170 2445 547 2514 magni/iretur
576 2444 853 2510 Dominus,
886 2454 940 2499 et
978 2460 1083 2499 non
1115 2461 1323 2501 servus.
1353 2444 1554 2501 Servus
1594 2446 1770 2500 Ιιιιιιιίο

170 2536 365 2597 lietur,
396 2547 452 2591 et
492 2536 750 2593 Dominus
796 2537 1201 2607 magniﬁcetur;
1247 2550 1293 2592 et
1327 2550 1452 2593 tunc
1488 2537 1621 2592 fatui
1661 2538 1767 2592 lin-

171 2648 317 2701 gua,
367 2630 459 2700 qui
515 2631 721 2700 primus
777 2630 1008 2701 maligna
1055 2630 1377 2700 loquebatur
1421 2646 1583 2701 super
1639 2645 1766 2695 me,

171 2723 361 2794 lingua
412 2741 517 2777 non
557 2724 702 2787 oris,
744 2723 835 2778 sed
876 2724 1087 2791 cordis,
1134 2724 1473 2778 meditabitur
1500 2724 1768 2794 justitiam

171 2826 323 2867 tuan:
356 2855 371 2877 ,
417 2814 467 2866 id
499 2823 609 2877 est,
647 2814 942 2884 divulgabit
990 2831 1086 2886 per
1123 2816 1378 2871 mundum
1430 2816 1587 2870 tidem
1621 2824 1765 2869 tuam

172 2923 277 2975 qua
310 2906 437 2961 sola
465 2907 745 2960 credentes
790 2905 1195 2976 justifieantur,
1247 2914 1301 2961 et
1346 2907 1449 2962 hoc
1501 2922 1608 2961 non
1658 2916 1766 2959 tota

173 2997 297 3061 die,
356 2997 408 3050 id
458 3006 578 3059 est,
611 2999 755 3050 omni
806 3006 1046 3068 tempore
1088 2998 1297 3053 laudem
1333 3006 1497 3052 tuam.
1543 2998 1768 3055 Videtur

171 3088 273 3145 hoc
336 3089 667 3158 impossibile
696 3130 711 3154 ,
756 3098 815 3143 ut
874 3091 995 3159 quis
1043 3091 1377 3146 incessanter
1426 3091 1608 3147 laudet
1664 3093 1767 3147 Do-

172 3182 387 3236 minum
430 3222 444 3245 ,
497 3182 588 3235 sed
651 3192 796 3237 recte
864 3182 1267 3237 attendcntibus
1327 3183 1585 3253 possibile
1659 3191 1763 3237 est.

1873 2006 1973 2046 suo
2010 1990 2135 2045 dum
2178 1998 2303 2044 sunt
2347 1988 2400 2042 in
2432 1987 2518 2041 via
2559 2000 2680 2040 cum
2727 1998 2833 2048 eo,
2893 1982 2946 2035 id
2987 1989 3100 2043 est,
3144 1977 3333 2032 nolunt
3364 1988 3460 2031 θος-

1872 2083 2151 2153 quiescere
2182 2081 2417 2136 sermoni
2447 2078 2657 2133 Domini
2676 2118 2691 2142 ,
2718 2076 2808 2146 qui
2836 2076 2917 2130 eis
2939 2070 3263 2129 contradicit
3289 2082 3462 2139 quan—

1872 2175 1960 2229 diu
1985 2176 2035 2228 in
2063 2172 2304 2244 peccatis
2330 2170 2684 2225 delectantur.
2712 2167 2799 2222 lsti
2829 2174 2955 2221 sunt
2990 2163 3082 2233 qui
3114 2169 3299 2217 amant
3329 2173 3460 2229 pee-

1871 2273 1992 2318 cata
2041 2278 2136 2317 sua
2162 2302 2177 2327 ,
2205 2270 2256 2316 et
2306 2259 2496 2315 nolunt
2523 2274 2588 2313 ea
2616 2269 2942 2327 cognoscere
2989 2261 3050 2307 ut
3073 2252 3355 2314 deserant;
3405 2256 3463 2303 et

1871 2357 1915 2412 si
1947 2362 2312 2426 cognoscant,
2340 2352 2423 2407 vel
2449 2368 2545 2423 per
2577 2366 2668 2416 se,
2700 2349 2782 2404 vel
2813 2364 2910 2419 per
2946 2345 3102 2411 alios,
3142 2341 3455 2399 defendunt.

1870 2450 1937 2505 Et
1986 2450 2236 2504 timentes
2278 2446 2540 2517 judicium
2591 2442 2900 2504 hominum,
2931 2437 3143 2494 occulte
3192 2440 3452 2505 peccant,

1870 2542 1994 2611 quia
2018 2540 2189 2609 magis
2212 2538 2404 2593 timent
2418 2536 2678 2606 judicium
2704 2533 2983 2589 hominum
3005 2544 3165 2601 quam
3184 2526 3450 2600 judicium

1870 2634 1985 2688 Dei.
2012 2634 2211 2687 Contra
2235 2628 2539 2699 huiusmodi
2571 2625 2953 2697 agitprophcta
2991 2623 3043 2677 in
3069 2622 3172 2677 hoc
3197 2618 3409 2691 psalmo
3428 2656 3445 2683 ,

1870 2726 2093 2795 eupicns
2123 2739 2219 2778 eos
2254 2722 2319 2776 ad
2370 2721 2591 2775 meliora
2636 2719 2924 2774 deducere.

1941 2815 2066 2870 Inde
2107 2815 2185 2870 sic
2232 2815 2394 2868 habet
2444 2811 2666 2866 titulus:
2721 2809 2959 2879 psalmus
3002 2808 3105 2862 iste
3145 2806 3458 2861 attribuitur

1871 2904 2037 2960 David
2088 2903 2394 2974 pmphetaz,
2452 2899 2538 2956 vel
2590 2900 2784 2969 cuique
2841 2888 3081 2968 perfecto
3123 2896 3178 2950 in
3224 2909 3450 2965 corpore

1869 2998 2067 3055 Christi
2095 3012 2252 3053 servo
2282 2994 2528 3058 Domini;
2572 2990 2838 3062 quienim
2877 2989 2945 3044 ad
2983 2988 3084 3042 hoc
3125 2986 3367 3051 laborat,
3396 2993 3458 3040 ut

1870 3096 2150 3145 convertat
2193 3086 2414 3156 impium
2446 3085 2510 3138 ab
2551 3098 2726 3137 errore
2766 3082 2860 3136 vita
2900 3095 3051 3143 sum,
3081 3075 3301 3131 salvabit
3335 3075 3455 3129 ani-

1871 3198 2010 3235 mam
2036 3180 2150 3250 ejus
2173 3197 2203 3232 a
2227 3187 2391 3231 morte
2417 3186 2463 3231 et
2485 3176 2675 3246 aperiet
2699 3171 3085 3227 multitudinem
3116 3177 3454 3240 peccatorum

171 3270 413 3327 Exercet
456 3272 577 3341 quis
646 3272 859 3341 aliquod
921 3274 1239 3342 negotium?
1288 3274 1403 3328 Non
1460 3275 1765 3329 circumve-
1794 3254 1838 3315 (ἶ
1872 3271 2009 3343 (.lac.
2037 3270 2122 3340 v);
2163 3277 2217 3323 et
2263 3270 2315 3322 in
2347 3268 2448 3322 hoc
2488 3266 2625 3319 bene
2666 3265 2835 3319 servit
2883 3262 3025 3326 Deo,
3079 3275 3239 3316 servo
3268 3258 3453 3313 Domi-

172 3363 287 3417 niat
337 3364 391 3417 in
448 3378 513 3418 eo
558 3363 833 3432 aliquem,
887 3364 937 3417 in
1002 3365 1103 3419 hoc
1152 3364 1337 3418 laudat
1392 3364 1582 3420 Deum.
1625 3363 1768 3418 Colit

172 3452 411 3525 agrum?
450 3451 564 3506 Non
609 3453 1034 3520 transgrediatur
1071 3454 1358 3509 terminum
1425 3454 1583 3509 vicini
1642 3454 1764 3508 sui:

175 3552 228 3598 et
286 3544 345 3597 in
392 3544 495 3598 hoc
524 3542 640 3599 laus
673 3544 787 3599 Dei.
818 3544 997 3599 Utitur
1042 3546 1201 3601 cibo?
1249 3563 1357 3602 non
1415 3557 1472 3603 ut
1525 3557 1766 3601 ventrem

173 3633 477 3701 distendat,
529 3635 622 3687 sed
684 3642 741 3689 ut
790 3635 856 3689 ad
908 3635 1147 3691 laborem
1206 3638 1277 3692 sit
1322 3639 1640 3708 promptior,
1708 3653 1766 3692 se

175 3725 394 3779 reﬁciat
426 3764 441 3789 ,
481 3733 536 3778 et
592 3724 643 3778 in
704 3724 804 3780 hoc
848 3726 1045 3781 laudat.
1099 3728 1351 3782 Dormit?
1392 3729 1507 3783 Non
1554 3737 1768 3798 rumpat

174 3830 430 3870 somnum
460 3814 641 3885 aliquo
674 3815 813 3871 malo
858 3832 1038 3888 opere.
1090 3818 1153 3871 Et
1185 3819 1236 3871 in
1264 3818 1409 3873 omni
1461 3820 1765 3877 innocentia

173 3920 406 3974 operum
442 3919 500 3958 se
524 3915 789 3975 praeparet
812 3906 878 3960 ad
921 3906 1130 3962 laudem
1168 3908 1285 3975 Dei,
1308 3914 1362 3963 et
1385 3909 1463 3964 sic
1492 3926 1764 3981 nunquam

175 4005 361 4051 cessat
398 4010 427 4049 a
464 3996 638 4051 laude.

687 4129 1008 4187 PSALMUS
1048 4132 1264 4188 XXXV.

392 4260 447 4300 tu
487 4238 645 4299 nim
681 4258 847 4300 seavo
883 4260 1067 4300 nouam
1109 4261 1343 4302 ρειιωιυε
1380 4263 1559 4302 cum.

249 4379 272 4411 ‹
325 4359 472 4413 Dixit
519 4356 749 4427 iujustus
796 4367 856 4413 ut
901 4358 1176 4429 delinquat
1212 4360 1267 4415 in
1298 4361 1611 4432 semetipso,
1658 4377 1764 4416 non

183 4472 200 4502 ι
241 4458 329 4506 est
358 4451 519 4504 timor
548 4451 757 4505 Domini
783 4459 906 4506 ante
926 4451 1110 4506 oculos
1132 4452 1267 4521 ejus.
1294 4452 1557 4521 Quoniam
1584 4454 1767 4510 dolose

184 4562 203 4595 ι
246 4543 365 4614 egit
409 4541 463 4597 in
511 4552 798 4612 conspectu
861 4541 1002 4613 ejus,
1052 4552 1112 4597 ut
1162 4544 1468 4599 inveniatur
1509 4544 1766 4616 iniquitas

1869 3363 2022 3426 nico,
2065 3360 2273 3415 scilicet
2294 3355 2543 3426 dirigenti
2572 3356 2625 3408 in
2656 3354 2813 3422 ﬁnem
2836 3393 2852 3416 ,
2894 3351 2946 3407 id
2969 3360 3080 3415 est,
3114 3361 3458 3406 consumma-

1868 3460 1980 3507 tum
2023 3453 2247 3506 bonum.

1938 3543 2204 3609 Iniustus,
2239 3539 2325 3595 ille
2372 3538 2578 3595 scilicet
2603 3537 2694 3609 qui
2744 3553 2778 3592 ιι
2812 3534 3048 3607 peccatis
3078 3533 3190 3590 suis
3217 3531 3453 3587 delecta-

1868 3642 1954 3689 tur
1977 3650 2098 3688 cmn
2135 3633 2357 3687 deberet
2401 3630 2524 3685 odio
2553 3631 2782 3693 habere,
2810 3628 2982 3693 dixit,
3017 3627 3069 3681 id
3099 3634 3215 3693 est,
3246 3640 3446 3695 propo-

1868 3726 2002 3789 suit,
2036 3740 2142 3779 non
2191 3724 2489 3794 ignoravit,
2533 3721 2684 3791 quasi
2714 3736 2780 3775 ex
2832 3719 3095 3775 industria
3123 3733 3310 3774 secum
3343 3718 3455 3772 dis-

1865 3817 2077 3887 posuit,
2102 3825 2155 3869 ut
2179 3815 2477 3885 delinquat,
2506 3813 2557 3868 id
2580 3821 2695 3876 est,
2724 3820 2785 3865 ut
2807 3818 3025 3880 peccet,
3059 3816 3168 3862 uta
3201 3806 3456 3862 mandato

1868 3909 2112 3972 recedat,
2160 3915 2215 3961 et
2260 3915 2331 3960 ut
2370 3907 2539 3960 homo
2586 3918 2691 3959 non
2737 3902 2948 3965 videat,
2990 3898 3145 3968 cujus
3188 3897 3454 3967 judicium

1868 4001 2040 4072 magis
2073 3999 2227 4053 timet
2279 4013 2441 4068 quam
2494 3997 2623 4052 Dei:
2659 4007 2716 4049 ut
2746 3996 2800 4048 in
2838 3994 3112 4063 semetipso
3149 3991 3452 4063 delinquat,

1868 4094 1921 4147 id
1948 4100 2065 4157 est,
2099 4093 2151 4147 in
2172 4093 2459 4155 absconso,
2490 4090 2580 4145 ubi
2613 4089 2730 4159 ipse
2759 4087 2906 4143 solus
2938 4085 3191 4141 conscius
3216 4084 3323 4147 sit,
3355 4098 3458 4137 no-

1870 4186 1970 4241 luit
2022 4186 2342 4256 participcm
2392 4183 2594 4239 habere
2637 4190 2697 4236 ut
2745 4180 3033 4240 celarelnr,
3083 4177 3167 4232 vel
3220 4176 3319 4231 sibi
3354 4176 3458 4246 ipsi

1868 4278 2052 4331 nocuit
2081 4277 2248 4348 prius.
2299 4275 2489 4330 Nonne
2521 4274 2663 4329 Deus
2688 4272 2872 4327 videt?
2921 4270 3043 4324 Non
3071 4278 3145 4322 est
3175 4269 3333 4321 timor
3360 4266 3457 4320 Dei

1868 4378 1989 4423 ante
2024 4368 2200 4422 oculos
2228 4367 2360 4437 ejus,
2395 4381 2501 4422 non
2533 4366 2697 4420 habet
2725 4363 2819 4419 Dei
2855 4361 3119 4432 judicium
3147 4373 3258 4429 pra:
3286 4357 3458 4412 oculis

1868 4458 2069 4513 cordis.
2091 4457 2244 4524 Quod
2269 4465 2448 4510 autem
2479 4454 2643 4507 Deum
2667 4468 2773 4508 non
2799 4451 3007 4513 timeat,
3027 4462 3127 4517 per
3153 4447 3255 4501 hoc
3271 4455 3457 4501 osten-

1870 4549 1979 4614 dit,
2017 4549 2266 4619 quoniam
2308 4546 2485 4600 dolose
2518 4545 2617 4614 egit
2650 4544 2706 4597 in
2745 4550 3019 4611 conspectu
3048 4540 3184 4609 ejus,
3230 4538 3338 4593 imo
3364 4538 3459 4593 ubi

184 4651 204 4687 ι
246 4634 371 4703 ejus
402 4632 468 4688 ad
498 4633 699 4688 odium.
733 4632 907 4689 Verba
937 4634 1048 4689 oris
1083 4634 1198 4704 ejus
1228 4636 1485 4705 iniquitas
1504 4644 1560 4692 et
1587 4636 1762 4702 dolus,
1790 4616 1844 4678 D
1869 4616 2191 4695 solus-Deus
2231 4636 2497 4708 conspicit
2537 4650 2552 4688 :
2582 4636 2686 4691 hoc
2731 4633 2890 4687 modo
2936 4630 3121 4687 dolose
3170 4630 3314 4701 egit,
3341 4644 3459 4684 ma-

187 4742 205 4775 ι
249 4724 427 4779 noluit
458 4723 756 4794 intelligere
783 4733 841 4780 ιιι
866 4725 1004 4780 bene
1035 4734 1239 4797 ageret.
1271 4725 1615 4796 iniquitatem
1648 4744 1762 4783 me-

188 4836 206 4869 ι
249 4818 457 4870 ditatus
499 4825 582 4870 cst
632 4816 682 4869 in
720 4816 880 4871 cubili
925 4832 1059 4882 suo,
1116 4819 1285 4873 astitit
1319 4818 1467 4873 omni
1504 4818 1605 4873 vite
1657 4835 1761 4874 non

188 4927 206 4957 ι
252 4907 452 4971 bonze,
508 4906 765 4961 malitiam
828 4917 1007 4963 autem
1065 4924 1171 4963 non
1230 4909 1453 4965 audivit.
1505 4909 1759 4976 Domine,

189 5016 206 5049 ι
255 4999 309 5052 in
356 4997 495 5053 caelo
524 4998 890 5053 misericordia
922 5008 1031 5065 tua,
1066 5010 1119 5056 et
1150 5002 1349 5057 veritas
1381 5013 1469 5056 tua
1504 5017 1671 5072 usque
1698 5004 1764 5055 ad

190 5106 209 5139 ι
254 5089 450 5144 nubes.
491 5088 705 5143 Iustitia
734 5098 821 5145 tua
862 5091 1004 5146 sicut
1049 5101 1257 5147 montes
1301 5094 1415 5159 Dei,
1443 5093 1643 5162 judicia
1675 5104 1763 5147 tua

190 5196 209 5229 ι
253 5180 486 5249 abyssus
510 5179 695 5235 multa.
729 5180 987 5237 Homines
1017 5189 1069 5237 et
1088 5183 1333 5253 jnmeuta
1368 5185 1622 5250 salvabis,
1658 5184 1764 5240 Do-

191 5289 211 5323 ι
254 5272 437 5337 mine,
469 5274 918 5342 quemadmodum
947 5275 1308 5345 multiplicasti
1339 5278 1764 5333 misericordiam

192 5381 212 5415 ι
253 5372 428 5429 tuam,
454 5364 613 5419 Deus.
631 5364 750 5419 Filii
783 5376 960 5421 autem
990 5366 1268 5422 hominum
1298 5369 1350 5423 in
1387 5370 1618 5441 tegmine
1650 5371 1766 5423 ala-

195 5472 215 5507 ι
258 5469 383 5509 rum
430 5464 641 5509 tuarum
688 5458 998 5527 sperabunt.
1048 5459 1462 5515 lnebriabuntur
1499 5462 1566 5516 ab
1606 5463 1765 5516 uber-

195 5563 217 5600 ι
260 5556 376 5604 tate
401 5548 592 5604 domus
619 5558 742 5615 tuae,
769 5560 824 5604 et
854 5559 1087 5605 torrente
1110 5552 1402 5622 voluptatis
1430 5561 1533 5608 tuae
1558 5555 1771 5624 potabis

197 5667 217 5701 ι
260 5664 375 5703 eos.
404 5646 668 5713 Quoniam
695 5648 834 5718 apud
867 5657 917 5703 te
946 5657 1028 5703 est
1049 5648 1169 5704 fons
1199 5650 1340 5713 vitae,
1371 5660 1425 5704 et
1454 5650 1658 5706 lumine
1680 5660 1769 5706 tuo

201 5756 221 5791 ι
266 5739 569 5795 videbimus
598 5739 799 5794 lumen.
848 5738 1127 5795 Przetende
1168 5740 1597 5795 misericordiam
1625 5750 1768 5795 tuam

201 5854 218 5887 ι
263 5834 559 5890 scientibus
588 5844 657 5901 te,
688 5834 1018 5907 etjnstitiam
1051 5844 1192 5888 tuam
1224 5834 1309 5888 his
1344 5835 1434 5904 qui
1474 5844 1619 5889 recto
1647 5845 1772 5891 sunt

1870 4731 2246 4802 vultignorare
2262 4738 2525 4800 praecepta
2551 4728 2643 4783 Dei
2667 4736 2722 4783 et
2745 4725 2883 4781 male
2905 4739 3085 4795 agere,
3101 4739 3263 4794 quam
3291 4724 3454 4779 intel-

1872 4828 2037 4900 ligere
2066 4827 2271 4881 ethene
2299 4840 2476 4896 agere,
2501 4825 2679 4878 ethoc
2705 4829 2788 4877 est
2814 4820 2997 4876 dolose
3018 4834 3179 4890 agere
3204 4819 3333 4889 quia
3354 4818 3458 4872 hoc

1873 4921 2030 4977 modo
2059 4934 2155 4989 per
2185 4917 2545 4989 ignorantiam
2575 4913 2995 4971 vultdct‘endere
3009 4913 3259 4968 delictum
3275 4926 3453 4966 suum.

1872 5012 2085 5069 \‘elboc
2109 5011 2267 5067 modo
2294 5009 2475 5064 dolose
2501 5009 2629 5079 egit,
2649 5019 2726 5073 ut,
2755 5007 2808 5061 id
2838 5015 2938 5069 est,
2956 5004 3132 5077 quasi,
3162 5005 3458 5059 inveniatur

1870 5106 2116 5176 iniquitas
2135 5106 2249 5174 ejus
2278 5102 2346 5155 ad
2369 5100 2577 5154 odium:
2603 5097 2879 5153 simulavit
2904 5110 3148 5167 quaerere
3172 5102 3454 5165 peccatum

1872 5208 1932 5252 ut
1973 5205 2241 5261 cessaret,
2290 5202 2350 5249 ut
2390 5193 2515 5249 odio
2555 5192 2776 5247 haberet
2828 5191 3133 5260 cognitum;
3186 5186 3277 5241 sed
3327 5185 3453 5254 quia

1875 5289 2056 5344 dolose
2076 5329 2090 5354 ,
2120 5288 2393 5341 inventum
2423 5300 2529 5339 non
2558 5285 2672 5337 odit
2719 5291 2777 5337 ut
2806 5291 3047 5346 sanetur,
3073 5277 3167 5333 sed
3194 5277 3451 5331 defendit.
3498 5324 3501 5327 λ

1877 5379 2015 5434 Dicit
2049 5378 2223 5441 enim,
2256 5375 2403 5429 lliulti
2434 5376 2536 5429 hoc
2563 5374 2766 5428 faciunt
2792 5371 2934 5442 quod
2964 5369 3063 5425 feci
3084 5409 3098 5433 ,
3126 5376 3213 5421 aut
3242 5382 3451 5445 omnes,
3496 5382 3503 5397 ε

1877 5468 2116 5539 nunquid
2136 5483 2326 5523 omnes
2350 5468 2537 5537 perdet
2562 5465 2738 5519 Deus?
2758 5465 2864 5518 Aut
2893 5463 2936 5516 si
2970 5459 3130 5516 nollet
3164 5459 3278 5513 lucc
3301 5457 3417 5513 ﬁeri
3434 5499 3451 5523 ,

1878 5561 2119 5630 nunquid
2160 5559 2400 5612 viverent
2430 5558 2521 5627 qui
2568 5557 2685 5611 haec
2733 5552 2940 5625 agunt?
2970 5552 3033 5605 Et
3081 5550 3204 5620 quia
3233 5564 3339 5604 non
3386 5548 3453 5603 ad

1875 5653 2055 5707 odium
2078 5664 2198 5720 quae
2226 5658 2384 5713 sunt,
2418 5649 2510 5702 sed
2541 5646 2744 5711 dolose,
2774 5645 2988 5714 cognita
3021 5642 3302 5712 iniquitate
3327 5640 3456 5711 quid

1880 5742 2073 5808 faciat,
2118 5740 2419 5810 subjungit:
2466 5737 2628 5792 Verba
2660 5738 2769 5790 oris
2798 5736 2910 5807 ejus
2940 5734 3213 5805 iniquitas,
3251 5733 3459 5788 scilicet

1881 5836 2115 5894 defendit
2139 5877 2152 5901 ,
2186 5850 2291 5889 non
2322 5832 2595 5888 damnavit
2624 5839 2903 5900 peccatum
2936 5838 3220 5901 postquam
3252 5836 3458 5894 cogno-
