3930 5584
105 458 221 516 529

1250 454 1686 509 ENARILXTIUN
1698 454 1777 507 ES
1817 454 1879 508 ιδ
1920 454 2251 509 PSALMOS.

3261 454 3366 515 330

106 570 297 640 porali
348 569 665 633 salvatione,
693 567 812 622 aliis
841 567 893 621 in
921 575 1142 622 aeterna.
1173 564 1340 632 Quasi
1369 565 1513 619 dicat
1537 578 1551 616 :
1579 561 1690 618 Ho-
1718 566 1767 623 Α
1796 563 1916 618 Ideo
1944 565 2043 618 hoc
2068 579 2217 634 rogo,
2249 565 2373 635 quia
2412 566 2483 620 ibi
2520 566 2810 621 ceciderunt
2837 568 2925 637 qui
2955 576 3233 637 operantur
3269 567 3374 623 im-

107 661 339 725 mines,
396 660 448 713 id
510 668 594 713 est
646 657 926 720 carnales,
1002 655 1230 709 terrenis
1288 654 1417 709 solis
1471 654 1698 708 heautur

110 750 479 814 curamentis,
519 758 573 803 et
619 748 724 801 illis
763 747 891 801 solis
925 745 1185 816 gaudent,
1236 742 1369 796 Pttii
1405 754 1577 797 autem
1605 744 1696 796 Ito-

104 840 354 901 minam,
392 838 445 892 id
478 844 561 891 est
598 836 933 905 pertinentes
984 834 1052 889 ad
1095 832 1260 886 lilium
1288 832 1539 896 hominis,
1571 847 1698 886 cou-

106 928 340 982 ferinati
388 929 434 982 ei
492 929 542 980 in
574 925 783 997 jnstitia
816 936 871 981 et
926 926 1230 987 sanctitate,
1279 924 1538 979 habentes
1587 925 1701 979 haec

104 1022 445 1090 temporalia
467 1060 481 1084 ,
532 1037 633 1073 non
666 1020 941 1089 sperabunt
984 1019 1036 1072 in
1079 1018 1158 1072 eis
1188 1026 1244 1070 ut
1277 1016 1378 1081 illi;
1411 1031 1517 1070 non
1544 1023 1702 1069 erunt

102 1113 200 1167 hic
227 1113 495 1168 habentes
524 1110 929 1174 beatitudinem,
956 1109 1047 1164 sed
1074 1117 1371 1178 sperantes.
1407 1104 1530 1159 Non
1564 1106 1699 1159 enim

100 1204 371 1257 habemus
404 1204 488 1256 hic
512 1209 801 1255 manentem
844 1199 1124 1264 civitatem,
1149 1211 1237 1250 sea
1264 1196 1499 1265 futuram
1527 1194 1700 1265 inqui-

102 1292 283 1345 rimus
329 1289 530 1345 (Hebr.
576 1290 742 1359 xm);
777 1288 851 1343 illi
882 1288 1157 1353 dicentes,
1218 1286 1284 1340 In
1322 1287 1543 1355 tegmine
1586 1284 1699 1338 ala-

100 1399 233 1435 rum
264 1392 506 1445 tuarum,
540 1381 719 1444 idest,
749 1379 1084 1448 protectione
1126 1377 1352 1447 gemimn
1398 1375 1698 1440 charitatis,

100 1473 193 1529 vel
230 1472 369 1529 Novi
423 1481 478 1526 et
518 1469 726 1525 Veteris
775 1468 1102 1524 Testamenti
1135 1509 1149 1533 ,
1199 1484 1303 1521 non
1360 1467 1412 1522 in
1464 1467 1699 1535 potentia

101 1562 405 1625 szeculari,
452 1576 555 1615 non
610 1562 662 1613 in
712 1560 933 1613 divitiis.
978 1556 1145 1611 Nemo
1193 1558 1337 1611 enim
1373 1557 1606 1610 ascendit
1646 1557 1699 1609 in

101 1655 306 1707 caelum
338 1668 435 1722 per
462 1667 542 1714 se,
570 1651 670 1703 nisi
695 1649 837 1717 ﬁlius
858 1648 1080 1702 hominis
1101 1648 1189 1717 qui
1210 1647 1470 1700 descendit
1518 1645 1698 1717 (Joan.
1723 1700 1741 1721 ο

99 1748 195 1815 ιιι)
221 1787 237 1811 ,
270 1760 466 1801 omnes
496 1743 582 1797 alii
613 1750 913 1812 portantur.
937 1741 1081 1795 Dixit
1110 1737 1318 1809 Moyses
1345 1757 1357 1791 :
1388 1739 1703 1806 Quicunque

100 1836 289 1906 gibbo
329 1835 611 1906 premitur,
659 1832 724 1886 ad
756 1829 1087 1886 sacerdotale
1114 1827 1343 1883 ofﬁcium
1387 1843 1489 1881 non
1542 1842 1701 1881 acce-

1801 654 2138 723 quitatem,id
2165 663 2246 707 est
2267 654 2547 709 omncsilli
2569 656 2659 725 qui
2691 664 3030 724 perseverant
3051 655 3103 709 in
3135 655 3337 711 malitia

1800 741 1891 805 ibi,
1918 741 1968 795 id
2012 750 2094 796 est
2135 743 2188 795 in
2229 744 2498 812 superbia.
2532 743 2687 799 Prius
2715 745 3253 814 superbuitaposlata
3275 760 3372 799 an-

1802 831 1971 900 gelus,
2002 832 2090 900 qui
2122 832 2173 885 in
2202 833 2424 887 veritate
2454 848 2557 887 non
2586 836 2769 889 stetit:
2807 835 2997 890 deinde
3019 849 3084 889 co
3114 835 3372 890 suadente

1802 921 1898 987 illi,
1924 938 2058 991 quos
2083 922 2238 991 ejecit
2284 924 2421 977 Deus
2456 924 2521 978 de
2548 925 2813 994 paradiso,
2839 926 2928 994 qui
2954 934 3246 993 operantur
3271 924 3373 978 ini-

1801 1014 2091 1081 quitatem,
2136 1030 2326 1069 omnes
2350 1030 2412 1069 ex
2454 1031 2517 1069 eo
2556 1016 2755 1071 habent
2797 1018 2922 1086 quia
2966 1018 3274 1093 ceciderunt
3316 1019 3369 1071 in

1799 1101 1971 1156 Adam
2009 1116 2105 1172 per
2144 1104 2447 1172 superbiam
2492 1105 2721 1176 impulsu
2763 1106 2919 1177 primi
2945 1108 3265 1176 peccatoris.
3305 1106 3373 1160 Et

1801 1193 1925 1265 quia
1949 1202 2071 1263 post
2095 1209 2277 1248 casum
2306 1193 2506 1263 expulsi
2530 1206 2648 1249 sunt
2676 1197 2741 1251 de
2766 1197 3040 1265 paradiso,
3067 1212 3171 1251 non
3193 1208 3373 1266 potue-

1801 1292 1921 1336 runt
1952 1295 2113 1348 stare,
2156 1284 2208 1338 id
2238 1294 2339 1349 cst,
2370 1271 2646 1355 resurgere
2690 1287 2780 1354 qui
2827 1296 3114 1357 potuerunt
3156 1288 3369 1343 cadere.

1802 1370 2022 1441 Expulsi
2045 1383 2185 1438 sunt,
2216 1374 2420 1428 scilicet
2449 1374 2515 1429 ab
2550 1375 2786 1430 interiori
2836 1376 3099 1445 paradiso,
3139 1377 3188 1431 id
3221 1385 3303 1432 est
3332 1393 3366 1430 ra

1804 1463 2111 1518 testimonio
2140 1447 2516 1530 conscietitiaz,
2552 1481 2582 1518 a
2612 1481 2716 1535 quo
2739 1466 2962 1535 quisque
2990 1467 3140 1535 prius
3166 1467 3371 1522 scilicet

1801 1569 1896 1624 per
1920 1566 2199 1624 peccatum
2226 1556 2509 1625 expellitur
2535 1573 2547 1609 :
2588 1565 2641 1611 et
2669 1559 2785 1612 ideo
2813 1574 2902 1611 nec
2929 1568 3203 1627 potuerunt
3225 1570 3385 1627 stare

1802 1645 1856 1698 in
1885 1645 2138 1698 exteriori
2164 1645 2431 1714 paradiso,
2464 1645 2583 1700 ideo
2607 1647 2927 1701 exteriorem
2971 1647 3209 1717 requiem
3235 1648 3391 1717 ami-~

1801 1746 2006 1790 serunt.
2044 1736 2290 1802 Qnandiu
2319 1737 2460 1791 enim
2496 1739 2549 1791 in
2590 1739 2773 1807 requie
2810 1738 3102 1793 fueruntet
3132 1741 3368 1795 exterius

1804 1826 1858 1879 in
1897 1840 1957 1880 ea
1985 1825 2353 1894 perstiterunt.
2394 1826 2599 1881 Aliter:
2648 1827 2921 1885 Prwtende
2960 1832 3369 1887 misericordiam

98 1928 207 1981 dat
249 1926 398 1995 (lxv.
441 1924 576 1993 XXI).
626 1923 751 1978 Ideo
794 1923 1104 1990 sperabunt,
1153 1922 1275 1990 quia
1305 1919 1698 1974 inebriabuntur
1727 1908 1771 1966 Β
1799 1926 1963 1982 tuam,
1988 1924 2046 1970 ut
2069 1916 2340 1971 valeamus
2358 1926 2414 1971 te
2442 1917 2618 1973 lumen
2642 1920 2935 1992 intelligere
2962 1922 3013 1975 in
3034 1921 3232 1977 lumine
3255 1932 3387 1990 tuo,

100 2017 174 2070 ab
224 2015 494 2069 urbertate
540 2012 723 2067 domus
772 2020 918 2076 tute,
967 2011 1018 2065 id
1070 2017 1181 2075 est,
1221 2010 1376 2064 donis
1410 2007 1701 2078 spirituali-

98 2106 217 2159 bus
246 2103 666 2160 decurrentibus
694 2117 724 2155 a
757 2102 915 2156 domo
944 2099 1171 2156 caelesti.
1200 2099 1340 2153 Bene
1365 2097 1699 2151 inebriabun-

100 2206 221 2259 tur,
260 2195 393 2263 quia
433 2192 572 2248 sicut
615 2191 798 2245 vinum
851 2190 1135 2244 immodice
1166 2197 1437 2257 sumptum
1468 2195 1697 2241 mentem

103 2283 323 2345 aulert,
372 2284 447 2337 ita
488 2290 543 2336 et
584 2281 899 2350 magnitudo
925 2278 1218 2350 spiritualis
1248 2278 1443 2332 lretitiae
1466 2286 1698 2332 mentem

101 2373 373 2429 ﬁdelibus
402 2372 579 2426 aufert
608 2373 919 2436 humanam,
963 2379 1018 2425 et
1052 2368 1307 2423 transfert
1356 2368 1408 2422 in
1442 2366 1696 2420 divinam.

103 2462 179 2516 Et
217 2471 457 2515 torrente
515 2460 790 2529 voluptatis
842 2470 947 2513 tua:
982 2459 1181 2529 potabis
1223 2474 1329 2521 eos,
1375 2456 1425 2510 id
1452 2465 1565 2520 est,
1604 2472 1698 2513 vo-

102 2553 376 2621 luptuoso
418 2558 547 2619 potu
617 2548 910 2619 spiritualis
971 2549 1155 2619 gratiae
1200 2547 1409 2617 potabis
1462 2561 1575 2611 eos,
1608 2547 1700 2615 qui

99 2641 269 2696 venit
297 2640 370 2694 ad
400 2655 497 2695 eos
526 2640 678 2709 quasi
726 2649 959 2705 torrens,
1005 2640 1183 2694 omnia
1229 2638 1504 2694 obstacula
1533 2647 1700 2694 terre-
1734 2708 1739 2714 Δ

103 2745 316 2784 narum
364 2729 749 2799 cogitationum
794 2744 1085 2795 amovens,
1114 2738 1169 2783 et
1208 2743 1366 2782 omne
1393 2727 1561 2781 lutum
1597 2737 1705 2781 ter-

101 2834 267 2873 renas
297 2818 593 2887 voluptatis
618 2818 845 2873 diluens.
895 2817 1128 2888 Regnum
1157 2817 1401 2871 cazlorum
1430 2818 1530 2869 vim
1563 2818 1703 2887 pati-

100 2920 197 2961 tur
227 2917 281 2961 et
322 2906 536 2963 uiolenti
565 2908 770 2978 rapiunt
808 2907 942 2960 illud
985 2906 1198 2977 (Matth.
1229 2906 1336 2977 XI):
1362 2905 1487 2976 quia
1514 2921 1699 2975 quem.

99 2999 415 3055 admodum
450 3000 643 3069 aliquis
674 3000 814 3070 rapit
866 3000 1067 3068 aliquid
1119 3014 1215 3070 per
1245 3000 1384 3065 vim,
1416 3001 1487 3053 ita
1521 2999 1704 3055 ﬁdeles

100 3092 346 3160 rapiunt
387 3106 612 3161 regnum
646 3090 762 3158 Dei,
785 3091 909 3160 quia
944 3090 1288 3162 impelluntur
1324 3107 1354 3145 a
1383 3091 1573 3162 spiritu
1606 3091 1699 3147 Dei

97 3181 277 3250 quasi
327 3196 430 3249 per
456 3181 589 3234 vim.

1801 2008 1867 2062 de
1912 2008 2001 2063 illo
2047 2008 2248 2063 lumine
2296 2010 2713 2079 procedentem:
2754 2009 3027 2065 Pra'tende
3072 2014 3369 2068 misericor-

1800 2097 1942 2150 diam
1969 2107 2133 2164 tuam,
2165 2098 2217 2151 id
2247 2098 2610 2167 estjustitiam
2642 2108 2808 2165 tuam,
2847 2101 2995 2170 prior
3019 2111 3131 2157 esto
3157 2104 3221 2155 ad
3247 2104 3373 2158 sub-

1800 2189 2155 2255 veniendum,
2202 2198 2259 2243 ut
2286 2204 2390 2244 non
2416 2189 2656 2245 labamur
2695 2208 2724 2245 a
2768 2201 2819 2244 te
2844 2193 2977 2260 pede
3002 2194 3285 2262 superbi.c,
3318 2203 3372 2249 et

1800 2277 1990 2334 demur
2018 2280 2069 2333 in
2100 2295 2233 2349 opus
2259 2281 2487 2351 peccati,
2513 2297 2618 2337 non
2660 2282 2731 2337 sit
2769 2283 2915 2351 prior
2950 2291 3001 2337 te
3027 2284 3278 2353 iniquitas
3304 2285 3369 2338 ad

1799 2371 2119 2425 nocendum.
2151 2371 2302 2427 Unde
2339 2387 2460 2427 cum
2497 2382 2707 2428 cautam
2744 2375 2997 2429 Dominus
3033 2374 3235 2429 faceret
3274 2375 3374 2430 Ec-

1801 2460 2042 2529 clesiam,
2089 2462 2198 2516 ait:
2250 2462 2341 2515 llla
2374 2475 2523 2518 tuum
2552 2464 2855 2518 observabit
2885 2472 3067 2533 caput,
3107 2474 3161 2519 tu
3196 2473 3371 2519 autem

1802 2554 1917 2623 ejus
1939 2555 2247 2610 calcaneum
2265 2555 2417 2627 (Gen.
2445 2558 2550 2627 ιιι).
2576 2556 2807 2627 Serpens
2830 2560 3139 2614 observahit
3156 2560 3371 2629 quando

1802 2645 1895 2700 tibi
1924 2645 2107 2700 veniat
2136 2661 2231 2716 pes
2259 2647 2543 2716 superbire,
2584 2649 2636 2700 id
2682 2657 2763 2702 est
2801 2664 2954 2703 amor
2990 2650 3327 2719 apostatandi
3352 2690 3368 2713 ,

1800 2744 1861 2789 ut
1889 2746 1941 2789 te
1972 2735 2251 2804 dejiciant,
2283 2745 2339 2790 tu
2369 2746 2548 2792 autem
2576 2738 2692 2807 ejus
2729 2748 2892 2807 caput
2920 2753 3073 2792 serva
3100 2754 3115 2791 :
3150 2738 3370 2793 Initium

1803 2828 1969 2880 omnis
1995 2829 2191 2897 peccati
2219 2828 2459 2896 superbia
2488 2828 2674 2898 (Eccli.
2706 2828 2781 2898 Χ).
2822 2829 2924 2885 Per
2959 2830 3147 2899 pedem
3189 2846 3375 2901 super-

1804 2917 1936 2981 bite,
1962 2932 2243 2987 possumus
2272 2919 2515 2987 accipere
2544 2920 2685 2987 quod
2716 2910 2873 2989 supra
2912 2920 3113 2975 dictum
3143 2930 3260 2975 est:
3302 2921 3374 2974 Ab

1804 3004 2017 3059 occultis
2052 3006 2177 3059 meis
2224 3006 2420 3059 munda
2463 3023 2545 3060 me
2586 3006 2760 3078 (Psal.
2809 3008 2982 3075 xvttt).
3028 3008 3129 3062 Per
3158 3024 3374 3063 manum

1802 3096 2123 3164 peccatoris,
2154 3105 2210 3150 et
2236 3096 2306 3150 ab
2332 3096 2522 3151 alienis
2555 3111 2716 3166 parce
2744 3113 2899 3153 servo
2928 3108 3037 3153 tuo.
3070 3097 3152 3152 Ibi
3181 3100 3376 3153 cecide-

1804 3197 1947 3249 runt,
1980 3186 2029 3239 id
2060 3195 2144 3241 est
2170 3186 2220 3239 in
2248 3187 2497 3254 superbia
2548 3201 2737 3242 omnes
2760 3189 2848 3255 qui
2874 3198 3154 3257 operantur
3184 3188 3376 3261 iniqui-

178 3272 409 3326 Revera
454 3283 510 3325 tu
568 3274 771 3341 potabis
800 3289 887 3327 eos
911 3283 1158 3339 torrente,
1183 3275 1427 3344 quoniam
1456 3275 1596 3343 apud
1630 3286 1696 3338 te,
1728 3260 1771 3319 C
1804 3284 1983 3339 tatem,
2010 3275 2062 3328 id
2091 3285 2191 3337 est,
2221 3275 2498 3339 increduli,
2529 3286 2585 3329 et
2610 3290 2799 3330 omnes
2824 3277 2911 3345 qui
2943 3286 3288 3346 perseverant
3317 3278 3370 3330 in

100 3378 223 3417 non
250 3362 401 3432 apud
426 3361 589 3419 alium
618 3372 691 3416 est
729 3362 848 3431 [ous
904 3363 1055 3428 vita,
1087 3363 1140 3417 id
1177 3372 1260 3418 est
1296 3361 1567 3428 Christus,
1606 3378 1703 3432 per

97 3468 285 3521 quem
332 3452 655 3506 vitadatur.
687 3451 757 3505 Et
802 3452 857 3504 in
896 3451 986 3506 illo
1036 3452 1230 3505 lumine
1267 3460 1386 3514 tuo,
1417 3466 1514 3521 per
1542 3467 1698 3521 queu-

101 3545 402 3598 illuminas
446 3543 627 3598 oculos
673 3544 900 3607 mentis,
934 3544 1219 3597 videbimus
1261 3543 1467 3607 lumen,
1520 3542 1572 3597 id
1620 3552 1703 3597 cst

100 3644 179 3689 te.
226 3632 341 3698 Qui
380 3633 514 3686 videt
543 3649 643 3695 me,
676 3632 806 3686 videt
831 3644 879 3686 et
912 3633 1125 3686 Patrem
1154 3631 1338 3701 (Joan.
1372 3632 1508 3704 Juv).
1549 3633 1617 3686 Et
1646 3644 1704 3687 ut

98 3734 159 3777 te
209 3722 409 3776 lumen
454 3721 751 3785 videamus,
780 3722 833 3775 id
863 3730 964 3784 est,
994 3731 1054 3775 ut
1097 3732 1149 3775 te
1180 3720 1562 3790 intelligamus,
1594 3736 1701 3774 non

97 3820 197 3865 est
227 3812 341 3865 hoc
370 3817 566 3863 nostra:
594 3811 731 3879 opis,
767 3811 859 3864 sed
884 3819 938 3863 tu
982 3812 1124 3864 mitte
1168 3827 1320 3881 quem
1349 3812 1602 3866 missurus
1649 3827 1700 3864 es

99 3900 329 3969 (Exod.
362 3901 463 3970 tv),
490 3908 548 3953 ut
593 3900 807 3954 tandem
842 3900 1183 3969 perfruamur
1226 3900 1345 3955 luce
1386 3901 1704 3957 aeternitatis

101 4002 246 4045 tum.
282 3987 563 4042 Prmtende
601 3989 1003 4043 misericordiam
1045 3998 1187 4043 tuam
1223 3990 1501 4045 scientibus
1530 4000 1599 4055 te,
1650 3991 1704 4045 id

97 4090 196 4136 est
262 4079 572 4135 volentibus
617 4088 669 4133 te
717 4080 879 4135 scire.
926 4080 995 4133 Et
1036 4080 1297 4151 justitiam
1366 4091 1545 4145 tuam,
1595 4096 1702 4135 non

99 4186 302 4232 suam,
342 4170 396 4222 id
439 4177 543 4233 est,
578 4168 737 4223 iidem
778 4185 882 4239 qua
916 4170 1182 4240 justiticas
1211 4172 1474 4241 praemitte
1504 4173 1584 4226 his
1613 4172 1704 4243 qui

102 4270 262 4314 recto
289 4267 414 4311 sunt
444 4258 622 4322 corde,
655 4258 708 4312 id
744 4269 827 4313 est
869 4258 972 4313 illis
1024 4261 1113 4329 qui
1137 4276 1350 4315 omnem
1375 4262 1703 4318 voluntatem

101 4364 278 4405 suam
311 4350 383 4402 ad
415 4358 559 4402 tuam
605 4349 858 4419 dirigunt.
891 4351 989 4415 Et,
1022 4362 1285 4420 praetensa
1338 4354 1704 4410 misericordia

101 4451 229 4502 tua,
280 4437 492 4491 custodi
536 4437 653 4507 mej,
696 4452 765 4491 ne
803 4439 945 4507 quod
994 4440 1164 4495 habeo
1199 4455 1266 4495 ex
1315 4442 1703 4509 misericordia,

104 4527 381 4580 amittam
421 4539 521 4594 per
562 4525 889 4594 superbiam.
935 4526 1059 4583 Non
1098 4531 1267 4583 veniat
1316 4530 1441 4585 milii
1479 4548 1567 4600 pes
1616 4551 1705 4587 stt-

101 4615 341 4684 perbia’,
377 4623 436 4666 ut
465 4628 551 4668 me
577 4616 778 4685 erigam
816 4626 1001 4671 contra
1034 4632 1118 4673 me
1152 4619 1279 4672 mihi
1309 4619 1509 4690 aliquid
1551 4625 1705 4679 attri-

106 4704 364 4757 buendo.
408 4701 560 4758 Unus
606 4718 702 4775 pes
749 4715 832 4759 est
862 4705 980 4769 ille,
1025 4723 1130 4761 non
1183 4708 1318 4775 duo;
1366 4710 1487 4763 ideo
1534 4711 1705 4771 facilis

106 4795 181 4849 ad
214 4795 608 4864 dejectionem.
658 4793 783 4849 Non
828 4797 1001 4849 veniat
1046 4797 1170 4849 mihi
1209 4814 1297 4865 pes
1342 4799 1615 4868 superbire,
1651 4802 1704 4857 id

105 4895 245 4949 est,
298 4883 516 4939 affectio
576 4900 747 4955 prona
803 4886 872 4941 ad
939 4887 1165 4957 lapsum.
1235 4888 1378 4944 Pede
1438 4894 1705 4961 superbiae

108 4980 429 5035 disceditur
450 4994 481 5032 a
509 4988 559 5033 te
591 4980 765 5049 primo
800 4990 855 5034 et
890 4990 1193 5050 postremo,
1224 4983 1350 5052 quia
1379 4984 1701 5056 principium

108 5070 304 5125 omnis
330 5070 562 5139 peccati,
586 5085 692 5139 quo
720 5081 1054 5140 apostatatur
1092 5088 1121 5127 a
1153 5083 1204 5128 te
1234 5074 1479 5141 Domino,
1511 5091 1705 5147 super-

108 5162 247 5227 bia;
272 5170 332 5215 et
354 5176 477 5214 cum
505 5161 570 5215 de
590 5160 795 5228 justitia
826 5163 1107 5231 quisquam
1127 5164 1296 5233 possit
1316 5167 1591 5237 sategcrit,
1614 5183 1705 5223 ex-

110 5265 301 5308 trema
326 5252 559 5321 perditio
586 5254 895 5324 estgloriari
924 5253 976 5307 in
990 5267 1069 5319 5e,
1086 5270 1190 5309 non
1207 5255 1255 5309 in
1273 5255 1520 5311 Domino.
1535 5258 1706 5315 Adam

106 5344 285 5415 primi
323 5346 626 5414 peccatoris
655 5361 816 5417 manu
852 5344 1111 5412 impulsus
1150 5347 1202 5400 in
1242 5350 1547 5416 superbiam
1576 5351 1709 5406 abiit

111 5451 229 5482 που
251 5436 401 5482 ηειδελ
432 5437 672 5483 cameris
711 5438 802 5477 εριι
833 5435 1117 5493 affectione
1140 5439 1334 5503 animi;
1363 5442 1539 5497 ethoc
1561 5442 1708 5511 prin-

1800 3363 2055 3433 peccatis,
2095 3361 2251 3430 juxta
2283 3362 2450 3417 illud:
2490 3363 2591 3429 Qui
2626 3379 2741 3415 cum
2766 3364 3031 3433 justitiam
3061 3362 3157 3416 Dei
3184 3380 3375 3433 cogno-

1800 3455 2010 3519 vissent,
2060 3468 2161 3505 non
2202 3453 2333 3505 sicut
2361 3451 2529 3521 Deum,
2554 3451 2971 3523 gloriﬁcaverunt
3014 3451 3190 3522 (Rom.
3233 3454 3298 3518 ι),
3324 3463 3373 3505 et

1801 3547 2114 3609 ceciderunt,
2141 3546 2268 3615 quia
2300 3544 2513 3599 tradidit
2542 3544 2659 3599 illos
2690 3544 2830 3599 Deus
2859 3546 2913 3599 in
2952 3544 3210 3599 desideria
3254 3559 3370 3596 cor-

1801 3638 1882 3692 dis
1928 3654 2103 3692 eorum
2136 3636 2323 3706 (Ibid).

2294 3724 2418 3781 PSA
2428 3726 2613 3783 LMUS
2642 3726 2880 3783 XXXVI.

2205 3832 2509 3874 PSALMUS
2560 3834 2688 3873 IPSI
2738 3834 2963 3873 DAVID.

1878 3928 1896 3960 ι
1939 3908 2053 3963 Noli
2076 3909 2315 3963 aemulari
2342 3911 2393 3963 in
2423 3909 2865 3981 malignautihus,
2908 3925 3080 3979 neque
3118 3912 3375 3966 zetaveris

1808 4016 1828 4051 ι
1860 3999 2120 4055 facientes
2160 4000 2514 4069 iniquitatem.
2566 4001 2826 4068 Quoniam
2883 4012 3137 4071 tanquam
3184 4002 3365 4058 fenum

1809 4111 1828 4143 ι
1863 4092 2117 4147 velociter
2142 4102 2409 4158 arescent,
2452 4102 2506 4147 et
2530 4095 2980 4163 quemadmodum
3006 4095 3151 4149 olera
3183 4096 3374 4150 herba-

1808 4202 1827 4236 ι
1864 4199 1981 4238 ιίιιη
2004 4184 2112 4239 cito
2136 4184 2402 4240 decident.
2428 4183 2596 4254 Spera
2628 4186 2679 4239 in
2706 4186 2954 4250 Domino,
2981 4195 3034 4240 et
3060 4186 3143 4240 fac
3164 4187 3374 4240 bonita-
3456 4177 3460 4181 “

1809 4293 1828 4326 ι
1866 4283 2010 4330 tem:
2050 4285 2105 4331 et
2152 4276 2391 4330 inhabita
2426 4285 2625 4331 terram
2648 4317 2662 4340 ,
2698 4286 2753 4331 et
2796 4277 3036 4345 pasceris
3078 4277 3133 4330 in
3171 4277 3373 4331 divitiis

1810 4382 1829 4416 ι
1862 4364 1996 4434 ejus.
2023 4364 2301 4420 Delectare
2333 4366 2383 4417 in
2410 4364 2653 4429 Domino,
2684 4373 2739 4418 et
2760 4364 2906 4418 dabit
2946 4364 3040 4419 tibi
3086 4358 3373 4434 petitiones

1810 4471 1830 4505 ι
1866 4454 2047 4509 cordis
2080 4456 2176 4509 tui.
2206 4454 2400 4509 Revela
2428 4454 2651 4509 Domino
2680 4455 2822 4508 viam
2853 4462 3018 4517 tuam,
3051 4464 3104 4509 et
3133 4468 3290 4522 spera
3318 4454 3373 4507 iu

1812 4559 1829 4592 ι
1862 4556 1949 4607 eo,
1975 4550 2029 4598 et
2054 4543 2166 4612 ipse
2205 4542 2383 4597 faciet.
2426 4543 2490 4597 Et
2515 4542 2706 4597 educet
2731 4542 2885 4611 quasi
2910 4541 3086 4595 lumen
3109 4540 3374 4610 justitiam

1812 4649 1833 4684 ι
1866 4643 2033 4697 tuam,
2057 4641 2112 4686 et
2131 4632 2390 4703 judicium
2420 4641 2566 4686 tuum
2597 4642 2854 4702 tanquam
2892 4634 3171 4688 meridiem
3198 4651 3210 4686 :
3250 4635 3377 4691 sub-

1812 4741 1831 4776 ι
1864 4724 2012 4779 ditus
2032 4732 2148 4779 esto
2171 4724 2419 4790 Domino,
2455 4732 2509 4779 et
2531 4738 2626 4779 ora
2655 4739 2797 4779 eum.
2826 4722 2942 4779 Noli
2970 4725 3207 4780 mandari
3236 4727 3289 4781 in
3312 4743 3377 4782 eo

1811 4833 1830 4866 ι
1868 4814 1959 4885 qui
1982 4820 2330 4885 prosperatur
2359 4816 2412 4869 in
2448 4815 2530 4868 via
2555 4829 2683 4880 sua,
2723 4814 2775 4868 in
2807 4813 3025 4869 homine
3052 4814 3280 4871 faciente
3302 4816 3381 4870 in-

1812 4928 1830 4961 ι
1859 4906 2115 4976 justitias.
2148 4907 2341 4962 Desine
2367 4906 2432 4960 ab
2456 4906 2534 4959 ira
2561 4916 2616 4961 et
2639 4905 2948 4974 derelinque
2976 4905 3242 4973 furorem;
3269 4908 3375 4962 noli

1814 5015 1834 5047 ι
1872 4995 2110 5050 enuntiari
2134 5003 2192 5049 ιιι
2221 4994 2549 5065 maligneris.
2591 4994 2853 5062 Quoniam
2878 4995 2967 5063 qui
2998 4995 3358 5067 malignantur

1815 5107 1834 5139 ι
1870 5087 2412 5143 exterminabuntur:
2465 5089 2793 5142 sustinentes
2836 5096 3015 5142 autem
3058 5088 3373 5151 Dominum,

1815 5194 1833 5226 ι
1871 5175 1968 5244 ipsi
2010 5175 2403 5230 hmreditabnnt
2445 5183 2663 5231 terram.
2690 5176 2757 5231 Et
2783 5174 3276 5245 adhuepusillum,
3320 5191 3373 5234 α’

1818 5285 1838 5317 ι
1877 5281 1980 5321 non
2002 5266 2415 5334 critpeccator:
2456 5275 2510 5322 et
2536 5283 2746 5338 quaeres
2788 5267 2965 5321 locum
2993 5266 3134 5334 ejus,
3178 5275 3233 5320 et
3275 5282 3379 5320 non

1819 5376 1837 5408 ι
1871 5356 2131 5410 invenies.
2160 5356 2423 5412 Mansueti
2451 5366 2633 5414 autem
2660 5356 3051 5413 haereditabunt
3076 5366 3300 5419 terram,
3329 5363 3384 5409 et

1819 5463 1838 5496 ι
1876 5444 2285 5499 delectabantur
2338 5448 2392 5501 in
2446 5448 2795 5503 multitudine
2842 5444 3009 5510 pacis.
3066 5442 3381 5496 Observalﬁ'

1822 5553 1825 5555 ί
1872 5543 2121 5584 ηιληοοίηι·
2147 5534 2347 5582 iustum
2420 5545 2468 5576 nl
2500 5536 2742 5574 clriJnL"
2783 5548 2818 5552 σ-
