3978 6408
588 434 685 491 551

1218 431 1487 488 REMICII
1525 429 2183 489 ANTISSIODORENSIS
2221 429 2369 486 OPP.
2412 431 2607 488 PARS.
2647 432 3202 492 l.—E.\'EGET|CA.

3739 436 3838 492 352

596 573 613 603 ι
652 552 852 621 cipiant
893 562 1181 620 pauperem
1220 557 1275 603 et
1312 549 1542 619 inopem,
1583 556 1639 602 ut
1680 546 1949 602 trucident
1990 554 2165 600 rectos
2191 553 2240 608 Α
2266 546 2455 601 morbo
2488 546 2652 601 animi
2680 547 2773 601 dat
2796 546 3246 602 medicamentum
3279 559 3436 600 suum
3468 544 3648 602 taliter
3671 561 3837 618 aegro-

598 664 614 693 ι
649 643 828 698 corde.
857 640 1077 695 Gladius
1102 654 1289 694 eorum
1334 639 1496 692 intret
1536 638 1587 692 in
1623 637 1782 691 corda
1813 636 2082 705 ipsorum,
2114 643 2170 689 et

597 751 614 782 ι
652 747 811 787 arcus
860 744 1047 785 eorum
1097 728 1486 798 confringatur.
1546 726 1732 781 Melius
1777 734 1858 781 est
1900 726 2165 780 modicum

596 843 612 873 ι
645 823 815 892 justo,
854 836 1017 891 super
1039 820 1249 875 divitias
1280 829 1620 889 peccatorum
1648 818 1863 872 multas.
1905 817 2167 885 Quoniam

596 933 613 963 ι
650 912 868 968 brachia
902 918 1243 980 peccatorum
1272 917 1639 972 conterentur,
1666 907 1951 962 confirmat
1988 915 2165 963 autem

596 1023 614 1054 ι
644 1003 821 1073 justus
850 1002 1128 1057 Dominus.
1161 1000 1320 1056 Novit
1362 1000 1617 1055 Dominus
1644 998 1760 1053 dies
1797 999 2169 1054 immaculato-

596 1116 614 1147 ι
654 1110 804 1159 rum,
849 1101 904 1149 et
950 1093 1238 1148 haereditas
1277 1106 1461 1146 eorum
1511 1090 1563 1144 in
1609 1097 1869 1144 aeternum
1898 1089 2021 1143 erit.
2053 1088 2168 1144 Non

596 1204 613 1236 ι
649 1184 1043 1241 confundentur
1078 1183 1135 1237 in
1179 1191 1417 1251 tempore
1442 1180 1604 1245 malo,
1631 1188 1687 1235 et
1715 1180 1766 1234 in
1798 1180 1985 1235 diebus
2010 1178 2170 1235 famis

594 1295 612 1326 ι
645 1274 1063 1339 saturabuntur,
1110 1274 1234 1342 quia
1283 1281 1597 1341 peccatores
1640 1268 1909 1341 peribunt.
1961 1268 2167 1324 Inimici

596 1378 778 1420 (vero
801 1364 1014 1418 Domini
1042 1378 1168 1417 mox
1207 1371 1268 1416 ut
1307 1361 1643 1416 lionoriﬂcati
1690 1360 1888 1416 fuerint
1931 1368 1987 1415 et
2024 1360 2172 1414 exal-

524 1442 536 1453 ’
594 1455 762 1510 t'tati.
814 1453 1125 1508 deficientes
1168 1452 1619 1522 quemadmodum
1675 1449 1853 1506 fumus
1895 1450 2165 1506 deﬁcient.

596 1564 612 1595 ι
650 1543 977 1599 Mutnabitur
1002 1552 1287 1613 peccator,
1317 1552 1371 1598 et
1394 1559 1501 1598 non
1546 1542 1752 1598 solvet:
1777 1542 1959 1614 justus
1989 1551 2167 1597 autem

595 1652 614 1685 ι
654 1632 942 1689 'miseretur
969 1641 1025 1689 et
1055 1633 1327 1688 retribuet.
1382 1632 1515 1699 Quia
1558 1631 1932 1686 benediceutes
1966 1630 2014 1685 ei
2055 1631 2168 1685 lite-

586 1742 618 1774 ιι
660 1723 965 1778 reditabunt
1004 1731 1225 1787 terram,
1257 1722 1637 1776 maledicentes
1675 1728 1852 1774 autem
1878 1720 1927 1774 ei
1956 1720 2168 1791 disper-

599 1832 617 1863 ι
642 1814 829 1867 ibunt.
852 1813 1008 1882 Apud
1036 1812 1317 1867 Dominum
1341 1826 1556 1881 gressus
1580 1810 1816 1865 hominis
1846 1811 2166 1880 dirigentur,

2273 639 2524 703 tantibus,
2556 638 2737 694 taliter
2764 640 2906 710 apud
2953 655 3013 695 se
3054 638 3420 709 cogitantibus
3445 647 3711 708 temperat
3747 656 3840 710 po-

2268 727 2446 783 culum
2496 726 2930 791 saluberrimum,
2981 735 3042 782 ut
3084 728 3294 781 discant
3344 741 3450 780 non
3500 742 3842 782 murmurare

2268 825 2455 871 contra
2488 816 2811 871 Dominum:
2836 816 2962 887 quia
2990 816 3319 887 prosperitas
3360 814 3621 870 malorum
3648 826 3738 870 est
3762 815 3843 870 eis

2269 911 2337 965 ad
2381 925 2649 965 summam
2686 910 3000 981 perniciem,
3037 920 3093 966 et
3134 910 3432 966 adversitas
3460 911 3726 966 bonorum
3762 911 3845 967 eis

2269 1001 2338 1055 ad
2359 1015 2623 1054 summam
2654 1000 2876 1071 gloriam
3770 999 3785 1007 ’

2343 1087 2472 1143 Noli
2518 1088 2759 1143 wmulari
2787 1090 2842 1143 in
2870 1088 3295 1160 malignantibus,
3339 1089 3391 1145 id
3427 1098 3532 1156 est,
3559 1090 3670 1146 noli
3716 1090 3847 1147 invi-

2270 1179 2414 1235 diam
2465 1180 2684 1245 habcre,
2715 1180 2798 1236 vel
2838 1180 2946 1236 noli
2990 1181 3147 1236 irasci
3197 1181 3250 1236 in
3300 1182 3739 1253 malignantibus,
3792 1183 3846 1238 id

2270 1278 2371 1335 cst,
2409 1270 2462 1323 in
2505 1268 2637 1325 ﬂore
2662 1277 2718 1324 et
2751 1271 3106 1341 prosperitate
3132 1271 3363 1342 maligne
3394 1273 3691 1342 agentium,
3720 1288 3846 1329 cum

2274 1369 2326 1414 tu
2351 1361 2577 1431 benigne
2600 1362 2750 1416 vivas
2772 1370 2828 1416 et
2854 1369 3032 1416 tamen
3054 1362 3235 1417 labore
3263 1370 3319 1416 et
3346 1362 3523 1432 inopia
3549 1365 3843 1432 premat-is.

2274 1449 2456 1521 Neque
2486 1450 2732 1505 zelaueris
2753 1450 3002 1520 facientes
3042 1452 3387 1522 iniquitatem,
3420 1451 3473 1506 id
3496 1461 3599 1518 est,
3626 1468 3699 1508 ne
3725 1454 3849 1509 imi-

2274 1543 2404 1598 teris
2431 1542 2518 1597 vel
2537 1534 2701 1597 'ames
2738 1541 3000 1597 facientes
3038 1542 3198 1607 mala,
3244 1551 3301 1597 et
3347 1550 3525 1597 tamen
3569 1543 3846 1610 ﬂorentes,

2269 1648 2498 1704 quorum
2527 1635 2708 1703 priora
2750 1633 2961 1699 ﬂorent,
3005 1636 3300 1703 posteriora
3337 1646 3625 1692 arescent:
3658 1650 3848 1693 eorum

2272 1723 2453 1792 priora
2499 1731 2627 1777 sunt
2671 1722 2723 1776 in
2767 1721 3072 1790 latitudine,
3110 1724 3417 1794 posteriora
3463 1725 3515 1779 in
3555 1727 3847 1794 angustiis.

2272 1811 2386 1866 Tua
2411 1812 2592 1882 priora
2633 1811 2687 1865 in
2712 1820 2937 1883 angusta
2963 1812 3051 1866 via
3089 1821 3245 1878 sunt;
3271 1814 3573 1883 posteriora
3603 1823 3768 1870 erunt
3795 1816 3846 1871 in

596 1912 699 1958 ret
720 1904 860 1957 viam
887 1902 1004 1972 ejus
1029 1902 1190 1957 volet.
1233 1902 1367 1957 Cum
1406 1901 1679 1969 ceciderit,
1713 1916 1818 1956 non
1846 1901 2166 1957 collidetur:
2203 1902 2246 1961 Β
2274 1912 2464 1971 magna
2494 1902 2830 1958 dilatatione.
2876 1902 3062 1958 Potius
3089 1903 3388 1974 posteriora
3434 1917 3623 1960 eorum
3665 1907 3850 1961 consio

594 2013 613 2045 ι
650 1995 775 2065 quia
809 1995 1065 2050 Dominus
1102 1994 1352 2066 supponit
1377 2009 1596 2049 manum
1633 2008 1807 2050 suam.
1835 1994 2026 2051 Junior
2061 1993 2165 2059 fui,

594 2102 613 2136 ι
649 2085 849 2140 etenim
890 2087 1059 2149 senui,
1090 2096 1151 2140 et
1191 2100 1298 2141 non
1325 2085 1434 2140 vidi
1463 2085 1668 2156 justum
1692 2084 2002 2139 derelictum
2022 2123 2037 2148 ,
2068 2096 2168 2137 nec

596 2195 614 2227 ι
646 2190 830 2231 semen
864 2177 981 2248 ejus
1006 2192 1253 2246 quaerens
1276 2191 1487 2247 panem.
1518 2175 1655 2230 Tota
1682 2175 1768 2231 die
1800 2174 2084 2229 miseretur
2114 2180 2170 2228 et

595 2266 982 2331 «commodat,
1029 2276 1082 2320 et
1128 2280 1314 2319 semen
1357 2264 1501 2318 illius
1539 2263 1595 2318 in
1632 2262 2005 2318 benedictione
2043 2262 2165 2317 erit.

597 2373 617 2407 ι
650 2354 869 2411 Declina
892 2371 922 2410 a
947 2355 1085 2410 malo
1111 2363 1165 2409 et
1195 2354 1279 2408 fac
1302 2353 1523 2418 bonum,
1547 2360 1601 2408 et
1627 2352 1867 2407 inhabita
1909 2352 1960 2406 in
2001 2367 2169 2407 szecu-

593 2463 615 2497 ι
640 2444 756 2499 lum
799 2443 997 2498 smculi.
1026 2443 1160 2510 Quia
1206 2441 1465 2497 Dominus
1492 2440 1953 2511 amatjudicium,
1977 2449 2032 2495 et
2062 2455 2167 2495 non

597 2556 616 2589 t
651 2537 987 2607 derelinquet
1027 2545 1242 2591 sanctos
1286 2550 1449 2601 suos,
1481 2535 1535 2589 in
1576 2542 1837 2588 aeternum
1883 2548 2170 2589 conserva-

599 2648 617 2680 ι
652 2631 870 2684 buntur.
901 2627 1085 2696 lnjusti
1114 2627 1435 2697 punientur,
1460 2634 1513 2680 et
1534 2641 1717 2682 semen
1748 2626 2031 2696 impiorum
2050 2639 2170 2696 per-

595 2736 615 2769 ι
653 2718 775 2773 ibit.
817 2716 957 2773 Justi
997 2729 1175 2771 autem
1198 2717 1591 2773 haereditabunt
1618 2725 1843 2782 terram,
1869 2724 1926 2770 et
1951 2715 2166 2770 inhabi-

589 2826 609 2860 ι
646 2806 834 2862 tabunt
861 2806 914 2862 in
943 2806 1198 2873 sasculum
1228 2806 1408 2862 sazculi
1435 2821 1597 2876 super
1622 2820 1764 2860 eam.
1805 2803 1877 2860 0s
1897 2804 2035 2874 justi
2059 2816 2170 2858 me-

591 2918 609 2951 ι
645 2898 910 2953 dilabitur
935 2898 1286 2969 sapientiam,
1320 2906 1377 2953 et
1402 2896 1582 2968 lingua
1609 2894 1725 2965 ejus
1752 2895 2000 2965 loquetur
2031 2894 2169 2966 judi-

591 3007 608 3040 ι
644 2990 807 3043 cium.
831 2989 942 3044 Lex
969 2989 1062 3044 Dei
1085 2987 1199 3057 ejus
1231 2989 1286 3065 in
1306 2988 1467 3044 corde
1498 2988 1680 3058 ipsius,
1709 2995 1766 3043 et
1787 3001 1894 3041 non
1922 2985 2170 3057 supplan-

594 3095 611 3127 ι
649 3078 905 3132 tabuntur
925 3093 1140 3149 gressus
1161 3076 1297 3147 ejus.
1327 3077 1646 3134 Considerat
1671 3085 1923 3147 peccator
1939 3075 2163 3144 justum,

593 3186 609 3217 ι
647 3177 700 3223 et
744 3168 937 3238 quierit
986 3167 1313 3225 mortificare
1352 3183 1497 3224 eum.
1547 3166 1806 3223 Dominus
1842 3175 2022 3223 autem
2059 3181 2166 3221 non

2269 1997 2417 2060 dera,
2464 1995 2714 2064 quoniam
2760 2003 3012 2064 tanquam
3057 1994 3233 2063 fenum
3285 1994 3528 2049 velociter
3569 2006 3848 2051 arescent:

2268 2087 2371 2141 hoc
2393 2092 2495 2151 est,
2523 2085 2826 2156 posteriora
2851 2098 3037 2140 eorum
3065 2101 3233 2141 vacua
3256 2095 3416 2142 erunt
3440 2101 3471 2141 a
3499 2087 3694 2158 gloria.
3718 2086 3848 2143 0m-

2269 2178 2348 2232 nis
2390 2192 2512 2231 caro
2552 2176 2751 2245 fenum,
2787 2185 2835 2231 et
2871 2178 3039 2231 omnis
3076 2177 3245 2247 gloria
3274 2177 3387 2247 ejus
3408 2179 3557 2249 quasi
3593 2179 3694 2247 ﬂos
3736 2178 3849 2248 agri

2269 2268 2404 2338 (Isa.
2433 2266 2559 2339 xL).'
2575 2267 2641 2321 Et
2664 2268 3104 2339 quemadmodum
3129 2267 3273 2323 olera
3311 2268 3589 2323 herbarum
3619 2268 3726 2323 cito
3760 2269 3850 2323 de-

2268 2359 2458 2423 ciderit,
2493 2358 2545 2413 id
2591 2366 2698 2425 est,
2740 2358 3193 2429 quemadmodum
3238 2358 3358 2414 olus
3395 2373 3492 2414 ens
3533 2359 3677 2415 inter
3714 2359 3850 2414 alias

2268 2447 2464 2502 herbas
2494 2465 2506 2501 :
2541 2446 2659 2502 olus
2695 2456 2780 2502 est
2806 2448 3051 2518 qumdam
3100 2447 3289 2515 herba,
3322 2464 3444 2519 quas
3479 2450 3849 2520 superficiete-

2270 2551 2370 2591 nus
2397 2536 2636 2591 adhaeret
2656 2537 2825 2602 humi,
2853 2545 2910 2591 et
2930 2537 3065 2591 viret
3091 2545 3298 2592 tantum
3329 2538 3382 2592 in
3406 2537 3630 2609 hyeme;
3663 2547 3721 2594 et
3739 2539 3848 2595 sole

2269 2625 2526 2681 redeunte
2552 2625 2606 2680 in
2631 2633 2835 2692 aestate,
2864 2626 3006 2681 illico
3034 2628 3250 2683 arescit.
3283 2626 3419 2683 Huic
3457 2630 3848 2699 comparabiles

2268 2723 2394 2769 sunt
2418 2713 2710 2784 gaudentes
2738 2714 2792 2768 in
2819 2715 3068 2781 terrenis,
3101 2730 3205 2770 non
3230 2715 3491 2771 habentes
3521 2716 3736 2775 ﬁrmam
3761 2733 3845 2772 ra-

2268 2803 2442 2858 dicem
2464 2804 2746 2859 charitatis
2775 2818 2960 2860 amore
2984 2805 3297 2861 inhterentis
3335 2806 3462 2862 huic
3504 2808 3729 2872 mundo,
3759 2808 3846 2877 qui

2267 2906 2352 2950 est
2387 2895 2768 2965 comparabilis
2798 2891 3010 2967 hyemi;
3042 2897 3134 2953 sed
3181 2897 3295 2953 sole
3337 2907 3611 2968 surgente,
3646 2899 3698 2954 id
3743 2908 3841 2962 est,

2268 2983 2484 3039 Christo
2522 2985 2768 3041 veniente
2793 2983 3159 3054 adjudicium,
3204 2995 3414 3043 arescet
3439 3002 3630 3043 eorum
3658 2988 3844 3059 gloria.

2269 3075 2468 3131 Μοτιαὶ
2496 3078 2633 3132 enim
2660 3094 2797 3132 nunc
2824 3079 2969 3145 estis,
2995 3088 3044 3133 et
3071 3080 3179 3133 vita
3218 3088 3391 3134 vestra
3433 3079 3744 3135 abscondita
3778 3088 3846 3134 est

2270 3182 2386 3219 cum
2418 3164 2624 3220 Christo
2652 3166 2707 3220 in
2729 3166 2837 3221 Deo
2862 3165 2998 3238 (Col.
3024 3170 3129 3237 tu).
3154 3167 3286 3224 Cum
3313 3168 3563 3223 Christus
3591 3184 3846 3240 apparueo

592 3276 610 3309 ι
646 3257 982 3329 derelinquet
1022 3272 1144 3313 eum
1186 3259 1237 3313 in
1282 3258 1528 3313 manibus
1553 3257 1705 3327 ejus,
1751 3272 1851 3313 nec
1890 3256 2168 3313 damnabit
2194 3249 2239 3310 C
2270 3253 2338 3308 rit
2373 3252 2543 3324 gloria
2588 3262 2789 3320 vestra,
2834 3263 2961 3310 tunc
2988 3265 3043 3310 et
3082 3271 3178 3312 vos
3221 3257 3550 3326 apparebitis
3577 3273 3704 3313 cum
3738 3258 3846 3327 ipso

588 3366 612 3400 ι
644 3365 765 3404 eum
814 3362 935 3404 cum
972 3348 1304 3418 iudicabitur
1348 3348 1441 3403 illi.
1495 3350 1756 3419 Exspecta
1802 3348 2086 3405 Dominum
2112 3355 2169 3401 et

592 3459 611 3491 ι
650 3438 856 3494 custodi
881 3440 1021 3493 viam
1051 3438 1207 3509 ejus;
1245 3448 1301 3495 et
1340 3439 1597 3494 exaltabit
1643 3449 1727 3505 te,
1764 3449 1823 3494 ut
1856 3438 2168 3494 haereditate

591 3551 608 3582 ι
647 3532 829 3600 capias
852 3538 1092 3595 terram;
1133 3546 1255 3584 cum
1292 3529 1551 3601 perierint
1581 3539 1908 3600 peccatores,
1940 3528 2161 3583 videbis.

590 3637 609 3670 ι
649 3618 770 3673 Vidi
799 3618 1019 3687 impium
1045 3618 1503 3687 superexaltatum
1533 3627 1588 3673 et
1620 3618 1885 3672 elevatum
1912 3617 2052 3672 sicut
2080 3631 2169 3671 ce-

592 3730 610 3762 ι
648 3710 772 3765 dros
798 3707 1007 3765 Libani.
1039 3708 1104 3763 Et
1141 3709 1388 3773 transivi,
1408 3717 1463 3762 et
1484 3722 1613 3763 ecce
1638 3722 1741 3763 non
1763 3715 1913 3772 erat;
1942 3706 2167 3776 quaesivi

590 3818 611 3853 ι
644 3815 790 3867 eum,
812 3808 867 3855 et
892 3813 997 3854 non
1026 3807 1110 3854 est
1135 3799 1389 3854 inventus
1417 3799 1565 3854 locus
1590 3798 1728 3869 ejus.
1759 3797 1979 3852 Custodi
2012 3796 2166 3850 inno-

590 3914 609 3946 ι
643 3893 876 3950 centiam
902 3902 958 3947 et
987 3890 1106 3946 vide
1127 3891 1435 3962 aequitatem
1453 3931 1469 3957 ,
1509 3891 1761 3960 quoniam
1783 3898 1907 3945 sunt
1926 3888 2166 3959 reliquiae

576 4006 608 4038 οι
644 3984 845 4041 homini
888 3983 1132 4055 paciﬂco.
1177 3982 1363 4052 lnjusti
1392 3991 1571 4037 autem
1612 3983 1975 4052 disperibunt,
2007 3978 2168 4035 simul

591 4096 607 4127 ι
648 4076 889 4144 reliquiae
918 4074 1205 4143 impiorum
1235 4074 1552 4128 interibunt.
1600 4072 1757 4127 Salus
1781 4080 1957 4127 autem
1987 4072 2165 4142 justo-

582 4183 609 4216 ς
636 4180 765 4219 rum
793 4178 822 4217 a
851 4162 1102 4227 Domino,
1130 4171 1185 4217 et
1208 4169 1482 4231 protector
1502 4175 1689 4217 eorum
1719 4162 1771 4216 in
1799 4168 2039 4231 tempore
2072 4160 2169 4215 tri-

584 4274 608 4306 s
647 4254 972 4311 bulationis:
1013 4253 1082 4308 Et
1106 4251 1378 4321 adjuvabit
1416 4267 1509 4309 eos
1548 4253 1843 4307 Dominus:
1883 4260 1938 4306 et
1967 4250 2167 4307 libera-

590 4366 607 4398 ι
641 4346 721 4400 bit
757 4358 886 4411 eos;
927 4351 981 4399 et
1007 4350 1159 4397 eruet
1202 4356 1296 4397 eos
1339 4356 1368 4396 a
1411 4340 1817 4411 peccatoribus,
1848 4348 1902 4395 et
1938 4340 2170 4395 salvabit

592 4453 609 4486 ι
644 4448 738 4489 eos
791 4432 916 4502 quia
939 4438 1292 4502 speraverant
1314 4430 1367 4485 in
1389 4445 1475 4487 eo.
1510 4449 1531 4484 ι

1141 4520 1585 4579 ENARRATIO.

2269 3345 2322 3399 in
2352 3344 2542 3415 gloria.
2566 3344 2748 3400 Potius
2779 3360 2938 3414 quam
2967 3345 3086 3401 illos
3117 3346 3347 3401 imiteris
3389 3356 3443 3399 et
3474 3348 3582 3400 illis
3610 3349 3846 3403 invideas

2266 3436 2356 3505 qui
2380 3450 2521 3490 nunc
2550 3433 2847 3501 ﬂorent,.et
2885 3449 3007 3509 post
3032 3446 3298 3504 arescent,
3327 3454 3478 3509 spera
3501 3440 3557 3492 in
3603 3438 3842 3502 Domino,

2267 3535 2327 3581 ut
2370 3526 2669 3596 posteriora
2705 3536 2794 3582 tua
2825 3528 3089 3583 ﬂoreant:
3115 3530 3223 3585 noli
3265 3532 3500 3600 gaudere
3537 3532 3594 3585 in
3630 3531 3843 3594 saeculo.

2266 3620 2358 3674 sed
2385 3629 2637 3689 exspecta
2681 3621 2936 3688 gaudium
2964 3636 2994 3675 a
3026 3620 3274 3677 Domino.
3309 3623 3376 3677 Et
3423 3630 3482 3676 ut
3512 3623 3691 3694 possis
3731 3637 3846 3693 spe—

2268 3722 2411 3771 rare,
2455 3708 2539 3777 [ac
2565 3709 2866 3777 bonitatem,
2898 3711 3007 3767 noli
3039 3712 3245 3766 Otiosus
3268 3726 3407 3767 esse.
3435 3711 3733 3780 lnjucunda
3769 3728 3844 3787 est

2265 3799 2355 3853 lux
2385 3799 2580 3869 lippis:
2607 3815 2706 3855 nec
2738 3809 2823 3856 est
2850 3802 3195 3871 sperandum,
3226 3811 3286 3856 ut
3306 3801 3602 3870 jucundam
3648 3803 3843 3859 habeas

2265 3890 2460 3956 lucem,
2484 3890 2587 3945 nisi
2612 3905 2642 3944 a
2665 3891 2900 3947 tenebris
2920 3891 3227 3947 desuescas.
3253 3892 3340 3957 Et,
3368 3892 3577 3948 scilicet
3599 3892 3841 3949 faciendo

2266 3981 2584 4046 bonitatem,
2610 3981 2846 4035 inhabita
2883 3990 3100 4048 terram,
3128 3982 3181 4036 id
3225 3992 3305 4038 est
3328 3981 3649 4049 Ecclesiam,
3680 3985 3735 4039 in
3760 3985 3837 4038 in-

2267 4071 2470 4126 stitutis
2494 4070 2883 4128 ecclesiasticis
2923 4080 2976 4128 te
3002 4087 3218 4138 exerce,
3249 4074 3318 4128 ab
3343 4074 3424 4128 eis
3448 4088 3556 4128 non
3589 4076 3834 4130 recedas:

2266 4161 2391 4230 quia
2438 4175 2543 4215 non
2585 4168 2667 4215 est
2693 4160 2844 4217 locus
2886 4162 2999 4216 veri
3032 4161 3283 4217 sacrificii
3324 4171 3480 4217 extra
3521 4163 3838 4219 catholicam

2267 4249 2561 4307 Ecclesiam
2588 4267 2606 4317 ;
2633 4250 2713 4305 vel
2749 4250 2981 4305 inhabita
3007 4260 3221 4314 terram,
3257 4252 3309 4306 id
3337 4261 3420 4306 est
3445 4267 3648 4322 corpus
3699 4263 3836 4307 tuum

2268 4342 2403 4405 cole,
2447 4350 2506 4395 ut
2543 4341 2761 4396 tandem
2811 4342 3163 4411 consequaris
3192 4341 3497 4397 immortale
3538 4352 3598 4399 et
3645 4343 3837 4413 impaso

2268 4430 2443 4486 sibile.
2489 4430 2555 4484 Et
2591 4445 2714 4485 cum
2753 4429 3141 4485 inhabitaveris
3173 4430 3491 4496 Ecclesiam,
3522 4434 3753 4501 pasceris
3787 4434 3836 4484 in

2270 4522 2465 4576 divitiis
2502 4521 2637 4589 eius,
2666 4522 2719 4577 id
2757 4530 2841 4578 est
2867 4522 2920 4577 in
2966 4522 3211 4588 Domino,
3238 4522 3329 4592 qui
3358 4531 3440 4577 est
3470 4522 3678 4579 divitiae
3705 4523 3836 4579 illius

658 4614 901 4670 Psalmus
946 4613 1045 4683 ipsi
1082 4612 1281 4679 David,
1330 4614 1383 4669 id
1421 4622 1535 4679 est,
1578 4614 1693 4669 ιιωο
1734 4614 1871 4670 bona
1912 4613 2159 4684 operatio
2197 4591 2247 4650 Ῑ)
2274 4619 2447 4666 terrae.
2478 4609 2535 4666 Si
2563 4620 2739 4667 autem
2775 4613 2847 4667 ad
2875 4628 3092 4668 carnem
3117 4591 3372 4679 refertur,
3420 4615 3666 4683 pasceris
3690 4614 3741 4668 in
3762 4612 3836 4667 di-

596 4704 938 4764 attribuenda
959 4712 1039 4760 est
1058 4704 1471 4774 perfectioribus
1503 4704 1556 4759 in
1581 4718 1807 4775 corpore
1831 4704 2051 4771 Christi,
2067 4705 2159 4775 qui

583 4797 859 4851 instruunt
903 4792 1081 4848 minus
1121 4792 1409 4863 perfectos,
1445 4809 1567 4849 cum
1607 4809 1703 4850 eos
1744 4794 1997 4851 aberrare
2041 4810 2164 4851 sen-

585 4885 745 4939 tiunt.’
797 4878 1101 4952 lmperfecti
1153 4879 1447 4936 Christiani
1495 4896 1709 4953 semper
1753 4884 2162 4953 perturbantur,

583 4989 708 5029 cum
751 4972 988 5028 viderint
1029 4971 1200 5027 malos
1250 4971 1479 5028 feliciter
1522 4974 1724 5039 vivere,
1774 4973 1928 5043 copia
1978 4988 2159 5028 rerum

585 5062 958 5134 temporalium
984 5059 1378 5127 circumﬂuere,
1408 5062 1760 5133 dignitatibus
1779 5062 2038 5126 eminere,
2066 5071 2162 5117 do-

584 5168 729 5209 mum
762 5150 1087 5219 ipcolumem
1126 5150 1347 5215 habere,
1393 5150 1605 5222 gaudiis
1635 5151 1750 5205 suis
1790 5165 1895 5206 non
1943 5150 2158 5215 deesse,

584 5242 720 5297 nihil
752 5241 909 5296 triste
948 5240 1118 5295 vitam
1165 5238 1378 5294 illorum
1427 5238 1775 5309 interpellare
1804 5256 1816 5292 :
1841 5238 2026 5294 vident
2068 5252 2163 5294 ne-

585 5333 928 5389 fandissimos
968 5349 1166 5399 mores,
1217 5334 1621 5405 copiosissimas
1656 5332 1937 5389 facultates
1964 5350 1976 5387 :
2001 5342 2055 5390 et
2083 5334 2162 5388 di-

580 5434 712 5479 cunt
761 5424 841 5479 eis
892 5425 1054 5479 corda
1111 5424 1345 5489 illorum,
1399 5423 1601 5478 nullum
1661 5439 1781 5479 esse
1820 5424 2056 5494 judicem
2108 5422 2163 5477 in

584 5513 764 5577 rebus,
814 5511 910 5567 sed
937 5512 1118 5567 omnia
1151 5512 1236 5582 agi
1272 5512 1489 5566 casibus
1531 5520 1586 5567 et
1615 5510 1856 5567 fortuitis
1902 5512 2152 5566 motibus.

587 5600 716 5656 Nam
739 5603 785 5658 si
811 5605 952 5660 Deus
976 5611 1191 5660 curaret
1234 5604 1349 5659 haec
1375 5604 1556 5659 inﬁma
1583 5604 1905 5675 gubernare,
1942 5602 2157 5657 illorum

585 5691 839 5761 iniquitas
865 5709 968 5748 non
1001 5702 1208 5750 tantum
1230 5692 1467 5760 ﬂoreret,
1497 5704 1553 5750 et
1572 5710 1690 5750 mea
1719 5694 2027 5750 innocentia
2051 5707 2155 5747 non

586 5794 787 5839 tantum
832 5783 1120 5841 laboraret.
1154 5785 1259 5841 Sed
1302 5787 1427 5857 quia
1456 5782 1636 5843 divina
1683 5785 1962 5857 Scriptura
2009 5785 2154 5838 omni

2269 4703 2416 4758 vitiis
2444 4701 2559 4771 ejus
2595 4702 2833 4768 tandem,
2880 4720 2998 4757 cum
3038 4703 3257 4758 mortale
3283 4704 3380 4757 hoc
3419 4703 3609 4759 induet
3634 4705 3834 4757 immor-

2271 4792 2526 4846 talitatem
2555 4791 2605 4863 (I
2634 4790 2756 4846 Cor.
2789 4791 2899 4864 xv).
2934 4791 3063 4858 Qua:
3102 4792 3210 4846 sint
3252 4791 3452 4845 divitia:
3480 4792 3626 4847 illius
3663 4801 3830 4851 tem.

2271 4881 2561 4952 subiungit.
2591 4881 2858 4936 Delectare
2878 4883 2933 4935 in
2956 4881 3200 4946 Domino,
3225 4891 3271 4934 et
3294 4881 3437 4935 dabit
3457 4881 3552 4934 tibi
3573 4883 3831 4950 petitiones

2265 4971 2439 5025 cordis
2481 4970 2577 5023 tui.
2605 4969 2682 5023 llli
2709 4970 2802 5039 qui
2851 4970 2903 5024 in
2934 4970 3131 5025 saeculo
3173 4969 3529 5034 delectantur,
3560 4970 3650 5025 hic
3694 4969 3829 5023 acci-

2266 5060 2417 5129 piunt
2446 5060 2761 5130 petitionem
2792 5059 2971 5114 carnis
3000 5075 3131 5127 suae,
3160 5059 3369 5114 scilicet
3411 5057 3828 5114 marcescibiletn

2264 5150 2488 5221 gloriam
2518 5158 2573 5205 et
2607 5151 2714 5205 cito
2749 5149 3127 5215 transituram;
3156 5150 3248 5205 sed
3273 5158 3328 5203 tu
3377 5163 3484 5204 non
3522 5149 3580 5203 in
3618 5148 3721 5203 alio
3747 5148 3827 5198 de-

2264 5242 2479 5297 lecteris
2504 5241 2605 5296 nisi
2631 5242 2685 5296 in
2715 5243 2963 5309 Domino,
2989 5252 3045 5317 et
3074 5242 3307 5312 accipies
3335 5239 3827 5296 immarcescibilem

2263 5332 2507 5401 gloriam,
2539 5348 2700 5402 quam
2725 5335 2861 5405 petit
2897 5349 2992 5390 cor
3035 5344 3203 5390 tuum.
3230 5334 3310 5389 llli
3355 5343 3542 5388 amant
3572 5334 3824 5393 tenebras,

2265 5431 2321 5477 tu
2354 5423 2527 5479 lucem
2556 5442 2568 5478 :
2595 5424 2673 5480 illi
2708 5426 2910 5482 habent
2941 5427 3197 5497 peritura,
3234 5435 3287 5480 tu
3315 5441 3498 5496 quaere
3528 5435 3744 5482 aeterna.
3768 5421 3827 5475 Ει

2264 5518 2326 5566 ιιι
2356 5512 2531 5580 possis
2550 5528 2787 5584 sperare,
2822 5516 2990 5570 revela
3024 5514 3248 5570 Domino
3277 5516 3413 5570 viam
3441 5525 3611 5581 tuam,
3649 5516 3700 5569 id
3726 5521 3822 5571 est.

2266 5604 2393 5659 talia
2423 5622 2588 5677 opera
2632 5609 2718 5666 fac
2765 5625 2885 5680 quae
2924 5611 3033 5665 sint
3056 5610 3217 5680 digna
3258 5610 3431 5665 oculis
3456 5608 3684 5673 Domini,
3725 5619 3825 5659 non

2263 5707 2521 5766 quantum
2547 5701 2612 5754 ad
2640 5702 2996 5771 cognitionem
3021 5716 3125 5770 qua
3154 5716 3258 5755 non
3291 5699 3513 5771 indiget,
3547 5699 3638 5754 sed
3663 5709 3821 5765 quan.

2265 5797 2375 5844 tum
2408 5793 2474 5847 ad
2505 5793 2889 5862 dignationem.
2935 5793 3140 5847 Aliter:
3168 5792 3329 5858 Quasi
3361 5791 3504 5845 dicat
3534 5807 3548 5843 :
3580 5787 3701 5842 Volo
3742 5785 3818 5837 dc»
