3978 6424
186 392 298 428 ἃδε)

1322 366 1849 423 ENARRATIONES
1890 366 1953 419 IN
1994 367 2327 424 PSALMOS.

3318 371 3422 429 534

182 485 438 541 lectariin
463 483 709 549 Domino,
738 484 829 537 sed
853 497 1059 554 nequeo
1084 480 1326 552 implere.
1346 483 1428 538 Ad
1449 483 1551 538 hoc
1578 482 1753 538 indica
1781 495 1832 554 Α
1857 483 1992 537 bene
2021 483 2324 548 coluerunt,
2351 483 2564 537 tandem
2593 482 2942 551 possidebunt
2982 483 3340 540 immortalem
3372 499 3427 543 et

184 574 413 629 Domino
446 573 810 628 inﬁrmitatem
839 583 1005 639 luam,
1032 584 1080 628 et
1107 591 1256 644 spera
1281 575 1334 627 in
1371 591 1429 628 eo
1453 591 1471 628 :
1499 575 1620 645 quia
1649 588 1753 629 non

183 675 272 721 est
301 667 352 721 in
378 681 444 721 eo
473 680 715 735 sperare,
746 666 847 720 nisi
872 666 1003 720 bene
1035 667 1329 735 operantis.
1366 666 1430 719 Et
1453 667 1560 735 ipse
1580 667 1757 735 faciet.

184 757 327 823 Quid
362 756 557 810 faciet?
590 755 787 809 Educet
813 757 962 825 quasi
990 759 1161 809 lumen
1176 757 1442 825 justitiam
1490 766 1656 821 tuam,
1707 756 1760 811 id

182 857 288 910 est,
338 846 498 901 ﬁdem
543 856 689 902 tuam
736 863 840 918 qua
862 846 1203 915 justiﬁcaris,
1248 864 1366 918 qua:
1412 850 1570 904 modo
1614 848 1758 903 nulla

183 937 400 991 videtur
434 948 695 1007 quantum
727 938 793 992 ad
820 938 1329 1005 remunerationem,
1362 940 1416 992 in
1445 954 1758 993 remunera-

186 1030 333 1083 tione
361 1028 704 1084 manil‘estam
735 1030 984 1084 omnibus
1010 1028 1190 1085 faciet.
1224 1028 1293 1081 Et
1314 1029 1577 1099 judicium
1612 1040 1759 1083 tuum

182 1130 437 1189 tanquam
466 1119 750 1181 meridiem,
785 1118 836 1173 id
870 1126 972 1182 est,
1015 1118 1213 1173 bonum
1244 1119 1574 1187 propositum
1610 1124 1759 1170 tuum

183 1226 293 1281 quo
320 1209 527 1281 elegisti
572 1210 720 1279 sequi
757 1209 1061 1273 Dominum,
1098 1210 1498 1279 promittentem
1537 1220 1601 1261 ea
1643 1220 1761 1276 qua:

182 1316 293 1354 non
325 1301 591 1365 videntur,
623 1301 803 1371 potius
829 1315 991 1370 quam
1015 1301 1269 1355 mundum
1300 1302 1515 1355 dantem
1552 1314 1614 1354 ea
1642 1313 1761 1368 quae

181 1393 437 1447 videntur
463 1401 515 1447 et
544 1407 647 1446 non
674 1399 1009 1462 permanent,
1041 1391 1221 1445 educet
1251 1392 1318 1446 de
1346 1391 1582 1446 tenebris
1610 1390 1761 1459 igno-

182 1486 377 1539 rantiae
421 1495 672 1555 tanquam
722 1484 1010 1549 meridiem,
1066 1482 1117 1537 id
1147 1491 1250 1548 est,
1294 1483 1365 1537 ita
1410 1483 1659 1538 omnibus
1706 1483 1760 1536 in

181 1573 625 1628 remuneratione
654 1582 839 1626 notum
886 1572 1070 1637 faciet,
1117 1572 1257 1627 sicut
1303 1572 1652 1626 meridianam
1681 1571 1763 1626 lu-

181 1679 322 1717 cem.
356 1663 423 1716 Et
452 1662 570 1716 ideo
594 1662 830 1715 subditus
853 1670 960 1715 esto
986 1662 1229 1727 Domino,
1274 1662 1419 1717 omni
1457 1661 1763 1716 obedientia

183 1763 238 1810 et
264 1754 577 1809 humilitate
604 1754 654 1807 ei
684 1754 945 1809 serviens.
971 1754 1036 1808 Et
1063 1762 1122 1807 ut
1150 1755 1321 1823 possis
1343 1768 1464 1808 esse
1492 1754 1758 1818 subditus,

181 1863 275 1901 ora
304 1864 430 1901 eum
454 1846 521 1903 de
546 1847 963 1918 perseverantia.
999 1846 1101 1912 Qui
1142 1858 1265 1912 stat,
1308 1849 1475 1902 videat
1508 1865 1570 1902 ne
1604 1849 1760 1902 cadat
1795 1839 1840 1900 Β
1866 1844 1931 1899 ad
1958 1843 2289 1914 probandum
2316 1842 2417 1897 Job
2455 1842 2575 1914 (Job
2600 1842 2639 1913 ι)

183 1937 236 2008 (ι
267 1935 398 1992 Cor.
453 1939 548 2009 x);
598 1947 908 2008 perseveret
962 1937 1162 1992 bonum
1228 1954 1399 2009 opus,
1454 1946 1763 2008 perseveret

178 2030 363 2084 oratio
388 2048 401 2083 :
434 2030 667 2085 nondum
707 2028 905 2098 accipis
930 2028 1251 2084 mercedem.
1289 2028 1381 2084 llle
1407 2029 1536 2083 dare
1564 2036 1763 2099 potest,

180 2122 279 2174 sed
324 2130 383 2175 tu
428 2120 661 2175 nondum
703 2127 859 2189 potes
898 2119 1163 2188 accipere.
1197 2119 1359 2187 Quasi
1402 2120 1546 2175 dicat
1578 2137 1591 2173 ε
1624 2120 1765 2175 Ecce

180 2211 437 2266 subditus
462 2226 581 2265 sum
607 2221 661 2265 et
686 2224 783 2266 oro
812 2225 957 2275 eum,
987 2211 1078 2265 sed
1118 2225 1293 2266 nonne
1320 2209 1470 2266 vides
1499 2210 1766 2279 quomodo

184 2300 274 2355 ille
298 2315 591 2370 perversus
614 2298 752 2353 male
780 2312 1030 2367 operans,
1057 2297 1273 2365 florens,
1299 2314 1397 2368 per
1426 2299 1765 2368 iniquitatem

183 2388 386 2452 elatus,
416 2404 522 2443 non
549 2404 633 2443 me
662 2388 912 2458 dignatur
939 2388 1267 2458 agnoscere?
1298 2387 1350 2441 in
1378 2387 1463 2442 his
1499 2387 1766 2456 quomodo

185 2478 439 2533 durabo?
470 2478 552 2531 Ad
588 2478 710 2532 hoc.
761 2474 889 2530 Noli
918 2476 1175 2541 cumulari,
1215 2476 1268 2530 id
1314 2485 1418 2541 est,
1460 2493 1528 2532 ne
1556 2476 1768 2531 invidus

184 2569 260 2623 sis
289 2568 349 2623 ei
391 2569 481 2637 qui
504 2577 839 2637 prosperatur
866 2567 922 2619 in
952 2566 1033 2620 via
1058 2582 1175 2631 sua,
1203 2580 1310 2621 non
1337 2567 1388 2621 in
1418 2568 1505 2622 via
1531 2568 1624 2621 Dei
1649 2582 1769 2637 qum

188 2666 346 2711 arcta
372 2664 476 2721 est,
515 2656 568 2710 id
594 2664 693 2720 est,
728 2656 819 2725 qui
861 2666 1210 2726 prosperatur
1246 2658 1300 2711 in
1331 2657 1612 2713 desideriis
1645 2674 1765 2713 car-

187 2748 271 2803 nis
304 2762 444 2813 suze,
471 2748 595 2817 quia
622 2746 963 2802 tribulabitur
992 2747 1046 2802 in
1087 2750 1437 2817 perventione
1463 2767 1476 2804 :
1506 2758 1561 2803 tu
1590 2750 1643 2804 in
1682 2750 1766 2805 via

186 2836 496 2901 tribularis,
528 2837 580 2892 in
610 2837 956 2907 perventione
982 2839 1406 2908 prosperaberis.
1448 2840 1501 2901 In
1529 2841 1630 2897 hac
1657 2841 1769 2895 vita

188 2942 244 2985 tu
275 2929 490 2985 incedis
516 2944 613 2999 per
659 2937 938 2999 angustam
978 2929 1141 2994 viain,
1176 2928 1263 2983 ille
1304 2945 1401 3000 per
1444 2929 1645 2985 latam:
1677 2932 1770 2987 sed

187 3023 275 3076 ille
304 3022 730 3092 angustiabitur,
765 3030 821 3077 tu
840 3037 969 3076 vero
1011 3022 1340 3079 dilataberis.
1380 3023 1527 3079 Illius
1552 3024 1637 3077 via
1662 3023 1770 3078 lata

188 3124 291 3176 est,
343 3120 398 3165 et
421 3111 568 3166 ducit
595 3112 661 3165 ad
692 3120 959 3166 mortem:
994 3119 1083 3166 tua
1112 3120 1261 3167 arcta
1301 3122 1402 3175 est,
1433 3122 1488 3167 et
1513 3113 1660 3167 ducit
1704 3114 1769 3166 ad

1857 571 2261 641 impassibilem.
2290 572 2359 627 Et
2382 572 2485 627 hoc
2510 572 2615 628 cito
2645 572 2783 627 erit:
2816 571 2987 626 adhuc
3016 572 3287 643 pusillum,
3320 577 3427 631 sci-

1856 664 1983 719 licet
2035 664 2277 729 sustine,
2340 664 2464 734 quia
2519 680 2684 735 parva
2728 673 2812 720 est
2877 680 3025 720 mora
3079 665 3253 735 hujus'
3295 676 3427 721 tem-

1856 754 2043 825 poris,
2100 764 2513 823 quantacunque
2567 756 2722 810 nobis
2776 756 3063 822 videatur,
3116 744 3425 827 Comparata

1856 848 2166 912 aaternitati,
2198 848 2330 902 adeo
2358 857 2415 901 ut
2441 862 2539 902 nec
2570 856 2828 918 punctum
2851 848 2915 901 ad
2952 864 3071 903 eam
3098 848 3269 919 possit
3297 849 3425 904 dici.

1858 940 1988 1007 Quis
2029 942 2173 995 enim
2202 940 2409 994 ﬁnitum
2440 935 2650 994 infinito
2691 941 3013 1011 comparet?
3051 940 3427 996 Laborandum

1857 1038 1939 1085 est
1964 1039 2225 1085 aeternum
2263 1045 2361 1099 pro
2385 1038 2584 1083 aeterna
2622 1030 2899 1096 mercede,
2940 1030 3033 1085 sed
3058 1046 3165 1086 non
3193 1030 3302 1084 vult
3331 1030 3435 1085 hoc

1858 1122 2227 1178 misericordia
2251 1120 2382 1176 Dei:
2414 1136 2513 1191 pro
2544 1121 2692 1190 parvi
2720 1122 2975 1190 temporis
3016 1122 3231 1186 labore,
3273 1130 3435 1176 acter—

1858 1228 1983 1267 nam
2016 1212 2128 1267 vult
2155 1213 2282 1266 dare
2311 1211 2634 1277 mercedem,
2662 1221 2715 1266 et
2757 1212 2875 1266 ideo
2905 1212 3108 1267 sustine
3137 1212 3338 1276 adhuc,
3380 1209 3434 1263 id

1859 1312 1962 1366 est,
1987 1318 2107 1357 cum
2130 1300 2384 1371 patientia
2411 1310 2660 1369 exspecta
2686 1300 2951 1370 pusillum.
2974 1300 3041 1353 Et
3069 1316 3169 1353 non
3190 1300 3289 1353 erit
3317 1315 3437 1357 nce-

1859 1402 2024 1457 cator,
2056 1392 2111 1446 id
2141 1401 2252 1457 est,
2298 1408 2425 1446 usus
2469 1391 2789 1461 peccatoris.
2833 1389 2950 1444 Non
2995 1390 3121 1460 quin
3161 1390 3262 1456 sit,
3312 1404 3435 1444 cum

1861 1483 2109 1537 dicatur:
2148 1482 2215 1535 Et
2257 1483 2403 1536 ibunt
2440 1483 2492 1535 hi
2522 1484 2574 1536 in
2603 1483 2910 1551 supplicium
2937 1494 3183 1542 wternum
3213 1481 3433 1553 (Matth.

1861 1572 2032 1643 xxv);
2064 1572 2157 1628 sed
2184 1556 2311 1627 illud
2336 1573 2440 1628 erit
2466 1573 2640 1642 potius
2669 1588 2775 1627 non
2802 1585 2939 1635 esse,
2965 1588 3126 1642 quam
3156 1587 3293 1627 esse.
3338 1571 3436 1627 Hic

1862 1672 1945 1717 est
1972 1671 2241 1731 peccator,
2275 1662 2361 1716 hic
2387 1662 2547 1715 habet
2570 1660 2743 1715 locum
2778 1662 2916 1729 apud
2941 1661 3127 1727 Deum,
3156 1662 3245 1731 qui
3274 1663 3439 1715 utitur

1864 1754 1955 1807 illo
1980 1753 2045 1807 ad
2083 1753 2452 1822 probationem
2480 1754 2766 1817 bonorum,
2796 1754 2934 1807 sicut
2961 1752 3175 1809 diabolo
3204 1768 3331 1809 usus
3358 1762 3439 1809 est

2688 1861 2700 1896 :
2743 1844 2817 1898 ita
2860 1852 2944 1899 est
2986 1844 3073 1899 hic
3116 1844 3264 1899 locus
3291 1845 3441 1914 ejus.

1865 1936 2132 2006 quomodo
2154 1942 2237 1989 est
2266 1935 2319 1988 in
2349 1932 2567 1988 fornace
2593 1932 2849 1998 auriﬁcis,
2872 1932 3018 1987 locus
3048 1933 3212 2002 paleae
3237 1951 3249 1985 :
3290 1932 3445 1987 ardet

1864 2023 2039 2095 palea,
2064 2032 2117 2079 et
2138 2039 2326 2078 aurum
2355 2031 2615 2092 purgatur
2639 2040 2651 2076 :
2683 2023 2761 2078 sic
2786 2023 2937 2077 sazvit
2960 2022 3171 2092 impius,
3196 2021 3443 2090 utjustus

1864 2128 2139 2189 purgetur.
2171 2118 2461 2186 Postquam
2498 2116 2707 2186 purgati
2736 2115 2930 2169 fuerint
2954 2114 3121 2183 justi,
3152 2131 3257 2169 non
3286 2123 3446 2169 erunt

1866 2211 1956 2280 qui
1999 2210 2052 2263 in
2081 2224 2172 2263 eos
2201 2208 2424 2263 Steviant
2459 2206 2526 2261 ad
2564 2206 2917 2276 purgandum.
2950 2204 3151 2259 Aliter:
3192 2202 3314 2257 Non
3344 2205 3445 2258 erit

1862 2310 2122 2371 peccator,
2142 2299 2195 2354 id
2214 2308 2314 2364 est,
2334 2297 2575 2353 diabolus
2598 2312 2703 2351 non
2727 2296 2941 2354 habebit
2962 2296 3017 2351 in
3045 2304 3095 2351 te
3114 2296 3404 2366 quidquam
3424 2312 3438 2348 :

1868 2391 2081 2457 Quaeres
2096 2390 2265 2444 locum
2290 2390 2403 2460 ejus
2423 2399 2469 2444 et
2493 2404 2594 2443 non
2615 2388 2861 2443 invenies.
2884 2387 3171 2444 Peccatum
3192 2397 3276 2442 est
3298 2386 3444 2441 locus

1868 2481 2088 2548 diaboli,
2116 2481 2259 2551 quod
2284 2480 2459 2535 adhuc
2486 2495 2591 2535 non
2616 2480 2756 2545 erit;
2796 2478 2879 2533 vel
2910 2480 3011 2533 hoc
3040 2478 3198 2533 modo
3224 2495 3326 2532 non
3345 2479 3442 2531 erit

1867 2582 2127 2643 peccator,
2155 2588 2353 2643 quaeres
2378 2570 2547 2625 locum
2583 2570 2718 2641 ejus,
2750 2580 2797 2625 et
2830 2586 2931 2624 non
2960 2570 3223 2633 invenies;
3257 2569 3326 2623 ibi
3356 2582 3439 2623 se-

1869 2658 2145 2734 parabitur
2184 2680 2213 2717 a
2258 2672 2328 2728 te,
2372 2662 2497 2733 quia
2540 2661 2679 2715 ultra
2705 2678 2809 2716 non
2852 2662 3068 2717 habebit
3096 2661 3292 2725 locum,
3338 2674 3446 2714 non

1869 2753 2068 2824 poterit
2096 2752 2190 2807 tibi
2213 2752 2356 2806 utilis
2378 2766 2498 2807 esse
2525 2752 2662 2806 sicut
2685 2752 2771 2805 hic
2796 2751 2914 2816 fuit,
2945 2751 3069 2821 quia
3100 2751 3231 2804 vivit
3251 2751 3445 2821 impius

1869 2845 1978 2915 pio.
2033 2843 2137 2910 Qui
2182 2842 2567 2913 malignantur,
2622 2842 3119 2897 exterminabuntur.
3178 2842 3447 2896 Mansueti

1871 2945 2067 3001 autem,
2094 2934 2299 2990 scilicet
2328 2942 2601 3005 portantes
2624 2932 2810 3005 iugum
2839 2933 3068 2999 Domini,
3093 2933 3244 3003 juxta
3275 2934 3402 2989 illud
3428 2950 3444 2988 :

1876 3025 2059 3080 Tollite
2092 3025 2284 3096 jugum
2322 3041 2489 3079 meum
2517 3041 2672 3095 super
2710 3041 2818 3089 vos,
2856 3034 2902 3079 et
2928 3025 3109 3079 discite
3147 3042 3178 3078 a
3206 3042 3285 3079 me
3324 3025 3451 3095 quia

1877 3118 2014 3171 mitis
2034 3134 2148 3170 sum
2178 3126 2226 3171 et
2248 3116 2461 3170 humilis
2485 3118 2639 3170 corde
2665 3114 2878 3187 (Matth.
2916 3116 3025 3187 x1);
3066 3116 3448 3170 hwreditabunt

189 3204 385 3257 vitam.
434 3202 548 3258 Noli
577 3204 821 3259 invidens
844 3220 963 3259 esse
992 3206 1046 3259 in
1083 3206 1287 3260 homine
1311 3207 1532 3276 faciente
1567 3192 1771 3275 injusti-
1797 3185 1842 3247 (ἶ
1873 3218 2087 3273 terram,
2112 3222 2141 3261 a
2168 3222 2273 3277 qua
2295 3207 2368 3261 illi
2398 3207 2916 3268 exterminabuntur,
2968 3208 3021 3262 id
3045 3217 3129 3262 est
3154 3207 3453 3262 Jerusalem

186 3295 318 3359 tias,
353 3293 405 3347 id
451 3300 552 3357 est,
585 3294 638 3347 in
680 3294 1031 3363 prosperitate
1071 3293 1187 3363 ejus
1234 3296 1323 3364 qui
1390 3296 1562 3365 magis
1604 3295 1777 3365 diligit
1873 3309 2135 3363 sanctam,
2166 3314 2284 3369 qua:
2315 3299 2630 3353 liberabitur
2657 3298 2721 3353 de
2743 3300 3170 3369 peregrinatione
3198 3300 3329 3353 ista:
3366 3299 3453 3353 vel

194 3381 459 3434 mundum
487 3397 647 3450 quam
677 3381 868 3446 Deum,
900 3393 1201 3436 creaturam
1229 3398 1389 3451 quam
1421 3383 1730 3438 Creatorem
1758 3401 1769 3435 :

193 3473 335 3541 quod
385 3472 645 3541 injustam
692 3482 795 3529 est.
833 3474 1018 3529 Potius
1069 3476 1245 3528 desine
1286 3476 1349 3529 ab
1380 3477 1481 3539 ira,
1522 3475 1628 3530 noli
1659 3485 1772 3530 tur—

194 3568 309 3621 bari
340 3582 355 3619 :
387 3568 467 3621 ira
502 3566 649 3622 furor
674 3567 853 3622 brevis
895 3576 978 3622 est
1007 3568 1073 3621 de
1114 3569 1474 3637 prosperitate
1507 3567 1771 3621 malorum

194 3667 245 3710 et
290 3658 486 3713 labore
530 3658 905 3714 bonorumzet
955 3659 1251 3731 derelinque
1283 3662 1533 3731 furorem,
1590 3661 1773 3727 idest,

191 3749 298 3803 noli
347 3750 488 3804 adeo
518 3750 722 3804 turbari
761 3751 826 3804 de
874 3748 1005 3805 ﬂore
1052 3752 1336 3816 malorum,
1381 3761 1439 3805 ut
1475 3761 1775 3807 exczecetur

192 3841 386 3896 oculus
411 3841 609 3896 mentis
638 3859 651 3893 :
686 3842 864 3909 potius
907 3841 1127 3897 consule
1167 3843 1377 3897 oculum
1410 3843 1553 3907 ﬁdei,
1587 3844 1637 3896 in
1669 3859 1773 3913 qua

189 3934 306 3987 haec
332 3933 719 3987 abrenuntiare
747 3932 923 3988 dictus
950 3948 1027 3996 es,
1059 3950 1165 3988 non
1202 3934 1316 3990 hmc
1351 3935 1441 3989 tibi
1477 3936 1528 3988 in
1554 3936 1776 4004 praemio

191 4024 464 4091 promissa
496 4032 640 4089 sunt,
672 4023 766 4077 sed
788 4032 987 4078 aeterna
1015 4025 1152 4079 bona
1179 4040 1195 4078 :
1221 4028 1341 4096 quia
1372 4026 1522 4082 furor
1542 4037 1644 4093 cst,
1669 4044 1773 4083 non

192 4113 359 4177 ratio,
396 4112 556 4166 irasci
585 4119 769 4166 contra
799 4112 1108 4178 Dominum,
1136 4123 1190 4168 et
1218 4132 1558 4171 murmurare
1587 4128 1775 4171 contra

193 4218 341 4255 cum.
382 4200 555 4255 Furor
578 4201 750 4271 major
787 4211 869 4256 est
906 4217 1064 4271 quam
1106 4203 1205 4256 ira.
1238 4204 1391 4259 llunc
1420 4205 1655 4262 furorem
1685 4208 1777 4263 de-

198 4293 465 4362 relinque.
515 4290 642 4345 Noli
680 4292 921 4347 wmulari
964 4304 1019 4347 ut
1049 4293 1388 4364 maligneris:
1417 4298 1460 4352 si
1499 4298 1553 4352 in
1597 4300 1777 4354 animo

196 4388 369 4441 habes
400 4387 556 4451 iram,
599 4401 873 4455 nunquam
924 4388 989 4440 ad
1032 4388 1135 4441 hoc
1180 4389 1489 4456 pervenias,
1535 4399 1592 4443 ut
1626 4391 1776 4444 mali-

194 4492 362 4545 gnum
394 4475 642 4539 imiteris,
678 4484 737 4528 ut
777 4490 1004 4543 nequam
1053 4474 1303 4532 eﬁiciaris
1329 4495 1343 4543 ;
1372 4478 1477 4534 noli
1505 4480 1769 4551 indignari

196 4565 345 4633 quod
375 4566 493 4632 ipse
538 4563 626 4618 hic
673 4564 929 4627 abundat,
973 4574 1027 4619 et
1070 4573 1124 4619 tu
1163 4582 1310 4634 non;
1340 4570 1463 4638 quia
1505 4584 1609 4623 non
1649 4577 1774 4623 sunt

197 4656 313 4710 haec
352 4670 479 4708 vera
517 4656 679 4720 bona,
720 4671 826 4709 non
852 4656 967 4709 hare
999 4656 1092 4710 tibi
1129 4658 1389 4727 promissa
1425 4668 1567 4725 sunt,
1598 4662 1775 4730 potius

196 4746 418 4800 attende
447 4745 733 4799 Dominum
777 4754 926 4799 tuum
962 4748 1054 4816 qui
1102 4749 1215 4803 haec
1257 4752 1614 4820 contempsit:
1645 4752 1775 4806 nihil

197 4835 408 4905 pateris
437 4835 577 4904 quod
603 4836 716 4905 ipse
761 4850 950 4905 passus
986 4851 1089 4889 non
1121 4837 1209 4891 sit.
1244 4836 1505 4902 Quoniam
1532 4841 1620 4909 qui
1658 4857 1772 4893 ma-

198 4926 491 5003 lignantur,
524 4926 1007 4979 exlerminabuntur
1032 4941 1061 4978 a
1100 4933 1245 4980 terra
1278 4927 1589 4993 viventium,
1621 4937 1773 4982 extra

200 5016 469 5069 terminos
521 5015 853 5070 haereditatis
896 5015 1127 5069 ﬁliorum
1173 5015 1266 5069 Dei
1305 5026 1485 5071 erunt.
1539 5017 1779 5071 Tallatur

199 5108 397 5175 impius
433 5123 495 5159 ne
524 5107 687 5159 videat
710 5106 930 5176 gloriam
959 5105 1055 5159 Dei
1085 5104 1219 5177 (lsa.
1254 5107 1425 5177 xxvr).
1455 5107 1550 5162 Vel
1581 5108 1666 5162 hic
1694 5124 1779 5162 ea:-

201 5196 629 5250 terminabuntur
657 5211 762 5251 non
799 5196 933 5250 bene
961 5195 1200 5251 colentes
1231 5206 1426 5251 terram
1459 5214 1636 5262 suam,
1675 5213 1780 5253 non

202 5296 458 5358 regentes
482 5297 725 5342 terrenos
767 5294 975 5341 motus:
1005 5296 1059 5341 et
1086 5287 1205 5342 ideo
1237 5304 1340 5343 non
1385 5291 1781 5345 hiereditabunt

201 5395 328 5435 eam
370 5366 779 5448 impaSSibilem.
809 5376 1128 5432 Sustinentes
1169 5389 1338 5432 autem
1371 5378 1677 5445 hominum,
1726 5380 1779 5434 id

202 5481 311 5535 est,
352 5470 562 5539 pondus
604 5478 993 5541 prmceptorum
1041 5468 1251 5522 Domini
1298 5470 1350 5522 in
1403 5469 1548 5523 nullo
1589 5477 1775 5525 contra

204 5560 496 5615 Dominum
545 5569 969 5623 murmurantes,
1008 5559 1089 5613 vel
1120 5574 1241 5614 cum
1274 5561 1529 5629 patientia
1572 5561 1617 5615 si
1669 5575 1779 5615 mo-

205 5669 327 5707 ram
357 5653 547 5707 fecerit
571 5660 964 5722 exspectantes,
999 5651 1097 5720 ipsi
1139 5651 1515 5705 hereditatium
1563 5662 1775 5718 terram,

206 5741 296 5793 vel
329 5750 527 5796 terram
558 5742 872 5805 viventium,
904 5739 985 5796 vel
1041 5748 1237 5795 terram
1269 5756 1442 5807 suam,
1484 5758 1644 5811 quam
1691 5742 1779 5796 hic

1874 3398 2088 3454 terram,
2129 3389 2180 3443 id
2222 3397 2323 3454 est,
2349 3403 2563 3443 carnem
2596 3403 2748 3443 suam
2777 3404 2937 3457 quam
2969 3389 3056 3443 hic
3100 3389 3454 3444 excoluerunt

1873 3479 2222 3548 possidebunt
2275 3479 2635 3534 immortalem
2687 3489 2742 3534 et
2796 3480 3208 3548 impassibilem,
3266 3490 3321 3534 et
3369 3479 3453 3533 ha:

1874 3578 2034 3623 erunt
2058 3569 2261 3624 delicia:
2293 3569 2552 3638 ipsorum.
2586 3568 2991 3623 Delectabuntur
3027 3571 3083 3624 in
3121 3569 3454 3624 multitudine

1872 3661 2057 3730 pacis:
2098 3660 2152 3714 in
2196 3661 2335 3726 Deo,
2370 3660 2421 3713 in
2465 3675 2569 3729 quo
2594 3670 2676 3714 est
2702 3660 2865 3714 multa
2894 3676 3031 3730 pax,
3060 3660 3114 3716 id
3163 3668 3243 3715 est
3283 3660 3456 3715 abun-

1875 3753 2054 3806 dantia
2076 3752 2313 3823 perfecta
2340 3770 2351 3805 :
2388 3752 2508 3820 Ipse
2534 3752 2627 3805 erit
2666 3753 2840 3806 omnia
2863 3752 2916 3805 in
2950 3753 3187 3806 omnibus
3213 3750 3298 3820 (ΙΙ
3325 3750 3451 3807 Cor.

1875 3843 2000 3915 xv),
2037 3853 2091 3899 et
2118 3844 2238 3898 ideo
2263 3844 2333 3898 ibi
2359 3844 2463 3898 erit
2494 3843 2658 3897 multa
2690 3859 2816 3915 pax,
2839 3844 2959 3912 quia
3002 3843 3144 3898 nulla
3172 3844 3452 3913 perturliae

1878 3936 1973 4000 tio,
2004 3934 2149 3988 nulla
2179 3935 2440 3989 anxietas.
2467 3933 2682 3988 interim
2714 3943 2891 3988 autem
2931 3949 3038 3988 non
3078 3934 3248 3990 deerit
3272 3948 3455 4003 perse-

1876 4034 2030 4080 cutor
2054 4042 2067 4078 :
2092 4024 2433 4095 pugnandum
2458 4032 2560 4087 est,
2594 4024 2718 4092 quia
2743 4041 2846 4079 non
2866 4025 3213 4079 coronabitur
3242 4024 3343 4078 nisi
3360 4024 3455 4094 qui

1876 4114 2097 4184 legitime
2136 4115 2402 4168 certaverit
2435 4114 2452 4183 (
2470 4112 2530 4166 II
2562 4111 2696 4167 Tim.
2741 4115 2835 4185 ii).
2871 4113 3173 4168 Observabit
3213 4123 3454 4183 peccator

1867 4204 2090 4273 justam,
2123 4203 2407 4273 diligenter
2438 4212 2642 4272 quaeret
2670 4202 2845 4258 locum
2869 4205 2933 4257 ad
2964 4203 3357 4273 decipiendum.
3385 4200 3456 4254 Et

1876 4296 2109 4349 stridebit
2136 4311 2291 4364 super
2317 4311 2430 4349 eum
2463 4294 2700 4349 dentibus
2728 4295 2866 4357 suis,
2918 4294 2968 4348 id
3010 4303 3125 4360 est,
3168 4306 3359 4364 graves
3402 4299 3459 4346 et

1878 4387 2156 4441 mordaces
2182 4386 2477 4441 sententias
2507 4385 2560 4438 in
2587 4401 2709 4439 eum
2732 4385 2877 4439 dabit
2900 4384 2965 4438 ad
2998 4386 3097 4439 hoc
3131 4392 3188 4437 ut
3211 4384 3455 4438 devocet.

1880 4476 1985 4532 Sed
2007 4491 2127 4545 quae
2151 4493 2279 4532 cura
2298 4476 2483 4545 justo?
2509 4475 2652 4530 Nihil
2672 4476 2719 4530 ei
2747 4475 2942 4545 poterit
2965 4490 3177 4531 nocere.
3202 4474 3457 4528 Dominus

1881 4576 2086 4633 autem,
2133 4567 2187 4621 in
2227 4582 2332 4636 quo
2357 4567 2535 4636 justus
2557 4564 2797 4630 conﬁdit,
2823 4564 3057 4618 irridebit
3086 4581 3223 4629 eum,
3259 4565 3309 4619 id
3340 4572 3420 4619 est
3440 4605 3455 4629 ,

1882 4657 1992 4711 risu
2022 4656 2237 4727 dignum
2266 4657 2511 4711 ostendet
2531 4654 2696 4723 justo,
2733 4664 2789 4708 ut
2827 4670 2950 4710 cum
2990 4655 3077 4710 ille
3105 4656 3305 4710 nitatur
3344 4656 3459 4709 vul-

1882 4761 2075 4800 nerare
2124 4745 2283 4815 hujus
2331 4745 2599 4809 tunicam,
2655 4746 2870 4814 propria
2920 4744 3182 4815 transﬁgit
3228 4746 3455 4799 viscera.

1882 4832 2052 4903 Hujus
2075 4848 2293 4889 carnem
2325 4834 2601 4899 vulnerat,
2636 4834 2728 4889 sed
2758 4851 2909 4889 suam
2954 4836 3152 4892 occidit
3196 4838 3455 4890 animam.

1880 4926 2003 4981 Ideo
2048 4925 2325 4990 irridebit,
2374 4926 2619 4995 quoniam
2666 4928 2910 4996 prospicit
2956 4929 3096 4998 quod
3144 4930 3305 4983 veniet
3348 4930 3459 4983 dics

1882 5016 2016 5086 ejus,
2058 5015 2263 5071 scilicet
2307 5016 2420 5070 dies
2461 5017 2900 5084 examinationis,
2942 5019 3056 5074 dies
3097 5020 3454 5089 perditionis:

1882 5107 2065 5176 priora
2113 5106 2230 5175 ejus
2273 5106 2486 5172 ﬂorent,
2526 5107 2617 5161 sed
2646 5109 2942 5176 posteriora
2972 5119 3146 5164 arent.
3180 5111 3319 5180 Ergo
3346 5108 3455 5164 noli

1880 5199 2140 5264 invidere,
2172 5199 2264 5253 sed
2310 5198 2557 5269 prospice
2598 5200 2739 5253 diem
2769 5200 2906 5269 ejus,
2950 5210 3004 5255 et
3046 5201 3165 5255 vide
3209 5200 3331 5269 quia
3360 5206 3452 5252 aut

1881 5298 2241 5353 convertatur,
2272 5298 2325 5344 et
2353 5300 2475 5345 tuus
2500 5290 2641 5344 erit:
2681 5299 2775 5345 aut
2813 5291 3199 5360 perseverabit,
3239 5297 3293 5343 et
3329 5304 3359 5343 a
3401 5297 3453 5343 te

1879 5381 2323 5449 sequestrabitur.
2370 5379 2617 5436 Ostendit
2663 5382 2929 5451 quomodo
2967 5380 3146 5435 veniat
3186 5380 3300 5434 dies
3340 5377 3458 5447 ejus

1881 5473 2216 5544 perditionis.
2258 5468 2504 5527 Gladium
2532 5477 2925 5543 evaginaverunt
2953 5481 3264 5543 peccatores,
3289 5482 3349 5526 ut
3377 5472 3458 5525 in-

1887 5563 2192 5617 terﬁcerent
2210 5578 2423 5633 corpus.
2447 5563 2785 5617 Intenderunt
2807 5563 2968 5616 etiam
2995 5577 3175 5614 arcum
3197 5578 3373 5626 suum,
3404 5562 3458 5615 id

1884 5659 1984 5717 est,
2012 5661 2335 5721 paraverunt
2360 5652 2599 5707 occultas
2622 5650 2862 5717 insidias,
2885 5651 3077 5719 quibus
3105 5651 3340 5705 animam
3367 5652 3459 5705 de-

1886 5750 2143 5797 vocarent
2167 5760 2178 5795 :
2214 5741 2305 5797 sed
2328 5741 2470 5809 vide,
2495 5741 2619 5809 quia
2643 5739 2847 5808 gladius
2874 5757 3050 5795 eorum
3076 5742 3251 5807 intret,
3280 5741 3453 5797 idest.
