3930 5364
522 379 655 479 ass

1176 422 1436 481 REMIGII
1473 423 2135 483 ANTISSIODORENSIS
2173 424 2323 483 OPP.
2366 428 2565 486 PARS.
2606 430 2646 485 1.
2674 430 3174 492 —EXEGET|CA.
3684 446 3771 505 556

516 539 759 598 ‘intrabit
782 539 836 599 in
860 538 1019 594 corda
1048 539 1277 612 ipsorum
1300 556 1319 594 :
1342 538 1466 609 quia
1497 537 1623 593 dum
1649 538 1895 594 nituntur
1914 554 2112 608 corpus
2140 543 2191 601 Α
2216 539 2375 596 elati:
2402 544 2545 612 quod
2576 544 2679 599 erit
2731 559 2878 611 mox,
2906 547 3030 616 quia
3084 549 3317 606 breviter
3363 553 3662 612 durabunt:
3700 563 3772 616 de-

524 632 798 704 .justorum
819 631 1090 697 occidere,
1118 629 1369 686 occidunt
1395 630 1628 684 animam
1661 644 1835 685 suam.
1866 626 1935 683 Et
1956 645 2112 683 arcus

530 738 714 779 eorum
744 721 1136 793 confringatur,
1178 720 1231 776 id
1274 729 1356 777 est
1409 718 1619 775 insidiae
1662 733 1847 775 eorum
1880 719 2111 774 frustra-

532 817 752 876 bantur.
784 815 868 871 Ad
893 815 997 870 hoc
1025 814 1370 870 intenderunt
1396 826 1603 877 arcum,
1626 821 1681 866 ut
1703 810 1959 880 decipiant
1981 826 2113 881 pau-

532 922 726 977 perem,
755 906 808 963 id
838 915 922 962 est
963 903 1169 975 justum
1198 904 1265 961 de
1314 917 1373 960 se
1418 917 1523 958 non
1566 910 2011 974 praesumentem,
2063 910 2113 977 et

528 1002 755 1073 inopem,
784 1000 840 1057 id
855 1009 953 1069 ,est
998 998 1092 1055 Dei
1120 1014 1276 1070 opem
1305 1006 1657 1070 quaarentem.
1689 997 1769 1053 Ad
1802 996 1902 1052 hoc
1927 995 2112 1067 evagi-

531 1098 802 1149 naverunt
828 1089 1085 1162 gladium,
1114 1100 1170 1143 ut
1197 1089 1481 1157 trucident,
1524 1087 1576 1142 id
1606 1095 1710 1152 est,
1740 1085 1870 1141 foris
1897 1074 2114 1141 terribi-

529 1179 654 1236 liter
686 1179 938 1235 occidant
983 1188 1146 1233 rectos
1192 1179 1366 1244 corde,
1398 1177 1688 1248 dirigentes
1731 1192 1825 1231 cor
1851 1191 2003 1232 suum
2044 1175 2109 1231 ad

530 1272 862 1330 voluntatem
902 1269 1019 1326 Dei.
1050 1269 1191 1342 Ergo
1220 1269 1329 1324 noli
1371 1269 1611 1324 aemulari
1640 1268 1838 1339 impio,
1880 1266 1988 1323 noli
2034 1265 2114 1321 illi

527 1364 805 1421 invidere:
846 1362 977 1433 quia
1000 1355 1185 1417 melius
1211 1370 1287 1415 est
1312 1359 1575 1414 modicum
1590 1359 1762 1431 justo,
1792 1374 1948 1429 super
1975 1356 2111 1411 divi—

528 1455 628 1510 tias
644 1442 981 1527 peccatorum
1005 1452 1241 1518 multas;
1276 1451 1483 1507 scilicet
1519 1465 1740 1522 sperare
1762 1466 1824 1506 ea
1850 1462 1969 1523 qua:
2002 1463 2108 1502 non

526 1545 816 1600 videntur:
854 1552 910 1599 et
939 1543 982 1598 si
1018 1541 1115 1599 des
1156 1542 1298 1613 quod
1343 1540 1718 1612 peccatoribus
1758 1539 2026 1595 modicum
2057 1545 2111 1595 et

524 1634 635 1691 vile
662 1634 929 1699 videatur,
962 1632 1154 1690 melius
1177 1641 1261 1688 est
1279 1630 1427 1701 justo
1462 1647 1625 1702 quam
1654 1630 1877 1686 multum
1917 1627 2111 1684 ﬂorere

530 1727 585 1781 in
612 1727 833 1782 mundo.
862 1724 959 1781 Vel
985 1725 1141 1782 aliter
1167 1724 1511 1780 continuatur
1532 1724 1597 1779 ad
1626 1723 1731 1779 hoc
1770 1722 1912 1793 quod
1949 1720 2107 1785 dixit,

526 1823 577 1869 et
609 1830 763 1870 arcus
807 1830 987 1870 eorum
1030 1813 1435 1885 confringatur;
1488 1797 1641 1884 quasi
1686 1811 1880 1882 aliquis
1920 1810 2106 1866 dicat:

2212 631 2443 700 ﬁcientes
2466 634 2726 703 deﬁcient,
2763 637 3100 703 ascendendo
3135 640 3485 710 descendent,
3542 645 3631 701 hic
3661 647 3774 704 inte-

2215 724 2603 791 rioridel‘cctu,
2649 734 2703 780 et
2765 727 2979 783 tandem
3013 731 3300 786 exteriori:
3351 736 3777 802 quemadmodum

2212 814 2427 885 fumus,
2475 818 2566 887 qui
2613 828 2814 889 quanto
2880 819 3039 875 altius
3083 823 3353 890 ascendit,
3416 830 3572 880 tanto
3626 836 3779 898 magis

2211 907 2501 962 evanescit.
2536 906 2729 964 Merito
2758 910 2860 965 hoc
2880 909 2984 964 illis
3022 911 3255 987 eveniet,
3288 913 3416 982 quia
3467 916 3773 986 matuabitut

2210 1009 2472 1079 peccator,
2501 1009 2547 1054 et
2578 1016 2680 1055 non
2706 1000 2863 1073 solvet
2887 1004 2905 1052 ἐ
2927 1019 2956 1061 a
2981 1000 3090 1056 Deo
3113 1004 3317 1081 accepit
3342 1005 3489 1075 quod
3511 1005 3672 1060 homo
3690 1016 3780 1077 est,

2212 1104 2327 1159 nou
2347 1090 2465 1155 bos,
2500 1092 2722 1160 asinus;
2769 1092 2909 1162 quod
2955 1092 3191 1163 quinque
3221 1088 3475 1169 sensibus
3503 1086 3780 1171 discernit,

2209 1188 2259 1232 et
2290 1196 2393 1263 non
2417 1182 2578 1253 solvet
2604 1182 2728 1238 inde
2748 1184 3005 1249 debitum,
3037 1183 3243 1261 scilicet
3261 1188 3373 1244 non
3424 1197 3553 1263 aget
3593 1191 3782 1259 gratias

2212 1267 2321 1323 Deo
2361 1270 2461 1326 sibi
2484 1272 2809 1338 miserendo,
2854 1274 2993 1328 bene
3037 1272 3283 1342 vivendo,
3332 1281 3412 1332 et"
3435 1276 3559 1333 aliis
3604 1280 3781 1334 subve-

2210 1360 2426 1427 niendo,
2452 1361 2630 1418 dando
2648 1372 2872 1419 externa
2904 1363 3042 1435 bona
3066 1377 3120 1419 et
3150 1366 3379 1423 interna.
3409 1366 3601 1423 Justus
3614 1373 3781 1423 autem
3835 1399 3839 1403 ν

2210 1455 2415 1511 scilicet
2430 1470 2535 1510 non
2559 1453 2918 1511 confundetur
2936 1457 2988 1510 in
3011 1464 3251 1527 tempore
3273 1457 3437 1531 malo,
3457 1460 3589 1530 quia
3615 1470 3781 1515 mutuo

2210 1546 2434 1617 accipiet
2471 1554 2524 1601 et
2554 1546 2744 1617 solvet.
2774 1547 2840 1600 Et
2867 1546 2969 1615 hoc
3000 1557 3084 1603 est
3103 1549 3245 1618 quod
3285 1548 3454 1607 dicit:
3485 1549 3679 1605 Justus
3706 1569 3785 1604 aa-

2209 1647 2308 1691 tem
2333 1637 2625 1702 miseretur,
2674 1622 2879 1692 scilicet
2932 1636 3056 1702 sibi,
3086 1653 3190 1691 non
3215 1637 3504 1709 polluendo
3553 1626 3782 1694 animam

2209 1741 2384 1793 suam,
2442 1741 2549 1780 non
2608 1726 2909 1781 recedendo
2960 1742 2991 1781 a
3048 1728 3313 1785 mandatis
3354 1728 3606 1796 Domini,
3643 1729 3787 1798 juxta

2209 1816 2337 1873 illud
2364 1834 2375 1869 :
2410 1816 2657 1872 Miserere
2675 1817 2866 1871 anima:
2885 1825 3009 1882 tuaz,
3034 1818 3214 1873 cteris
3233 1818 3441 1887 placens
3468 1819 3580 1881 Deo
3608 1819 3785 1891 (Eccli.

529 1904 810 1974 Quomodo
853 1902 1263 1977 confringatur?
1299 1902 1486 1959 Nonne
1518 1900 1653 1959 mea
1680 1900 1897 1959 aufert?
1932 1912 2109 1954 nonne
2137 1924 2185 1985 Β
2212 1907 2364 1979 xxx).
2396 1906 2463 1962 Et
2485 1907 2671 1961 tribuet
2702 1907 2907 1962 scilicet
2930 1907 3070 1973 aliis,
3115 1908 3321 1962 scilicet
3348 1910 3685 1980 pauperibus
3704 1925 3787 1964 es-

524 1995 745 2050 assidue
773 1995 901 2050 mihi
932 1994 1196 2050 insultat?
1231 1992 1312 2048 Ad
1352 1992 1458 2049 hoc
1485 1991 1677 2046 melius
1706 1999 1785 2047 est
1807 1991 1951 2062 justo
1987 2005 2106 2045 mo-

527 2084 707 2140 dicum
734 2125 751 2152 ,
795 2084 849 2139 id
896 2092 1001 2152 est,
1031 2082 1144 2140 sola
1163 2081 1477 2138 necessaria
1518 2080 1708 2136 melius
1744 2080 1924 2135 valent
1958 2086 2107 2134 recte

522 2175 759 2243 viventi,
810 2189 971 2245 quam
1021 2174 1202 2229 multa:
1245 2174 1444 2245 divitiae
1477 2173 1816 2245 injustorum.
1857 2171 1968 2227 Nec
2003 2171 2106 2226 hoc

525 2265 688 2321 etiam
730 2264 821 2320 diu
862 2265 970 2320 erit
1008 2264 1151 2335 quod
1190 2263 1281 2319 tibi
1322 2273 1549 2318 noceat:
1594 2261 1855 2328 Quoniam
1894 2261 2107 2315 brachia

524 2366 853 2430 peccatorum
904 2366 1264 2422 conterentur,
1313 2355 1364 2410 id
1410 2364 1521 2422 est,
1574 2355 1772 2409 divitias
1822 2363 1876 2407 et
1922 2362 2111 2424 poteno

530 2452 605 2506 tia
643 2450 697 2506 in
737 2448 933 2519 quibus
977 2457 1292 2519 peccatores
1337 2445 1645 2511 conﬁdunt,
1687 2445 2054 2501 dimiuuctitur
2091 2486 2105 2499 .

528 2543 613 2603 vel
660 2541 916 2599 fortitudo
950 2557 1136 2598 eorum
1177 2540 1507 2597 diminuetur
1545 2541 1596 2594 iu
1636 2540 1909 2611 gehenna,
1948 2545 2007 2592 ut
2045 2536 2107 2591 il-

526 2635 631 2691 lius
661 2634 842 2690 divitis
865 2634 957 2705 qui
983 2635 1121 2704 apud
1150 2633 1408 2704 superbos
1448 2630 1724 2703 splendide
1753 2629 2101 2701 epulabatur,

529 2725 670 2798 apud
691 2726 891 2782 inferos
915 2729 1263 2797 torquebatur
1283 2724 1434 2796 (Luc.
1460 2723 1591 2795 xvi).
1616 2722 1683 2778 Et
1701 2723 1827 2793 quid
1856 2719 2106 2778 interim?

526 2820 819 2891 Conﬁrmat
857 2830 1032 2876 autem
1064 2820 1239 2891 justas
1284 2818 1563 2874 Dominus.
1617 2803 1861 2872 Christus
1906 2814 2105 2869 milites

524 2929 653 2971 suos
690 2928 787 2970 suo
820 2913 1066 2982 exetnplo
1109 2912 1458 2975 corroborat,
1497 2916 1556 2963 ut
1599 2922 1703 2963 non
1752 2904 2101 2962 invidentiam

527 3005 766 3062 habeant
789 3003 922 3059 ﬂore
947 3002 1234 3068 malorum,
1256 3011 1316 3056 ut
1343 3016 1447 3056 non
1493 3006 1742 3055 recusent
1769 3011 1955 3053 eorum
1987 3009 2107 3051 sus-

528 3095 706 3150 tinere
774 3107 1125 3165 pressuram:
1173 3090 1315 3160 quod
1387 3104 1576 3158 passus
1623 3096 1704 3142 est
1769 3088 2103 3156 imperator,

523 3198 633 3239 non
667 3182 1027 3255 dedignentur
1083 3181 1242 3251 digne
1277 3179 1412 3250 pati.
1460 3176 1589 3244 Quis
1642 3193 1734 3231 nos
1776 3174 2035 3245 separabit
2072 3191 2103 3226 a

2211 2008 2362 2054 terna
2385 1999 2561 2055 bona:
2595 1999 2720 2068 quia
2748 1999 2897 2071 “quod
2932 1999 3256 2069 pauperibus
3291 1999 3503 2064 tribuit,
3557 2001 3676 2056 Deo
3705 2003 3786 2055 tri-

2207 2090 2325 2146 buit
2352 2109 2365 2144 :
2403 2089 2555 2156 Quod
2580 2091 2669 2145 uni
2696 2105 2759 2143 ea:
2787 2090 3016 2143 minimis
3043 2091 3168 2143 meis
3196 2089 3414 2159 fecistis,
3446 2092 3579 2145 mihi
3599 2091 3784 2161 fecistis

2209 2179 2420 2252 (Matth.
2447 2177 2598 2249 xxv).
2636 2179 2691 2233 Si
2720 2177 2952 2256 feneras,
2980 2195 3082 2234 nou
3106 2195 3294 2249 speras
3317 2199 3330 2234 :
3357 2181 3403 2236 si
3427 2196 3532 2235 non
3555 2166 3785 2247 fettcras,

2207 2286 2312 2326 non
2364 2286 2592 2342 speras:
2656 2271 2701 2325 si
2756 2269 2969 2337 feneras
3018 2271 3312 2338 hominem,
3364 2272 3421 2327 id
3469 2272 3573 2335 est,
3616 2275 3666 2328 si
3703 2274 3785 2327 das

2205 2362 2407 2418 homini
2436 2370 2526 2417 tua
2548 2365 2615 2419 ad
2658 2378 2896 2426 usuram,
2931 2376 3035 2418 non
3078 2378 3261 2433 speres
3302 2362 3427 2419 inde
3473 2348 3784 2435 praamium:

2206 2452 2389 2507 fenera
2415 2452 2608 2518 Deum,
2631 2452 2682 2506 id
2706 2461 2807 2515 est,
2839 2452 2905 2505 da
2933 2451 3043 2506 Deo
3070 2463 3159 2506 tua
3185 2454 3251 2509 ad
3280 2454 3525 2519 usuram,
3550 2457 3624 2509 da
3669 2470 3787 2524 pau-

2204 2541 2317 2611 peri
2342 2541 2432 2610 qui
2466 2540 2559 2595 tibi
2582 2539 2789 2596 solvere
2822 2556 2927 2595 nou
2955 2551 3132 2611 potest
3160 2560 3173 2595 :
3211 2551 3267 2597 et
3295 2543 3480 2614 accipe
3504 2544 3785 2598 Dominum

2204 2628 2615 2702 lideijussorem,
2648 2640 2702 2686 et
2728 2645 2981 2704 magnum
3036 2633 3128 2688 tibi
3156 2634 3355 2689 crescit
3395 2634 3597 2690 fenus:
3647 2636 3785 2691 dabit

2203 2720 2287 2775 vel
2313 2720 2496 2776 tribuet
2521 2721 2575 2776 in
2608 2731 2817 2777 terrena
2865 2722 3026 2788 bona,
3053 2724 3256 2780 scilicet
3299 2724 3608 2781 lucrifa‘ciet
3638 2726 3782 2790 alios,

2203 2814 2549 2885 proponendo
2578 2829 2636 2870 se
2686 2813 2990 2884 exemplum
3018 2813 3174 2871 bona:
3204 2817 3345 2871 vitaz.
3396 2815 3565 2884 Quasi
3608 2819 3784 2873 dicat:

2202 2901 2386 2960 Justus
2413 2903 2632 2970 tribuet,
2659 2913 2913 2974 peccator
2959 2920 3062 2959 non
3109 2908 3544 2979 tribuet.‘Quare
3586 2910 3783 2982 justus.

2204 2993 2341 3061 Quia
2385 2995 2820 3051 benedicentium
2870 3005 2971 3061 est,
3000 2997 3052 3050 id
3087 3007 3189 3064 est,
3247 3000 3551 3056 voluntarie
3592 3002 3784 3056 bonam

2201 3083 2367 3137 vitam
2392 3082 2784 3138 iustitueutium
2816 3084 3155 3151 baereditare,
3187 3088 3239 3141 id
3268 3097 3369 3152 est,
3394 3089 3652 3144 excolere
3681 3101 3780 3143 ter-

2206 3188 2321 3227 ram
2349 3188 2523 3241 suam,
2553 3174 2608 3231 id
2635 3184 2737 3240 est,
2776 3176 2943 3229 vitam
2979 3192 3154 3242 suam,
3179 3194 3339 3246 quam
3367 3179 3583 3233 tandem
3611 3180 3784 3234 haare-

521 3275 784 3333 charttate
804 3272 997 3329 Christi
1027 3271 1205 3343 (Rom.
1234 3270 1390 3340 vm)?
1411 3268 1502 3325 ille
1524 3284 1624 3340 pro
1652 3266 1829 3338 impiis
1857 3272 2101 3321 mortuus
2128 3272 2173 3334 ο
2203 3265 2392 3321 ditabit
2418 3273 2696 3322 aeternam.
2730 3266 3161 3324 Malediceutium
3197 3281 3398 3337 autem,
3450 3271 3504 3325 id
3539 3274 3650 3337 eSt,
3681 3286 3787 3326 ma—

514 3376 630 3433 est,
680 3378 737 3423 et
767 3381 867 3423 nos
920 3380 1018 3436 pro
1055 3363 1204 3435 justo
1237 3379 1345 3420 non
1390 3360 1727 3417 moriemur?
1764 3358 1887 3415 [dco
1928 3359 2104 3430 justos

525 3456 833 3521 conﬁrmat,
866 3453 991 3525 quia
1020 3452 1156 3508 novit
1184 3451 1434 3506 Dominus
1462 3449 1571 3505 dies
1622 3447 2098 3510 immaculatorum,

525 3548 581 3605 id
604 3553 710 3613 est,
733 3543 1380 3617 diligiteonversationem
1403 3543 1686 3598 bonorum.
1707 3539 1774 3594 Et
1799 3539 1918 3593 ideo
1937 3538 2103 3591 lucre-

525 3638 665 3693 ditas
689 3653 869 3692 eorum
892 3638 948 3690 in
993 3644 1243 3691 internum
1271 3632 1401 3688 erit:
1426 3632 1546 3687 ideo
1574 3645 1704 3686 caro
1731 3645 1917 3685 eorum
1963 3629 2100 3682 bene

526 3728 694 3797 culta,
720 3742 841 3800 qua:
862 3728 951 3783 hic
979 3725 1078 3782 fuit
1097 3724 1342 3782 mortalis
1369 3731 1423 3779 et
1445 3722 1730 3795 passibilis,
1764 3722 1831 3777 ad
1857 3722 1958 3776 hoc
1978 3735 2097 3790 per-

530 3818 776 3885 ducetur,
803 3827 864 3874 ut
883 3818 954 3874 sit
980 3825 1178 3872 aeterna
1208 3824 1264 3871 et
1281 3813 1643 3886 impassibilis.
1673 3811 1785 3868 lloc
1814 3810 1973 3866 modo
1997 3810 2100 3865 erit

522 3920 742 3967 aeterna.
776 3906 900 3963 Non
926 3906 1309 3977 confundantur
1342 3906 1398 3960 in
1436 3915 1662 3976 tempore
1691 3901 1850 3970 malo,
1878 3901 1930 3956 in
1962 3910 2098 3957 tem-

520 4015 653 4072 pore
695 4000 862 4056 futuri
900 3999 1110 4070 iudicii,
1147 3988 1515 4069 quodimpiis
1542 3995 1649 4052 erit
1703 3993 1930 4058 malum,
1989 4007 2097 4047 non

522 4089 918 4147 confundantur
948 4088 1015 4144 ab
1043 4086 1443 4158 exspectatione
1489 4101 1585 4141 sua
1616 4102 1630 4139 :
1681 4084 1776 4141 sed
1805 4085 1983 4155 potius
2011 4100 2100 4137 sa-

520 4180 841 4235 turabuntur
867 4180 922 4234 in
948 4178 1127 4233 diebus
1149 4178 1303 4248 famis
1361 4176 1655 4243 malorum;
1699 4176 1789 4231 ubi
1825 4173 1954 4245 mali
2000 4188 2098 4243 pa-

521 4271 725 4328 tientur
741 4268 962 4335 famem,
985 4270 1071 4325 isti
1097 4268 1502 4324 saturabuntur.
1527 4264 1661 4322 Nam
1683 4276 1975 4338 peccatores
1991 4280 2097 4321 non

520 4361 929 4425 saturabuntur,
975 4361 1100 4431 quia
1129 4359 1386 4430 peribunt.
1414 4357 1615 4413 Aliter:
1639 4358 1858 4413 interim
1882 4357 2005 4412 dum
2029 4356 2096 4411 ad

518 4452 667 4507 illam
712 4451 1077 4507 haereditatem
1117 4449 1455 4520 perveniant,
1484 4465 1589 4504 non
1628 4447 2014 4519 confundentur
2042 4448 2097 4502 in

518 4550 746 4609 tempore
768 4538 928 4604 malo,
955 4539 1007 4594 id
1035 4548 1137 4604 est,
1176 4537 1228 4592 in
1279 4538 1381 4594 hoc
1411 4547 1649 4609 tempore
1696 4536 2091 4594 tribulationis:

2206 3356 2313 3411 lam
2346 3358 2510 3412 vitam
2530 3359 2830 3414 voluntarie
2854 3360 3269 3428 instituentium,
3291 3364 3580 3434 disperire,
3608 3365 3664 3419 id
3688 3376 3785 3427 est,

2206 3465 2311 3503 non
2363 3450 2541 3507 colere
2577 3461 2775 3507 terram
2808 3468 2981 3508 suam.
3036 3454 3102 3509 Et
3141 3456 3244 3510 hoc
3286 3465 3370 3511 est
3421 3457 3573 3526 quod
3616 3457 3783 3511 dicit:

2207 3540 2350 3607 Quia
2371 3542 2722 3599 benedicentes
2750 3545 2798 3598 ei
2811 3544 3191 3600 Itwreditabnnt
3213 3557 3402 3601 terram
3425 3564 3445 3612 ;
3474 3547 3788 3601 maledicen-

2204 3642 2278 3687 tes
2301 3644 2476 3688 autem
2529 3636 2576 3688 ei
2606 3635 2942 3705 disperibunt.
2984 3635 3145 3702 Quasi
3174 3638 3345 3692 dicat:
3403 3637 3519 3693 Non
3580 3649 3785 3693 tantum

2203 3738 2308 3778 non
2335 3723 2747 3792 hmreditabunl,
2772 3726 2863 3782 sed
2898 3726 3213 3797 disperibunt
3243 3728 3615 3783 maledicentes
3639 3731 3710 3794 ei,
3740 3730 3786 3783 id

2202 3823 2304 3880 est,
2335 3825 2743 3872 contemnentes
2779 3833 2924 3872 eum.
2962 3818 3121 3885 Quasi
3167 3820 3341 3874 dicat:
3396 3820 3465 3875 Et
3492 3822 3601 3877 hoc
3647 3824 3786 3892 quod

2202 3904 2339 3959 bene
2361 3905 2507 3960 dices
2533 3906 2582 3960 ei
2611 3906 2977 3961 brereditatem
3010 3917 3228 3973 terram,
3278 3924 3382 3961 non
3434 3925 3467 3962 a
3515 3925 3600 3975 se,
3627 3912 3723 3964 sed
3756 3925 3785 3962 a

2202 3994 2449 4061 Domino,
2478 3996 2605 4067 quia
2641 3998 2781 4067 apud
2811 3996 3087 4053 Dominum
3116 4002 3320 4068 gressus
3374 4001 3607 4054 hominis
3653 4002 3784 4055 diri—

2200 4096 2403 4159 gentur.
2432 4086 2550 4143 Non
2579 4098 2662 4144 est
2705 4088 2938 4143 hominis
2973 4087 3204 4159 dirigere
3232 4091 3374 4143 viam
3410 4105 3591 4145 suam.
3632 4092 3786 4161 Apud

2200 4179 2484 4235 Dominum
2513 4195 2728 4251 gressus
2749 4180 3001 4245 hominis,
3031 4179 3164 4247 justi
3194 4181 3420 4246 scilicet,
3444 4182 3499 4236 id
3520 4193 3629 4247 est,
3669 4182 3786 4250 ejus

2199 4266 2501 4322 voluntates
2523 4282 2709 4322 omnes
2747 4267 2815 4321 ad
2851 4267 3155 4336 exemplum
3182 4266 3383 4323 Christi
3434 4268 3655 4325 Domini
3701 4270 3784 4325 sui

2200 4357 2419 4412 directae
2449 4357 2599 4426 ﬂent,
2628 4364 2683 4411 ut
2724 4357 2833 4411 sint
2860 4356 2996 4427 apud
3025 4357 3331 4422 Dominum,
3356 4358 3407 4411 id
3436 4369 3543 4424 est,
3578 4361 3645 4413 ad
3681 4376 3777 4414 vo-

2198 4446 2455 4503 luntatem
2483 4446 2713 4501 Domini.
2738 4446 2988 4501 Salomon
3012 4445 3192 4517 (Prov.
3224 4446 3366 4516 xw):
3411 4445 3663 4502 Hominis
3706 4461 3779 4504 est

2197 4551 2495 4608 prwparare
2506 4535 2647 4588 viam
2669 4550 2845 4601 suam,
2861 4535 2954 4589 sed
2970 4534 3183 4589 Domini
3196 4543 3280 4590 est
3291 4536 3546 4606 dirigere.
3562 4539 3784 4593 Disturti

520 4628 648 4698 quia
668 4626 935 4681 tribulatio
982 4627 1288 4697 patientiam
1315 4636 1577 4698 operatur,
1628 4627 1880 4697 patientia
1924 4636 2097 4683 autem
2122 4609 2177 4673 Ῐ)
2202 4635 2358 4682 erant
2393 4616 2612 4682 allectus
2646 4627 2837 4690 nostri,
2869 4634 3022 4680 extra
3046 4625 3187 4679 viam
3214 4641 3461 4694 eramus;
3493 4630 3593 4684 sed
3638 4631 3784 4685 venit

516 4717 894 4788 probationem,
917 4716 1152 4787 probatio
1179 4734 1296 4772 vero
1317 4733 1477 4787 spem,
1498 4734 1612 4782 spes
1637 4726 1810 4771 autem
1830 4733 1939 4771 non
1967 4734 2096 4773 con-
2203 4718 2467 4777 Christus.
2482 4717 2687 4773 vocavit
2707 4715 3163 4787 uos,justilicavit,
3180 4716 3496 4787 sanguinem
3513 4733 3668 4773 suum
3688 4735 3785 4790 pro

521 4807 695 4880 fundit
726 4807 902 4878 (Rom.
951 4808 1027 4879 v).
1055 4807 1122 4862 Et
1157 4809 1212 4861 in
1264 4807 1443 4863 diebus
1472 4808 1646 4879 famis,
1675 4810 1725 4863 id
1759 4819 1864 4876 est,
1911 4810 1964 4864 in
1993 4811 2096 4866 hoc
2202 4812 2356 4867 nobis
2370 4810 2527 4875 ludit,
2543 4810 2687 4865 etsic
2706 4809 2758 4863 in
2774 4811 2913 4863 viam
2932 4809 3445 4865 reduvit.Tentatus
3466 4820 3783 4881 cst,passns

523 4906 765 4965 temporc
794 4895 848 4950 in
880 4910 985 4964 quo
1022 4903 1149 4950 sunt
1175 4896 1289 4951 dies
1323 4895 1498 4963 famis,
1525 4897 1617 4952 ubi
1662 4896 1796 4953 beati
1842 4898 1933 4970 qui
1973 4915 2093 4952 esu-
2200 4911 2285 4957 est
2314 4900 2495 4971 pejor:
2530 4915 2636 4954 non
2655 4900 2755 4954 hoc
2774 4914 3057 4968 possumus
3083 4901 3188 4969 pati
3212 4899 3352 4969 quod
3372 4902 3485 4970 ipse
3506 4903 3651 4972 prior
3670 4917 3779 4956 non

524 4984 667 5039 riunt
697 4993 745 5038 et
773 4985 955 5052 sitiunt
975 4983 1236 5055 justitiam
1267 4985 1480 5059 (Matth.
1505 4988 1582 5058 v),
1610 4990 1989 5044 saturabuntur
2014 4989 2099 5044 in—
2196 4991 2473 5060 sitpassus
2509 5008 2522 5044 :
2563 4999 2613 5045 et
2637 4991 2770 5045 uiam
2799 4988 2911 5059 ejus
2941 4988 3070 5045 volet
3100 5008 3113 5043 :
3153 4989 3317 5059 igitur
3348 5007 3641 5062 sequamur
3686 5009 3783 5045 vo-

521 5076 707 5132 teriori
735 5077 1050 5144 saturitate,
1075 5077 1225 5146 juxta
1248 5077 1375 5132 illud
1405 5079 1678 5149 Apostoli:
1720 5078 2094 5135 Gloriamurin
2195 5081 2426 5137 luntarie
2498 5098 2619 5137 cum
2677 5083 3035 5153 praecedente,
3096 5096 3201 5137 non
3268 5084 3609 5140 attendentes
3668 5101 3783 5155 quo

521 5164 942 5220 tribulationibus
971 5164 1142 5222 (Rom.
1182 5168 1258 5222 vl.
1292 5166 1431 5222 Ouia
1478 5180 1771 5220 peccatores
1822 5168 2057 5216 peribunt
2079 5187 2093 5200 -

2205 5189 2376 5210 ωιτη-τ’
2451 5173 2539 5196 “¹
2580 5188 2672 5194 ·”“’
2726 5188 2785 5194 ““
2930 5172 2941 5182 ’
3271 5173 3778 5231 Ietnmralia

2195 5189 2376 5210 nomnr-
2451 5189 2501 5196 -‘
2526 5173 2539 5194 ¹
2580 5190 2640 5194 -~-
