3978 6424
157 487 242 544 557
820 517 822 520 ν
1229 484 1709 542 ENARRATIONE

1811 489 1862 543 Ν
1897 489 2231 548 ΡεΑιιιεε.

3275 500 3407 555 δὸὅνι-

160 598 304 672 (Psal.
334 612 496 651 χχχιιι
514 596 700 667 )._Cum
730 592 969 650 ceciderit
994 596 1047 650 in
1077 596 1282 665 aliquas
1305 596 1695 664 tribulationes,
1727 604 1774 661 Α
1803 599 1995 668 fecistis
2018 601 2231 672 (Matth.
2255 604 2406 677 xxv).
2432 605 2562 661 Tota
2589 609 2674 663 die
2693 609 2964 664 miseretur
2987 618 3036 665 et
3061 614 3377 669 commodat.

157 706 242 744 non
259 687 556 742 collidatur:
598 686 686 740 illa
711 686 929 742 afﬂictio
959 701 1067 742 non
1108 686 1214 741 erit
1253 687 1302 740 ei
1344 687 1411 740 ad
1441 687 1698 757 dejectio-

159 795 276 841 nem,
297 777 580 846 sed'potius
607 774 671 830 ad
705 777 1112 842 exaltationem,
1139 777 1263 847 quia
1295 776 1550 831 Dominus
1577 795 1701 848 sup.

156 867 272 937 ponit
293 882 494 919 manum
518 879 704 919 suam:
733 866 852 921 ideo
879 858 1076 922 auxilio
1099 875 1153 921 et
1181 866 1425 936 exemplo
1451 881 1549 921 suo
1576 883 1700 921 eum

157 957 366 1012 sublevat
391 957 513 1026 quia
546 957 696 1026 prior
739 972 928 1027 passus
959 967 1063 1012 est.
1095 956 1306 1010 Aliter:
1337 957 1546 1012 Firmat
1576 971 1698 1011 ma-

157 1065 261 1103 num
297 1049 424 1119 ejus,
461 1049 513 1103 id
552 1056 654 1113 est,
694 1064 858 1120 apera
912 1048 1045 1118 ejus.
1084 1047 1462 1121 Hieronymus.
1505 1050 1700 1121 Septies

155 1142 270 1195 cadit
291 1142 480 1210 justus,
513 1152 561 1195 et
607 1147 824 1212 resurgit
867 1143 1049 1212 (Prov.
1091 1142 1274 1214 xxrv).
1309 1143 1465 1199 Cadit
1505 1144 1704 1215 cogita-

159 1233 297 1296 tione,
347 1231 721 1296 delectatione,
782 1235 968 1288 verba.
1031 1233 1282 1305 Resurgit
1341 1234 1701 1301 confessione,

157 1341 250 1394 spe,
273 1325 364 1380 (ide
383 1334 435 1379 et
463 1341 647 1394 opere.
677 1325 742 1380 Et
777 1326 896 1381 ideo
918 1324 1117 1395 justus,
1145 1327 1268 1396 quia
1294 1327 1473 1396 justus
1511 1344 1575 1382 ea:
1597 1328 1704 1397 fide

158 1422 254 1474 vivit
277 1420 451 1489 (Rom.
484 1420 559 1489 ι).
596 1419 664 1474 Ει
695 1436 883 1475 revera
920 1421 1097 1490 justus
1144 1439 1246 1475 non
1277 1420 1550 1476 collidetur
1577 1422 1703 1494 quia

162 1513 382 1567 Dominus
427 1529 533 1566 non
570 1513 908 1582 derelinquet
950 1529 1093 1577 eum,
1148 1513 1426 1584 dirigenda
1485 1530 1703 1584 gressus

160 1600 281 1667 ejus:
310 1601 443 1670 quod
471 1601 603 1655 mihi
652 1610 876 1672 experto
902 1602 1124 1657 credite.
1167 1601 1358 1655 Junior
1382 1602 1480 1670 fui,
1515 1604 1702 1656 etenim

160 1693 296 1746 senui.
323 1692 414 1747 llic
438 1693 678 1761 loquitur
706 1692 944 1748 Ecclesia
976 1702 1108 1759 tota,
1137 1708 1256 1762 qum
1283 1709 1388 1748 una
1416 1703 1500 1748 est
1531 1693 1582 1748 in
1616 1709 1705 1750 sa-

160 1783 428 1847 cramentis,
473 1783 568 1837 sed
611 1784 665 1836 in
703 1783 948 1853 personis
988 1784 1199 1838 diversa
1222 1775 1250 1837 ἐ
1289 1790 1342 1838 ct
1372 1781 1494 1838 ideo
1551 1784 1703 1853 quasi

159 1886 271 1927 unus
291 1872 438 1926 homo
461 1881 569 1927 tata
603 1871 860 1942 loquitur.
899 1870 1096 1927 Junior
1131 1872 1234 1942 fui,
1260 1872 1314 1927 id
1355 1881 1459 1937 εει,
1495 1871 1704 1928 ferven-

1799 689 2084 760 Nunquam
2133 694 2371 750 charitas
2411 706 2494 752 est
2531 697 2703 753 otiosa
2743 717 2757 753 :
2795 699 2840 754 si
2898 698 3060 755 habet
3111 701 3417 760 exteriora

1799 783 1958 846 bona,
1995 785 2182 839 tribuit
2205 801 2266 841 ea
2297 805 2309 840 :
2339 789 2381 842 si
2406 803 2468 843 ea
2499 805 2602 844 non
2631 791 2810 857 habet,
2837 791 3022 847 tribuit
3061 794 3257 848 bonam
3287 810 3373 850 vo-

1799 870 2078 928 luntatem.
2115 873 2229 930 Non
2258 892 2389 947 ergo
2421 878 2812 950 derelinquitur
2851 881 3052 951 justus,
3083 886 3176 939 sed
3204 885 3384 954 potius

1801 976 1906 1016 non
1936 964 2218 1021 deserentc
2243 981 2300 1022 εε
2332 969 2459 1036 Deo,
2497 973 2876 1040 comparabilis
2899 983 2985 1029 est
3021 975 3118 1042 illi,
3148 976 3237 1045 qui
3271 992 3384 1032 mo-

1803 1062 1886 1107 tus
1910 1053 2052 1109 intus
2080 1055 2469 1125 misericordia,
2494 1060 2552 1115 in
2588 1070 2765 1117 actum
2800 1061 2949 1118 ducit
2974 1079 3115 1120 eam.
3145 1065 3240 1120 Vel
3262 1081 3396 1136 per-7

1801 1157 2113 1200 severanter
2139 1149 2425 1205 miseretur
2444 1152 2636 1207 animze
2658 1169 2786 1217 suas,
2819 1154 3036 1223 placens
3063 1156 3192 1223 Deo,
3225 1164 3283 1211 ul.
3307 1157 3384 1211 [ιιι

1801 1236 1911 1290 ciat
1933 1237 2032 1291 sibi
2058 1239 2362 1306 proximum
2387 1241 2440 1296 in
2473 1244 2559 1298 via
2591 1244 2683 1299 Dei
2708 1246 2933 1300 socium.
2967 1245 3036 1301 Et
3064 1247 3182 1303 ideo
3210 1265 3382 1303 semen

1802 1326 1915 1396 ejus
1957 1327 2010 1379 in
2054 1327 2403 1385 benedictione
2441 1335 2577 1388 erit:
2626 1337 3004 1406 comparabilis
3049 1339 3152 1392 erit
3190 1337 3260 1401 ei,
3294 1337 3383 1404 qui

1803 1417 1945 1486 quod
1973 1418 2206 1473 seminat
2235 1421 2642 1491 multiplicatum
2679 1427 2889 1498 recipit.
2914 1426 3222 1497 Centuplum
3243 1425 3384 1480 enlm

1805 1509 2040 1577 accipiet,
2090 1518 2140 1563 et
2184 1511 2344 1565 vitam
2379 1522 2626 1568 wternam
2666 1516 2948 1585 possidebit
2978 1515 3202 1588 (Matth.
3238 1514 3386 1585 XIX).

1805 1597 1946 1667 Ergo
1973 1598 2178 1654 declina
2212 1617 2242 1654 a
2271 1602 2429 1667 mala,
2460 1613 2508 1656 et
2551 1604 2638 1673 fac
2679 1605 2902 1660 bonum:
2946 1606 3088 1676 quod
3117 1614 3198 1660 est
3221 1602 3391 1673 tequi-

1805 1686 2069 1758 polleuter
2112 1688 2357 1746 dictum:
2399 1691 2516 1747 Noli
2547 1695 2806 1761 :eumlari,
2841 1697 2947 1751 noli
2993 1697 3249 1752 invidiam
3292 1696 3391 1750 ha-

1805 1775 1934 1832 bere
1971 1776 2022 1832 in
2049 1776 2182 1834 ﬂore
2214 1780 2512 1848 malorum;
2541 1784 2719 1854 potius
2762 1783 2846 1841 fac
2876 1787 3095 1850 bonum,
3127 1786 3253 1855 quia
3285 1799 3392 1840 non

1805 1867 1910 1922 erit
1929 1867 2410 1926 irremuneratum:
2447 1873 2598 1928 vides
2625 1874 2750 1944 quia
2766 1875 2944 1930 nullus
2972 1875 3186 1931 invidus
3209 1891 3391 1930 remu-

162 1962 244 2016 tior
266 1963 313 2016 in
333 1964 621 2027 charitate,
645 1979 766 2017 cum
791 1962 1063 2033 primitiva
1093 1977 1242 2016 eram
1271 1963 1324 2016 in
1349 1962 1503 2027 Abel,
1531 1963 1582 2016 in
1611 1979 1704 2032 pa-
1737 1967 1779 2023 Β
1807 1958 2105 2013 nerabitur.
2135 1959 2202 2014 Et
2243 1961 2322 2016 sic
2354 1963 2613 2029 inhabita,
2642 1965 2852 2021 scilicet
2885 1975 3083 2020 terram
3130 1977 3301 2029 tuam,
3339 1965 3394 2018 in

163 2052 396 2108 triarcbis.
442 2053 511 2107 Et
550 2069 740 2109 revera
777 2053 977 2122 junior,
1023 2069 1146 2108 nam
1190 2055 1370 2108 senui:
1412 2053 1523 2123 jam
1562 2055 1705 2109 enim

161 2143 369 2215 refriguit
397 2145 661 2199 charitas.
698 2144 761 2197 Et
788 2159 891 2198 non
919 2144 971 2200 in
993 2141 1293 2211 juventute,
1329 2158 1428 2198 nec
1458 2143 1509 2197 in
1547 2159 1706 2199 sene-

161 2247 278 2292 cutte
308 2239 402 2292 vidi
418 2239 631 2309 justum
673 2237 975 2292 derelictum
1009 2237 1256 2302 interius,
1282 2239 1410 2307 quin
1450 2239 1710 2294 Dominus

162 2345 337 2397 semper
363 2331 624 2400 dirigeret
662 2344 878 2399 gressus
905 2329 1040 2398 ejus,
1072 2337 1123 2383 et
1168 2329 1211 2382 si
1255 2328 1404 2382 multi
1441 2329 1538 2384 visi
1587 2337 1712 2383 sunt

162 2418 382 2484 derelicti,
429 2429 696 2488 quantum
740 2419 807 2474 ad
852 2420 1111 2473 exterius.
1163 2418 1257 2473 Vel
1290 2418 1478 2489 junior
1514 2419 1613 2489 fui,
1656 2419 1708 2473 id

162 2519 242 2569 est,
270 2509 495 2578 parvula,
533 2509 666 2579 quia
704 2509 756 2562 in
794 2510 978 2579 paucis
1011 2519 1250 2576 tempore
1272 2508 1406 2563 Abel
1432 2509 1564 2578 justi
1592 2510 1708 2564 sine

165 2599 448 2655 fecunditate
482 2601 686 2654 adhuc.
720 2600 785 2654 Et
824 2600 926 2654 hoc
987 2601 1258 2654 ostendit:
1289 2599 1496 2653 Etenim
1541 2601 1709 2664 senui,

165 2690 314 2755 idest,
343 2693 478 2747 crevi
520 2702 584 2748 et
612 2691 963 2762 multiplicata
995 2708 1112 2746 sum
1142 2692 1209 2766 in
1256 2701 1472 2747 senecta
1502 2691 1710 2747 haberi.

165 2776 216 2830 Et
241 2796 330 2834 non
359 2781 459 2835 vidi
478 2781 691 2851 justum
729 2781 1056 2846 derelictum,
1089 2781 1293 2835 scilicet
1326 2797 1354 2833 a
1386 2796 1525 2851 pane
1563 2781 1714 2835 verbi

165 2867 269 2924 Dei:
303 2872 414 2939 quia
468 2887 745 2941 nunquam
788 2871 874 2926 lex
913 2872 1025 2935 Dei,
1091 2871 1140 2925 id
1175 2880 1259 2925 est
1295 2870 1410 2939 ejus
1440 2871 1712 2937 voluntas,

165 2961 330 3013 recedit
380 2963 441 3016 de
483 2961 656 3016 corde
707 2970 760 3015 et
819 2975 913 3014 ore
965 2958 1100 3029 ejus.
1155 2959 1282 3029 Ejus
1313 2961 1394 3014 ori
1442 2976 1714 3030 nunquam

166 3046 373 3106 Christus
405 3052 599 3107 abluit.
651 3051 762 3106 Nec
808 3069 982 3107 semen
1025 3051 1158 3122 ejus,
1192 3051 1246 3106 id
1281 3061 1365 3107 est
1418 3053 1716 3108 imitatores

165 3137 272 3205 ejus,
293 3159 516 3212 quterens
539 3159 757 3213 panem,
786 3143 991 3198 scilicet
1029 3144 1173 3208 vitae,
1213 3158 1407 3212 panem
1438 3145 1588 3197 verbi
1623 3144 1716 3198 Dc‘i

167 3248 249 3286 non
279 3234 489 3300 habens,
520 3243 584 3291 ει
630 3235 749 3290 ideo
791 3235 1125 3290 mendicans.
1167 3233 1261 3290 Vel
1292 3251 1465 3289 semen
1501 3235 1636 3304 ejus,
1665 3237 1716 3290 id

167 3331 248 3388 est,
279 3325 406 3380 bona
435 3341 607 3396 opera
646 3341 765 3395 qua:
804 3325 892 3380 hic
931 3327 1237 3390 seminavit,
1277 3326 1393 3380 sine
1425 3325 1622 3389 fructu,
1657 3327 1708 3380 id
1738 3305 1782 3366 (ἶ

167 3420 230 3466 est
257 3414 359 3468 sine
383 3416 676 3471 mercede:
721 3422 847 3469 tunc
879 3430 1061 3470 semen
1090 3415 1243 3485 quasi
1275 3417 1468 3484 qumrit
1495 3429 1709 3485 panem,

166 3519 261 3558 eum
289 3523 381 3561 non
400 3508 602 3563 crescit
631 3508 686 3562 iu
719 3506 942 3562 fructus.
969 3508 1215 3563 Ostendit
1245 3508 1514 3575 quomodo
1533 3507 1713 3577 justus

168 3610 399 3666 nunquam
443 3615 590 3670 pane
641 3601 765 3655 vitae
817 3600 1020 3655 scilicet
1070 3609 1277 3665 careat,
1328 3599 1450 3668 quia
1501 3617 1715 3671 semper

168 3687 313 3744 habet.
336 3689 458 3746 Tota
480 3693 630 3747 enim
667 3693 772 3754 die,
817 3693 870 3747 id
910 3701 993 3747 est
1025 3692 1256 3757 assidue,
1281 3691 1432 3760 juxta
1470 3692 1635 3748 illud:
1665 3704 1716 3746 et

168 3779 209 3831 in
231 3781 322 3854 lege
340 3785 443 3856 ejus
470 3784 814 3840 meditabitur
838 3785 922 3839 die
951 3802 1012 3839 ac
1050 3796 1196 3839 nocte
1220 3783 1238 3853 (
1254 3781 1403 3838 Psal.
1446 3785 1526 3855 l);
1559 3788 1713 3840 mise-

167 3883 297 3940 retur,
321 3877 514 3932 scilicet
550 3876 676 3940 sibi,
719 3891 901 3930 ensem
938 3875 1084 3930 illum
1125 3877 1352 3931 rationis
1383 3891 1490 3946 qua
1536 3878 1714 3932 acciu-

165 3971 259 4016 ctus
281 3975 355 4018 est
379 3983 478 4020 non
501 3967 826 4036 permittens
850 3965 1093 4034 rubigine
1111 3964 1377 4021 consumi.
1406 3965 1470 4019 Et
1494 3983 1716 4020 commo-

166 4051 235 4104 dat
257 4053 362 4110 aliis
389 4057 640 4110 eumdem
679 4071 894 4126 panem,
920 4072 1022 4111 non
1053 4063 1229 4110 cessat
1255 4055 1390 4110 alios
1425 4057 1715 4110 alsecran-

169 4140 237 4204 do,
275 4145 618 4210 admonendo,
658 4145 945 4210 hortanda,
1004 4143 1264 4199 rationem
1312 4144 1601 4208 reddenda,
1647 4145 1715 4199 ad

169 4231 443 4290 charitatem
486 4237 580 4291 Dei
642 4235 982 4290 attrahenda.
1032 4235 1099 4290 Et
1141 4237 1222 4290 sic
1272 4235 1544 4306 subjuugit
1583 4236 1716 4292 dile-

169 4321 299 4377 ctioni
325 4324 437 4392 Dei,
467 4326 812 4382 dilectionem
833 4327 1085 4398 proximi.
1114 4325 1244 4380 Tota
1264 4327 1349 4380 die
1376 4327 1650 4380 miseretur
1666 4341 1714 4382 et

167 4415 442 4482 commodat,
468 4417 520 4473 id
547 4425 652 4481 est,
683 4432 956 4487 nunquam
995 4417 1079 4472 lex
1108 4416 1220 4480 Dei,
1256 4416 1307 4470 id
1335 4423 1439 4483 est,
1464 4417 1715 4472 voluntas

169 4498 242 4557 Dei
277 4509 465 4563 recedit
498 4508 568 4564 de
607 4509 770 4563 corde
817 4505 932 4576 ejus
972 4524 986 4561 :
1027 4505 1244 4576 quando
1290 4505 1442 4578 legit,
1489 4506 1715 4561 mandu-

168 4601 266 4661 cat;
291 4599 495 4666 quando
534 4599 660 4654 inde
700 4599 923 4669 cogitat,
964 4599 1239 4664 ruminat;
1273 4607 1326 4651 ut
1354 4599 1423 4652 sit
1457 4598 1710 4653 mundum

1810 2048 2060 2102 sarculum
2099 2050 2327 2105 steculi:
2380 2054 2458 2108 sic
2503 2068 2622 2109 eam
2669 2055 2904 2126 accipies
2952 2053 3308 2110 immortalem
3342 2063 3398 2108 et

1812 2139 2215 2209 impassibilem.
2243 2143 2403 2211 Quasi
2427 2145 2599 2202 dicat:
2624 2146 2784 2202 Certa
2815 2147 3074 2218 legitime,
3095 2155 3150 2201 et
3169 2161 3396 2202 corona-

1811 2231 1957 2288 beris
1983 2232 2083 2305 (II
2117 2233 2252 2288 Tim.
2283 2236 2375 2306 ιι).
2409 2237 2465 2291 Si
2495 2252 2603 2292 non
2643 2237 3015 2299 seminaveris,
3057 2253 3164 2292 non
3203 2245 3396 2292 metes.

1811 2322 1953 2379 Ideo
1981 2323 2185 2378 declina
2234 2343 2267 2380 tt
2316 2326 2455 2381 malo
2497 2337 2544 2382 et
2582 2327 2666 2397 [ac
2706 2328 2920 2391 bonum,
2963 2327 3088 2398 quia
3145 2326 3398 2381 Dominus

1812 2425 1954 2468 amat
1973 2416 2262 2486 judicium,
2294 2419 2397 2472 hoc
2442 2418 2668 2484 scilicet,
2702 2419 2754 2472 id
2789 2427 2893 2483 est,
2930 2419 3070 2472 hanc
3123 2416 3401 2470 discretio-

1814 2521 1958 2560 nem.
1995 2506 2090 2561 νει
2131 2507 2336 2562 declina
2371 2525 2403 2562 a
2443 2508 2584 2563 malo
2611 2519 2656 2563 et
2685 2509 2770 2578 [ac
2811 2508 3022 2573 bonum,
3058 2517 3114 2562 et
3154 2507 3401 2562 faciendo

1815 2597 1948 2662 hinc,
1977 2597 2139 2652 multa
2179 2599 2318 2653 mala
2359 2587 2688 2654 sustinebis:
2722 2599 2814 2655 sed
2846 2601 2956 2655 noli
2986 2599 3240 2665 deiicere,
3277 2599 3400 2669 quia

1811 2688 2071 2743 Dominus
2101 2700 2241 2744 amat
2277 2691 2578 2759 judicium:
2609 2692 2774 2757 Quem
2803 2695 2937 2746 enim
2970 2692 3138 2762 diligit
3174 2693 3402 2762 castigat

1816 2780 1837 2846 (
1862 2777 2014 2832 Prov.
2043 2778 2128 2849 l):
2154 2788 2210 2833 et
2248 2781 2299 2833 iu
2335 2779 2560 2848 judicia,
2593 2782 2644 2835 id
2673 2791 2757 2836 est
2793 2783 2844 2835 in
2890 2781 3264 2853 ﬂagellatioue,
3298 2794 3401 2836 nor.

1815 2870 2132 2942 derelinquat
2159 2883 2368 2927 sanctos
2395 2889 2538 2938 suos,
2571 2883 2631 2927 ut
2665 2873 2877 2928 videtur
2898 2874 3072 2939 malis,
3104 2875 3197 2928 sed
3224 2875 3402 2942 potius

1815 2976 1913 3031 per
1941 2961 2042 3016 hoc
2071 2963 2418 3018 conservabit
2443 2981 2456 3017 :
2494 2980 2594 3035 pro
2623 2965 2902 3034 temporali
2931 2963 3141 3037 ﬂagello
3170 2965 3224 3018 in
3256 2973 3404 3018 ceter-

1817 3067 1942 3106 num
1981 3053 2443 3108 conservabuntur.
2493 3054 2560 3109 Et
2608 3054 2652 3110 si
2697 3056 2878 3125 priora
2926 3055 3116 3109 horum
3155 3054 3404 3108 videntur

1819 3141 1988 3208 arida,
2028 3144 2325 3213 posteriora
2370 3144 2657 3216 ﬂorebunt.
2700 3145 2892 3216 Injnsti
2929 3154 3130 3211 autem,
3170 3158 3405 3215 quorum

1817 3233 2002 3301 priora
2047 3250 2192 3290 nunc
2233 3233 2446 3300 ﬂarent,
2489 3237 2786 3307 punientur,
2834 3238 2884 3292 id
2929 3246 3033 3303 est,
3078 3253 3264 3292 eorum
3299 3253 3398 3306 po-

1814 3323 2042 3376 steriora
2074 3335 2338 3380 arescent.
2370 3324 2440 3379 Et
2483 3343 2656 3381 semen
2689 3329 2988 3397 impiorum,
3035 3328 3086 3381 id
3115 3335 3198 3382 est
3230 3342 3397 3397 opera

1817 3414 1955 3468 mala
2005 3430 2126 3485 qua:
2172 3416 2261 3471 hic
2314 3418 2734 3482 seminaverunt,
2781 3418 2990 3487 peribit,
3035 3419 3084 3473 id
3136 3427 3238 3483 est,
3295 3434 3407 3474 non

1812 3513 1971 3559 erunt
2029 3505 2081 3560 in
2122 3506 2511 3574 benedictione,
2552 3508 2604 3562 id
2647 3518 2750 3573 est,
2782 3507 3250 3578 multiplicatione,
3275 3509 3400 3578 quia

1815 3595 2206 3651 irremunerata
2231 3606 2408 3653 erunt.
2457 3597 2598 3654 Iusti
2623 3609 2816 3665 autem,
2841 3597 2934 3668 qui
2960 3597 3120 3653 modo
3153 3595 3405 3654 videntur

1815 3689 2080 3754 derelicti,
2122 3690 2501 3744 hmreditabunt
2550 3700 2765 3745 terram.
2821 3689 2920 3746 Vel
2972 3703 3190 3744 carnem
3233 3703 3399 3759 quam

1814 3781 1903 3836 hic
1931 3779 2231 3845 caluerunt,
2259 3780 2759 3837 immarcescibilem
2785 3780 3062 3851 recipient.
3091 3778 3186 3834 Vel
3208 3788 3403 3834 terram

1813 3869 2134 3935 viventium,
2180 3871 2232 3924 id
2280 3878 2384 3933 est,
2431 3878 2690 3926 aeternam
2737 3871 3142 3926 beatitudinem.
3189 3867 3257 3923 Et
3297 3870 3401 3924 hoc

1815 3977 1923 4016 non
1954 3962 2018 4016 ad
2048 3969 2277 4030 tempus,
2321 3963 2415 4018 sed
2452 3963 2816 4018 inhabitabant
2835 3963 2892 4017 in
2930 3962 3186 4017 swculum
3217 3961 3429 4017 steculi.

1817 4070 1973 4123 super
1994 4069 2128 4119 eam,
2174 4054 2382 4111 scilicet
2402 4064 2629 4120 stantes,
2653 4055 2707 4110 id
2732 4063 2836 4120 est,
2869 4054 3098 4109 ﬁrmiter
3117 4064 3171 4108 et
3193 4052 3402 4109 stabili-

1817 4153 1901 4200 ter
1929 4144 2207 4200 habentes.
2231 4143 2450 4200 lnterim
2472 4154 2651 4200 autem
2680 4161 2738 4200 as
2767 4145 2903 4215 justi
2935 4145 3180 4207 interius,
3232 4143 3287 4198 id
3314 4151 3399 4199 est

1815 4250 1933 4301 cor,
1974 4235 2313 4290 meditabitur
2333 4238 2670 4306 sapientiam,
2705 4237 2758 4291 id
2793 4244 2898 4301 est,
2930 4250 3100 4305 regem
3130 4243 3178 4288 el
3213 4232 3424 4289 volun-..

1818 4333 1983 4380 tatem
2015 4323 2143 4379 Dei:
2175 4333 2224 4378 et
2262 4324 2440 4396 lingua
2474 4326 2587 4395 ejus
2627 4329 2866 4395 loquetur
2880 4315 3288 4393 judiciumfid’
3313 4334 3397 4378 est

1816 4417 2220 4483 discretionem,
2263 4427 2318 4472 et
2359 4418 2459 4473 sibi
2509 4417 2872 4478 miserebitur.
2923 4424 2978 4470 et
3030 4415 3150 4469 aliis
3199 4415 3401 4470 tribuet

1818 4507 1988 4573 illum,
2020 4509 2234 4564 docebit
2266 4510 2570 4578 proximum
2597 4508 2726 4579 quid
2765 4509 2958 4564 debeat
2984 4507 3235 4578 probare,
3271 4507 3400 4578 quid

1817 4599 2141 4668 improbare.
2165 4598 2275 4653 Lex
2303 4599 2398 4653 Dei
2418 4599 2530 4669 ejus
2559 4599 2612 4654 in
2649 4599 2804 4653 corde
2837 4599 3032 4668 ipsius:
3061 4598 3175 4654 haec
3197 4606 3281 4654 est
3312 4595 3399 4652 illa

167 4662 332 4742 animal
369 4700 421 4746 et
483 4706 591 4746 non
649 4662 980 4746 immundum
1029 4691 1175 4761 quod
1218 4662 1458 4760 deglutit,
1507 4690 1562 4746 id
1603 4699 1710 4756 est,
1735 4662 1790 4722 Ῑ)
1817 4662 2077 4760 sapientia
2109 4706 2270 4760 quam
2309 4662 2681 4754 meditabitur,
2714 4697 2770 4744 et
2797 4662 2924 4744 illud
2959 4688 3220 4758 judicium
3247 4687 3393 4759 quod

167 4771 460 4833 obliviscitur
496 4781 640 4851 quod
682 4781 846 4846 audit,
878 4770 1033 4850 juxta
1077 4781 1206 4834 illud
1242 4779 1574 4836 Salomonis:
1626 4780 1710 4836 lu-

163 4872 506 4944 ~comparabilis
545 4874 836 4930 thesaurus
891 4875 1120 4944 quiescit
1164 4874 1216 4928 iu
1270 4889 1366 4929 ore
1420 4874 1706 4944 sapientis,

167 4946 334 5036 stultus.
349 4972 531 5020 autem
571 4963 793 5034 deglutit
819 4963 968 5018 illum
996 4962 1178 5034 (Prov.
1206 4964 1341 5034 χιιι).
1377 4964 1709 5035 Augustinus

167 5040 305 5101 dicit:
339 5067 357 5100 ι
384 5049 689 5119 Miseretur,
720 5054 772 5107 id
801 5062 906 5119 est,
932 5052 1238 5118 fenerator;
1281 5067 1450 5122 pauca
1498 5054 1610 5120 dat,
1655 5063 1710 5110 et

167 5135 303 5192 multa
335 5143 555 5215 recipit:
595 5144 670 5198 sic
698 5152 752 5198 et
775 5143 954 5212 justus
997 5144 1092 5198 dat
1126 5153 1360 5206 terrena,
1390 5152 1449 5198 ut
1479 5145 1711 5214 accipiat

165 5223 371 5282 caelestia
397 5250 409 5284 :
438 5233 529 5286 dat
559 5233 817 5302 peritura,
852 5241 910 5288 ut
931 5229 1400 5302 accipiat'aeterna.
1431 5253 1448 5283 ι
1480 5234 1536 5288 Si
1563 5232 1711 5289 leue-

169 5328 253 5380 ras,
275 5334 368 5374 non
397 5337 602 5393 speras,
629 5326 670 5379 si
705 5340 810 5381 non
842 5324 1073 5392 leneras,
1105 5340 1209 5380 non
1235 5339 1460 5394 speras;
1492 5325 1535 5380 si
1560 5326 1708 5381 fene-

169 5418 239 5461 ras
260 5409 544 5480 hominem,
574 5432 678 5472 non
715 5431 901 5487 speras
937 5431 968 5470 a
1011 5416 1121 5472 Deo
1154 5417 1485 5484 mercedem;
1522 5416 1704 5472 fenera

165 5491 327 5565 Deum,
354 5489 408 5557 et
431 5505 660 5574 accipies
701 5506 1042 5573 mercedem;
1075 5507 1421 5562 accommoda
1448 5507 1701 5577 pauperi,

165 5581 233 5641 fac
254 5602 366 5646 eum
401 5595 716 5664 debitorem,
773 5599 957 5669 accipe
991 5597 1157 5653 Deum
1200 5595 1611 5666 ﬁdeijussarem.
1643 5598 1701 5654 In

165 5677 408 5749 melisjam
437 5687 604 5754 sedet,
636 5689 687 5743 in
727 5689 887 5744 terris
925 5697 1099 5743 tamen
1127 5703 1232 5742 non
1264 5688 1582 5757 dedignatur
1603 5687 1712 5741 sal-

166 5782 272 5828 νει-ε
301 5779 528 5836 debitum
574 5799 671 5855 pro
699 5798 956 5853 paupere,
989 5783 1079 5852 qui
1110 5795 1167 5836 se
1208 5782 1261 5835 in
1299 5795 1533 5850 paupere
1576 5778 1705 5834 dicit

169 5863 416 5936 accipere:
451 5872 597 5936 Quod
642 5876 733 5930 uni
773 5891 837 5930 ex
877 5875 1104 5930 minimis
1143 5874 1270 5927 meis
1320 5871 1534 5940 fecistis,
1579 5871 1706 5924 mihi

1812 4781 1930 4836 aliis
1955 4779 2222 4851 loquatur.
2259 4781 2324 4835 In
2367 4780 2522 4835 corde
2555 4780 2736 4852 ipsius,
2769 4782 2893 4853 quia
2922 4781 3222 4836 voluntarie
3263 4796 3397 4852 ope-

1814 4872 2021 4927 rabitur
2044 4873 2096 4927 in
2133 4872 2267 4943 lege.
2299 4871 2368 4926 Et
2394 4871 2514 4926 ideo
2547 4889 2653 4926 non
2688 4871 3163 4942 supplantabuntur
3190 4857 3396 4942 gressus

1811 4963 1946 5032 ejus,
1977 4963 2026 5017 id
2069 4972 2168 5027 est,
2214 4963 2567 5032 cogitationes
2604 4964 2720 5034 ejus
2764 4978 2872 5018 non
2918 4964 3273 5032 decipientur,
3341 4971 3398 5016 ut

1812 5057 2100 5111 devocetur
2128 5070 2158 5109 a
2205 5054 2365 5110 malo.
2411 5053 2543 5108 Nam
2577 5069 2680 5109 non
2711 5055 2907 5109 desunt
2941 5055 3391 5123 supplantatares.

1813 5145 2121 5201 Considerat
2146 5147 2289 5201 enim
2319 5157 2557 5217 peccator
2582 5146 2812 5216 justum,
2844 5146 2895 5201 id
2921 5155 3025 5211 est,
3056 5146 3222 5200 vitam
3251 5144 3394 5198 illius

1814 5239 2097 5311 diligenter
2139 5239 2399 5308 inquirit:
2437 5248 2486 5292 et
2530 5239 2632 5293 hac
2676 5253 2779 5293 non
2819 5237 2886 5292 ad
2913 5237 3254 5301 imitandum,
3292 5233 3389 5290 sed

1815 5329 2002 5400 quaerit
2048 5329 2367 5397 morti/icore
2401 5345 2543 5393 eum,
2575 5328 2626 5382 id
2665 5337 2766 5394 est,
2799 5328 3059 5384 devocare
3089 5341 3118 5380 a
3155 5323 3415 5395 justitia,

1816 5421 1910 5476 sed
1933 5435 2039 5475 non
2079 5419 2426 5476 mortiﬁcabit
2461 5439 2472 5474 :
2506 5419 2764 5474 Dominus
2807 5428 3001 5482 autem,
3033 5417 3186 5487 cujus
3217 5415 3393 5487 legem

1812 5511 2026 5566 assidue
2063 5511 2371 5578 meditatur,
2410 5527 2512 5564 non
2546 5510 2864 5578 derelinquet
2906 5492 3112 5561 eum’in
3153 5505 3393 5560 manibus

1809 5601 1942 5670 ejus.
1978 5599 2195 5668 Lioquit
2222 5599 2436 5669 quidem
2477 5600 2528 5653 in
2561 5597 2807 5652 manibus
2849 5594 3232 5660 exterioribus,
3263 5594 3390 5664 quia

1809 5689 2075 5761 permittit
2111 5690 2179 5744 ab
2205 5704 2270 5744 eo
2297 5687 2478 5759 ailligi,
2506 5689 2598 5743 sed
2631 5703 2734 5741 non
2782 5684 3116 5755 derelinquat
3142 5685 3389 5750 interius,

1809 5781 1933 5848 quia
1976 5794 2080 5833 non
2127 5779 2476 5834 devocabitur
2529 5777 2821 5832 secundum
2877 5769 3204 5832 voluntatem
3252 5774 3388 5845 ejus.
3487 5813 3499 5824 .

1811 5869 1923 5923 Hoc
1969 5868 2127 5922 modo
2174 5883 2277 5920 non
2323 5867 2698 5936 derelinquet,
2742 5866 2867 5936 quia
2919 5867 3020 5922 etsi
3065 5865 3259 5936 impius
3300 5863 3390 5917 hic
