3978 6438
596 457 705 513 339

1235 467 1492 525 REMlGll
1515 466 2177 535 ANTISSIODOBENSIS
2211 466 2360 523 OPP.
2394 469 2594 545 PARS.
2637 462 3195 534 l.—EXEGETICA:
3703 481 3787 537 350

589 572 813 628 damnet
831 589 970 640 eum,
1000 575 1258 634 Dommus
1283 588 1458 636 tamen
1488 597 1579 640 nec
1615 582 1878 637 damnabit
1903 582 1956 636 in
1986 579 2169 634 futuro
2193 579 2250 640 Δ.
2273 589 2501 637 mortem
2530 583 2747 640 habebit
2773 587 2958 642 vitam.
2980 587 3179 660 Injusti
3198 594 3396 653 autem,
3417 589 3505 658 qui
3532 605 3627 645 non
3647 605 3791 650 custo-

588 665 816 737 judicio,
860 685 978 722 cum
1005 669 1334 738 judicabitur
1368 674 1468 741 illi,
1512 675 1718 731 scilicet
1753 676 1950 746 pio'de
1980 673 2166 743 impio,

592 757 678 813 Vel
707 775 812 814 non
855 759 1171 830 derelmquet
1213 781 1332 820 eum
1378 767 1433 820 in
1475 767 1715 819 manibus
1745 765 1880 834 ejus,
1910 765 2167 820 traditum

593 848 726 903 foris
760 849 813 903 in
843 851 1094 907 manibus
1128 854 1268 924 ejus,
1296 869 1416 910 cum
1462 856 1775 912 conceditur
1802 855 1876 910 illi
1906 855 2040 910 adeo
2068 854 2166 909 ﬂa-

593 937 794 1006 gellare
817 939 982 1010 pium,
1010 951 1267 1011 quantum
1292 944 1438 1010 velit,
1467 953 1521 999 et
1541 943 1656 1013 jam
1685 951 1797 998 tum
1825 959 1942 998 cum
1956 943 2171 1012 judica—

594 1031 734 1084 bitur
762 1033 861 1099 illi,
885 1033 1090 1090 scilicet
1112 1035 1277 1105 impio
1307 1037 1372 1091 de
1399 1037 1509 1106 pio,
1547 1037 1598 1091 id
1626 1045 1731 1100 est,
1754 1050 1874 1090 cum
1899 1035 2168 1106 iudicabi-

595 1130 682 1172 tur
711 1122 832 1191 pius
861 1125 1155 1179 secundum
1180 1125 1509 1182 voluntatem
1534 1126 1703 1198 impii,
1727 1126 1854 1196 quia
1882 1125 2007 1180 illud
2027 1125 2170 1196 judi-

592 1209 734 1264 cium
757 1210 849 1267 ﬁet
866 1213 931 1266 ad
954 1213 1321 1284 probationem
1349 1217 1424 1286 pii
1452 1225 1520 1271 et-
1549 1218 1614 1272 ad
1637 1216 2037 1292 damnationem
2066 1215 2170 1269 im-

592 1298 689 1367 pii.
722 1298 789 1355 Et
819 1301 943 1370 quia
991 1317 1098 1357 non
1134 1303 1470 1374 derelinquet
1513 1314 1566 1361 te
1603 1306 1658 1360 in
1708 1306 1956 1361 manibus
2000 1304 2168 1376 impii,

594 1407 724 1463 ergo
761 1393 870 1448 noli
897 1395 1159 1461 aemulari,
1189 1397 1283 1451 sed
1328 1409 1567 1468 exspecta
1613 1398 1916 1463 Dominum,
1965 1397 2173 1453 scilicet

590 1493 1059 1541 remuneratorem-
1097 1496 1153 1543 et
1186 1487 1531 1544 liberatorem
1561 1505 1686 1545 cum
1713 1491 1858 1545 omni
1888 1489 2169 1559 patientia.

592 1571 660 1626 Et
716 1573 818 1629 hoc
868 1574 1024 1632 modo
1076 1587 1326 1646 exspecta
1355 1596 1367 1631 :
1397 1577 1615 1632 Custodi
1643 1579 1780 1632 viam
1823 1578 1960 1648 ejus,
2007 1593 2168 1648 quam

591 1665 709 1734 ipse
733 1666 830 1720 tibi
857 1669 1308 1736 praemonstravit,
1339 1670 1481 1723 viam
1517 1669 1788 1740 patientia:
1820 1679 1874 1724 et
1902 1669 2171 1724 humilita-

593 1755 682 1810 tis.
713 1756 954 1812 Viriliter
991 1772 1109 1828 age,
1149 1773 1178 1812 a
1209 1759 1351 1813 bono
1391 1774 1552 1830 opere
1580 1775 1855 1828 nunquam
1899 1758 2165 1815 desistas:

589 1853 637 1898 et
661 1845 912 1900 exaltabit
941 1857 991 1901 te
1010 1848 1074 1903 de
1102 1848 1299 1904 virtute
1324 1849 1376 1904 in
1400 1851 1651 1904 virtutem
1678 1867 1692 1917 ;
1723 1851 1858 1906 adeo
1888 1849 2166 1914 exaltabit,

2271 671 2426 728 diunt
2475 673 2834 730 innocentiam
2863 717 2878 743 ,
2935 677 3299 748 disperibunl:
3346 677 3509 734 variis
3557 684 3820 741 tormentis.-

2271 765 2695 832 cruciabuntur,
2741 766 2826 822 vel
2887 767 2977 822 hic
3026 769 3437 824 exetecabuntur
3476 769 3700 825 interius.
3743 771 3794 826 Et

2269 854 2428 908 simul
2473 855 2707 925 reliquiae
2737 857 3012 925 impiorum
3039 857 3341 923 interibunt,
3371 858 3425 914 id
3443 867 3543 924 est,
3561 867 3614 915 et
3652 868 3793 930 poste-

2272 944 2414 999 riora
2442 959 2625 1000 eorum
2647 954 2913 1001 arescent.
2930 944 3084 1002 Justo
3111 947 3262 1002 utilia
3290 956 3416 1003 sunt
3440 957 3495 1004 et
3515 949 3681 1019 priora
3707 950 3798 1020 qui-

2271 1036 2373 1090 bus
2422 1035 2736 1090 humiliatur
2767 1077 2782 1104 ,
2842 1046 2898 1092 et
2968 1039 3265 1108 posteriora
3320 1040 3513 1109 quibus
3555 1040 3794 1096 exaltatur.

2272 1123 2489 1195 lnjustis
2519 1135 2706 1182 contra
2729 1128 3021 1198 perditioni
3049 1139 3174 1184 sunt
3197 1139 3250 1184 et
3277 1130 3458 1200 priora
3485 1131 3666 1201 quibus
3686 1132 3798 1186 exal-

2273 1223 2487 1280 tantur,
2515 1224 2569 1269 et
2596 1217 2895 1285 posteriora
2937 1219 3131 1288 quibus
3173 1218 3512 1288 dejiciuntur.
3542 1219 3686 1274 Salus
3726 1239 3800 1273 au-

2271 1313 2373 1358 tem
2392 1305 2662 1375 justorum
2691 1324 2721 1360 a
2749 1306 2991 1361 Domino.
3017 1307 3181 1376 Quasi
3202 1309 3345 1364 dicat
3370 1329 3384 1364 :
3423 1309 3568 1375 Quod
3583 1308 3699 1377 justi
3723 1309 3800 1365 hoc

2273 1395 2432 1450 modo
2461 1396 2757 1461 salvantur,
2806 1398 3156 1454 custodiendo
3196 1399 3580 1464 innocentiam,
3615 1399 3801 1454 videndo

2272 1486 2599 1556 mqnitatem,
2623 1503 2652 1540 a
2678 1487 2902 1542 Domino
2923 1498 3032 1555 est,
3082 1505 3190 1545 non
3223 1491 3292 1545 ab
3313 1490 3460 1560 ipsis.
3491 1489 3554 1543 Et
3589 1500 3802 1561 protector

2271 1583 2354 1630 est
2375 1593 2552 1630 eorum
2573 1585 2757 1631 contra
2789 1580 3187 1650 impugnatores
3229 1581 3283 1635 in
3307 1591 3531 1651 tempore
3557 1579 3802 1633 tribulatio—

2273 1666 2444 1731 nis,id
2483 1676 2583 1728 est,
2617 1668 2668 1721 in
2701 1669 2801 1725 hac
2829 1671 2960 1724 vita.
2993 1668 3062 1722 Et
3085 1672 3210 1739 quia
3265 1672 3378 1742 ipse
3431 1680 3516 1726 est
3553 1673 3630 1725 eis
3669 1669 3801 1733 salus,

2274 1757 2388 1826 ipse
2416 1765 2691 1826 protector
2711 1759 2981 1829 adjurabit
3008 1777 3093 1815 eos
3114 1760 3387 1826 Dominus,
3419 1762 3621 1818 scilicet
3642 1764 3686 1816 in
3705 1778 3801 1835 per-

2275 1846 2500 1902 ﬁcienda
2523 1847 2847 1903 obedientia.
2868 1849 2932 1904 Et
2963 1849 3199 1904 liberabit
3227 1867 3332 1916 eos,
3361 1867 3389 1905 a
3424 1852 3804 1908 conformatione

588 1948 645 1991 ut
675 1939 980 1993 haereditate
1021 1941 1198 2011 capias
1240 1951 1454 1996 terram.
1497 1942 1596 1997 Vel
1625 1950 1823 1996 terram
1874 1941 2166 1996 viventium
2198 1920 2246 1980 Β
2276 1938 2537 1994 malorum
2571 1958 2584 1993 :
2615 1949 2664 1994 et
2689 1941 2900 1996 tandem
2928 1951 3070 1996 eruet
3103 1958 3188 1997 eos
3215 1959 3247 1996 a
3289 1943 3654 2013 peccatoribus,
3685 1959 3806 2012 sepa-

586 2027 797 2085 videbis
823 2044 888 2084 ex
905 2032 1244 2101 compendio,
1269 2047 1392 2086 cum
1419 2041 1472 2086 tu
1502 2032 1568 2086 ad
1594 2031 1892 2098 dexteram,
1922 2032 1996 2086 illi
2017 2041 2176 2087 erunt

587 2120 654 2175 ad
679 2121 976 2176 sinistram.
1005 2122 1216 2177 Aliter:
1251 2121 1316 2177 Et
1339 2123 1588 2177 exaltabit
1626 2133 1676 2177 te
1717 2123 1955 2188 tandem,
1987 2134 2043 2177 ut
2066 2124 2175 2178 hce-

588 2213 809 2267 reditate
843 2214 1020 2282 capias
1069 2223 1282 2279 terram,
1313 2214 1436 2283 quia
1482 2215 1645 2268 etiam
1693 2214 1780 2269 hic
1811 2223 1862 2268 te
1893 2214 2172 2269 exaltabit.
2214 2279 2232 2302 4

589 2300 821 2380 Consule
862 2302 1074 2357 oculum
1125 2303 1272 2369 ﬁdei,
1303 2313 1360 2358 et
1396 2305 1607 2368 videbis,
1649 2305 1855 2360 scilicet
1892 2313 1944 2359 te
1976 2304 2176 2360 exalta-

588 2401 727 2456 tum,
757 2391 810 2446 id
841 2400 923 2446 est
951 2391 1218 2449 elevatum
1247 2402 1300 2448 et
1315 2392 1554 2459 beatum,
1573 2411 1689 2448 cum
1716 2396 1962 2465 perierint
1986 2412 2171 2466 pecca—

589 2492 749 2549 tores,
796 2482 847 2537 id
886 2491 989 2548 est,
1017 2498 1138 2538 cum
1182 2485 1460 2541 tradentur
1507 2486 1559 2540 in
1604 2485 1888 2556 reprobum
1932 2501 2170 2548 sensum,

586 2574 736 2643 iuxta
766 2574 894 2629 illud
924 2593 936 2628 :
964 2574 1156 2630 Manus
1177 2592 1300 2630 suas
1326 2575 1517 2630 lavabit
1540 2578 1595 2630 in
1613 2578 1868 2648 sanguine
1885 2578 2173 2647 peccatoris

590 2667 774 2738 (Psal.
806 2667 956 2740 Lvn).
986 2667 1139 2722 Cum.
1165 2667 1512 2737 enimiustus
1536 2667 1680 2724 videt
1711 2669 1932 2739 impium
1976 2667 2174 2723 dereli-

591 2764 738 2812 ctum
770 2772 799 2810 a
838 2757 946 2811 Deo
969 2765 1189 2826 propter
1220 2757 1556 2826 iniquitatem
1584 2772 1760 2823 suam,
1794 2757 1847 2810 in
1873 2771 2006 2811 casu
2030 2755 2174 2811 illius

590 2847 692 2902 sibi
721 2857 874 2902 cavet
903 2848 1093 2918 magis.
1124 2847 1190 2902 Et
1225 2863 1412 2903 revera
1435 2848 1689 2917 peribunt
1714 2847 1888 2917 impii,
1917 2847 2043 2916 quia
2075 2861 2174 2917 ego

589 2938 873 2992 attendens
898 2938 1014 3007 ejus
1034 2937 1236 3007 priora,
1260 2938 1365 2992 vidi
1388 2939 1606 3008 impium
1644 2938 2090 3007 superexaltatum
2126 2948 2176 2992 et

589 3026 842 3081 eleuatum
873 3028 1005 3082 sicut
1047 3028 1230 3083 cedros
1275 3027 1484 3094 Libani,
1513 3029 1564 3083 in
1608 3029 1828 3096 divitiis,
1865 3030 1919 3084 in
1956 3030 2175 3085 honori-

593 3118 721 3182 bus,
791 3117 843 3171 in
903 3118 1160 3186 potentia.
1226 3118 1296 3172 Et
1360 3119 1612 3186 transivi,
1669 3120 1875 3176 scilicet
1932 3120 2175 3192 agilitate

592 3211 792 3266 mentis
831 3209 901 3265 ad.
960 3210 1075 3280 ejus
1126 3211 1440 3278 novissima,
1489 3210 1696 3268 scilicet
1749 3213 1817 3268 ab
1879 3212 1982 3268 hac
2041 3211 2174 3269 falsa

594 3303 858 3359 felicitate
906 3304 972 3356 ad
1023 3318 1242 3359 veram:
1287 3315 1334 3358 et
1383 3322 1496 3360 ecce
1539 3322 1640 3361 non
1686 3317 1798 3361 erat
1814 3324 1835 3372 ;
1883 3323 1988 3365 non
2031 3308 2173 3378 quod

593 3394 816 3450 omnino
857 3411 964 3449 non
1012 3403 1178 3462 esset,
1228 3397 1321 3451 sed
1357 3398 1482 3452 dum
1517 3399 1729 3468 quwsivi
1770 3416 1908 3464 eum,
1953 3417 2054 3454 non
2102 3409 2175 3454 est

591 3486 830 3540 inventus
861 3485 1006 3540 locus
1024 3486 1176 3556 ejus;
1198 3487 1323 3557 quia
1351 3487 1570 3558 planato
1595 3489 1757 3556 ferro,
1789 3504 1896 3544 non
1930 3499 2014 3545 est
2042 3504 2177 3560 opus

508 3637 512 3640 ,
591 3577 743 3633 lima.
764 3577 973 3634 Aliter:
1018 3578 1195 3646 Quare
1225 3580 1366 3646 dico,
1407 3582 1684 3651 exspecta?
1711 3596 1879 3652 quare
1907 3581 2049 3647 dico,
2085 3598 2177 3636 cu-

590 3668 769 3723 stodi?
804 3668 940 3735 Quia
983 3670 1086 3724 uidi
1127 3671 1341 3740 impium
1384 3687 1488 3727 non
1533 3674 1923 3728 custodientem
1973 3682 2028 3729 et
2069 3689 2175 3728 non

594 3761 995 3826 observantem,
1032 3762 1119 3816 hic
1145 3762 1432 3816 exaltatum
1462 3763 1513 3817 in
1547 3763 1882 3818 terrenis.Et
1907 3763 2175 3818 transiens

595 3851 662 3906 ad
675 3851 967 3907 novissima
995 3850 1133 3919 ejus,
1154 3869 1257 3907 non
1279 3854 1450 3907 inveni
1474 3869 1592 3907 eum
1612 3853 1691 3908 sic
1711 3853 2098 3908 abundantem.
2112 3853 2176 3907 Et

592 3940 720 4009 quia
759 3941 906 3996 vides
926 3940 1110 3996 ﬂorem
1139 3942 1403 3996 malorum
1434 3944 1542 3998 cito
1569 3959 1841 4009 casurum,
1875 3953 2021 3998 tuam
2050 3943 2176 3999 feli-

593 4033 810 4088 citatem
833 4033 1287 4103 appropinquare,
1317 4035 1425 4088 noli
1457 4035 1612 4089 malis
1645 4035 1882 4089 invidere
1903 4034 2043 4103 quod
2073 4033 2173 4088 ﬂo-

594 4131 754 4188 rent;
797 4123 902 4178 noli
936 4123 1056 4178 illos
1090 4123 1314 4187 imitari,
1347 4124 1439 4178 sed
1480 4125 1657 4193 potius
1685 4124 1887 4178 custodi
1931 4125 2174 4178 innocen-

594 4215 888 4278 tiam;noli
915 4215 1009 4270 tibi
1051 4215 1150 4285 ipsi
1179 4230 1396 4280 nocere,
1447 4215 1552 4269 noli
1602 4231 1940 4269 murmurare
1987 4224 2170 4268 contra

591 4305 902 4360 Dominum.
926 4305 999 4384 Et
1021 4305 1134 4359 vide
1160 4305 1362 4374 potius,
1384 4306 1434 4359 id
1465 4315 1568 4369 est,
1594 4305 1828 4377 intellige
1854 4307 2168 4375 aequitatem,

592 4395 648 4450 id
677 4402 780 4461 est,
801 4394 1070 4466 justitiam
1109 4394 1204 4450 Dei
1235 4413 1246 4449 :
1283 4412 1388 4450 non
1413 4395 1557 4450 enim
1588 4397 1704 4450 sine
1751 4397 1959 4450 ratione
2002 4395 2173 4451 malos

588 4482 783 4540 ﬂorere
807 4485 1072 4554 permittit
1098 4485 1206 4552 hic,
1246 4485 1414 4540 bonos
1440 4494 1618 4539 autem
1648 4485 1913 4539 laborare.
1964 4482 2170 4538 Indicia

2274 2031 2443 2086 rando
2469 2045 2635 2100 grana
2671 2046 2701 2084 a
2727 2031 2914 2102 paleis.
2957 2032 3026 2086 Et
3071 2031 3288 2086 salvabit
3319 2049 3403 2086 eos
3433 2032 3646 2101 perenni
3670 2032 3804 2086 salva-

2277 2121 2440 2186 tione,
2465 2123 2587 2191 quia
2610 2136 2777 2192 grana
2805 2131 2950 2188 sunt,
2977 2132 3032 2178 et
3064 2139 3169 2178 non
3194 2122 3365 2193 palea.
3393 2123 3458 2176 Et
3486 2123 3685 2185 merito,
3709 2124 3802 2191 quia

2278 2223 2614 2283 speraverunt
2647 2215 2700 2268 in
2730 2231 2810 2279 eo,
2837 2231 2938 2268 non
2969 2215 3019 2269 in
3047 2217 3262 2270 mundo.
3291 2215 3434 2285 Ergo
3460 2216 3564 2268 noli
3587 2213 3804 2275 tumulati,

2272 2303 2379 2358 noli
2403 2304 2751 2358 invidentiam
2774 2303 2974 2358 habere
2996 2305 3050 2358 in
3073 2305 3484 2376 malignantibus
3507 2322 3525 2359 :
3548 2305 3633 2360 sed
3665 2305 3802 2374 potius

2272 2412 2423 2466 spera
2441 2397 2496 2450 in
2517 2394 2740 2449 Domino
2764 2407 2810 2450 et
2836 2396 2918 2465 {ac
2942 2396 3240 2463 bonitatem,
3264 2399 3392 2467 quia
3414 2405 3462 2451 et
3492 2406 3542 2452 te
3564 2396 3800 2466 adjurabit,

2272 2495 2320 2541 et
2349 2495 2400 2542 te
2421 2485 2661 2541 salvabit.

2752 2575 3069 2633 PSALMUS
3105 2578 3367 2634 XXXVII.

2414 2685 2651 2727 PLALIUS
2693 2685 2851 2725 DAVID
2891 2686 2941 2724 IN
2980 2686 3430 2727 ΒΕΜΕΙΟΜΤΙΟΝΕ
3469 2685 3694 2726 εηιιλτι.

2351 2781 2372 2814 ι
2415 2761 2662 2827 Domine,
2688 2775 2754 2815 ne
2781 2760 2832 2813 in
2865 2760 3048 2815 furore
3071 2769 3163 2815 tuo
3185 2776 3380 2831 arguas
3427 2776 3535 2825 me,
3577 2772 3727 2830 neque
3762 2756 3801 2809 in

2281 2873 2302 2907 ι
2349 2853 2429 2908 ira
2463 2861 2552 2907 tua
2576 2851 2836 2921 corripias
2866 2865 2968 2908 me.
3002 2849 3266 2917 Quoniam
3297 2851 3512 2922 sagittae
3535 2860 3631 2904 tua:
3662 2847 3802 2902 inﬁxa:

2281 2960 2302 2994 ι
2346 2950 2471 3008 sunt
2495 2941 2647 3004 mihi,
2671 2949 2725 2994 et
2753 2939 3086 2995 confirmasti
3125 2953 3286 3008 super
3312 2954 3398 2994 me
3436 2953 3645 2993 manum
3669 2945 3801 2990 tuam.

2280 3052 2299 3085 ‹
2345 3031 2460 3088 Non
2489 3040 2574 3087 est
2601 3030 2806 3085 sanitas
2828 3029 2881 3085 in
2907 3043 3071 3085 carne
3089 3043 3207 3083 mea
3236 3043 3267 3081 a
3294 3027 3433 3083 facie
3459 3029 3553 3082 iraa:
3579 3037 3802 3089 tuae;non

2282 3141 2301 3175 ε
2343 3131 2424 3178 est
2449 3137 2554 3192 pax
2579 3121 2790 3176 ossibus
2811 3120 2949 3175 meis
2975 3135 3005 3174 a
3049 3119 3187 3174 facie
3209 3126 3557 3189 peccatorum
3585 3128 3801 3170 meorum-

2283 3231 2302 3267 ‹
2349 3213 2608 3280 Quoniam
2637 3212 2947 3282 iniquitates
2976 3226 3110 3266 mea:
3154 3224 3519 3281 supergressa:
3548 3213 3663 3264 sunt
3683 3209 3806 3271 caput

2285 3325 2303 3358 ‹
2349 3319 2549 3367 meum,
2569 3311 2624 3357 et
2640 3302 2777 3358 sicut
2799 3317 2936 3357 onus
2963 3315 3125 3370 grave
3147 3309 3380 3370 gravatae
3405 3307 3533 3353 sunt
3563 3310 3705 3366 super
3724 3307 3801 3345 me.

2284 3418 2302 3450 ι
2348 3395 2676 3451 Putruerunt
2717 3402 2771 3448 et
2808 3401 3074 3462 corruptae
3100 3401 3224 3446 sunt
3249 3391 3534 3446 cicatrices
3561 3402 3682 3444 mea:
3701 3400 3725 3438 a
3749 3381 3804 3434 fa-

2283 3508 2302 3543 t
2347 3489 2430 3545 cie
2464 3486 2782 3558 insipientia:
2833 3499 2984 3540 meae.
3017 3483 3178 3541 Miser
3192 3483 3365 3538 factus
3385 3497 3506 3536 sum
3527 3489 3580 3535 et
3602 3484 3805 3534 curvatus

2284 3599 2304 3633 ι
2346 3596 2463 3636 sum
2480 3594 2651 3649 usque
2673 3578 2725 3632 in
2753 3577 2936 3642 linem,
2963 3585 3072 3631 tota
3098 3576 3184 3630 die
3210 3573 3561 3629 contristatus
3587 3566 3804 3639 ingredie-

2283 3689 2302 3724 ς
2347 3671 2463 3725 bar.
2493 3649 2756 3737 Quoniam
2784 3667 2950 3722 lumbi
2976 3666 3079 3721 mei
3105 3664 3305 3735 impleti
3337 3669 3465 3717 sunt
3494 3657 3804 3715 illusionibus,

2283 3781 2301 3814 ι
2347 3770 2402 3816 et
2430 3777 2536 3815 non
2564 3767 2646 3815 est
2675 3759 2878 3814 sanitas
2904 3759 2956 3812 in
2989 3771 3153 3813 carne
3181 3769 3323 3810 mea.
3364 3751 3607 3806 Aﬂlictns
3633 3761 3732 3802 sum
3765 3751 3804 3794 et

2281 3871 2300 3905 ι
2337 3851 2778 3915 humiliatussum
2797 3847 3256 3918 nimis,rugiebam
3275 3859 3303 3898 a
3317 3845 3521 3915 gemitu
3538 3838 3699 3896 cordis
3709 3831 3804 3888 mei.

2282 3962 2301 3994 ‹
2347 3942 2592 4006 Domine,
2623 3949 2748 3995 ante
2771 3947 2822 3994 te
2847 3953 3008 3994 omne
3034 3935 3362 3993 desiderium
3387 3948 3588 3995 meum,
3610 3938 3658 3983 et
3678 3938 3808 3994 gentl-

2285 4050 2303 4085 ι
2353 4041 2440 4086 tus
2463 4046 2616 4086 meus
2641 4047 2671 4084 a
2697 4039 2748 4084 te
2778 4044 2883 4084 non
2904 4037 2989 4084 est
3011 4026 3375 4082 absconditus.
3393 4022 3504 4079 Cor
3525 4033 3689 4076 meum
3707 4027 3807 4069 con-

2286 4143 2304 4174 ι
2353 4123 2624 4178 turbatum
2648 4128 2750 4184 est,
2773 4117 3057 4187 dereliquit
3086 4130 3172 4172 me
3199 4115 3369 4169 virtus
3393 4129 3517 4167 mea
3544 4127 3558 4176 ;
3587 4117 3637 4163 et
3667 4107 3805 4198 lumen

2285 4234 2302 4265 ι
2347 4213 2624 4268 oculorum
2649 4209 3173 4278 meorum,etipsum
3193 4221 3299 4262 non
3323 4212 3406 4259 est
3427 4215 3650 4257 mecum.
3670 4191 3806 4248 AmiCi

2283 4323 2302 4356 ι
2351 4304 2455 4359 mei
2484 4311 2537 4357 et
2565 4301 2795 4374 proximi
2829 4300 2931 4354 mei
2957 4295 3241 4353 adversum
3281 4310 3366 4349 me
3395 4291 3808 4364 appropinquare

2283 4415 2301 4446 ι
2347 4402 2472 4448 runt
2495 4401 2551 4446 et
2579 4399 2864 4446 steterunt.
2894 4388 2961 4442 Et
2991 4388 3082 4457 qui
3106 4387 3258 4457 juxta
3283 4399 3369 4439 me
3398 4388 3576 4446 erant,
3602 4379 3662 4432 de
3688 4374 3807 4437 Ionic

2283 4507 2302 4537 ι
2346 4490 2643 4540 steterunt:
2670 4491 2722 4535 et
2747 4481 2854 4533 vim
2869 4479 3158 4542 faciebant,
3181 4475 3271 4546 qui
3288 4471 3598 4544 quaerebant
3617 4465 3807 4521 animam

589 4571 689 4630 Dei
709 4589 814 4629 non
838 4574 958 4629 ideo
987 4574 1202 4644 iniusta,
1233 4576 1358 4644 quia
1381 4575 1612 4631 occulta.
1646 4576 1782 4630 Vide
1815 4590 2030 4644 aequum
2052 4591 2172 4632 esse
2206 4609 2258 4670 υ
2283 4595 2308 4628 ι
2348 4590 2542 4630 meam.
2597 4573 2661 4626 Et
2691 4571 2782 4642 qui
2813 4569 3154 4639 inquirebant
3196 4566 3335 4622 mala
3360 4565 3518 4628 mihi,
3543 4558 3690 4670 locuti
3714 4559 3809 4609 sum

591 4665 844 4721 laborare
869 4666 922 4720 in
949 4667 1131 4732 vinea,
1162 4677 1222 4720 ut
1251 4682 1503 4722 nummus
1537 4667 1828 4736 recipiatur
1857 4668 1908 4721 in
1939 4667 2177 4737 vesperis

593 4755 807 4827 (Matth.
845 4758 922 4827 χ).
949 4757 1071 4811 Ideo
1111 4759 1317 4813 custodi
1350 4759 1734 4823 innocentiam,
1783 4759 2030 4829 quoniam
2059 4769 2178 4812 sunt

594 4845 829 4916 reliquiw
861 4847 1057 4900 homini
1087 4849 1326 4916 paciﬁca,
1372 4849 1424 4904 id
1477 4860 1580 4911 est,
1611 4850 1879 4920 patienter
1917 4850 2095 4920 agenti
2124 4859 2178 4904 ct

595 4953 703 4992 non
736 4939 1092 4992 murmuranti
1115 4948 1301 4994 contra
1326 4939 1612 5000 Dominum
1653 4942 1719 4996 de
1751 4942 2027 5012 temporali
2059 4941 2176 4995 feli-

591 5028 756 5083 citate
782 5045 794 5081 :
823 5040 940 5082 sunt
967 5028 1221 5100 reliquice,
1244 5030 1295 5083 id
1324 5037 1433 5095 est,
1463 5030 1537 5085 illi
1561 5041 1867 5086 reservatur
1889 5041 2008 5100 post
2033 5047 2176 5084 mor-

593 5127 700 5172 tem
728 5125 930 5171 teterna
962 5116 1220 5172 felicitas:
1253 5133 1284 5172 a
1313 5119 1496 5182 simili,
1538 5119 1676 5174 sicut
1712 5121 1932 5188 pauperi
1979 5121 2067 5189 qui
2109 5123 2174 5175 de

592 5221 690 5261 suo
716 5223 821 5261 non
847 5207 1028 5272 habet,
1047 5216 1394 5274 reservantur
1417 5208 1656 5278 reliquiae
1676 5210 1742 5262 de
1767 5224 1949 5264 mensa
1973 5211 2172 5265 divitis.

591 5297 762 5352 Aliter
793 5315 805 5351 :
838 5296 963 5350 Non
990 5310 1064 5352 est
1085 5298 1323 5352 inventus
1364 5299 1510 5351 locus
1539 5299 1676 5367 ejus,
1715 5297 1922 5354 scilicet
1972 5300 2173 5355 divitis.

598 5387 766 5454 Quasi
793 5387 988 5458 aliquis
1017 5389 1160 5443 dicat
1185 5406 1198 5441 :
1240 5387 1355 5443 Non
1384 5403 1514 5458 ergo
1552 5387 1680 5443 licet
1711 5388 1799 5442 hic
1849 5388 2124 5444 abundare
2152 5391 2175 5441 ?

594 5475 792 5546 lnquit,
816 5466 1066 5541 licei,sed
1089 5478 1294 5532 custodi
1317 5477 1661 5532 innocentiam
1681 5492 1699 5529 :
1731 5479 1894 5533 habes
1921 5468 2174 5534 sacellum

595 5567 829 5635 argenti,
849 5576 906 5622 et
930 5569 1167 5623 custodis
1190 5583 1257 5623 ne
1287 5568 1383 5623 tibi
1409 5569 1780 5634 subtrahatur,
1829 5578 1884 5624 et
1919 5570 2176 5626 innocen-

597 5657 685 5710 tia:
727 5657 982 5713 damnum
1004 5660 1229 5731 negligis
1250 5661 1272 5714 ?
1294 5660 1359 5714 Et
1383 5661 1494 5715 vide
1516 5661 1832 5730 a'quitatem,
1857 5660 1907 5715 id
1931 5671 2015 5715 est
2037 5661 2177 5715 dire-

595 5748 827 5803 ctionem
852 5765 865 5801 :
899 5767 1004 5806 non
1033 5754 1232 5824 dirigas
1258 5755 1441 5809 oculos
1457 5755 1524 5808 ad
1553 5754 1836 5825 praesentia
1864 5763 1946 5808 :et
1974 5755 2176 5810 videbis

597 5839 848 5910 quoniam
879 5853 995 5895 sunt
1036 5845 1266 5913 reliquia'
1293 5847 1489 5901 homini
1519 5848 1755 5916 paci/ica,
1806 5847 2012 5902 scilicet
2058 5858 2179 5917 post

2286 4686 2304 4719 ι
2348 4667 2632 4728 vanitates,
2661 4671 2714 4716 et
2735 4661 2887 4716 dolos
2918 4669 3026 4735 tota
3057 4661 3143 4715 die
3175 4657 3591 4712 meditabantur.
3619 4652 3714 4720 Ego
3736 4660 3810 4697 ειυο

2285 4779 2304 4811 ι
2351 4769 2454 4814 tem
2485 4768 2738 4826 tanquam
2761 4754 2952 4819 surdus
2976 4767 3083 4807 non
3110 4751 3412 4814 audiebam,
3430 4756 3485 4802 et
3515 4748 3646 4802 sicut
3668 4746 3807 4795 mutus

2285 4869 2303 4901 ι
2350 4865 2454 4904 non
2478 4848 2726 4918 aperiens
2752 4861 2814 4900 os
2835 4859 3010 4898 suum.
3051 4843 3117 4896 Et
3146 4841 3322 4896 factus
3361 4854 3482 4893 sum
3530 4838 3659 4892 sicut
3681 4833 3807 4885 homo

2285 4959 2302 4990 ι
2353 4955 2457 4992 non
2489 4938 2733 5001 audiens,
2765 4945 2818 4990 et
2838 4951 2942 4990 non
2971 4935 3176 4989 habens
3200 4932 3254 4987 in
3275 4946 3370 4987 ore
3401 4946 3498 4986 suo
3526 4919 3808 4992 redargulio-

2287 5049 2303 5080 ι
2351 5044 2465 5084 nes.
2496 5027 2757 5094 Quoniam
2791 5027 2842 5080 in
2875 5035 2946 5091 te,
2967 5025 3214 5090 Domine,
3259 5023 3494 5092 speravi,
3527 5029 3581 5073 tu
3600 5009 3808 5072 exaudits

2285 5137 2304 5170 ι
2352 5134 2456 5182 me,
2505 5117 2728 5171 Domine
2772 5117 2914 5171 Deus
2967 5129 3138 5169 meus.
3171 5113 3306 5179 Quia
3358 5112 3508 5166 dixi:
3563 5097 3807 5175 Nequando

2285 5231 2301 5262 ι
2339 5208 2770 5278 supergaudeant
2796 5206 2928 5260 mihi
2967 5205 3166 5260 inimici
3207 5204 3345 5258 mei:
3375 5211 3426 5258 et
3460 5202 3583 5255 dum
3613 5201 3806 5251 commo-

2284 5322 2302 5352 ι
2349 5310 2541 5355 ventur
2579 5299 2742 5369 pedes
2786 5297 2909 5359 mei,
2939 5311 3101 5366 super
3141 5311 3226 5350 me
3267 5308 3457 5364 magna
3493 5288 3645 5344 locuti
3691 5285 3803 5334 sunt.

2286 5411 2304 5444 ‹
2352 5391 2616 5458 Quoniam
2673 5404 2772 5459 ego
2801 5389 2854 5442 in
2898 5386 3102 5458 ﬂagella
3153 5393 3373 5457 paratus
3418 5397 3555 5444 sum,
3603 5386 3655 5432 et
3686 5369 3807 5426 dolor

2287 5503 2306 5533 ‹
2354 5497 2506 5536 mens
2530 5481 2582 5534 in
2607 5490 2894 5549 conspectu
2921 5495 3040 5534 meo
3061 5493 3293 5547 semper.
3320 5475 3583 5542 Quoniam
3600 5463 3808 5534 iniquita-

2289 5592 2306 5624 ι
2356 5583 2463 5627 tem
2499 5587 2673 5625 meam
2724 5571 3074 5634 annuntiabo,
3111 5578 3165 5622 ct
3204 5567 3451 5638 cogitabo
3496 5577 3592 5634 pro
3627 5558 3806 5629 pthalo

2288 5686 2304 5716 ι
2352 5680 2490 5718 meo.
2523 5663 2726 5717 Inimici
2753 5670 2932 5716 autem
2969 5661 3072 5714 mei
3104 5659 3291 5712 vivunt
3325 5667 3378 5712 et
3398 5646 3684 5709 conﬁrmati
3712 5645 3808 5695 sunt

2287 5775 2304 5805 ι
2348 5771 2509 5825 super
2559 5769 2667 5818 me,
2703 5763 2757 5806 et
2790 5752 3131 5821 multiplicati
3180 5759 3305 5804 sunt
3343 5746 3431 5816 qui
3491 5743 3716 5825 oderunt
3742 5741 3806 5780 ωε

2290 5867 2305 5898 ι
2349 5824 2549 5916 inique.
2573 5844 2673 5913 Qui
2695 5845 2993 5899 retribuunt
3021 5843 3156 5898 mala
3185 5858 3282 5912 pro
3314 5824 3808 5896 bonis.tletrahebanl
