3930 5592
120 409 234 466 εει

1279 407 1808 491 ΕΝΑΒΒΛΤΙΟξΕὸ
1845 409 1911 464 1N
1947 411 2280 469 PSALMOS.

3285 410 3404 463 342'

129 550 150 581 ι
197 524 1334 597 mihi,quoniamscquebarbonitatem.Ne
1369 527 1714 596 derelinquas
1741 533 1791 592 Α
1815 540 2076 598 quantum
2104 531 2169 585 ad
2201 531 2343 586 illam
2377 542 2646 585 naturam.
2678 529 2799 584 Non
2828 538 2901 583 est
2930 529 3128 582 sanitas
3157 527 3208 580 in
3236 544 3392 582 carne
3419 509 3422 514 l

127 638 150 671 ‹
186 631 305 683 me,
326 615 555 670 Domine
572 615 713 670 Deus
738 629 910 680 meus,
936 630 1002 668 ne
1018 614 1329 669 discesseris
1344 629 1371 668 a
1389 615 1717 670 me.lntende

126 727 145 760 α
200 707 261 762 in
285 703 616 776 adjutorium
644 721 845 772 meum,
878 705 1102 760 Domine
1130 705 1271 761 Deus
1289 706 1477 762 salutis
1501 721 1652 761 mezc.
1690 725 1712 759 ι

714 795 1158 852 ENARRATIO.

199 892 264 946 Si
297 892 580 948 volvamus
626 905 837 945 omnem
891 888 1211 956 scripturam
1260 903 1378 958 quae
1430 889 1495 944 de
1546 888 1716 943 David

123 984 440 1048 invenitur,
487 996 752 1052 nusquam
805 981 1142 1036 inveniemus
1188 981 1356 1036 David
1404 981 1718 1036 recordasse

122 1075 384 1129 Sabbati.
418 1073 766 1138 Recordatio,
802 1072 1197 1143 praeteritorum
1226 1082 1331 1128 est.
1365 1072 1499 1128 Cum
1532 1081 1714 1127 autem

124 1166 441 1222 Satibatum
467 1181 566 1236 per
591 1165 828 1236 singulas
855 1165 1220 1220 hebdomadas
1262 1164 1466 1228 redeat,
1501 1180 1605 1220 non
1638 1165 1716 1218 in-

124 1257 358 1312 venitur
386 1256 514 1311 illud
562 1257 899 1320 recordasse,
931 1257 1023 1311 sed
1052 1255 1390 1312 observasse.
1426 1256 1532 1312 Sed
1566 1257 1720 1311 indu-

124 1346 275 1400 citur
328 1347 416 1401 hic
460 1345 676 1416 quidam
727 1347 1019 1400 recordans
1062 1345 1206 1400 illius
1250 1346 1493 1415 requiei,
1545 1361 1706 1416 quam

124 1437 328 1491 habuit
365 1437 657 1492 humanum
690 1453 857 1507 genus
890 1437 942 1491 in
990 1437 1165 1506 primo
1211 1447 1468 1508 parente,
1515 1438 1720 1493 scilicet

125 1527 274 1595 quod
327 1527 631 1581 immortale
663 1526 762 1581 fuit
811 1537 1051 1581 creatum
1081 1535 1134 1581 et
1164 1527 1492 1596 impassibile
1535 1527 1717 1581 condi-

127 1616 302 1682 tione,
347 1625 526 1671 tamen
556 1625 611 1670 et
651 1615 973 1686 quandoque
1015 1615 1251 1669 futurum
1304 1615 1615 1670 immortale
1665 1623 1717 1668 et

127 1707 471 1777 impossibile
513 1708 626 1762 sine
669 1707 1008 1772 conditione,
1072 1707 1279 1761 scilicet
1327 1715 1384 1759 ut
1430 1721 1528 1760 nec
1580 1706 1718 1760 mori

123 1807 336 1866 posset,
372 1814 470 1854 nec
517 1799 646 1868 pati.
681 1799 976 1853 Sabbatum
1010 1798 1153 1852 enim
1205 1799 1600 1867 interpretatur
1633 1813 1717 1850 re-

1820 637 1932 674 mea
1952 662 1966 686 ,
1992 621 2043 676 id
2072 631 2154 677 est
2176 663 2191 687 ,
2237 623 2290 676 in
2321 621 2666 677 inferioribus
2699 619 2958 674 membris
2979 661 2991 684 ,
3034 619 3158 688 quia
3188 627 3242 672 et
3269 619 3381 687 ipsa
3417 642 3428 652 ε

1818 722 2018 768 terram
2069 724 2212 770 tuam
2255 716 2612 785 experiuntur
2644 714 2698 768 in
2744 713 2938 766 Adam.
2992 710 3112 766 Non
3163 720 3238 766 est
3288 729 3422 781 pax'

1819 805 2020 859 ossibus
2046 807 2195 870 meis,
2223 806 2276 862 id
2300 816 2401 870 est,
2435 803 2764 859 ﬁrmioribus
2791 802 2945 867 meis,
2972 801 3096 871 quia
3129 816 3233 854 non
3262 809 3391 854 sunt

1819 893 1930 963 ipsa
1960 909 1988 947 a
2016 904 2237 964 peccato
2271 895 2550 950 immunia.
2585 893 2681 948 Vel
2711 893 2764 947 in
2793 908 2927 947 voce
2952 890 3239 945 Ecclesizn:
3271 888 3390 942 ideo

1819 985 1923 1038 noli
1955 986 2006 1039 in
2037 984 2215 1040 futuro
2248 985 2427 1040 furore
2482 983 2728 1054 judicare
2755 991 2810 1037 et
2840 982 2892 1036 in
2919 981 3096 1035 futura
3134 981 3234 1044 ira,
3263 994 3393 1048 quo-
3420 973 3428 978 ’

1818 1073 1962 1127 niam
2007 1075 2212 1144 sagittae
2259 1083 2362 1127 tua:
2415 1073 2590 1127 infixa:
2637 1071 2936 1127 suntrmihi
2977 1069 3251 1125 :suiliciat
3297 1069 3423 1123 tibi~

1819 1165 1931 1219 lure
1956 1165 2261 1235 temporalis
2282 1165 2538 1230 vindicta,
2572 1174 2624 1220 et
2651 1181 2806 1236 poena
2829 1181 2988 1235 quam
3014 1165 3171 1219 modo
3191 1163 3388 1233 patior.

1817 1251 1933 1307 Jam
1965 1253 2108 1308 enim
2151 1254 2424 1320 vindicas,
2474 1244 2677 1325 sagitttv
2721 1265 2825 1309 tua:
2864 1254 3041 1321 inﬁxa:
3070 1261 3188 1306 sunt
3236 1252 3392 1314 mihi,

1819 1345 1993 1414 patior
2039 1344 2090 1398 in
2122 1345 2278 1414 primi
2321 1346 2567 1415 parentis
2596 1344 2750 1414 culpa
2784 1362 2797 1398 :
2829 1342 2969 1413 quod
3006 1343 3150 1398 enim
3181 1342 3257 1396 illi
3292 1341 3395 1394 fuit

1818 1451 1998 1507 poena,
2038 1435 2192 1491 nobis
2235 1436 2437 1492 factum
2477 1445 2559 1491 est
2610 1445 2822 1490 natura.
2859 1434 3010 1490 Unde
3056 1434 3388 1504 Apostolus:

1821 1524 2045 1580 Fuimus
2071 1535 2116 1579 et
2147 1545 2240 1581 nos
2270 1526 2554 1597 aliquando
2584 1537 2773 1579 natura
2803 1525 2901 1594 ﬁlii
2940 1527 3034 1578 ira:
3083 1524 3250 1595 (Eph.
3282 1541 3318 1578 ll
3338 1525 3356 1595 )
3378 1565 3392 1588 ,

1822 1617 1872 1671 id
1900 1625 2003 1680 est,
2033 1624 2316 1686 portantes
2341 1615 2656 1669 vindictam.
2707 1615 2799 1669 lla:
2826 1624 2950 1669 sunt
2980 1613 3211 1683 sagittas,
3246 1628 3392 1666 mor-

1823 1707 2022 1771 talitas,
2054 1705 2247 1771 fames,
2275 1706 2413 1769 sitis,
2462 1719 2700 1768 somnus,
2752 1713 2805 1759 et
2837 1712 3029 1758 caetera
3062 1701 3390 1772 hujusmodi.

1823 1801 2060 1872 Sagittas
2090 1811 2264 1870 vocat,
2307 1801 2518 1856 dolores
2546 1800 2707 1853 animi
2740 1809 2794 1854 et
2820 1799 3060 1869 corporis
3086 1813 3220 1868 quos
3256 1798 3393 1867 pati-

122 1889 276 1958 quies
305 1905 325 1942 :
363 1889 474 1954 hic,
505 1890 742 1958 inquam,
774 1888 1122 1943 considerans
1154 1887 1296 1940 illam
1331 1888 1569 1955 requiem
1596 1902 1717 1956 per-
1752 1877 1795 1935 Β
1825 1909 1944 1947 mur
1975 1910 1988 1944 :
2023 1892 2106 1947 vel
2138 1893 2360 1962 sagittas
2406 1890 2537 1945 dicit
2564 1889 2725 1943 verba
2770 1889 2883 1954 Dei,
2913 1904 3030 1958 qua:
3063 1889 3225 1943 infixa
3271 1897 3398 1941 sunt

124 1978 304 2032 ditam
333 1977 489 2048 culpa
518 1979 674 2048 primi
707 1979 967 2050 parentis,
1002 1987 1052 2032 et
1084 1979 1437 2033 considerans
1467 1975 1711 2031 futurum

125 2069 460 2136 Sabbatum,
490 2085 608 2124 cum
640 2069 724 2125 vel
758 2069 969 2139 requies
994 2069 1077 2123 vel
1109 2083 1268 2137 pmna
1294 2077 1494 2122 arterna
1531 2077 1718 2121 manet

124 2173 442 2229 quemque,
494 2176 614 2214 cum
648 2160 737 2214 hic
780 2160 850 2214 sit
901 2161 954 2212 in
986 2159 1159 2222 malis,
1201 2173 1266 2213 ne
1293 2159 1561 2212 deteriora
1590 2173 1712 2212 cve-

126 2249 314 2314 niant,
344 2257 464 2303 orat
492 2258 548 2304 et
578 2249 708 2303 dicit
736 2266 748 2300 :

205 2337 452 2402 Domine,
482 2355 543 2392 ne
571 2339 622 2390 in
649 2338 827 2408 furore
857 2347 946 2391 tuo
970 2354 1162 2407 arguas
1190 2353 1290 2392 me.
1340 2337 1604 2392 Futurum
1638 2344 1720 2391 est

128 2431 306 2495 enim,
356 2432 494 2484 utin
544 2429 946 2499 futurojudicio
975 2431 1188 2501 quidam
1222 2432 1274 2485 in
1319 2432 1398 2486 ira
1431 2431 1720 2486 emenden-

130 2532 247 2588 tur,
278 2523 501 2592 quidam
531 2523 582 2576 in
615 2522 795 2576 furore
824 2531 1120 2592 arguantur
1150 2539 1162 2575 :
1194 2521 1267 2575 illi
1297 2523 1385 2593 qui
1423 2522 1476 2575 in
1506 2522 1607 2584 ira,
1641 2521 1721 2576 sic
1747 2579 1751 2583 ,

130 2621 322 2667 tamen
349 2612 500 2682 quasi
531 2628 625 2682 per
654 2613 851 2683 ignem.
880 2611 985 2667 Sed
1014 2612 1102 2666 illa
1126 2626 1284 2682 poena
1312 2613 1446 2668 adeo
1468 2613 1570 2667 erit
1599 2628 1722 2684 gra—

131 2702 250 2765 vis,
301 2711 362 2755 ut
407 2701 452 2755 si
499 2702 679 2755 Omnia
726 2710 992 2756 tormenta
1037 2716 1156 2771 qua:
1201 2702 1292 2756 hic
1344 2702 1452 2757 reis
1504 2701 1721 2756 inventa

133 2800 299 2853 sunt,
356 2790 515 2846 simul
561 2790 945 2855 conferantur,
992 2791 1209 2861 gravior
1255 2791 1359 2845 erit
1387 2791 1525 2861 ignis
1558 2791 1646 2845 ille
1671 2798 1726 2846 et

135 2883 557 2937 intolerabilior.
592 2882 691 2948 Qui
745 2891 927 2937 autem
963 2884 1016 2937 in
1060 2881 1281 2948 furore,
1332 2884 1621 2954 mittentur
1668 2884 1722 2938 in

135 2974 322 3044 ignem
370 2983 676 3029 :eternum:
711 2974 832 3028 ideo
875 2982 1164 3042 utrumque
1204 2975 1548 3044 deprecatur,
1593 2986 1723 3029 tan-

136 3080 305 3133 quam
337 3065 520 3120 dicens
564 3065 714 3120 Deo:
750 3064 1014 3130 Quoniam
1066 3065 1165 3119 ista
1219 3081 1413 3136 magna
1460 3077 1514 3121 et
1553 3067 1723 3121 multa

141 3165 274 3208 sunt
300 3171 421 3224 quae.
448 3157 647 3226 patior,
681 3172 864 3226 qumso
896 3165 956 3210 ut
985 3155 1071 3210 illa
1105 3157 1198 3211 tibi
1227 3157 1494 3212 sutliciant
1519 3157 1587 3213 ad
1612 3158 1725 3212 vil-

1823 1985 1874 2037 in
1939 1983 2192 2039 cordibus
2252 1980 2486 2045 nostris,
2554 1981 2750 2049 quibus
2808 1979 2870 2032 fit
2923 1988 2981 2030 ut
3047 1977 3396 2032 recordemur

1825 2074 2118 2128 Sabbatum
2169 2091 2180 2125 :
2232 2081 2286 2127 et
2341 2072 2454 2140 ipsa
2501 2069 2805 2124 recordatio
2855 2069 3106 2132 Sabbati,
3169 2077 3222 2122 et
3267 2083 3398 2121 non-

1823 2164 1948 2218 dum
1990 2162 2255 2232 receptio,
2287 2161 2413 2216 facit
2455 2175 2552 2215 nos
2576 2160 2814 2214 nondum
2847 2159 3079 2230 gaudere
3129 2168 3182 2212 et
3230 2173 3392 2227 agno-

1823 2269 1973 2310 scere
2014 2270 2117 2308 non
2158 2267 2279 2308 esse
2315 2253 2600 2307 sanitatem
2641 2252 2691 2304 in
2735 2251 2844 2320 ipsa
2885 2267 3066 2304 carne.
3109 2250 3269 2316 Quasi
3309 2250 3393 2301 di-

1824 2355 1909 2402 cat
1943 2364 1954 2399 :
1983 2354 2034 2399 et
2069 2346 2182 2399 haec
2213 2354 2299 2399 tua
2345 2343 2738 2398 animadversio
2780 2357 2886 2412 qua
2923 2343 3080 2396 modo
3125 2339 3388 2402 vindicas,

1824 2451 2017 2507 magna
2044 2445 2150 2500 est,
2189 2435 2314 2505 quia
2342 2433 2663 2503 conﬁrmasti
2693 2448 2849 2501 super
2889 2448 2968 2485 me
2991 2447 3199 2484 manum
3230 2439 3396 2493 luant,

1825 2527 1876 2581 id
1902 2533 2008 2592 est,
2041 2525 2210 2581 fecisti
2243 2539 2413 2578 meam
2460 2537 2674 2592 poenam
2712 2520 3021 2577 continuam
3065 2537 3076 2573 :
3120 2519 3186 2574 ad
3211 2517 3400 2573 simili-

1827 2617 2067 2672 tudinem
2111 2615 2373 2686 magistri,
2406 2614 2558 2684 cujus
2590 2627 2782 2667 manus
2818 2625 2922 2665 non
2957 2609 3158 2665 recedit
3184 2624 3212 2661 a
3235 2609 3394 2663 dorso

1824 2707 1998 2778 pueri.
2033 2705 2158 2761 ﬂare
2187 2714 2270 2760 est
2292 2704 2380 2758 illa
2403 2718 2612 2767 manus,
2639 2703 2753 2757 haec
2772 2710 2856 2756 est
2877 2700 2963 2754 illa
2995 2699 3230 2753 miseria.
3274 2695 3398 2751 Non

1827 2807 1902 2852 est
1956 2797 2154 2852 sanitas
2191 2797 2244 2850 in
2278 2812 2434 2849 carne
2475 2811 2591 2848 mea
2624 2810 2656 2846 a
2683 2793 2816 2862 facie
2856 2792 2952 2844 ine
2989 2801 3113 2852 tum,
3145 2790 3198 2843 id
3236 2795 3339 2850 est,
3367 2801 3397 2839 a

1826 2887 2113 2960 prmsentia
2150 2889 2242 2941 irze
2280 2895 2400 2940 tuae.
2439 2885 2519 2939 Ex
2554 2899 2660 2953 quo
2698 2880 2981 2936 vindicasti
3006 2881 3058 2933 in
3101 2881 3275 2950 primo
3304 2894 3398 2948 pa-

1829 2988 2007 3045 rente,
2035 2979 2170 3033 adeo
2198 2977 2451 3032 continua
2474 2982 2558 3029 est
2581 2972 2798 3027 miseria
2830 2970 3051 3025 lnnnani
3077 2969 3311 3038 generis,
3339 2975 3398 3020 nt

1830 3070 2043 3126 assidue
2070 3069 2226 3124 nobis
2250 3074 2595 3138 repraesentet
2623 3065 2758 3119 iram
2779 3071 2946 3116 tuam.
2969 3060 3254 3115 Portamus
3280 3074 3402 3113 cor-

1830 3180 1931 3235 pus
1975 3163 2218 3223 mortale,
2250 3161 2465 3231 plenum
2514 3157 2916 3220 tentationibus,
2947 3155 3163 3225 plenum
3201 3150 3402 3206 sollicié-

140 3245 345 3298 dictam
374 3245 543 3313 culpa:
565 3261 726 3313 quam
755 3244 1025 3314 promerui
1057 3262 1070 3300 :
1101 3255 1154 3299 et
1180 3247 1366 3315 incipit
1389 3247 1474 3300 illa
1502 3261 1721 3301 enume-

1829 3257 2121 3321 tudinibus,
2145 3255 2436 3310 obnoxium
2466 3252 2738 3308 doloribus
2773 3248 3164 3319 corporalibus,
3204 3258 3400 3298 nexum

143 3345 302 3395 rare,
349 3329 696 3394 satisfaciens
717 3331 825 3384 Deo
844 3369 858 3393 ,
885 3339 960 3386 eet
984 3328 1212 3393 offerens
1241 3330 1329 3384 illa
1356 3346 1473 3399 qua:
1502 3332 1721 3400 patitur,

138 3435 213 3477 ne
241 3421 510 3476 deteriora
542 3422 796 3491 patiatur,
831 3423 1120 3477 ostendens
1152 3437 1208 3476 se
1238 3423 1327 3477 hic
1359 3423 1588 3478 libenter
1612 3425 1721 3492 pati

137 3517 350 3582 omnia,
381 3526 439 3570 ut
468 3519 682 3573 tandem
713 3517 801 3571 illa
835 3519 1048 3572 evadat.
1080 3515 1123 3571 Ο
1156 3515 1399 3581 Domine,
1432 3534 1552 3582 ure,
1578 3533 1722 3584 seca,

139 3608 357 3676 corripe
387 3608 495 3672 hic,
551 3623 738 3679 argue,
772 3608 898 3662 dum
947 3607 1166 3661 tandem
1200 3623 1262 3660 ne
1309 3609 1361 3661 in
1408 3607 1588 3677 furore
1636 3617 1726 3661 tuo

139 3713 339 3765 arguas
366 3687 465 3761 me,
514 3697 564 3752 id
596 3705 702 3763 est,
730 3698 1050 3768 gravissima
1087 3705 1142 3750 et
1172 3707 1371 3752 aeterna
1402 3713 1582 3768 poma.
1622 3696 1728 3751 Ne-

139 3803 239 3855 que
267 3798 394 3841 tunc
441 3787 495 3840 in
530 3788 609 3841 ira
641 3797 732 3840 tua
781 3789 1033 3858 corripias
1076 3802 1195 3841 me:
1225 3789 1346 3857 quia
1397 3790 1486 3858 qui
1520 3798 1644 3844 tunc
1673 3789 1725 3842 in

141 3878 223 3930 ira
253 3878 652 3948 corripientur,
686 3878 1040 3934 salvabuntur
1063 3879 1311 3948 quidem,
1364 3881 1455 3934 sed
1482 3896 1576 3949 per
1606 3895 1727 3950 gra-

140 3971 420 4027 vissimam
453 3987 690 4042 pcenam.
737 3971 810 4025 lli
847 3982 969 4027 sunt
1009 3973 1098 4043 qui
1131 3989 1285 4041 super
1331 3973 1728 4042 fundamentum

143 4061 537 4130 a’diﬁcaverunt
581 4063 796 4133 lignum,
831 4061 1031 4131 fenum,
1075 4061 1321 4133 stipulam
1364 4061 1412 4134 (I
1445 4061 1566 4115 Cor.
1604 4063 1726 4131 1n):

144 4165 254 4206 non
291 4153 434 4219 quod
486 4151 636 4206 furor
683 4161 774 4206 aut
805 4153 882 4206 ira
928 4153 980 4206 in
1013 4153 1181 4207 Deum
1221 4153 1411 4217 cadat,
1469 4154 1559 4206 sed
1589 4153 1729 4221 quod

145 4243 482 4313 patientibus
518 4243 588 4296 ita
621 4244 911 4298 videbitur.
949 4243 1004 4297 Si
1030 4251 1213 4298 autem
1264 4244 1315 4296 in
1346 4258 1476 4298 voce
1501 4243 1728 4311 capitis,

146 4336 227 4390 sic
254 4335 498 4390 dicemus
528 4353 541 4388 :
579 4335 802 4390 Domine
841 4336 982 4389 Deus
1009 4335 1272 4400 Trinitas,
1319 4351 1490 4410 usque
1520 4335 1586 4390 ad
1614 4335 1729 4405 ple-

149 4425 447 4479 nitudinem
495 4423 755 4492 temporis
803 4439 974 4492 genus
1025 4425 1316 4478 humanum
1366 4439 1464 4493 pro
1495 4425 1730 4479 maxima

147 4522 300 4584 parte
349 4514 404 4567 in
455 4512 637 4567 furore
681 4514 937 4583 arguisti,
989 4515 1042 4567 in
1092 4515 1167 4566 ira
1217 4514 1528 4584 corripuisti
1560 4531 1573 4566 :
1605 4514 1728 4583 quia

1827 3348 2174 3419 indigentiis,
2225 3343 2482 3399 mutabile
2513 3384 2528 3408 ,
2578 3341 2885 3412 languidum
2947 3349 3001 3394 et
3050 3353 3170 3393 cum
3211 3349 3400 3390 sanum

1827 3451 1929 3504 est,
1958 3439 2082 3508 quia
2126 3437 2312 3505 utique
2358 3433 2592 3488 nondum
2649 3431 2806 3501 plene
2847 3444 3057 3485 sanum.
3086 3427 3219 3481 Nam
3261 3425 3400 3478 unde

1827 3531 2061 3593 dicebat,
2091 3544 2192 3581 non
2221 3535 2293 3580 est
2323 3526 2523 3578 sanitas
2566 3522 2620 3576 in
2657 3537 2812 3575 carne
2855 3536 2990 3583 mea,
3016 3517 3116 3571 nisi
3142 3515 3267 3585 quia
3303 3513 3401 3566 ista

1827 3634 1946 3689 quae
1971 3616 2129 3686 hujus
2159 3617 2282 3670 vita:
2324 3613 2524 3668 dicitur
2551 3611 2777 3675 sanitas,
2818 3611 2955 3664 bene
2986 3602 3405 3676 intelligentibus

1828 3721 1882 3767 et
1911 3710 2207 3766 Sabbatum
2237 3707 2670 3770 recordantibus,
2713 3719 2817 3758 non
2841 3713 2923 3758 est
2945 3702 3130 3770 utique
3151 3699 3353 3753 sanitas
3370 3696 3397 3747 ?

1830 3802 1884 3856 Si
1919 3817 2023 3854 non
2073 3797 2504 3861 manducaveris,
2553 3795 2817 3864 inquietat
2856 3792 3047 3856 fames,
3086 3798 3141 3845 et
3169 3787 3270 3841 alia
3303 3787 3406 3840 hu-

1825 3891 2058 3962 iusmodi
2104 3889 2294 3953 multa,
2345 3889 2445 3942 iste
2485 3883 2745 3940 naturalis
2790 3882 3006 3953 quidam
3053 3877 3274 3933 morbus
3301 3883 3405 3937 est,

1828 3983 1920 4053 qui
1954 3981 2007 4034 in
2054 3979 2223 4034 Adam
2279 3977 2377 4030 fuit
2427 3977 2598 4031 solum
2648 3989 2827 4043 paena.
2872 3971 2939 4025 Et
2987 3985 3094 4024 non
3145 3963 3404 4022 solum.in

1831 4088 1992 4128 carne
2037 4087 2152 4127 sum
2205 4070 2470 4132 infirmus,
2503 4069 2594 4122 sed
2636 4067 2798 4121 etiam
2848 4081 2948 4118 non
2979 4072 3053 4117 est
3079 4078 3183 4132 pax
3207 4057 3405 4112 ossibus

1829 4166 1979 4228 meis,
2031 4163 2081 4217 id
2108 4171 2208 4226 est,
2240 4161 2447 4215 viribus
2483 4160 2678 4214 animm
2707 4173 2840 4213 mea:
2886 4171 3005 4226 qua
3032 4162 3156 4209 sunt
3185 4165 3327 4212 ossa,
3351 4148 3403 4201 id

1832 4262 1937 4318 est,
1979 4252 2145 4307 robur
2170 4250 2405 4306 hominis
2445 4267 2457 4302 :
2491 4264 2556 4304 ex
2600 4261 2762 4302 carne
2805 4245 2946 4299 enim
2982 4243 3286 4296 infirmatur
3316 4238 3413 4291 ho-

1831 4359 1943 4408 mo,
1972 4342 2065 4398 sed
2094 4341 2300 4396 ratione
2327 4339 2492 4394 animi
2532 4336 2904 4392 confirmatur.
2949 4333 3016 4386 Et
3045 4331 3170 4400 quia
3194 4329 3349 4390 dixit,
3374 4343 3405 4377 α

1834 4432 1966 4501 facie
1988 4431 2081 4483 ira:
2107 4440 2231 4494 tute,
2257 4443 2326 4482 ne
2357 4427 2631 4481 videretur
2653 4424 2741 4478 illa
2767 4436 2926 4492 pmna
2957 4434 3076 4474 esse
3101 4435 3165 4471 cx
3200 4415 3411 4486 injusti-

1836 4521 1906 4575 tia
1927 4519 2148 4589 judicis,
2177 4517 2307 4571 dicit
2331 4533 2344 4568 :
2369 4533 2400 4568 a
2423 4515 2555 4584 facie
2591 4520 2919 4582 peccatorum
2940 4523 3196 4569 meorum,
3224 4505 3276 4558 id
3303 4511 3406 4565 est,

148 4605 436 4660 mulctatos
459 4607 631 4675 prima
686 4615 858 4660 morte
879 4647 893 4670 ,
957 4614 1132 4660 morte
1181 4607 1451 4662 interioris
1495 4605 1732 4660 hominis
1758 4578 1808 4636 Β
1836 4623 1865 4662 a
1890 4609 2209 4678 prsesentia;
2248 4620 2370 4660 cum
2403 4605 2545 4659 enim
2569 4602 2784 4656 assidue
2818 4613 2983 4654 cerno
3011 4612 3247 4668 poenam,
3277 4593 3410 4647 assi-

147 4708 337 4747 omnes
382 4693 712 4757 idololatras,
749 4695 800 4748 in
848 4703 1078 4749 mortem
1123 4695 1364 4763 corporis
1397 4693 1726 4763 conjecisti:

154 4783 372 4837 tandem
406 4784 450 4838 si
499 4785 691 4853 incipit
713 4785 975 4854 judicium
1024 4801 1053 4839 a
1082 4785 1241 4839 domo
1273 4794 1360 4838 tua
1383 4826 1397 4850 ,
1446 4794 1731 4841 revocatos

154 4889 342 4930 amore
390 4877 794 4932 resurrectione
823 4877 994 4946 prima
1024 4892 1122 4945 per
1158 4893 1272 4941 me,
1325 4891 1392 4930 ne
1432 4877 1482 4930 in
1529 4875 1608 4930 ira
1639 4885 1728 4930 tua

153 4979 340 5034 argue,
374 4979 442 5017 ne
489 4965 540 5018 in
591 4964 772 5018 furore
827 4974 919 5019 tuo
970 4966 1201 5034 corripe.
1257 4965 1369 5020 Etsi
1418 4966 1604 5019 visitas
1635 4965 1732 5020 ini-

154 5054 388 5122 quitates
420 5053 471 5106 in
504 5055 685 5124 virga,
724 5053 822 5107 etsi
868 5053 1063 5107 misces
1107 5055 1564 5110 :nnaritudinibus
1608 5054 1728 5108 uni-

153 5159 334 5207 versa,
365 5158 433 5197 ne
460 5144 511 5196 in
542 5143 744 5208 furore,
773 5159 840 5197 ne
872 5144 923 5196 in
954 5142 1033 5196 ira
1065 5153 1153 5198 tua
1188 5147 1286 5200 ista
1316 5146 1603 5199 eveniant:
1629 5146 1729 5199 etsi

156 5241 384 5288 mortem
411 5221 639 5288 subeunt
669 5233 1030 5300 corporalem,
1063 5242 1238 5289 tamen
1267 5249 1402 5302 quos
1434 5235 1733 5290 miscricor-

157 5323 239 5376 dia
290 5329 378 5375 tua
427 5337 520 5391 per
551 5339 635 5377 me
683 5321 967 5376 restitniSti
1017 5325 1412 5378 resurrectione
1457 5325 1629 5394 prima
1678 5325 1732 5378 in

158 5413 370 5454 'Wn‘M
402 5413 661 5460 ‘“"‘"m'i-
690 5429 787 5468 sne
817 5411 955 5464 felici
987 5415 1350 5469 restituendos
1377 5431 1434 5470 se
1464 5431 1584 5470 esse
1607 5431 1735 5487 gau-

1140 5505 1376 5542 vlnrinrn
1475 5515 1530 5557 el
1578 5503 1732 5574 quasi

1834 4699 1938 4751 due
1966 4697 2128 4751 etiam
2158 4695 2474 4749 reminiscor
2494 4692 2682 4761 culpae.
2710 4691 2846 4744 Ante
2868 4689 3052 4743 oculos
3068 4686 3239 4750 habeo
3269 4686 3406 4737 iram

1837 4798 2005 4850 tuam,
2035 4793 2159 4839 ante
2196 4784 2380 4839 oculos
2425 4784 2598 4836 habeo
2641 4789 2863 4851 peccata
2893 4795 3009 4833 mea
3042 4777 3325 4848 originalia
3359 4783 3413 4827 et

1835 4875 2086 4932 actualia.
2114 4874 2238 4929 Ideo
2267 4891 2369 4927 non
2398 4883 2471 4927 est
2502 4889 2607 4942 pax
2634 4872 2836 4926 ossibus
2869 4871 3019 4933 meis,
3053 4869 3104 4922 id
3133 4876 3240 4931 est,
3266 4865 3410 4919 nulla

1835 4967 2052 5038 requies
2078 4967 2270 5020 anima:
2293 4979 2442 5018 meae.
2474 4963 2735 5029 Quoniam
2766 4961 3064 5031 iniquitates
3092 4975 3218 5012 mete
3237 4971 3412 5023 super-

1839 5072 2028 5129 gresstc
2048 5065 2167 5109 sunt
2208 5061 2359 5122 caput
2381 5068 2572 5115 meum,
2606 5051 2656 5104 id
2687 5056 2791 5112 est,
2833 5057 3049 5117 peccata
3079 5060 3195 5100 mea
3225 5044 3276 5095 in
3304 5042 3414 5110 pri-

1843 5164 1930 5203 lllO
1966 5155 2188 5216 parente
2211 5152 2500 5199 erexerunt
2525 5153 2708 5212 caput,
2749 5141 2800 5193 id
2844 5149 2926 5193 est
2953 5147 3184 5195 mentem
3214 5147 3413 5190 meam,

1842 5248 1900 5291 ut
1934 5253 1990 5290 se
2014 5237 2249 5307 erigeret
2277 5241 2462 5289 contra
2506 5241 2558 5288 te
2595 5237 2757 5302 caput
2785 5245 2940 5283 suum
2970 5245 2983 5282 :
3018 5228 3083 5280 Et
3115 5226 3256 5279 eritis
3282 5222 3416 5273 sicut

1842 5329 1915 5380 dii
1941 5325 2089 5396 (Gen.
2126 5329 2231 5393 in),
2263 5325 2387 5394 quia
2419 5333 2574 5392 caput
2595 5321 2830 5376 mulieris
2852 5320 2948 5382 vir,
2974 5325 3125 5387 caput
3148 5314 3243 5366 viri
3268 5310 3420 5363 Clu-i-

1839 5429 1968 5480 stus,
1994 5427 2149 5487 caput
2178 5416 2373 5472 Christi
2399 5413 2538 5467 Deus
2562 5413 2612 5484 (Ι
2636 5411 2760 5466 Cor.
2793 5409 2888 5474 x1).
2911 5408 2976 5460 Et
2999 5407 3097 5459 illa:
3123 5401 3420 5469 iniquitates

1839 5523 2186 5576 supergressa:
2200 5514 2317 5561 sunt
2338 5511 2491 5572 caput
2515 5518 2708 5565 meum,
2725 5498 2776 5550 id
2793 5508 2892 5558 est,
2913 5494 3168 5567 erigendo
3189 5497 3422 5545 mentem
