3930 5646
530 324 640 387 363

1174 326 1431 384 REMIGII
1471 327 2124 384 ANTISSIODORENSIS
2165 329 2316 385 OPP.
2358 330 2539 388 PARS
2565 332 2605 386 1.
2637 362 2703 373 ——
2732 324 3140 387 EXEGETICA‘.

3677 327 3773 385 3L!

522 437 881 512 jacere:quia
896 436 1132 510 perfecta
1150 438 1907 497 discretionedebemusirasci
1922 441 2117 511 quibus
2143 445 2194 504 Α
2220 442 2354 498 adeo
2382 449 2441 497 ut
2478 458 2576 500 nec
2621 443 2953 499 Dominicam
2990 443 3288 500 orationem
3335 441 3510 496 valeat
3545 441 3673 512 quis
3716 456 3776 495 ex

530 530 873 587 irascendum
898 518 980 586 est
1004 569 1019 597 ,
1059 539 1115 584 et
1143 533 1522 601 concupiscere
1552 547 1672 602 quae
1693 531 2114 600 concupiscenda

2218 536 2382 591 corde
2435 542 2673 601 cantare,
2705 536 2834 605 quin
2888 534 3053 589 multa
3104 534 3397 605 impediant
3447 540 3506 588 et
3546 538 3776 587 mentem

532 629 679 675 sunt.
703 619 798 676 Hae
812 636 1155 691 supergressa:
1170 633 1288 677 sunt
1311 634 1464 695 caput
1483 623 1743 688 meum,id
1758 631 1859 689 est,
1874 623 2117 678 vicerunt
2213 622 2470 680 alienent.
2504 623 2573 678 Et
2603 641 2707 679 non
2730 633 2804 680 est
2831 624 3031 678 sanitas
3053 624 3108 677 in
3144 639 3300 678 carne
3325 639 3462 686 mea,
3495 628 3556 675 ut
3583 620 3776 674 dictum

542 711 986 781 rationalitatem.
1018 712 1085 767 Et
1117 730 1221 768 non
1254 729 1444 784 parum
1481 731 1827 786 supergressa:
1847 724 1992 780 sunt,
2018 713 2113 770 sed

534 800 666 859 sicut
698 817 831 857 onus
850 817 1005 873 grape
1030 813 1260 873 grauata:
1280 814 1403 859 sunt
1429 821 1585 874 super
1605 821 1710 860 me.
1738 804 1910 861 Aliter
1937 822 1950 857 :
1974 804 2114 860 Con-

533 889 760 960 ﬁrmasti
780 909 938 961 super
964 910 1045 949 me
1062 911 1275 973 manum
1316 904 1485 961 tuam,
1508 897 1650 952 sicut
1670 898 1870 953 dictum
1897 905 1982 953 est
2014 914 2028 951 :
2056 904 2113 951 et

534 988 657 1051 post
684 981 824 1038 hanc
845 983 1118 1038 miseriam
1139 992 1222 1041 est
1250 985 1380 1041 mihi
1406 985 1548 1041 alia:
1580 987 1702 1042 Non
1728 999 1801 1042 est
1828 989 2026 1042 sanitas
2056 986 2112 1041 in

539 1087 699 1127 carne
718 1088 853 1139 mea,
882 1074 934 1128 id
956 1083 1060 1140 est,
1095 1074 1300 1145 alﬂigor
1339 1077 1577 1133 exterius
1603 1077 1751 1133 omni
1779 1076 2064 1132 afﬂictione
2091 1093 2107 1129 :

540 1170 597 1223 et
621 1161 725 1222 hoc
752 1183 782 1217 ιι
803 1163 941 1233 facie
988 1166 1084 1220 ira:
1112 1175 1237 1233 tute,
1267 1167 1393 1237 quia
1422 1169 1590 1224 timeo
1616 1169 1750 1224 iram
1794 1177 1940 1223 luam
1969 1166 2112 1223 futu-

535 1268 673 1309 ram.
707 1253 831 1312 Non
851 1267 945 1312 est'
961 1274 1067 1329 paa:
1091 1261 1291 1315 ossibus
1320 1261 1472 1328 meis,
1509 1262 1563 1317 id
1601 1272 1707 1330 est,
1732 1261 1940 1334 afﬂigar
1959 1261 2107 1319 omni

532 1340 824 1400 alﬂictione
847 1346 1116 1412 interiori,
1141 1358 1362 1419 propter
1384 1349 1513 1404 illud
1535 1349 1797 1421 judicium
1822 1350 2063 1405 futurum
2087 1366 2104 1407 :

532 1449 566 1487 α
595 1433 736 1504 facie
773 1446 1104 1507 peccatorum
1147 1456 1401 1507 meorum,
1429 1449 1539 1498 tam
1575 1443 1916 1523 originalium
1940 1457 2103 1523 quam

541 1527 853 1587 actualium.
876 1528 1272 1603 Hieronymus:
1303 1553 1322 1586 ι
1360 1533 1621 1602 Quoniam
1658 1518 1952 1608 iniquitates
1977 1518 2106 1592 mete

541 1631 890 1687 supergressa:
917 1630 1039 1675 sunt
1064 1630 1221 1691 caput
1249 1639 1446 1689 meum,
1470 1639 1734 1695 cognosco
1760 1639 1957 1696 magna
1979 1639 2104 1696 pee-

531 1717 654 1762 cata
697 1722 816 1762 mea
849 1716 905 1763 et
939 1710 1233 1781 praevalere
1257 1712 1465 1768 viribus
1518 1714 1691 1770 meis:
1719 1714 1804 1769 vel
1838 1714 1965 1785 quia
1995 1714 2100 1770 ini-

2211 725 2315 771 est.
2343 715 2517 771 Aliter
2548 733 2561 769 :
2596 715 2841 782 Domine,
2868 732 2932 771 ne
2957 716 3013 771 in
3042 714 3221 785 furore
3261 726 3352 770 tuo
3380 731 3577 785 arguas
3601 729 3703 777 me,
3731 713 3779 767 in

2202 804 2426 876 judicio,
2455 808 2669 879 quando
2688 816 3000 880 peccatores
3021 808 3553 869 condemnabuntnr,
3587 806 3681 861 hic
3702 819 3780 860 me

2211 913 2449 970 arguas:
2486 900 2662 958 Furor
2703 909 2760 957 et
2796 902 2876 957 ira
2920 901 3237 974 intelligitur
3283 900 3557 966 diabolus,
3601 899 3659 954 id
3687 907 3780 964 est,

2212 990 2325 1045 noli
2375 1007 2463 1047 me
2498 991 2743 1061 judicare
2783 1008 2880 1064 per
2922 993 3213 1058 diabolum,
3255 991 3348 1049 sed
3403 1008 3504 1063 per
3533 991 3780 1062 teipsutn,

2212 1080 2296 1136 vel
2332 1096 2561 1153 arguere
2587 1084 2793 1149 verbis,
2825 1084 3099 1155 corripere
3127 1080 3367 1154 ﬂagellis.
3403 1081 3679 1150 Quoniam
3704 1098 3781 1135 sa-

2206 1172 2351 1242 gitta:
2376 1183 2484 1229 tute
2504 1174 2683 1244 infixa:
2705 1185 2825 1230 sunt
2846 1176 2996 1239 mihi,
3018 1176 3069 1230 id
3099 1185 3199 1238 est.
3223 1177 3389 1230 verba
3413 1182 3505 1229 tua
3525 1173 3781 1245 impressa

2207 1275 2336 1321 sunt
2373 1267 2536 1322 menti
2584 1282 2736 1322 mete.
2784 1265 2852 1323 Et
2876 1268 3199 1339 conﬁrmasti
3243 1284 3399 1339 super
3439 1283 3524 1321 me
3577 1281 3782 1319 manum

2207 1362 2350 1410 “tam
2371 1393 2387 1420 ν
2422 1353 2475 1409 id
2503 1363 2606 1421 est,
2637 1370 2741 1412 non
2791 1355 3061 1425 impotens
3084 1355 3232 1411 fuisti
3262 1354 3328 1410 ad
3368 1369 3456 1410 me
3482 1353 3784 1424 deprimen-

2205 1442 2351 1498 dum.
2389 1439 2512 1497 Non
2565 1453 2641 1498 est
2667 1444 2869 1499 sanitas
2914 1444 2971 1499 in
2998 1445 3202 1500 ossibus
3247 1446 3397 1508 meis,
3441 1443 3493 1497 id
3541 1452 3657 1506 est,
3688 1456 3781 1494 non

2202 1547 2400 1603 purum
2423 1548 2622 1605 corpus
2643 1550 2849 1599 meum,
2874 1532 3028 1603 juxta
3072 1534 3224 1602 illud,
3257 1533 3382 1591 Scio
3406 1534 3532 1605 quia
3558 1550 3679 1587 non
3700 1532 3785 1584 Ita-

2203 1623 2333 1679 bitat
2359 1625 2415 1680 in
2435 1642 2536 1692 me,
2560 1627 2663 1682 hoc
2688 1636 2794 1693 est,
2821 1628 2874 1682 in
2897 1642 3059 1683 carne
3079 1641 3221 1695 mea,
3244 1628 3433 1682 bonum
3462 1626 3649 1700 (Rom.
3672 1625 3783 1693 vn).

2211 1714 2336 1772 Non
2373 1727 2449 1787 est
2495 1736 2601 1789 pax
2629 1719 2829 1774 ossibus
2858 1721 3010 1785 meis,
3038 1727 3100 1773 ut
3136 1734 3319 1790 supra.
3374 1717 3654 1784 Quoniam
3691 1717 3785 1769 ini-

531 1801 767 1872 quitates
794 1794 928 1859 mete
954 1804 1264 1863 extulerunt
1299 1817 1481 1879 caput,
1518 1817 1576 1864 et
1596 1810 1748 1880 quasi
1781 1810 1928 1868 leves
1953 1809 2106 1866 vola-
2136 1794 2182 1854 Β
2208 1798 2432 1879 quitates
2484 1825 2615 1864 mea:
2661 1825 3009 1880 supergressa:
3036 1818 3157 1864 sunt
3213 1818 3368 1879 caput
3403 1823 3610 1870 meum,
3641 1807 3783 1875 quasi

534 1892 689 1959 bant,
719 1905 1044 1967 acceperunt
1064 1900 1283 1982 pondus,
1300 1900 1552 1957 vindicta:
1573 1901 1715 1972 quod
1738 1903 2065 1973 deprimeret
2092 1920 2106 1956 :

534 1982 670 2039 sicut
711 2000 843 2041 onus
879 2002 1036 2056 grave
1059 1997 1291 2057 gravata:
1324 1998 1445 2044 sunt
1483 2006 1640 2061 super
1675 2008 1778 2055 me,
1820 1991 1872 2046 id
1894 2000 1998 2057 est,
2025 2005 2108 2046 re-

532 2088 702 2129 versae
729 2083 855 2130 sunt
882 2075 937 2130 in
951 2090 1038 2131 me
1051 2084 1105 2132 et
1132 2086 1386 2148 gravatae.
1422 2098 1442 2132 ι
1470 2078 1631 2146 Quasi
1658 2080 1803 2135 dicat
1831 2097 1846 2136 :
1875 2080 1941 2135 Et
1967 2080 2111 2150 quod

537 2165 758 2237 gravius
803 2175 908 2231 est,
959 2165 1286 2223 Putruerunt
1320 2179 1648 2239 etcurrupr
1682 2179 1801 2224 sunt
1845 2170 2110 2224 cicatrices

536 2269 686 2318 ciete,
725 2254 779 2310 id
816 2263 917 2318 est,
960 2266 1180 2331 peccata
1232 2256 1288 2313 in
1320 2259 1591 2329 baptismo
1628 2259 1870 2315 dimissa.
1903 2259 1971 2315 Et
2008 2260 2112 2315 hoc

541 2341 702 2397 modo
739 2352 953 2411 sanata,
994 2361 1209 2402 rursum
1234 2347 1291 2402 in
1328 2349 1769 2406 consuetudinem
1792 2351 1939 2416 duxi,
1968 2351 2111 2420 quod

535 2431 664 2489 dum
693 2431 772 2499 ﬁt,
803 2449 1029 2505 necesse
1060 2443 1145 2491 est
1174 2447 1442 2494 mortuum
1471 2440 1583 2511 jam
1611 2440 1826 2507 laetere,
1851 2441 2111 2512 quemad-

529 2522 750 2578 modum
780 2523 974 2580 vulnus
1010 2525 1274 2582 intaetum
1292 2532 1655 2601 corrumpitur
1674 2540 1729 2587 et
1765 2541 1937 2603 putet.
1966 2531 2023 2587 ln
2042 2546 2110 2587 eo

535 2613 681 2683 quod
717 2614 847 2670 dicit
872 2616 1162 2683 cicatrices,
1198 2619 1568 2692 intelliguntur
1592 2632 1812 2693 peccata
1843 2624 1995 2694 quasi
2022 2639 2110 2680 sa-

532 2712 681 2765 nata.
727 2704 900 2761 Aliter
931 2724 944 2761 :
974 2707 1023 2762 A
1064 2723 1169 2779 qua
1211 2711 1527 2780 gravatione
1574 2714 1882 2785 gravissimi
1926 2702 2110 2772 aneris

529 2789 802 2855 cicatrices
848 2811 999 2859 mete,
1027 2795 1083 2852 id
1120 2806 1224 2864 est,
1268 2798 1553 2870 originalis
1597 2811 1822 2869 peccata
1849 2801 2022 2857 deleta
2050 2803 2104 2858 in

533 2880 824 2951 baptismo,
851 2894 1106 2955 corrupta
1127 2896 1253 2943 sunt
1286 2903 1383 2958 per
1407 2890 1638 2945 actualia
1670 2908 1684 2944 :
1713 2902 1768 2948 et
1790 2893 1870 2948 sic
1893 2905 2110 2964 putrue-

531 2982 675 3039 runt,
703 2973 758 3028 id
783 2977 1224 3047 est,gravissima
1244 2978 1387 3034 facta
1413 2990 1539 3036 sunt
1563 2999 1578 3048 ;
1601 2983 1727 3053 quia
1756 2985 1974 3054 gravius
1999 2993 2109 3039 tor-

529 3070 729 3129 quetur
749 3063 942 3139 aliquis
968 3067 1193 3122 veniens
1217 3069 1287 3123 ab
1312 3070 1655 3140 baptismum,
1686 3073 1729 3127 si
1761 3083 1945 3143 postea
1980 3088 2105 3143 pec-

2210 1895 2391 1952 dicat:
2430 1896 2534 1952 Tot
2580 1908 2706 1952 sunt
2744 1897 3055 1967 iniquitates
3100 1913 3252 1963 mete,
3295 1906 3356 1952 ut
3399 1911 3500 1968 ego
3535 1910 3643 1951 eas
3670 1911 3785 1966 por-

2211 1992 2329 2040 tare
2354 2000 2460 2041 non
2497 1986 2731 2057 possim;
2765 1986 2859 2042 sed
2898 1994 3059 2053 caput
3099 2002 3301 2053 meum,
3329 1986 3383 2041 id
3405 1994 3492 2041 est
3510 1984 3783 2047 Christus,

2209 2088 2337 2130 suas
2361 2090 2455 2131 eas
2498 2074 2644 2141 fecit,
2669 2084 2725 2131 et
2751 2075 3064 2146 iniquitates
3115 2084 3332 2133 nostras
3383 2076 3498 2147 ipse
3548 2076 3783 2145 portavit

2211 2161 2345 2232 (fsa.
2376 2163 2525 2235 uti);
2553 2164 2671 2219 ideo
2706 2164 2822 2235 ipse
2860 2166 3119 2236 portavit,
3147 2165 3274 2237 quia
3310 2166 3444 2220 sicut
3474 2181 3618 2219 onus
3642 2182 3786 2235 grate

2209 2261 2439 2322 gravata:
2463 2262 2583 2307 sunt
2611 2270 2769 2325 super
2786 2271 2886 2308 me.
2918 2254 2984 2308 Et
3027 2269 3131 2310 non
3166 2256 3383 2316 mirum,
3410 2254 3538 2325 quia
3567 2265 3781 2323 patrue-

2209 2350 2330 2396 runt
2380 2351 2429 2396 et
2466 2352 2725 2413 corrupta:
2770 2352 2893 2397 sunt
2933 2344 3202 2398 cicatrices
3239 2359 3389 2407 mete,
3413 2359 3443 2396 ει
3473 2343 3662 2413 primo
3695 2343 3781 2396 bo-

2209 2431 2353 2488 mine
2384 2447 2553 2503 usque
2598 2432 2665 2487 ad
2714 2432 3009 2500 Christum,
3039 2440 3259 2504 peccata
3298 2433 3529 2488 humani
3570 2435 3784 2505 generis

2190 2526 2697 2592 ‘detcrioraverunt,
2727 2542 2896 2597 usque
2931 2527 3058 2581 dum
3085 2527 3233 2581 venit
3262 2525 3653 2599 Samaritanus
3682 2526 3780 2591 ille,

2209 2616 2299 2687 qui
2328 2615 2569 2687 alligavit
2591 2615 2811 2671 vulnera
2838 2615 3126 2671 infundens
3147 2617 3404 2671 vinumet
3437 2615 3610 2672 deum
3639 2615 3777 2685 (Luc.

2209 2706 2289 2778 ι),
2321 2708 2373 2762 id
2399 2716 2504 2773 est,
2534 2707 2841 2778 passionem
2887 2715 2943 2763 et
2975 2707 3208 2777 Spiritus
3254 2708 3424 2763 sancti
3465 2708 3719 2777 gratiam.
3740 2707 3780 2760 Α

2210 2794 2345 2864 facie
2375 2796 2686 2866 insipientiw
2717 2813 2867 2862 mete,
2911 2796 3117 2852 scilicet
3146 2798 3429 2853 cicatrices
3479 2813 3620 2853 mese
3666 2814 3777 2853 cor-

2210 2896 2383 2957 ruptae
2435 2896 2602 2941 sunt:
2650 2888 2775 2958 quia
2825 2887 3193 2944 inﬁrmitatem
3244 2889 3470 2951 Christi,
3531 2890 3780 2959 insipien-

2212 2978 2340 3033 tiam
2362 2979 2578 3049 putavi;
2606 2979 2759 3050 cujus
2793 2978 3092 3033 incarnatio
3128 2996 3318 3052 magna
3350 2980 3453 3035 fuit
3494 2980 3774 3051 sapientia.

2214 3066 2377 3123 Miser
2404 3068 2579 3137 factus
2602 3084 2717 3122 sum
2741 3079 2789 3122 et
2835 3079 3079 3124 curvatus
3115 3087 3275 3141 usque
3300 3072 3355 3124 in
3381 3071 3569 3140 ﬁnem,
3601 3071 3775 3145 idest,

530 3160 647 3229 cat,
660 3168 822 3224 quam
840 3157 885 3211 si
913 3172 1020 3214 non
1033 3159 1243 3215 veniret
1272 3162 1338 3216 ad
1363 3162 1689 3232 baptismum
1716 3182 1731 3217 :
1760 3165 1885 3235 quia
1916 3164 2107 3220 melius
2132 3143 2179 3206 θ
2210 3177 2380 3231 usque
2407 3162 2473 3216 ad
2505 3160 2799 3217 Christum.
2833 3161 2900 3215 Et
2948 3163 3071 3232 quia
3101 3162 3262 3217 lumbi
3301 3165 3401 3216 mei
3432 3162 3634 3232 impleti
3664 3143 3775 3215 sunt

530 3252 615 3303 est
636 3244 779 3301 viam
806 3248 1054 3305 veritatis
1093 3250 1365 3322 ignorare,
1406 3269 1564 3322 quam
1603 3265 1725 3324 post
1763 3256 1999 3326 agnitam
2026 3271 2108 3310 re-

526 3333 791 3406 linquere.
830 3338 1027 3405 Etboc
1053 3357 1085 3395 a
1122 3341 1259 3411 [acie
1284 3344 1594 3414 insipientia:
1628 3363 1775 3411 mete,
1806 3346 1858 3400 id
1884 3356 1989 3411 est,
2016 3362 2108 3402 co-

527 3444 729 3501 gnosco
750 3446 820 3488 ex
847 3432 1158 3504 insipientia
1185 3451 1305 3492 mea
1330 3438 1430 3493 hoc
1448 3438 1742 3509 contigisse
1775 3455 1791 3495 :
1815 3439 1939 3510 quia
1963 3441 2107 3495 sicut

522 3519 795 3589 sapientia
824 3530 909 3577 est
941 3524 1045 3579 sibi
1091 3524 1146 3578 in
1181 3533 1457 3594 posterum
1486 3541 1702 3594 cavere,
1730 3529 1808 3583 sic
1838 3529 2103 3598 insipien-

528 3610 604 3665 tia
653 3621 738 3667 est
793 3623 1042 3670 sanatum
1097 3615 1151 3671 in
1207 3626 1482 3687 posterum
1544 3620 1647 3674 sibi
1714 3635 1820 3673 non
1885 3635 2101 3676 cavere.

524 3705 886 3777 Hieronymus
917 3727 931 3764 :
967 3727 985 3760 ι
1014 3710 1309 3766 Porcorum
1352 3726 1469 3767 mos
1497 3724 1582 3769 est
1609 3727 1765 3768 caeno
1790 3729 1888 3784 pro
1942 3713 2102 3770 bonis

532 3797 794 3855 odoribus
823 3801 898 3857 uti
924 3819 937 3856 :
966 3817 1073 3856 non
1098 3818 1218 3859 sum
1243 3804 1384 3858 talis.
1409 3804 1543 3859 Nam
1575 3806 1704 3862 mihi
1726 3820 1847 3861 mea
1878 3805 2102 3863 vulnera

533 3886 745 3954 tmtent,
782 3899 846 3944 et’
880 3891 1002 3945 ideo
1049 3894 1420 3962 ptenitentiam
1472 3896 1739 3952 desidero.
1787 3917 1808 3950 ι
1847 3895 2025 3964 Unde,
2067 3914 2099 3954 a

530 3992 637 4046 qua
665 3980 1013 4049 corruptione
1034 3990 1089 4037 et
1106 3998 1139 4037 a
1164 3998 1268 4053 qua
1286 3986 1569 4053 putredine
1593 3988 1752 4041 miser
1767 3987 1938 4057 factus
1958 4006 2095 4054 sum,

535 4072 590 4129 id
626 4081 732 4139 est,
762 4075 1014 4130 continua
1049 4075 1265 4130 miseria
1313 4074 1543 4132 afﬂictus
1576 4093 1692 4132 sum
1740 4079 1997 4134 exterius.
2028 4079 2097 4133 Et

526 4176 774 4223 curvatus
812 4184 952 4228 sum.
991 4167 1201 4223 scilicet
1238 4168 1469 4224 interius
1491 4170 1807 4227 multimoda
1844 4156 2096 4228 incurva?

526 4254 692 4320 tione,
719 4257 848 4326 quia
877 4256 1212 4312 rationalitas
1237 4257 1547 4313 extenditur
1573 4274 1679 4314 non
1706 4259 1878 4314 solum
1909 4259 1974 4314 ad
2002 4276 2097 4316 nc-

520 4344 784 4409 cessaria,
814 4346 908 4399 sed
936 4344 1100 4400 etiam
1123 4345 1333 4411 illicita,
1356 4362 1517 4418 usque
1544 4348 1599 4402 in
1617 4347 1800 4417 ﬁnem,
1831 4356 2099 4418 quantum

517 4438 666 4507 potui
696 4437 971 4493 incurvari
1013 4446 1072 4495 et
1097 4438 1347 4507 deprimi,
1376 4439 1463 4495 vel
1496 4454 1665 4509 usque
1689 4440 1743 4494 iu
1771 4450 2027 4505 mortem,
2058 4456 2090 4495 a

517 4536 628 4594 qua
651 4524 1152 4581 incurvationctom
1174 4527 1276 4589 die,
1304 4527 1357 4582 id
1383 4534 1467 4582 est
1492 4528 1726 4593 assidue,
1753 4528 2090 4585 conlrtstatus

514 4614 866 4685 ingrediebar,
893 4615 945 4669 id
973 4617 1376 4683 cst,'vi‘Vebam,
1406 4632 1471 4673 ex
1510 4634 1620 4688 quo
1658 4620 1878 4674 Sabbali
1908 4635 2090 4675 recor-

515 4700 818 4772 dari-ccepi.
838 4702 989 4759 Unde
1011 4703 1066 4758 in
1087 4703 1322 4759 Cantieis
1344 4706 1708 4761 canticorum:
1736 4706 1872 4762 Ecce
1893 4717 1950 4762 tu
1971 4708 2090 4779 pul—

516 4792 648 4849 chra
678 4805 755 4858 es,
777 4796 946 4849 amica
971 4811 1091 4861 ma;
1110 4795 1248 4849 oculi
1269 4797 1344 4849 tui
1368 4796 1726 4852 columbarum
1751 4797 1926 4869 (Cant.
1952 4799 2084 4870 1,4);

517 4882 646 4949 quia
674 4884 920 4940 Columba
960 4886 1216 4955 gemitum
1255 4887 1415 4941 habet
1444 4903 1544 4957 pro
1582 4898 1765 4953 cantu,
1787 4898 1842 4944 et
1862 4889 2088 4958 perfecti

493 4970 575 5045 ⁵ἰιι
611 4969 854 5027 Ecclesia
875 4975 1073 5029 nmndo
1103 4974 1365 5029 fallaciter
1383 4985 1438 5031 et
1460 4978 1762 5047 perniciose
1790 4978 2086 5033 blandienti

518 5058 832 5129 adgcmunt,
873 5063 959 5117 cui
1002 5063 1089 5117 alii
1132 5067 1490 5134 congaudent.
1533 5067 1605 5121 Et
1648 5068 1840 5122 merito
1882 5068 2087 5123 contri-

516 5157 714 5218 status,
744 5153 993 5223 quoniam
1023 5154 1187 5210 lumbi
1221 5156 1323 5210 mei
1356 5157 1553 5226 impleti
1591 5167 1711 5212 sunt
1734 5159 2089 5229 illusionibus,

510 5252 558 5303 et
581 5258 686 5298 non
707 5253 782 5299 est
803 5246 1003 5301 sanitas
1032 5247 1089 5301 in
1122 5264 1285 5303 carne
1317 5265 1461 5313 mea.
1486 5249 1754 5319 Repetitio
1787 5271 1797 5283 -
1831 5253 1970 5308 idem
2005 5263 2090 5310 est

513 5332 658 5398 quod
692 5347 876 5404 supra,
911 5352 1015 5392 non
1053 5348 1130 5394 est
1164 5339 1366 5394 sanitas
1413 5339 1466 5393 in
1509 5357 1665 5397 carne
1697 5358 1833 5409 mea,
1869 5361 1971 5400 non
2008 5355 2084 5399 est

509 5437 616 5489 pax
654 5425 861 5480 ossibus.
896 5428 1044 5482 meis.
1077 5428 1133 5484 lu
1164 5429 1361 5486 lumbis
1395 5439 1479 5485 est
1517 5431 1823 5498 delectatio,
1856 5436 1908 5488 in
1939 5436 2084 5490 delc-

515 5508 753 5566 etatione
771 5518 1093 5582 procreatio.
1122 5520 1188 5573 Et
1209 5535 1274 5574 ex
1309 5520 1489 5575 anima
1517 5537 1703 5578 omnes
1728 5525 2085 5579 coaitationng

511 5610 867 5646 limereanlur
918 5625 1037 5646 num
1076 5611 1180 5634 -'-‘-
1228 5621 1239 5630 -
1310 5613 1313 5615 “

2206 3252 2563 3319 illusionibus,
2586 3253 2639 3325 id
2664 3261 2766 3316 est,
2784 3248 2907 3322 quia
2936 3253 3111 3307 anima
3144 3269 3261 3307 mea
3280 3262 3331 3306 et
3354 3252 3588 3307 interior
3608 3265 3775 3312 mens,

2204 3358 2236 3399 a
2260 3360 2389 3400 vero
2418 3343 2619 3399 defecit
2654 3360 2668 3397 :
2696 3354 2753 3398 et
2773 3345 2897 3413 quia
2925 3360 3026 3398 non
3053 3354 3127 3397 est
3154 3344 3352 3397 sanitas
3382 3344 3438 3395 in
3464 3357 3624 3396 carne
3646 3357 3774 3401 mea,

2205 3436 2425 3507 afﬂictus
2471 3451 2607 3499 sum,
2638 3434 2847 3489 scilicet
2876 3434 2927 3488 in
2964 3449 3213 3504 corpore,
3243 3443 3289 3487 et
3329 3430 3646 3486 humiliatus
3665 3445 3774 3482 sum

2205 3527 2383 3590 nimis,
2413 3526 2619 3582 scilicet
2646 3525 2910 3589 interiori.
2938 3526 3061 3595 quia
3092 3540 3179 3579 me
3216 3522 3363 3579 erexi
3398 3531 3593 3577 contra
3623 3536 3775 3597 man:

2209 3617 2333 3670 data
2359 3626 2478 3682 tua;
2514 3617 2657 3671 unde
2687 3615 2977 3686 rugiebam,
3002 3615 3053 3669 id
3087 3624 3190 3680 est,
3214 3630 3335 3669 cum
3364 3628 3569 3683 magno
3602 3610 3775 3666 dolore

2204 3708 2346 3763 intus
2374 3707 2605 3763 lamenta
2651 3708 2863 3771 dabam,
2891 3714 2951 3762 ut
3004 3706 3212 3777 rugitus
3244 3704 3417 3787 possit
3455 3703 3586 3758 dici.
3617 3703 3661 3756 Α
3688 3718 3767 3772 ge-

2199 3796 2333 3849 mitu
2359 3797 2532 3850 cordis
2572 3797 2693 3860 mei,
2722 3811 2826 3851 non
2854 3811 2883 3848 a
2910 3795 3111 3865 gemitu
3145 3795 3345 3849 carnis.
3372 3792 3627 3869 Gemitus
3647 3806 3764 3846 car-

2201 3886 2287 3941 nis
2329 3895 2428 3948 est,
2464 3901 2562 3956 pro
2601 3887 2894 3941 amissione
2944 3895 3283 3940 terrenorum
3328 3902 3342 3938 :
3383 3885 3622 3954 gemitus
3648 3894 3772 3937 vero

2200 3978 2399 4043 cordis,
2432 3992 2528 4046 pro
2555 3978 2847 4032 amissione
2881 3978 3096 4046 quietis.
3128 3976 3372 4041 Domine,
3400 3988 3526 4030 ante
3551 3986 3602 4030 te
3627 3987 3772 4028 omne

2198 4067 2513 4121 desiderium
2537 4083 2724 4121 meum.
2754 4066 2918 4135 Quasi
2945 4068 3085 4122 (licet
3119 4084 3131 4120 :
3159 4067 3224 4123 Et
3241 4067 3511 4137 gemenda
3529 4066 3656 4137 quid
3677 4064 3765 4118 dc-

2197 4161 2451 4223 siderem,
2492 4168 2547 4214 et
2583 4174 2750 4229 quare
2797 4174 3027 4230 gemam,
3063 4168 3141 4223 tu,
3178 4157 3425 4220 Domine,
3456 4157 3608 4220 s:-is;
3649 4156 3768 4226 quia

2196 4266 2302 4305 non
2347 4251 2594 4307 desidero
2634 4250 2732 4304 nisi
2788 4249 2931 4319 quod
2966 4249 3378 4303 desiderandum
3424 4257 3529 4312 est,
3573 4246 3769 4300 scilicet

2196 4343 2435 4412 requiem
2468 4341 2611 4397 illam
2635 4349 2689 4395 et
2717 4340 3123 4405 beatitudinem,
3153 4355 3314 4409 quam
3338 4338 3496 4393 amisi
3525 4338 3577 4391 in
3601 4337 3770 4407 primo

2194 4444 2432 4504 parente,
2465 4451 2564 4504 pro
2608 4448 2715 4505 qua
2747 4448 2961 4502 semper
2989 4442 3073 4486 est
3099 4432 3383 4496 orandum,
3408 4431 3537 4500 quia
3572 4431 3762 4484 dictum

2121 4495 2169 4557 υ
2195 4495 2313 4581 est:
2345 4495 2479 4580 Sine.
2508 4495 2891 4578 intermissione
2939 4532 3083 4576 orate
3105 4520 3158 4593 (1
3184 4520 3364 4575 Thess.
3398 4495 3461 4589 l)-.
3487 4520 3590 4587 Qui
3631 4533 3766 4572 sem-

2191 4627 2288 4683 per
2318 4613 2537 4679 clamat,
2563 4626 2777 4682 semper
2798 4610 3099 4677 desiderat;
3127 4610 3216 4680 qui
3237 4625 3453 4680 semper
3475 4608 3758 4668 desiderat,

2190 4718 2404 4774 semper
2453 4713 2593 4759 orat.
2630 4702 2733 4770 Qui
2779 4710 2956 4757 cessat
2982 4700 3051 4755 ab
3082 4716 3267 4756 amore
3314 4709 3495 4755 cessat
3535 4699 3604 4753 ab
3644 4712 3759 4752 ora-

2193 4794 2357 4848 tione.
2390 4794 2492 4860 Qui
2538 4804 2664 4850 sunt
2709 4793 2800 4863 qui
2842 4800 3059 4847 cessant
3097 4792 3166 4847 ab
3203 4790 3425 4846 amore?
3457 4790 3532 4844 De
3569 4787 3757 4858 quibus

2191 4884 2388 4939 dicitur
2411 4902 2426 4939 :
2452 4884 2529 4945 Ex
2549 4883 2876 4938 abundantia
2899 4883 3195 4955 iniquitatis
3218 4881 3515 4950 refrigescet
3534 4879 3755 4933 charitas

2193 4975 2475 5029 multorum
2519 4973 2731 5045 (Matth.
2782 4973 2914 5044 xw).
2952 4974 3145 5045 Frigus
3181 4974 3323 5027 enim
3370 4971 3657 5028 charitatis
3683 4969 3755 5023 si-

2191 5068 2414 5123 lentium
2444 5074 2526 5121 est
2547 5064 2747 5128 cordis,
2780 5063 2958 5119 fervor
2986 5080 3117 5120 vero
3144 5063 3428 5118 cbaritatis
3455 5062 3657 5117 clamor
3673 5069 3753 5114 est

2190 5160 2388 5215 cordis.
2424 5157 2479 5212 Si
2529 5172 2743 5225 seraper
2762 5156 2953 5228 ﬂagrat
2978 5157 3236 5223 Charitas,
3262 5170 3479 5227 semper
3511 5155 3744 5215 clamas;

2189 5250 2233 5305 si
2273 5262 2485 5319 semper
2506 5249 2735 5313 clamas,
2771 5261 2986 5317 semper
3022 5250 3328 5314 desideras;
3362 5248 3406 5301 si
3434 5260 3647 5315 semper
3666 5243 3751 5299 de-

2189 5340 2414 5402 sideras,
2445 5353 2659 5407 semper
2678 5352 2824 5392 oras.
2849 5338 2988 5409 Ergo
3010 5353 3222 5408 semper
3242 5337 3512 5399 desidera,
3532 5343 3590 5388 ut
3617 5348 3724 5388 sem

2184 5445 2283 5500 per
2309 5445 2451 5484 ores.
2478 5428 2545 5482 Et
2593 5429 2716 5497 quia
2742 5437 2796 5481 tu
2836 5429 2964 5483 scis.
2994 5429 3045 5480 iri
3088 5438 3165 5458 ηνι
3212 5445 3251 5450 ηη
3313 5428 3325 5440 ·
3452 5430 3466 5436 -
3531 5428 3746 5458 n-4,“

2185 5536 2302 5566 τιηηι·
2332 5534 2359 5538 "
2426 5534 2431 5535 ’
