3978 6414
154 452 267 510 515

1271 406 1799 506 ENAltltATlO-NES
1850 442 1915 497 IN
1951 443 2284 500 PSALMOS.

3273 407 3277 415 ’
3305 445 3411 501 ste

155 579 372 632 smper
410 560 588 616 veniat
612 559 680 614 ad
703 575 860 615 aures
887 560 1181 624 nominum,
1217 568 1394 612 tamen
1425 571 1638 626 semper
1659 564 1741 610 est
1767 567 1812 618 Α
1848 560 1994 619 dere,
2029 559 2121 631 sed
2152 557 2536 625 impatientiam
2563 559 2839 614 exhibere.
2887 557 3054 628 Majus
3080 540 3289 630 signum
3313 576 3410 630 po-

155 671 344 711 coram
363 663 434 708 te.
450 653 519 708 Et
537 653 725 708 merito
742 666 916 723 gemo,
936 651 1059 720 quia
1078 667 1168 703 cor
1183 665 1350 702 meum
1371 648 1735 702 conturbatum

155 755 264 810 est;
295 746 459 799 timeo
487 743 748 805 latrones,
780 742 942 796 timeo
974 742 1168 794 damna
1195 738 1532 808 temporalia,
1559 747 1738 792 motus

157 844 343 897 terrae,
376 841 431 886 et
463 831 586 886 cceli
616 831 851 900 undique
884 830 1188 886 sollicitudo
1231 827 1508 882 incutitur.
1537 826 1601 880 Et
1630 841 1736 880 non

157 931 240 977 est
260 921 462 977 mirum
486 921 529 976 si
545 936 640 975 cor
652 920 1026 983 conturbatur,
1043 921 1167 989 quia
1184 919 1453 988 dereliquit
1478 934 1558 970 me
1573 918 1737 971 virtus

154 1028 297 1077 mea,
311 1009 364 1065 id
381 1020 464 1065 est
485 1011 787 1065 constantia
804 1025 943 1074 mea;
971 1009 1142 1063 factus
1162 1024 1279 1063 sum
1295 1008 1603 1061 inconstans
1623 1023 1636 1060 :
1656 1005 1737 1060 vel

158 1104 343 1166 uirtus,
363 1103 414 1155 id
441 1110 542 1162 est,
562 1101 910 1154 rationalitas.
930 1101 1054 1154 Ideo
1072 1108 1250 1153 autem
1269 1098 1554 1153 derelictus
1569 1113 1683 1151 sum
1703 1113 1733 1150 a

161 1191 392 1253 virtute,
408 1189 535 1258 quia
564 1189 738 1242 lumen
765 1187 1037 1241 oculorum
1059 1203 1312 1251 meorum,
1329 1186 1506 1239 lumen
1529 1185 1730 1248 cordis,

155 1279 274 1333 sine
301 1295 414 1348 quo
443 1295 538 1333 cor
569 1279 861 1332 humanum
896 1278 948 1330 in
977 1277 1214 1331 tenebris
1241 1286 1344 1342 est,
1378 1276 1428 1329 id
1457 1285 1547 1337 est
1571 1276 1730 1334 Deus,

153 1371 326 1440 ipsum
359 1388 463 1424 non
499 1381 574 1424 est
600 1387 823 1432 mecum,
857 1370 1030 1437 ipsum
1060 1368 1298 1432 scilicet,
1341 1367 1457 1421 sine
1485 1382 1591 1436 quo
1620 1381 1738 1420 esse

155 1475 260 1514 non
304 1475 552 1530 possum.
603 1459 766 1527 Quasi
806 1459 1122 1514 dicatzl’ro
1168 1474 1273 1528 qua
1324 1461 1524 1512 virtute
1575 1457 1737 1512 resti-

156 1553 360 1604 tuenda
383 1590 399 1614 ,
449 1565 546 1619 pro
572 1565 678 1619 quo
709 1550 910 1605 lumine
940 1550 1241 1614 reddendo,
1290 1564 1388 1618 pro
1423 1564 1526 1617 qua
1557 1549 1738 1602 turba-

157 1640 305 1694 tione
333 1640 647 1701 auferenda,
681 1655 781 1710 ego
811 1639 956 1694 solus
983 1641 1124 1694 inter
1150 1653 1338 1694 omnes
1383 1637 1637 1691 mortales
1670 1637 1736 1690 ad

155 1730 255 1785 hoc
301 1729 555 1793 idoneus,
602 1729 773 1798 factus
813 1745 930 1783 sum
982 1729 1219 1782 obedieus
1267 1727 1414 1781 Patri
1459 1743 1618 1796 usque
1667 1727 1736 1779 ad

152 1832 377 1875 mortem
406 1819 572 1894 (Phil.
603 1822 697 1890 II).
748 1821 816 1874 Et
857 1823 982 1890 quia
1014 1837 1097 1875 me
1121 1821 1202 1876 sic
1225 1820 1561 1874 humiliatum
1592 1818 1736 1872 vide-

1839 646 2018 700 tentiae
2047 645 2148 699 fuit
2173 647 2238 700 de
2265 646 2512 715 sepulcro
2546 663 2786 718 surgere,
2817 663 2976 719 quam
3007 648 3073 702 de
3113 664 3276 704 cruce
3313 649 3406 705 de-

1838 739 2116 790 scendere.
2153 736 2275 790 Ideo
2303 736 2408 790 illis
2437 751 2541 791 non
2572 739 2898 803 contradixi,
2947 739 3066 793 ideo
3098 740 3279 794 omnia
3312 755 3408 810 pa-

1838 827 2034 880 tienter
2059 827 2325 891 sustinui,
2370 829 2616 898 quoniam
2653 829 2708 882 in
2743 839 2826 894 te,
2875 829 3125 895 Domine,
3166 832 3369 900 speravi
3389 873 3406 892 ,

1836 918 1932 971 tibi
1963 933 2179 972 causam
2209 933 2382 971 meam
2413 920 2677 972 commisi.
2730 919 2827 974 llic
2854 930 3036 974 monet
3072 936 3232 984 suos,
3282 920 3431 989 quid.

1836 1011 2099 1078 agendum
2124 1009 2193 1063 sit
2222 1010 2272 1062 in
2305 1009 2741 1065 tribulationibus
2764 1053 2776 1075 ,
2809 1012 2932 1081 quia
2963 1028 3084 1067 cum
3113 1022 3299 1083 posset
3327 1028 3412 1067 re-

1835 1099 2046 1163 sistere,
2077 1100 2266 1163 noluit,
2293 1101 2385 1154 sed
2415 1103 2648 1169 speravit
2679 1104 2729 1156 in
2757 1103 3000 1157 Domino.
3027 1104 3092 1157 Et
3120 1105 3246 1174 quia
3274 1103 3325 1156 in
3357 1114 3410 1156 te

1836 1188 2081 1257 speravi,
2115 1200 2170 1241 tu
2199 1189 2447 1243 exaudiet;
2477 1207 2558 1244 me
2577 1231 2591 1255 ,
2625 1192 2846 1246 Domine
2874 1192 3016 1246 Deus
3044 1209 3210 1246 meus.
3246 1194 3408 1263 Ergo,

1835 1294 1868 1332 ο
1897 1279 2069 1333 ﬁdelis
2094 1280 2198 1344 vir,
2231 1281 2273 1333 si
2317 1296 2479 1336 causa
2507 1291 2595 1335 tua
2624 1298 2726 1337 non
2761 1283 2976 1338 auditur
3007 1299 3099 1353 per
3133 1294 3408 1337 terrenum

1830 1371 2090 1440 judicem,
2123 1372 2228 1426 noli
2257 1373 2575 1442 desperare,
2623 1376 2731 1430 noli
2764 1376 3025 1442 deﬁcere;
3071 1377 3196 1446 quia
3230 1375 3274 1428 si
3318 1375 3409 1430 hic

1837 1477 1940 1516 non
1975 1462 2255 1516 exauditus
2278 1461 2476 1529 fueris,
2525 1467 2828 1520 exaudieris
2875 1467 2928 1520 in
2979 1467 3154 1520 coelo:
3193 1467 3235 1520 si
3267 1467 3352 1521 hic
3380 1482 3409 1519 a

1839 1563 2050 1608 terreno
2073 1553 2254 1622 judice
2275 1555 2507 1624 accipies
2534 1559 2874 1622 sententiam,
2901 1573 2929 1610 a
2959 1558 3070 1612 Deo
3097 1557 3328 1626 accipies
3357 1557 3411 1609 in

1837 1646 1974 1700 coelo
2003 1661 2278 1700 coronam.
2331 1648 2396 1700 Et
2440 1647 2540 1700 alia
2589 1664 2747 1703 causa
2775 1665 2870 1702 cur
2919 1649 3087 1718 factus
3133 1664 3247 1702 sum
3277 1648 3412 1700 sicut

1836 1735 1987 1788 homo
2014 1751 2115 1789 ron
2148 1736 2386 1788 audiens.
2430 1736 2566 1801 Quia
2603 1738 2714 1791 dixi
2736 1777 2748 1801 ,
2798 1739 2848 1791 id
2878 1746 2994 1801 est,
3040 1751 3250 1791 mecum
3283 1735 3412 1789 illud

1836 1825 2032 1888 statui,
2091 1833 2148 1876 ut
2197 1825 2248 1876 in
2295 1825 2547 1893 patientia
2577 1839 3011 1894 perseverarem,
3069 1823 3189 1878 ideo
3223 1841 3286 1877 ne
3314 1824 3414 1877 ali-

154 1921 298 1975 runt.
345 1912 414 1965 ad
445 1911 720 1966 cumulum
751 1912 983 1966 miseriae
1011 1926 1160 1974 meae.
1211 1912 1366 1964 «miri
1393 1913 1512 1973 mei.
1549 1909 1602 1964 id
1629 1918 1730 1972 est.
1767 1907 1809 1964 Β
1836 1917 2050 1985 quando
2080 1916 2491 1986 supergaudeant
2526 1919 2648 1970 mihi
2694 1915 2888 1970 ἱιιὸιιιὶοἱ
2916 1918 3044 1981 mei,
3093 1917 3143 1970 id
3177 1925 3288 1977 est,
3346 1931 3413 1968 ne

153 2002 242 2068 qui
275 2002 444 2056 amici
492 2001 926 2066 deberentesse,
971 2009 1029 2054 ut
1076 1999 1274 2054 inﬁrmi
1307 1999 1541 2063 medico,
1593 1998 1734 2052 servi

153 2089 408 2154 Domino,
442 2101 690 2146 creatura
732 2090 997 2156 Creatori,
1046 2099 1234 2162 gentes
1258 2089 1480 2153 scilicet,
1529 2100 1575 2142 et
1611 2105 1736 2158 pro-

152 2184 278 2236 ximi
306 2185 436 2248 mei,
462 2183 630 2238 Judaei
677 2184 971 2238 secundum
997 2183 1180 2237 carnis
1209 2181 1582 2251 cognationem
1611 2195 1737 2250 pro-

152 2273 305 2336 ximi,
342 2275 902 2345 appropinquaverunt,
934 2275 1137 2330 scilicet
1163 2289 1411 2344 corpore,
1443 2274 1740 2336 sedadver-

153 2381 264 2417 sum
293 2382 403 2432 me,
435 2366 614 2428 corde,
647 2367 925 2422 dicentes:
958 2366 1218 2438 Cruci/Ege
1253 2367 1468 2438 (Matth.
1501 2367 1616 2438 xv).
1668 2365 1733 2420 Et

158 2468 454 2521 steterunt,
505 2459 710 2514 scilicet
737 2460 1013 2514 adversum
1039 2477 1152 2523 me,
1205 2460 1258 2515 id
1285 2468 1399 2524 est,
1447 2459 1733 2513 adversum

154 2547 384 2602 salutem
417 2564 590 2603 suam.
623 2548 774 2603 Sicut
803 2550 1054 2605 Christus
1085 2558 1242 2604 antea
1289 2551 1341 2603 in
1384 2549 1627 2604 Ecclesia
1658 2548 1738 2602 lo-

155 2649 317 2694 cutus
347 2648 456 2704 est,
485 2640 558 2694 ita
589 2654 731 2693 nunc
759 2639 995 2694 Ecclesia
1029 2641 1266 2709 loquitur
1291 2641 1342 2693 in
1369 2639 1608 2693 Christo.
1631 2638 1738 2693 Ali-

158 2739 271 2784 ter:
317 2728 497 2784 Virtus
534 2745 798 2793 meorum,
851 2731 900 2784 id
926 2738 1028 2794 est,
1062 2730 1418 2791 rationalilas,
1464 2727 1737 2796 dereliquit

158 2836 307 2876 meos
338 2822 390 2876 in
429 2829 652 2885 tantum,
683 2822 823 2891 quod
871 2821 1045 2875 lumen
1071 2820 1342 2874 oculorum
1371 2835 1638 2881 meorum,
1683 2817 1733 2869 id

157 2920 255 2976 est,
283 2910 556 2965 Divinitas
580 2909 710 2963 mihi
739 2910 912 2972 unita,
955 2911 1072 2963 sine
1098 2923 1202 2978 qua
1227 2923 1346 2963 esse
1376 2922 1478 2960 non
1518 2920 1733 2974 possum

157 3012 422 3070 quantum
454 3001 520 3053 ad
561 3014 745 3055 veram
776 3001 1089 3063 essentiam,
1139 2999 1252 3068 ipsa
1282 3015 1384 3052 non
1416 3007 1490 3051 est
1533 3011 1734 3051 mecum

159 3101 423 3161 quantum
455 3090 523 3144 ad
551 3089 939 3160 reputationem
971 3089 1203 3154 illorum,
1243 3088 1366 3158 quia
1401 3096 1606 3140 tantum
1639 3103 1738 3154 pu-

162 3192 270 3237 tant
295 3200 389 3238 me
419 3198 541 3238 esse
585 3182 879 3246 hominem,
911 3190 964 3236 et
1006 3181 1125 3236 ideo
1154 3181 1306 3236 amici
1335 3181 1435 3232 mei
1459 3179 1548 3248 qui
1579 3178 1737 3231 debe-

159 3281 276 3328 rent
302 3287 456 3336 esse,
484 3282 531 3324 et
560 3271 781 3340 proximi
808 3280 1064 3340 quantum
1097 3272 1162 3324 ad
1191 3283 1429 3330 carnem,
1456 3247 1734 3335 apprOpin-
1762 3247 1805 3307 (ἶ

158 3374 451 3434 quaverunt
479 3379 582 3417 non
608 3365 674 3416 ad
704 3364 1080 3427 imitationem,
1112 3362 1204 3415 sed
1235 3360 1508 3412 adversum
1537 3373 1634 3410 me.
1671 3358 1736 3410 Et

159 3465 427 3525 praeterea
473 3455 546 3508 illi
581 3455 666 3525 qui
694 3454 851 3522 juxta
880 3470 961 3507 me
1006 3462 1154 3507 erant
1179 3491 1194 3516 ,
1244 3450 1294 3503 id
1330 3461 1413 3505 est
1454 3449 1734 3518 discipuli,

161 3548 248 3618 qui
279 3562 370 3602 me
405 3555 785 3616 cognoverant,
816 3545 881 3599 de
909 3545 1060 3615 longe
1103 3551 1350 3598 steterunt
1369 3584 1382 3606 ,
1421 3550 1482 3596 ut
1508 3541 1736 3606 Petrus,

161 3639 248 3706 qui
277 3638 347 3692 ad
378 3651 567 3691 vocem
597 3635 800 3690 ancilla:
833 3649 918 3689 me
952 3636 1165 3704 negavit
1197 3634 1393 3704 (Joan.
1422 3633 1590 3699 xvnI)
1616 3671 1630 3694 ,
1679 3618 1745 3684 ut

163 3727 286 3781 illud
321 3746 335 3780 :
374 3726 602 3782 Stabant
633 3742 808 3780 omnes
851 3726 960 3779 noti
987 3725 1100 3795 ejus
1128 3742 1158 3778 a
1189 3725 1338 3794 longe
1379 3722 1530 3795 (Luc.
1557 3719 1733 3790 XXIII).

164 3813 229 3868 Et
259 3817 392 3886 quia
427 3815 583 3868 amici
639 3815 1016 3878 desuererunt,
1061 3815 1184 3868 ideo
1211 3815 1312 3867 vim
1361 3812 1617 3881 faciebant
1646 3810 1736 3880 qui

107 3917 116 3922 '
162 3905 464 3974 quatiebant
500 3905 728 3956 animum
777 3919 968 3968 meam,
1015 3903 1065 3956 id
1115 3911 1197 3956 est
1224 3902 1388 3956 vitam
1421 3916 1617 3963 meam,
1667 3899 1735 3952 ad

163 3996 523 4066 perdendum,
555 3995 626 4048 illi
653 3995 772 4048 ideo
795 3993 1088 4048 faciliorem
1113 4009 1388 4048 accessum
1411 3992 1730 4045 habuerunt.

163 4085 226 4138 Et
251 4087 342 4155 qui
384 4083 709 4154 inquirebant
740 4082 879 4136 mala
911 4084 1069 4147 mihi,
1120 4084 1170 4136 id
1197 4091 1280 4136 est
1303 4090 1565 4144 mortem,
1612 4094 1733 4133 cum

163 4192 261 4233 non
291 4177 562 4232 haberent
590 4176 755 4230 ullam
784 4191 1230 4238 verameausam,
1253 4171 1738 4228 locutisu-nt‘vani-

163 4280 307 4335 tates,
345 4269 403 4322 id
448 4279 531 4322 est
581 4269 876 4332 mendacia,
912 4267 1066 4321 Hunc
1098 4267 1390 4320 audivimus
1439 4265 1736 4318 subverten-

164 4366 260 4411 tem
311 4367 517 4429 gentem
545 4367 770 4412 nostram
821 4358 981 4428 (Luc.
1014 4359 1206 4427 XXIII).
1253 4358 1355 4419 Et,
1407 4355 1509 4408 llic
1553 4356 1735 4411 dixit:

165 4444 393 4504 Possum
419 4450 680 4502 destruere
703 4449 945 4518 templum
975 4450 1094 4516 hoc,
1135 4458 1183 4503 et
1232 4450 1288 4503 in
1316 4450 1490 4502 triduo
1521 4448 1739 4515 retudi/i-

165 4553 278 4592 care
307 4537 447 4590 illud
494 4537 705 4605 (Matth.
738 4535 907 4608 χχιι).
943 4538 1008 4591 Et
1038 4539 1162 4607 quia
1191 4538 1354 4591 locuti
1379 4547 1504 4592 sunt
1528 4537 1736 4591 vanita-

165 4633 303 4693 tes,'
331 4628 456 4681 ideo
483 4627 628 4680 dolos
659 4638 766 4680 tota
811 4629 895 4682 die
939 4628 1337 4682 meditabantur.
1388 4627 1499 4695 Ego
1527 4636 1732 4690 autem,

164 4717 250 4784 qui
279 4717 350 4770 ad
383 4716 484 4770 hoc
527 4730 799 4779 veneram,
831 4725 890 4770 ut
917 4717 1221 4786 exemplum
1250 4715 1518 4784 patientia:
1548 4724 1603 4769 et
1630 4715 1733 4768 hu-

165 4805 410 4859 militatis
437 4805 620 4858 darem
641 4846 656 4869 ,
685 4815 931 4874 tanquam
970 4807 1160 4859 surdus
1207 4821 1308 4858 non
1335 4804 1608 4857 audiebam
1628 4844 1642 4868 ,
1686 4812 1734 4857 et

165 4896 291 4950 sicut
328 4905 505 4949 mutus
535 4913 635 4949 non
664 4897 896 4964 aperiens
947 4914 1004 4950 os
1043 4913 1226 4960 suum,
1261 4895 1311 4958 id
1362 4903 1464 4957 est,
1506 4910 1611 4948 non
1646 4909 1733 4948 re-

165 4985 378 5052 spondi,
411 4993 661 5053 lanquam
692 4999 790 5040 nec
818 4987 1080 5049 audirem,
1107 5002 1205 5041 nec
1230 4985 1372 5054 loqui
1404 5001 1636 5054 possem.
1665 4983 1732 5038 Et

165 5075 336 5142 factus
367 5094 492 5146 sum“
528 5079 658 5130 sicut
689 5079 842 5131 homo
874 5095 977 5133 non
1025 5079 1264 5141 audiens,
1306 5089 1351 5130 et
1392 5094 1496 5131 non
1541 5078 1736 5130 habens

165 5167 217 5218 in
245 5183 339 5220 ore
383 5183 480 5220 suo
512 5168 920 5238 redargutiones.
952 5169 1206 5237 Apertius
1249 5167 1300 5221 id
1356 5168 1526 5236 ipsum
1573 5167 1735 5232 dicit,

167 5271 267 5310 non
299 5258 422 5311 ideo
451 5272 543 5310 eos
576 5258 626 5310 in
653 5259 901 5326 passione
931 5274 1036 5312 non
1068 5259 1361 5328 redarguit,
1408 5257 1534 5324 quin
1568 5256 1736 5309 habe-

165 5354 246 5399 ret
272 5347 414 5401 unde
440 5357 710 5415 argueret,
756 5348 843 5415 qui
883 5363 1022 5418 saepe
1046 5349 1150 5401 illis
1177 5347 1452 5416 respondit
1483 5363 1496 5398 :
1536 5343 1628 5398 Va:
1651 5362 1736 5398 vo-

165 5435 261 5500 bis,
281 5436 502 5489 scribae:
532 5436 670 5501 Quid
694 5454 775 5491 me
799 5439 1026 5502 tentatis,
1052 5439 1331 5508 hypocrita:
1360 5435 1572 5506 (Matth.
1600 5451 1737 5499 χχιι,

165 5529 367 5597 nm)?
413 5527 519 5583 Sed
571 5531 738 5582 tacuit
774 5530 826 5583 in
867 5531 1155 5598 passione,
1208 5537 1267 5582 ut
1316 5527 1738 5598 adimplerentur

167 5618 484 5688 ScrIpturae,
532 5619 679 5673 Sicut
705 5621 811 5674 ovis
855 5621 923 5673 ad
953 5621 1258 5673 occisionem
1285 5621 1468 5672 ductus
1495 5630 1568 5673 est
1597 5618 1732 5687 (Isa.

169 5710 309 5777 LIII),
341 5719 394 5763 III
430 5711 580 5765 nobis
624 5711 851 5764 formam
899 5711 1169 5779 patientim
1195 5709 1366 5764 daret.
1397 5709 1454 5763 Si
1499 5710 1640 5762 enim
1669 5709 1736 5763 de

169 5812 330 5852 cruce
356 5800 726 5867 descenderet,
778 5818 882 5858 non
913 5801 1185 5880 videretur
1229 5800 1522 5871 potentiam
1555 5809 1734 5853 osten-

1836 2002 2004 2057 Judazi
2044 2005 2175 2058 mihi
2214 2004 2472 2058 insultent
2510 2005 2560 2057 in
2602 2007 2851 2074 passione
2890 2005 3179 2067 deﬁcienti,
3217 2004 3297 2058 vel
3321 2003 3412 2056 alii

1836 2094 2038 2149 inimici
2089 2094 2347 2148 insultent
2396 2095 2530 2148 meis
2559 2096 2609 2148 in
2645 2096 2986 2149 tribulatione
3015 2093 3310 2148 devocatis.
3344 2093 3413 2148 Et

1836 2198 1904 2237 ne
1931 2184 2096 2253 pedes
2121 2184 2257 2248 mei,
2291 2185 2344 2238 id
2369 2193 2473 2249 est,
2503 2200 2664 2254 opera
2694 2186 2774 2240 vel
2803 2185 3112 2239 affectiones
3141 2199 3410 2248 meorum,

1834 2286 2291 2340 commoveantur,
2340 2276 2392 2330 id
2418 2285 2521 2342 est,
2553 2286 2658 2332 ate
2691 2277 2980 2342 recedant,
3021 2276 3330 2330 deﬁcientes
3358 2275 3412 2328 in

1837 2368 2141 2432 tormentis,
2191 2373 2245 2421 et
2277 2368 2356 2422 sic
2382 2369 2581 2422 inimici
2629 2384 2789 2438 super
2831 2383 2914 2423 me
2949 2383 3142 2439 magna
3179 2367 3406 2437 loquan-

1837 2467 1942 2526 tur,
1997 2459 2193 2514 multas
2239 2468 2294 2514 et
2320 2475 2540 2530 magnas
2582 2462 2959 2530 blasphemias.
2992 2462 3059 2514 Et
3085 2476 3270 2514 revera
3298 2461 3412 2515 scio

1834 2550 1959 2620 quia
1993 2549 2305 2605 deﬁcientes
2350 2564 2500 2604 meos
2547 2550 2873 2613 irridebunt,
2939 2551 2983 2605 si
3033 2551 3161 2603 moti
3207 2550 3409 2602 fuerint

1832 2644 1998 2713 pedes
2030 2659 2294 2709 meorum,
2346 2645 2468 2712 quia
2493 2645 2603 2714 jam
2637 2660 2776 2714 εωρο
2824 2645 2947 2698 talia
2978 2643 3242 2698 fecerunt.
3273 2643 3413 2696 Dum

1834 2747 2218 2790 commoventur
2241 2736 2394 2804 pedes
2423 2737 2542 2798 mei,
2573 2753 2727 2804 super
2751 2753 2832 2789 me
2866 2752 3052 2804 magna
3080 2734 3237 2786 locuti
3269 2744 3410 2786 sunt.

1833 2828 1900 2881 Et
1956 2828 2075 2881 ideo
2138 2842 2242 2879 non
2305 2827 2462 2880 habui
2529 2827 2971 2896 redargutiones,
3039 2825 3162 2893 quia
3225 2823 3413 2876 volun-

1837 2917 1972 2973 tarie
2034 2917 2098 2970 ad
2167 2917 2468 2985 passionem
2544 2916 2704 2977 veni,
2772 2931 2877 2968 non
2938 2928 3001 2968 ex
3071 2913 3409 2967 necessitate.

1837 3005 2094 3072 Quoniam
2128 3023 2220 3076 ego
2256 3007 2307 3059 in
2348 3005 2555 3076 ﬂagella
2597 3017 2813 3074 paratus
2849 3020 2994 3067 sum,
3035 3013 3082 3056 et
3121 3005 3223 3057 hoc
3259 3003 3410 3066 ideo,

1834 3098 1957 3166 quia
1985 3097 2135 3151 dolor
2158 3115 2322 3161 meus,
2357 3097 2407 3150 id
2450 3104 2554 3159 est,
2583 3110 2845 3160 meorum,
2887 3109 3045 3163 quem
3096 3093 3295 3147 habent
3345 3107 3410 3146 ex

1836 3189 2262 3258 transgressione
2307 3187 2462 3255 primi
2506 3187 2745 3255 parentis
2799 3197 2852 3241 et
2890 3185 3120 3254 propriis
3161 3183 3415 3238 commis-

1837 3280 1950 3344 sis,
2004 3281 2059 3332 in
2123 3288 2396 3348 conspectu
2452 3294 2564 3331 meo
2634 3293 2872 3347 semper.
2932 3278 3101 3330 donec
3162 3276 3409 3338 doleam,

1838 3369 2283 3438 quemadmodum
2348 3370 2399 3422 in
2452 3378 2740 3437 conspectu
2792 3368 2984 3421 medici
3049 3377 3134 3420 est
3197 3366 3410 3420 vulnus.

1837 3458 1979 3512 Bene
2007 3458 2134 3520 dixi,
2162 3458 2312 3510 dolor
2339 3473 2488 3512 meus
2515 3477 2528 3510 :
2555 3459 2802 3527 quoniam
2833 3455 3180 3526 iniquitatem,
3206 3452 3410 3508 scilicet

1835 3547 2068 3611 illorum,
2115 3564 2283 3600 meam
2327 3547 2646 3600 aunuutiabo
2685 3547 2784 3615 ego
2809 3545 3074 3605 Christus,
3121 3560 3224 3597 non
3260 3544 3406 3598 enim

1838 3639 2172 3708 iniquitatem
2197 3636 2318 3696 feci,
2350 3637 2442 3690 sed
2465 3637 2698 3706 suscepi.
2722 3635 2794 3688 Et
2820 3650 2922 3688 non
2955 3635 3125 3688 solum
3158 3633 3412 3687 nuntiabo

1838 3731 2172 3799 iniquitatem
2193 3743 2312 3782 esse
2334 3742 2531 3791 meam,
2558 3729 2650 3782 sed
2676 3726 2910 3796 cogitabo
2933 3742 3027 3794 pro
3048 3734 3253 3793 peccato
3275 3739 3411 3788 meo,

1835 3821 1887 3874 id
1931 3827 2044 3884 est,
2099 3834 2342 3873 meorum
2391 3818 2639 3871 dolendo.
2679 3817 2750 3869 Ita
2799 3826 2853 3870 et
2883 3826 2935 3869 tu
2979 3816 3205 3884 quisque
3243 3813 3412 3869 ﬁdelis

1835 3911 2049 3965 imitare
2088 3910 2384 3973 Christum,
2439 3923 2544 3961 non
2601 3907 2771 3961 solum
2825 3905 3096 3960 conﬁtere
3132 3912 3410 3973 peccatum

1838 4011 2008 4062 tuum,
2054 4000 2144 4053 sed
2178 3998 2352 4068 cogita.
2389 4006 2447 4050 ut
2491 3996 2690 4051 deleas.
2735 3995 2929 4050 Fluant
2969 3994 3238 4064 lacrymaz,
3284 3994 3414 4046 ﬁant

1833 4093 2182 4160 eleemosyute
2216 4105 2229 4141 :
2269 4087 2498 4159 gaudeat
2541 4102 2743 4157 pauper
2772 4087 2837 4140 de
2864 4095 2953 4140 tuo
2982 4085 3129 4148 dato,
3170 4093 3228 4137 ut
3263 4093 3317 4138 et
3353 4091 3409 4136 tu

1837 4182 2075 4256 gaudeas
2113 4175 2178 4235 de
2210 4180 2299 4234 Dei
2349 4179 2511 4244 dato;
2542 4190 2666 4247 eges
2714 4185 2793 4240 tu,
2833 4184 2956 4246 eget
3002 4173 3132 4238 ille;
3166 4182 3288 4242 eget
3326 4171 3411 4224 ille

1837 4275 1934 4339 tui,
1964 4289 2089 4344 eges
2121 4281 2174 4325 tu
2205 4271 2319 4325 Dei.
2350 4269 2517 4339 Exple
2545 4278 2598 4322 tu
2629 4256 2717 4323 hic
2745 4267 2874 4321 foris
2895 4265 3010 4332 ejus
3040 4265 3410 4333 indigentiam,

1839 4372 1966 4418 utet
1986 4363 2126 4415 Deus
2147 4369 2290 4414 tuam
2315 4359 2623 4412 interiorem
2645 4355 2888 4424 suppleat
2909 4353 3162 4422 inopiam.
3179 4351 3271 4404 Vel
3293 4351 3413 4403 ideo

1837 4468 1993 4519 super
2020 4466 2100 4503 me
2135 4461 2324 4518 magna
2355 4447 2513 4499 locuti
2534 4433 2695 4506 sunt,
2722 4444 2968 4513 quoniam
2997 4459 3088 4510 ego
3116 4441 3168 4493 in
3200 4439 3410 4509 ﬂagella

1837 4550 2052 4610 paratus
2089 4555 2222 4600 sum,
2270 4537 2410 4604 quod
2459 4535 2555 4604 ipsi
2606 4548 2708 4587 non
2735 4540 2942 4600 putant,
2987 4531 3080 4584 sed
3116 4531 3166 4582 iu
3205 4528 3408 4599 ﬂagella

1842 4639 2106 4684 coactum.
2137 4629 2289 4695 Quod
2319 4627 2364 4682 si
2405 4626 2758 4695 intelligerent
2785 4622 3100 4677 obedientite
3129 4619 3426 4689 essequod

1840 4721 2114 4791 ﬂagellor,
2169 4719 2294 4787 quia
2354 4718 2520 4770 Nemo
2576 4715 2710 4769 tollit
2758 4732 2789 4767 a
2839 4731 2919 4768 me
2961 4715 3191 4767 animam
3241 4729 3410 4765 meam

1843 4810 2024 4875 (Joan.
2055 4809 2130 4879 χ),
2155 4822 2258 4861 ιιοιι
2289 4820 2449 4875 super
2472 4821 2556 4860 me
2588 4821 2777 4875 magna
2807 4801 2968 4858 locuti
2996 4813 3195 4858 essent.
3218 4802 3285 4854 In
3313 4804 3411 4870 βαρ

1839 4898 1973 4970 gella
1996 4907 2210 4966 paratus
2232 4912 2368 4959 sum,
2392 4905 2450 4946 ut
2472 4894 2644 4963 patiar
2661 4894 2746 4946 illa
2770 4892 2973 4963 flagella
2995 4907 3112 4961 qua}
3135 4891 3204 4943 illi
3228 4897 3413 4944 essent

1837 4987 2066 5056 passuri.
2092 4985 2254 5051 Quasi
2278 4985 2420 5038 dicat
2446 5001 2458 5036 :
2483 4981 2596 5052 Ego
2617 4985 2669 5035 in
2693 4981 2899 5052 ﬂagella
2919 4993 3136 5051 paratus
3153 4997 3292 5045 sum,
3310 4980 3416 5032 ini-.

1837 5081 1958 5132 mici
1977 5063 2147 5132 autem
2168 5077 2412 5141 mei,tam
2435 5075 2536 5128 mei
2557 5088 2716 5143 quam
2739 5089 3000 5138 meorum,
3035 5073 3228 5133 uiuunt,
3254 5072 3305 5125 id
3326 5077 3416 5124 est

1840 5168 2033 5224 florent
2064 5169 2114 5220 in
2147 5167 2248 5220 hac
2273 5167 2405 5229 vita,
2429 5174 2478 5218 et
2504 5164 2624 5218 ideo
2653 5163 2948 5231 conﬁrmati
2981 5171 3101 5215 sunt
3127 5175 3281 5228 super
3306 5174 3416 5224 nte,_

1843 5260 1894 5313 id
1919 5269 2022 5324 est,
2048 5255 2442 5327 praevaluerunt
2482 5255 2533 5308 in
2567 5269 2726 5309 causa
2750 5253 2878 5307 mihi
2903 5260 2959 5305 et
2987 5251 3120 5304 meis
3149 5258 3413 5317 quantum,

1842 5349 1907 5403 ad
1920 5349 2174 5410 exterius,
2189 5344 2586 5415 prtevaluerunt
2598 5344 2741 5397 enim
2759 5342 2884 5396 mihi
2898 5339 3064 5394 ,ἰυόωὶ
3089 5339 3142 5391 in
3159 5336 3416 5406 passione

1844 5452 1958 5492 mea
1997 5445 2053 5490 et
2102 5436 2254 5499 meis,
2298 5433 2632 5487 verberando
2671 5441 2726 5486 et
2768 5428 3077 5484 occidendo.
3122 5425 3189 5478 Et
3228 5424 3280 5478 in
3322 5425 3414 5479 illa

1844 5524 2251 5580 conﬁrmatione
2273 5520 2602 5590 multiplicati
2624 5530 2766 5581 sunt,
2794 5518 2845 5571 id
2872 5524 2976 5576 est,
3000 5513 3148 5567 multi
3173 5513 3414 5582 inventi;

1842 5615 2021 5686 plures
2063 5615 2204 5670 enim
2255 5613 2377 5666 facti
2428 5621 2552 5664 sunt
2599 5616 2992 5678 persecutores,
3035 5619 3194 5673 quam
3234 5605 3412 5659 imita.

1844 5711 2008 5758 tores.
2041 5701 2141 5768 Qui
2175 5701 2392 5757 oderunt
2429 5717 2506 5752 me
2537 5699 2728 5766 inique.
2760 5695 3033 5762 Quomodo
3070 5696 3244 5766 inique
3279 5695 3410 5749 sub-

1836 5799 2054 5871 jungit:
2087 5798 2189 5863 Qui
2223 5797 2505 5850 retribuam
2551 5789 2690 5844 mala
2739 5805 2830 5853 pro
2869 5787 3036 5849 bonis,
3077 5785 3410 5840 detrahebant
