3930 5510
554 436 656 492 5⁵47

1150 422 1432 492 nemon
1469 430 2122 491 ANTISSIODORENSIS
2161 428 2308 485 opp.
2351 429 2530 486 esus
2562 412 2602 484 ι.
2631 456 2699 469 -μ
2725 428 3132 488 exsomnes.

3687 428 3782 493 SIS

553 551 719 616 mihi;
748 549 851 606 hoc
879 548 1011 620 quid
1030 551 1291 620 nequius?
1321 550 1423 618 Qui
1449 549 1625 604 reddit
1654 548 1792 603 mala
1817 554 1916 617 pro
1946 545 2122 625 malis,
2154 548 2198 604 Α
2231 544 2430 601 inlimis
2454 546 2783 615 cogitantes,
2812 547 2865 601 in
2913 547 3139 603 terrenis
3181 562 3331 618 spem
3366 556 3650 619 ponentes.
3696 548 3782 602 IIic

553 639 729 695 bonus
751 653 857 695 non
877 645 997 705 est;
1027 639 1115 709 qui
1137 653 1243 693 non
1273 638 1449 694 reddit
1469 639 1608 694 bona
1641 652 1740 707 pro
1767 636 1922 692 bonis
1950 636 2132 704 ingra-

555 738 645 785 tus
666 741 777 795 est;
810 730 901 799 qui
928 737 1107 785 autem
1129 728 1268 786 mala
1291 744 1389 800 pro
1412 729 1589 795 bonis,
1614 728 1829 797 iniquus
1849 734 1962 782 est:
1987 724 2129 779 mala

553 834 647 890 pro
704 818 868 882 bonis,
912 818 1095 873 odium
1140 832 1241 887 pro
1278 817 1594 879 dilectione,
1640 815 1993 886 perditionem
2032 828 2129 883 pro

554 909 766 974 salute,
822 918 1050 963 mortem
1101 923 1200 978 pro
1242 909 1382 974 vita;
1450 907 1787 963 detrahebant
1844 906 1972 961 mihi
2023 920 2128 960 non

551 1004 778 1066 propter
808 996 967 1052 aliam
1000 1011 1245 1065 causam,
1273 1000 1379 1053 nisi
1398 998 1524 1070 quia
1547 998 1800 1068 sequebar
1828 997 2128 1063 bonitatem,

554 1085 608 1140 id
633 1092 734 1150 est,
765 1085 889 1154 quia
920 1085 1194 1141 dissimilis
1223 1086 1326 1142 illis
1357 1102 1510 1143 eram
1535 1096 1588 1143 et
1618 1086 1923 1143 contrarius
1955 1086 2131 1156 operi-

551 1175 655 1231 bus
679 1191 887 1231 eorum.
921 1176 1005 1231 Ne
1026 1177 1360 1250 derelinquas
1394 1196 1493 1234 me.
1521 1178 1686 1246 Quasi
1709 1179 1855 1233 dicat
1887 1197 1899 1232 :
1937 1177 2051 1233 Sed
2072 1187 2129 1233 tu

553 1280 625 1321 ne
650 1267 744 1322 des
774 1277 1009 1321 sanctum
1044 1277 1190 1323 tuum
1220 1270 1391 1326 ridere
1428 1270 1809 1340 corruptionem
1834 1267 2008 1341 (Psal.
2031 1269 2127 1340 LI).

466 1366 487 1374 ‘
551 1355 794 1424 Domine,
833 1361 942 1429 per’
964 1361 1212 1431 gratiam,
1245 1361 1384 1416 Deus
1420 1379 1564 1416 meus
1606 1376 1704 1431 per
1737 1371 2004 1416 naturam.
2047 1361 2131 1416 Ne

550 1446 852 1502 discesseris
875 1466 905 1502 a
933 1465 1030 1511 me,
1062 1465 1166 1504 non
1200 1450 1591 1515 resuscitando,
1624 1460 1683 1505 ut
1708 1451 1780 1505 illi
1808 1458 2017 1521 putant,
2047 1450 2132 1504 vel

552 1553 623 1594 ne
651 1539 991 1608 derelinquas
1019 1556 1187 1607 meos,
1227 1542 1400 1597 dando
1426 1533 1782 1597 constantiam
1818 1542 1872 1597 in
1906 1541 2131 1597 tribula-

554 1628 718 1694 tione,
746 1637 802 1683 et
828 1643 895 1683 ne
924 1629 1235 1685 discesseris
1262 1646 1292 1685 a
1320 1631 1455 1686 meis
1480 1630 1758 1687 liberando
1787 1631 1853 1686 ab
1884 1630 2134 1686 inimico-

551 1735 671 1774 rum
695 1721 1054 1777 devocatione.
1074 1723 1140 1777 Et
1159 1732 1214 1778 ut
1236 1739 1302 1779 ne
1317 1724 1678 1796 derelinquas,
1697 1733 1754 1780 ut
1774 1740 1841 1780 ne
1861 1726 2130 1790 discedas,

551 1808 789 1866 Indende
818 1813 872 1866 in
914 1814 1239 1883 adjutorium
1278 1832 1468 1882 meum,
1506 1817 1559 1871 id
1598 1826 1705 1883 est,
1754 1818 1822 1872 da
1869 1818 2127 1872 auxilium

551 1898 727 1956 libero
768 1902 994 1956 arbitrio
1036 1904 1175 1971 quod
1224 1903 1443 1959 dedisti.
1491 1904 1714 1960 Domine
1757 1906 1898 1960 Deus
1944 1906 2130 1962 salutis
2161 1888 2206 1947 Β

551 2005 701 2055 metr,
731 1990 820 2059 qui
864 2006 926 2045 es
958 1992 1217 2048 Dominus
1251 1992 1394 2047 Deus
1421 2009 1516 2063 per
1556 2002 1820 2055 naturam,
1855 1994 2031 2050 factus
2071 2011 2132 2051 es

551 2078 694 2134 Deus
717 2081 905 2137 salutis
924 2095 1021 2150 per
1041 2084 1290 2152 gratiam.
1309 2084 1404 2139 Vel
1428 2101 1531 2139 non
1559 2086 1729 2139 solum
1760 2102 1862 2139 non
1889 2086 2135 2141 discedas

552 2186 583 2223 a
608 2186 692 2225 me
712 2171 949 2237 Christo,
964 2174 1057 2228 sed
1074 2174 1252 2242 potius
1283 2174 1418 2231 facie
1441 2176 1656 2231 intende
1677 2176 1728 2229 in
1744 2192 1830 2231 me
1849 2186 2132 2231 extensum

552 2258 608 2312 in
629 2274 810 2325 cruce,
829 2261 1006 2315 dando
1027 2263 1155 2317 mihi
1174 2265 1644 2320 resurrectionem.
1660 2265 1881 2321 Domine
1896 2267 2033 2322 Deus
2049 2284 2136 2323 sa-

554 2346 677 2401 lutis
698 2364 842 2414 mew,
862 2348 915 2404 id
936 2359 1037 2414 est,
1061 2351 1154 2421 qui
1172 2352 1362 2408 dedisti
1386 2369 1471 2407 me
1490 2354 1622 2409 meis
1641 2363 1913 2410 auctorem
1926 2357 2132 2413 salutis.

1019 2439 1340 2498 PSALMUS
1378 2442 1663 2498 XXXVIII.

750 2544 804 2584 IN
840 2546 999 2584 FINEM
1038 2547 1137 2587 PRO
1174 2548 1425 2599 ιυιτιιυιι,
1468 2549 1735 2589 CANTICUI
1774 2552 1958 2591 DAVID.

626 2635 645 2669 ι
690 2617 808 2673 Dixi
841 2636 858 2673 :
887 2618 1197 2676 Custodiam
1221 2624 1336 2679 vias
1374 2639 1541 2689 meas,
1582 2633 1640 2679 ut
1679 2642 1786 2681 non
1818 2627 2125 2697 delinquam

556 2727 577 2761 ι
620 2709 672 2764 in
723 2710 905 2782 lingua
955 2706 1303 2771 mea.'Posui
1353 2717 1434 2771 ori
1475 2732 1596 2772 meo
1644 2720 1968 2787 custodiam,
2009 2738 2132 2776 cum

554 2819 574 2852 ι
620 2802 944 2860 consisteret
982 2816 1239 2874 peccator
1284 2808 1573 2864 adversum
1624 2824 1729 2865 me.
1782 2809 2037 2868 Obmutui
2075 2822 2129 2869 et

554 2910 574 2944 ι
616 2894 928 2951 humiliatus
970 2912 1112 2963 sum,
1161 2907 1216 2953 et
1258 2898 1382 2954 silui
1412 2915 1442 2953 a
1489 2901 1667 2967 bonis,
1709 2911 1764 2958 et
1802 2903 1953 2958 dolor
1984 2920 2136 2961 meus

560 3001 580 3034 ι
624 2992 913 3039 renovatus
940 2993 1044 3039 est.
1093 2987 1377 3043 Concaluit
1405 3004 1501 3044 cor
1537 3005 1715 3045 meum
1764 2991 1903 3046 intra
1941 3008 2047 3059 me,
2081 3003 2135 3050 et

556 3089 575 3123 ι
621 3072 677 3126 in
700 3073 1052 3130 meditatione
1080 3090 1201 3130 mea
1224 3077 1539 3133 exardescet
1564 3078 1727 3148 ignis.
1750 3078 1984 3135 Locutus
2015 3096 2133 3136 sum

557 3179 578 3214 ι
623 3163 677 3218 in
716 3162 895 3235 lingua
934 3180 1055 3221 mea
1089 3184 1102 3221 :
1131 3166 1327 3224 Notum
1369 3169 1453 3225 fac
1488 3173 1641 3239 mihi,
1685 3175 1932 3243 Domine,
1972 3178 2133 3233 finem

2229 638 2409 707 itaque
2460 637 2796 704 transiliens,
2855 639 3112 694 mundum
3158 648 3535 705 contemnens,
3587 650 3783 695 terrena

2228 730 2406 785 omnia
2434 729 2791 797 conculcans,
2821 731 2984 801 elegit
3022 731 3123 786 sibi
3149 732 3332 786 vivere
3376 733 3430 786 in
3475 731 3783 802 quibusdam

2229 820 2563 891 spiritalibus
2590 821 2818 891 gaudiis,
2863 838 2985 891 quae
3025 823 3218 892 gaudia
3251 823 3303 877 in
3342 824 3447 877 hac
3478 823 3590 876 vita
3626 822 3786 875 adhuc

2229 911 2590 976 manentibus,
2622 912 2855 966 maxime
2883 921 3008 966 sunt
3036 912 3090 966 in
3136 912 3333 966 divinis
3362 911 3686 980 Scripturis,
3712 910 3787 963 ubi

2231 1000 2569 1070 investigatio
2607 1000 2753 1055 utilis
2804 1001 2864 1055 fit
2900 1001 3083 1056 labore
3127 1001 3494 1070 inquisitionis
3519 1008 3578 1055 et
3619 1000 3789 1055 dulce-

2230 1089 2353 1144 dine
2376 1089 2719 1145 inventionis.
2743 1090 2850 1146 Sed
2863 1106 2984 1145 cum
3001 1091 3180 1145 omnia
3198 1091 3468 1145 mundana
3490 1091 3609 1161 jam
3635 1090 3790 1145 calca-

2230 1187 2335 1246 ret,
2351 1195 2536 1235 omnes
2550 1179 2707 1248 hujus
2725 1180 3024 1250 voluptates
3053 1191 3443 1247 contemneret,
3472 1182 3528 1236 in
3553 1180 3673 1236 sola
3692 1181 3794 1251 lege

2230 1271 2446 1336 Domini
2454 1272 2883 1338 meditaretur,in
2904 1288 2966 1328 ea
2984 1273 3095 1329 sola
3110 1272 3492 1337 delectaretur,
3508 1273 3577 1328 de
3591 1287 3663 1334 ea
3687 1271 3791 1326 aliis

2231 1362 2879 1434 frequenterloqueretur,
2894 1363 2960 1418 de
2974 1378 3038 1417 ea
3051 1363 3169 1419 aliis
3183 1365 3437 1433 prodesse
3451 1364 3720 1425 studeret;
3732 1362 3795 1415 ἰιισ

2231 1453 2436 1508 tellexit
2449 1468 2553 1508 non
2569 1454 2640 1509 ibi
2654 1469 2774 1510 esse
2787 1455 3126 1521 morandum,
3140 1456 3233 1510 sed
3249 1456 3425 1511 adhuc
3438 1455 3608 1510 altius
3619 1468 3796 1510 ascea-

2236 1545 2500 1601 dendum:
2539 1546 2667 1616 quia
2714 1548 2893 1603 studio
2943 1548 3150 1603 dicendi
3194 1549 3428 1619 perdidit
3472 1547 3795 1619 diligentiam

2231 1635 2607 1705 cognoscendi.
2626 1636 2692 1690 Et
2721 1652 2843 1692 cum
2865 1637 3070 1692 videret
3102 1653 3302 1708 paucos
3326 1638 3659 1703 imitatores,
3682 1636 3799 1697 mul-

2232 1733 2318 1779 tos
2346 1733 2526 1779 autem
2573 1725 3025 1794 calumniatores,
3077 1736 3132 1783 et
3166 1728 3458 1783 verborum
3498 1736 3796 1789 venatores,

2233 1816 2521 1873 falsitatem
2550 1817 2917 1885 defendentes,
2952 1829 3139 1876 contra
3164 1820 3448 1875 veritatem
3470 1828 3625 1873 stare
3655 1834 3800 1889 para—

2235 1918 2341 1975 tos,
2386 1919 2442 1963 et
2471 1909 2787 1965 assiduitate
2824 1911 3074 1982 loquendi
3122 1909 3339 1966 difficile
3366 1926 3489 1966 esse
3529 1911 3583 1965 in
3635 1911 3799 1980 lingua

2234 2015 2339 2054 non
2371 2000 2583 2064 cadere,
2618 2016 2721 2054 non
2752 2000 2894 2055 enim
2921 2001 3121 2055 frustra
3147 2001 3198 2054 in
3229 2001 3447 2055 homine
3484 2000 3669 2070 posita
3690 2008 3799 2061 est,

2234 2092 2476 2161 periculo
2498 2092 2785 2162 loquendi,
2832 2093 3311 2148 statuitsilentium
3356 2092 3693 2155 remedium,
3728 2091 3797 2145 di-

2235 2197 2365 2237 cens
2398 2197 2616 2236 secum:
2669 2182 2884 2238 Sufficit
2932 2185 3062 2237 mihi
3112 2183 3398 2238 delectatio
3446 2183 3799 2253 intelligentia

2236 2287 2418 2326 coram
2431 2272 2558 2343 peo
2585 2314 2598 2338 ,
2631 2274 2757 2343 quid
2787 2275 2920 2328 mihi
2948 2289 3084 2344 opus
3107 2284 3191 2328 est
3238 2274 3509 2342 captando
3539 2273 3727 2343 loqui,
3756 2282 3801 2326 et

2236 2363 2365 2417 dare
2417 2364 2617 2418 aditum
2641 2363 3144 2419 calumniantibus?
3176 2363 3293 2417 Dixi
3319 2379 3471 2433 ergo,
3501 2362 3799 2418 Custodiam

2235 2456 2353 2509 vias
2385 2470 2551 2509 meas.
2594 2455 2806 2510 Titulus
2848 2458 2903 2510 in
2952 2456 3128 2524 ﬁnem.
3158 2454 3284 2509 Haec
3326 2454 3687 2524 proferuntur
3722 2471 3800 2523 pro

2236 2544 2512 2608 ldithum,
2560 2545 2610 2598 id
2659 2554 2775 2611 est,
2824 2546 2876 2599 in
2927 2560 3158 2615 persona
3204 2544 3582 2599 transilientis.
3632 2544 3700 2598 Et
3734 2552 3802 2597 est

2234 2632 2518 2703 Propheta:
2542 2634 2772 2689 intentio
2801 2635 2856 2689 in
2893 2635 2993 2689 hoc
3018 2634 3226 2705 psalmo
3253 2635 3545 2689 ostendere
3582 2634 3804 2705 qualiter

2234 2722 2414 2778 omnia
2454 2723 2727 2778 mundana
2757 2738 2789 2777 a
2826 2723 3072 2778 fidelibus
3108 2724 3217 2778 sint
3257 2723 3646 2789 transilienda',
3673 2731 3724 2776 et
3747 2722 3803 2774 ad

2235 2828 2392 2883 quem
2421 2813 2742 2869 tendendum
2761 2853 2776 2877 ,
2808 2828 2915 2882 quo
2943 2812 3384 2882 perveniendum.

2307 2902 2463 2967 Dixi,
2508 2903 2559 2957 id
2585 2911 2701 2970 est,
2731 2903 2892 2959 statui
2931 2918 3137 2958 mecum
3166 2912 3221 2959 et
3268 2904 3609 2970 deliberavi,
3649 2915 3804 2960 custo-

2235 2994 2378 3048 diam
2418 2994 2531 3048 vias
2558 3010 2719 3059 meas,
2752 2994 2804 3049 id
2836 3002 2950 3059 cst,
2984 2994 3165 3050 omnia
3203 3008 3367 3065 opera
3397 3010 3518 3050 mea
3551 3005 3608 3049 et
3633 3009 3806 3050 omnes

2236 3098 2427 3139 sensus
2449 3098 2600 3139 meos
2624 3093 2782 3139 caute
2806 3084 3127 3151 observabo,
3151 3085 3285 3141 adeo
3305 3096 3361 3139 ut
3387 3102 3491 3140 non
3512 3086 3807 3155 ἀειὶηῃσιη

2236 3175 2293 3228 in
2317 3174 2496 3245 lingua
2537 3190 2684 3238 mea,
2717 3174 2858 3243 quod
2905 3173 3061 3229 valde
3106 3183 3190 3230 est
3228 3173 3485 3229 difficile:
3533 3174 3803 3230 Perfectus

557 3272 578 3307 ι
620 3230 820 3312 meum:
847 3257 915 3311 Et
957 3274 1239 3316 numerum
1268 3262 1475 3318 dierum
1504 3230 1748 3321 meorum
1775 3230 2133 3336 quise-sit,
2162 3230 2209 3294 Ο
2236 3230 2502 3318 θηίηινθει
2530 3230 2706 3318 omnis
2734 3230 2824 3333 qui
2856 3279 2962 3319 non
2994 3272 3182 3334 peccat
3216 3264 3267 3318 in
3311 3264 3500 3335 lingua
3533 3264 3680 3336 (Jac.
3706 3268 3797 3325 in].

555 3361 577 3397 ι
624 3346 792 3401 sciam
822 3347 950 3417 quid
983 3349 1122 3404 desit
1147 3350 1302 3405 mihi.
1325 3351 1464 3409 Ecce
1483 3356 1873 3412 mensurabiles
1897 3360 2127 3430 posuisti

555 3454 576 3489 ‹
624 3436 742 3492 dies
778 3453 963 3506 meos,
1007 3449 1064 3496 et
1108 3442 1408 3498 substantia
1448 3460 1564 3501 mea
1609 3455 1862 3516 tanquam
1904 3450 2130 3505 nihilum

556 3544 577 3578 ι
620 3535 746 3582 ante
795 3540 868 3583 te.
919 3530 1303 3587 Verumtamen
1349 3534 1599 3590 universa
1647 3536 1898 3603 vanitas,
1955 3540 2132 3595 omnis

555 3634 577 3668 ι
619 3616 783 3672 homo
804 3618 1011 3674 vivens.
1046 3621 1426 3677 Verumtamen
1467 3623 1519 3677 in
1566 3623 1796 3694 imagine
1835 3628 2131 3694 pertransit

558 3723 577 3756 ι
624 3706 810 3771 Ιιοηιο,
837 3709 931 3761 sed
958 3717 1013 3762 et
1039 3707 1240 3765 frustra
1258 3712 1640 3777 _conturbatur.
1674 3713 2048 3782 Thesaurizat,
2075 3725 2131 3772 et

556 3813 577 3847 ι
622 3795 834 3866 ignorat
858 3798 944 3852 cui
968 3803 1316 3871 congregabit
1339 3818 1420 3859 ea.
1446 3804 1512 3859 Et
1534 3821 1676 3862 nunc
1697 3822 1818 3876 qua:
1836 3818 1919 3863 est
1944 3825 2131 3880 exspe-

557 3905 577 3937 ι
621 3888 785 3942 etalio
830 3889 985 3943 mea?
1024 3889 1213 3946 Nonne
1260 3893 1517 3949 Dominus
1563 3904 1619 3950 et
1660 3896 1958 3952 substantia
2008 3914 2126 3954 mea

558 3995 576 4027 ι
620 3979 760 4047 apud
797 3987 849 4032 te
887 3981 1006 4034 est?
1033 3980 1114 4034 Ab
1148 3983 1398 4037 omnibus
1428 3984 1800 4054 iniquitatibus
1826 3989 1962 4044 meis
1998 4004 2129 4045 erue

558 4086 577 4117 ί
623 4083 731 4133 me,
767 4069 1112 4138 opprobrium
1152 4072 1421 4141 insipienti
1471 4074 1663 4130 dedisti
1701 4092 1803 4130 me.
1849 4077 2125 4146 Obmutui,

557 4173 575 4205 σ
615 4164 670 4210 et
692 4171 795 4212 non
817 4158 1002 4226 aperui
1026 4174 1088 4215 os
1108 4175 1316 4216 meum:
1339 4163 1588 4230 quoniam
1630 4173 1683 4218 tu
1717 4164 2128 4225 fecisti:amove

555 4262 574 4294 ι
619 4260 650 4299 a
695 4261 781 4301 me
822 4246 1006 4319 plagas
1046 4257 1183 4305 tuas.
1216 4250 1261 4305 Α
1304 4249 1612 4307 fortitudine
1653 4267 1844 4310 manus
1894 4264 1996 4310 tua:
2027 4272 2127 4328 ego

555 4351 575 4385 α
619 4334 790 4391 defeci
842 4336 897 4391 in
948 4338 1406 4409 increpationibus
1450 4357 1464 4394 :
1516 4351 1739 4412 propter
1786 4344 2123 4413 iniquitatem

553 4443 573 4477 ι
617 4427 927 4499 corripuisti
970 4430 1265 4487 hominem.
1322 4432 1390 4487 Et
1438 4433 1716 4490 tabescere
1758 4435 1935 4491 fecisti
1985 4436 2126 4491 sicut

555 4530 575 4561 ί
617 4528 872 4569 araneam
895 4517 1133 4572 animam
1169 4519 1306 4590 ejus,
1346 4530 1713 4577 verumtamen
1739 4539 1874 4578 vane
1901 4533 2121 4580 contur-

555 4620 573 4651 ι
618 4603 777 4657 batur
800 4605 978 4661 omnis
1012 4609 1193 4662 homo.
1224 4610 1432 4664 Exaudi
1469 4611 1766 4666 orationem
1794 4628 1993 4680 meam,
2017 4614 2122 4670 Do-

555 4690 574 4745 i
617 4696 776 4760 mine,
810 4707 865 4753 et
902 4699 1335 4769 deprecationem
1386 4719 1599 4770 meam;
1648 4706 1868 4761 auribus
1904 4709 2121 4779 percipe

551 4803 572 4836 ‹
618 4785 883 4858 lacrymas
912 4805 1078 4846 meas.
1127 4792 1204 4845 Ne
1250 4795 1433 4860 sileas,
1478 4794 1731 4864 quoniam
1774 4796 1979 4853 advena
2020 4814 2122 4868 ego

559 4894 578 4927 ι
620 4892 737 4932 sum
784 4881 922 4947 apud
963 4890 1015 4935 te
1061 4891 1115 4936 et
1154 4886 1491 4954 peregrinus,
1534 4886 1673 4941 sicut
1713 4902 1901 4943 omnes
1942 4897 2123 4958 patres

558 4984 578 5015 ε
619 4981 741 5021 met.
767 4967 998 5024 Remitte
1017 4972 1170 5036 mihi,
1187 4982 1247 5027 ut
1266 4972 1556 5044 refrigercr
1573 4975 1884 5045 priusquam
1907 4977 2119 5045 abeam,

554 5073 574 5106 ι
618 5067 673 5111 et
700 5058 928 5129 amplius
958 5077 1062 5115 non
1097 5078 1212 5119 ero.
1253 5084 1273 5117 ι

1116 5154 1562 5211 ΕΝΛΒΒΑΤΙΟ.

619 5239 981 5296 Ilistorialitcr
1036 5242 1169 5297 nihil
1213 5244 1266 5299 in
1310 5245 1415 5300 hoc
1451 5245 1654 5315 psalmo
1689 5246 1867 5316 agitur
1906 5249 1972 5304 de
2021 5249 2124 5304 ItIl-

2150 4576 2202 4635 ~D

2232 3353 2338 3420 Qui
2362 3354 2583 3408 custodit
2619 3354 2854 3424 linguam
2895 3371 3076 3417 suam,
3128 3355 3349 3408 custodit
3390 3355 3629 3408 animam
3663 3370 3797 3408 suam

2231 3439 2563 3512 (Proudxxr).
2585 3440 2683 3495 Et:
2707 3441 2895 3498 Cultus
2911 3443 3153 3514 iustitia,
3172 3442 3445 3497 silentium
3468 3451 3525 3497 et
3544 3458 3653 3512 pax
3676 3442 3795 3513 (lu.

2230 3536 2425 3605 xxm).
2467 3534 2570 3589 Et:
2622 3535 2811 3606 Eloqui
2847 3552 2935 3591 me
2982 3536 3227 3607 poenitet,
3272 3544 3458 3590 tacere
3506 3550 3795 3604 nunquam.

2230 3624 2296 3679 Et
2324 3634 2445 3694 post
2474 3624 2907 3683 deliberationem
2931 3628 3081 3696 posui
3106 3618 3185 3679 ori
3211 3641 3324 3680 meo
3347 3626 3648 3680 custodiam
3666 3665 3685 3689 ,
3706 3639 3795 3677 non

2226 3722 2446 3784 propter
2463 3714 2653 3781 bonos,
2676 3716 2769 3770 sed
2795 3732 2911 3769 cum
2940 3717 3235 3770 consisteret
3267 3728 3511 3786 peccator
3532 3715 3795 3773 adversus:

2226 3819 2342 3869 me,
2402 3803 2456 3859 id
2489 3811 2605 3869 est,
2642 3819 2760 3859 cum
2817 3804 3174 3859 calumniator
3213 3813 3384 3860 staret
3403 3822 3527 3860 cum
3565 3808 3689 3862 aliis
3738 3806 3795 3859 ad

2227 3894 2580 3959 audiendum,
2614 3910 2718 3951 non
2746 3905 2805 3950 ut
2834 3895 3140 3950 imitaretur
3175 3896 3217 3950 si
3248 3911 3352 3966 qua
3375 3896 3517 3951 bona
3546 3899 3758 3953 audiret
3778 3937 3791 3959 ,

2227 3984 2320 4039 sed
2362 3984 2636 4039 adversum
2663 4001 2772 4050 me,
2803 3984 2853 4039 id
2897 3993 3009 4050 est,
3038 3994 3257 4056 paratus
3283 3985 3605 4042 calumniari
3633 3992 3677 4043 si
3702 4004 3797 4058 qua

2226 4073 2434 4128 audiret
2475 4074 2812 4144 pmnitenda:
2870 4082 2965 4128 aut
3008 4090 3130 4128 cum
3180 4075 3480 4147 intelligere
3522 4079 3792 4148 nequivit,

2227 4162 2428 4218 diceret
2455 4177 2541 4218 me
2567 4164 2698 4219 nihil
2727 4164 2924 4219 dicere.
2966 4163 3234 4218 Obmutui.
3281 4163 3506 4221 Timens
3531 4168 3788 4222 malorum

2226 4255 2546 4310 calumniam
2596 4257 2740 4311 inter
2765 4271 3056 4312 conservos
3081 4257 3283 4313 cibaria
3318 4271 3423 4311 non
3454 4259 3757 4327 dispensari
3776 4297 3790 4319 ,

2226 4360 2347 4399 cum
2367 4345 2498 4399 mihi
2522 4345 2723 4399 credita
2745 4354 2891 4400 esset
2913 4345 3261 4416 dispensatio.
3293 4346 3362 4400 Et
3394 4346 3518 4402 ideo
3539 4348 3788 4407 obmutui,

2225 4435 2349 4506 quia
2396 4434 2526 4490 foris
2570 4451 2675 4489 non
2723 4438 2938 4508 erogavi
2964 4476 2979 4502 ,
3015 4438 3157 4492 intus
3196 4454 3227 4493 a
3277 4437 3511 4492 Domino
3554 4439 3793 4508 accipere

2226 4539 2330 4579 non
2358 4524 2551 4578 merui.
2584 4525 2792 4580 Dictum
2818 4535 2901 4581 cst
2937 4527 3010 4582 illi
3034 4541 3191 4582 servo
3228 4527 3319 4597 qui
3359 4526 3574 4582 Domini
3606 4528 3685 4583 sui
3706 4542 3789 4581 ac—

2226 4623 2438 4685 ceptum
2485 4614 2740 4670 talentum
2776 4632 3003 4687 erogare
3027 4618 3231 4672 timuit:
3264 4617 3462 4688 Ligatis
3490 4622 3728 4673 nianibus
3748 4628 3788 4669 et

2223 4707 2460 4777 pedibus,
2473 4706 2660 4761 mittite
2672 4724 2788 4761 eum
2802 4709 2854 4762 in
2867 4708 3100 4763 tenebras
3116 4710 3396 4763 exteriores
3414 4709 3632 4780 (Matth.
3649 4710 3786 4778 xxv).

2226 4797 2282 4851 Si
2317 4807 2492 4851 autem
2526 4796 2600 4850 IIII
2635 4798 2713 4852 sic
2733 4799 2945 4865 dicitur,
2973 4799 3062 4868 qui
3104 4814 3207 4853 non
3239 4798 3339 4853 fuit
3366 4814 3561 4853 cursor
3584 4799 3649 4852 ad
3678 4813 3788 4866 per-

2225 4889 2488 4956 dendum,
2534 4890 2629 4945 sed
2669 4905 2801 4959 puer
2830 4892 3279 4963 ad_erogandum,
3330 4893 3460 4961 quid
3509 4892 3615 4946 illis
3650 4894 3788 4946 dice-

2229 4988 2331 5043 tur,
2363 4979 2453 5047 qui
2497 4988 2772 5050 acceptum
2800 4982 3057 5036 talentum
3097 4983 3369 5036 luxuriose
3398 4982 3630 5037 vivendo
3670 4998 3785 5051 per-

2225 5072 2391 5125 dunt?
2432 5072 2484 5126 id
2511 5082 2624 5138 est,
2655 5075 2929 5127 scientiam
2963 5088 3121 5143 quam
3149 5090 3180 5127 a
3219 5074 3444 5127 Domino
3472 5082 3784 5143 acceperunt

2223 5159 2497 5215 luxurioso
2536 5162 2647 5216 otio
2675 5162 2952 5215 dederunt.
2995 5162 3061 5215 Et
3089 5162 3394 5216 humiliatus
3426 5179 3565 5227 sum,
3599 5164 3652 5217 id
3673 5170 3780 5222 est,

2223 5251 2471 5306 afflictus.
2498 5251 2569 5304 Et
2616 5252 2733 5305 ideo
2762 5250 3014 5316 afflictus,
3044 5253 3166 5321 quia
3201 5251 3325 5306 silui
3356 5270 3388 5306 α
3429 5253 3575 5306 bonis
3598 5291 3614 5316 ,
3645 5252 3781 5323 quod

550 5327 725 5404 thum,
756 5328 848 5398 qui
888 5328 992 5384 fuit
1021 5346 1160 5385 unus
1181 5330 1247 5387 de
1285 5332 1392 5387 illis
1418 5334 1659 5401 quinque
1684 5348 1821 5402 quos
1843 5336 2122 5391 constituit
2221 5355 2327 5395 non
2361 5339 2553 5394 debui:
2595 5349 2642 5393 et
2669 5340 2744 5393 sic
2768 5339 2918 5395 dolor
2943 5357 3086 5394 meus
3117 5351 3394 5395 renovatus
3441 5352 3558 5407 est;
3603 5351 3660 5395 ut
3694 5340 3780 5410 qui

546 5415 712 5466 David
738 5431 1099 5472 “raecenlores
1131 5424 1454 5484 psalmorum
1485 5423 1537 5468 tl
1593 5422 1700 5464 PM
1751 5426 1878 5462 um
1932 5428 2023 5460 Ma
2054 5442 2117 5456 ι.-
