3930 5416
86 447 209 507 3£9

1224 457 1755 519 ENARIMTIONES
1794 462 1861 518 IN
1892 462 2227 521 PSALMOS.

3247 464 3349 518 550

85 581 416 620 mensuram
447 565 629 622 darem
651 609 664 632 ,
696 570 903 624 tacendi
954 583 1020 624 ne
1058 571 1214 625 malis
1257 572 1431 629 locum
1476 576 1678 630 calum-
1704 581 1751 638 Α
1780 586 1949 642 ctum,
1979 579 2071 632 sed
2104 578 2481 642 imminutum;
2512 577 2653 632 hunc
2680 574 2809 629 mihi
2838 575 3092 640 ostende,
3116 583 3350 630 mentem

86 657 314 731 niandi.
338 661 720 727 concederem,
752 659 1024 733 Concaluit
1071 680 1160 717 cor
1185 681 1354 718 meum
1390 668 1527 719 intra
1555 683 1635 720 me
1656 707 1673 733 ,

87 748 145 800 id
170 756 294 812 est,
323 750 486 818 capit
506 765 625 805 esse
646 751 943 821 inquietum
969 768 1061 807 cor
1084 769 1284 819 meum,
1305 754 1672 811 conflictatum

87 838 249 894 intus
279 841 495 909 gemino
534 843 745 907 calore,
788 845 995 913 positus
1024 845 1163 899 inter
1190 862 1283 900 eos
1328 848 1419 916 qui
1470 848 1674 901 calum-

88 927 237 980 niari
268 930 444 998 parati
473 939 654 996 erant,
683 941 738 987 et
763 947 857 988 eos
875 934 967 1003 qui
996 932 1317 990 aﬁ’ectabant
1344 937 1565 997 instrui,
1596 936 1679 990 ai-

87 1018 330 1089 ﬁigebar
358 1021 410 1074 in
455 1030 713 1092 utroque:
747 1025 799 1078 in
848 1025 951 1089 his,
1005 1040 1073 1079 ne
1109 1025 1426 1095 projicerem
1471 1044 1683 1096 marga-

90 1111 242 1165 ritas
291 1122 418 1167 ante
466 1129 696 1183 porcos;
746 1116 799 1169 in
856 1116 992 1181 illis,
1038 1131 1105 1171 ne
1150 1132 1431 1188 erogarem
1478 1118 1681 1172 cibaria

90 1206 408 1260 conservis.
451 1206 702 1261 Videbam
752 1208 1073 1274 insensatos,
1114 1216 1168 1263 et
1214 1224 1320 1264 non
1347 1211 1635 1279 arguebam
1663 1249 1678 1273 ,

90 1305 150 1350 et
192 1311 287 1351 me
334 1297 413 1353 sic
461 1306 723 1354 tacentem
774 1300 920 1355 zelus
979 1302 1166 1356 domus
1212 1310 1316 1355 tute
1368 1302 1685 1356 comedebat

96 1386 286 1457 (Psal.
318 1388 529 1460 vant).
548 1390 614 1443 Et
637 1391 687 1444 in
714 1392 815 1445 hoc
835 1400 969 1446 testu
992 1392 1091 1445 etsi
1126 1391 1293 1444 multa
1316 1391 1681 1455 transilierim,

92 1480 341 1549 cogitavi
385 1490 561 1535 tamen
620 1483 796 1537 adhuc
830 1482 993 1537 altius
1024 1482 1420 1537 ascendendum
1458 1496 1576 1536 esse
1633 1488 1687 1534 et

94 1571 461 1639 qurerendum
490 1572 741 1626 tutiorem
770 1572 966 1627 locum.
997 1573 1061 1626 Et
1093 1574 1147 1626 in
1196 1573 1285 1627 illa
1316 1589 1429 1625 mea
1469 1572 1686 1624 medita-

96 1663 247 1715 tione
274 1662 578 1715 exardescit
607 1663 763 1732 ignis,
799 1663 851 1716 id
896 1670 1011 1727 est,
1064 1662 1329 1731 quoddam
1360 1661 1684 1715 desiderium

95 1750 354 1802 accendit
376 1764 471 1803 cor
496 1764 669 1803 meum
691 1750 1045 1820 cognoscendi
1071 1750 1231 1805 ﬁnem
1255 1766 1451 1804 meum.
1478 1750 1544 1802 Et
1570 1756 1689 1817 post

96 1839 436 1893 desiderium
468 1838 668 1892 locutus
704 1856 818 1892 sum
846 1842 898 1892 in
925 1842 1103 1909 lingua
1133 1856 1271 1905 mea,
1305 1855 1409 1893 non
1447 1840 1494 1893 ci
1526 1854 1685 1907 quem

1782 684 1954 723 meam
1999 669 2064 721 ad
2121 669 2263 723 hunc
2301 669 2514 739 dirige:
2566 667 2966 736 comparatione
3021 666 3162 720 enim
3212 666 3354 721 illius

1780 761 1920 831 quod
1951 772 2066 826 est,
2109 762 2390 817 attendens
2422 762 2523 816 ista
2566 776 2686 831 quae
2719 776 2823 815 non
2854 761 2930 815 ita
2961 768 3117 823 sunt,
3156 769 3210 814 et
3235 758 3355 829 plus

1780 852 1966 907 videns
1997 853 2127 907 mihi
2153 854 2338 908 deesse
2362 868 2522 922 quam
2550 854 2770 915 adesse,
2802 866 2897 905 ero
2920 850 3173 904 humilior
3194 863 3259 902 ex
3290 862 3355 901 eo

1781 944 1922 1013 quod
1951 944 2136 1008 deest,
2177 958 2337 1012 quam
2379 943 2571 997 elatior
2597 958 2661 996 ex
2699 958 2765 996 eo
2794 942 2935 1011 quod
2963 942 3135 996 adest.
3187 938 3353 1005 Quasi

1783 1034 1928 1087 dicat
1958 1051 1972 1087 :
2010 1034 2077 1088 Et
2112 1049 2299 1089 revera
2327 1034 2478 1089 deest
2520 1035 2649 1088 mihi
2678 1035 2744 1089 ad
2787 1034 3185 1103 perfectionem.
3222 1031 3357 1084 Ecce

1782 1122 2154 1178 mensurabiles
2204 1126 2423 1193 posuisti
2493 1126 2602 1179 dies
2643 1142 2804 1189 meos,
2845 1125 2898 1179 id
2941 1133 3025 1179 est
3071 1124 3263 1178 breves
3301 1129 3359 1175 et

1785 1213 1892 1267 cito
1921 1222 2279 1269 transeuntes.
2311 1214 2435 1269 Dies
2485 1232 2644 1277 meos,
2699 1216 2749 1269 id
2784 1222 2892 1276 est,
2926 1229 3060 1284 quos
3089 1228 3189 1283 ego
3234 1226 3355 1267 mea

1786 1303 1941 1371 culpa
1969 1304 2098 1357 mihi
2129 1304 2517 1359 mensurabiles
2562 1304 2660 1358 feci
2689 1320 2702 1357 :
2742 1320 2863 1359 cum
2902 1312 3082 1357 essent
3109 1318 3137 1356 a
3171 1311 3221 1357 te
3247 1300 3358 1356 dati

1787 1394 1902 1448 sine
1930 1408 2202 1447 mensura.
2230 1392 2299 1445 Et
2324 1410 2427 1447 non
2460 1393 2633 1448 solum
2675 1393 2788 1446 dies
2818 1390 3205 1445 mensurabiles
3232 1388 3357 1442 facti

1788 1492 1950 1548 sunt,
1999 1484 2090 1538 sed
2135 1484 2425 1537 substantia
2456 1500 2568 1536 mea
2592 1523 2605 1546 ,
2644 1497 2802 1551 quam
2835 1481 2921 1535 hic
2962 1481 3163 1542 habeo,
3196 1493 3356 1545 quam

1788 1573 1920 1628 mihi
1950 1587 2013 1626 ex
2050 1573 2215 1626 nihilo
2243 1574 2433 1627 dedisti
2463 1613 2476 1636 ,
2505 1583 2750 1640 tanquam
2781 1568 2996 1622 nihilum
3039 1578 3119 1621 est
3145 1578 3263 1619 ante
3292 1576 3359 1627 te,

1790 1664 1842 1718 id
1867 1672 1947 1718 est
1970 1704 1986 1729 ,
2025 1666 2091 1718 ad
2122 1664 2577 1733 comparationem
2619 1662 2761 1715 illius
2801 1660 3112 1715 substantia:
3142 1667 3195 1710 et
3223 1657 3366 1709 illius

1790 1755 2145 1820 claritudinis,
2190 1769 2349 1823 quam
2381 1753 2664 1807 habiturus
2691 1766 2809 1806 sum
2838 1750 2891 1803 in
2929 1748 3213 1817 praesentia
3253 1755 3363 1799 tua.

1803 1843 2163 1898 Verumtamen
2197 1846 2433 1898 universa
2460 1844 2660 1897 vanitas
2700 1842 2865 1895 omnis
2893 1842 3044 1893 homo
3092 1840 3281 1901 vivens,
3317 1836 3365 1889 id

95 1931 401 1993 emdifem.
436 1931 526 1984 sed
556 1945 583 1983 1|
610 1945 715 1999 quo
740 1932 1012 1995 erudirer;
1051 1932 1103 1983 in
1132 1930 1311 1999 lingua
1338 1947 1474 1994 mea,
1503 1930 1552 1983 id
1576 1938 1688 1996 est,
1719 1950 1765 2009 Β
1793 1942 1875 1988 est
1903 1973 1917 1999 ,
1964 1933 2211 2002 quamvis
2240 1933 2371 1986 nihil
2402 1933 2470 1985 sit
2496 1972 2509 1995 ,
2547 1941 2723 1985 tamen
2753 1930 2917 1984 miser
2944 1930 3102 1982 homo
3132 1928 3231 1981 hoc
3258 1940 3360 1978 non

96 2020 155 2073 in
196 2019 383 2089 lingua
415 2020 607 2081 cordis,
639 2020 719 2074 vel
765 2022 817 2073 in
847 2036 1094 2075 sermone
1141 2020 1271 2074 mihi
1300 2021 1639 2075 convenienti
1672 2060 1687 2086 ,

98 2109 339 2180 quijam
388 2112 502 2164 hzec
552 2113 820 2165 mundana
875 2112 1262 2177 transilieram,
1320 2113 1433 2166 haec
1482 2112 1691 2167 locutus

98 2216 252 2255 sum.
292 2201 489 2256 Notum
518 2204 643 2255 mihi
669 2203 753 2271 fac
774 2244 788 2267 ,
816 2203 1065 2268 Domine,
1101 2204 1257 2272 ﬁnem
1298 2221 1499 2258 meum:
1530 2204 1691 2258 ﬁnem

101 2293 231 2348 sine
275 2294 383 2347 ﬁne
404 2334 418 2357 ,
464 2310 566 2347 non
595 2310 810 2349 cursum
850 2311 1060 2358 meum,
1092 2305 1150 2349 ut
1177 2311 1282 2351 non
1309 2296 1595 2365 respiciam
1624 2296 1691 2350 ad

102 2401 171 2440 ea
212 2400 339 2454 qua:
372 2384 485 2452 jam
535 2387 830 2451 transilivi,
880 2388 972 2441 sed
1003 2388 1069 2440 ad
1111 2403 1173 2441 ea
1222 2388 1545 2457 prospiciam
1575 2402 1693 2455 quae

102 2486 345 2532 restant.
396 2477 680 2532 Transilivi
718 2478 827 2545 jatn
866 2479 1060 2541 multa,
1098 2487 1152 2533 et
1192 2480 1311 2533 veni
1363 2479 1413 2532 in
1446 2478 1692 2547 quaedam

104 2570 343 2623 meliora
395 2569 479 2623 his
501 2585 618 2638 qua:
642 2570 901 2623 transilivi
921 2611 935 2634 ,
974 2571 1067 2624 sed
1096 2579 1263 2624 restat
1292 2570 1466 2624 adhuc
1492 2584 1598 2639 quo
1626 2568 1696 2623 sit

108 2653 555 2715 ascendendum.’
587 2658 774 2714 Nullus
822 2660 964 2715 enim
1020 2660 1069 2712 in
1122 2660 1219 2713 hac
1252 2660 1357 2712 vita
1402 2658 1692 2726 perfectus,

108 2752 203 2806 cui
234 2752 413 2805 adhuc
448 2750 587 2805 desit
611 2766 717 2820 quo
743 2751 1035 2805 ascendere
1074 2750 1270 2819 possit;
1302 2749 1425 2803 audi
1463 2748 1692 2818 Aposto-

110 2839 269 2891 lum:
314 2837 552 2902 Fratres,
585 2854 684 2908 ego
728 2854 812 2892 me
854 2840 1088 2893 nondum
1117 2838 1355 2891 arbitror
1384 2837 1686 2906 apprehen-

110 2930 267 2984 disse
301 2925 466 2998 (Phil.
498 2928 603 2999 ιιι).
651 2927 822 2983 Unum
849 2936 1026 2983 autem
1073 2944 1190 2996 quae
1230 2936 1375 2981 retro
1408 2933 1532 2981 sunt
1556 2924 1694 2979 obli-

109 3019 356 3080 viscens,
390 3019 443 3071 in
473 3019 742 3073 anteriora
770 3034 853 3074 me
877 3019 1189 3078 extendens,
1207 3018 1497 3073 secundum
1522 3017 1696 3071 inten-

114 3111 327 3163 tionem
385 3122 585 3178 sequor
637 3109 703 3163 ad
773 3110 1005 3178 palmam
1073 3123 1317 3179 supernae
1378 3106 1695 3161 vocationis.

114 3199 245 3253 ldeo
277 3199 381 3252 iste
408 3198 713 3253 transiliens
734 3199 895 3253 dicit:
930 3197 1128 3251 Notum
1160 3197 1285 3250 mihi
1314 3196 1421 3266 fac,
1450 3195 1690 3260 Domine,

1793 2023 2042 2077 attendit.
2096 2020 2278 2075 Omnis
2318 2022 2471 2073 Immo
2498 2021 2690 2083 vivens,
2719 2018 2771 2073 id
2812 2027 2931 2082 est,
2980 2017 3154 2070 omnis
3206 2015 3365 2067 homo

1792 2114 1977 2168 vivens
2006 2112 2297 2167 secundum
2327 2111 2597 2165 hominem
2618 2150 2632 2173 ,
2664 2110 2715 2163 id
2737 2116 2851 2173 est,
2884 2109 2936 2161 in
2965 2105 3183 2175 eoquod
3206 2106 3366 2158 homo

1792 2212 1896 2267 est,
1929 2217 2034 2257 non
2061 2202 2113 2255 in
2144 2216 2207 2255 eo
2230 2201 2371 2269 quod
2416 2201 2592 2268 imago
2618 2198 2711 2251 Dei
2748 2207 2859 2260 est,
2886 2204 2965 2250 est
2997 2196 3232 2247 universa
3278 2208 3368 2245 va-

1794 2294 1953 2357 nitas,
1997 2292 2050 2345 id
2085 2299 2205 2355 est,
2238 2289 2529 2344 laborando
2559 2287 2785 2341 incurrit
2808 2284 3176 2340 onmimodam
3218 2281 3369 2335 vani-

1795 2393 1959 2438 tatem
2010 2383 2202 2436 animae
2257 2392 2311 2435 et
2354 2380 2634 2449 corporis;
2686 2378 2811 2446 quia
2854 2385 2907 2430 et
2957 2375 3157 2445 cogitat
3194 2380 3249 2426 et
3291 2370 3370 2423 la-

1793 2477 1951 2531 borat
1980 2476 2032 2528 in
2064 2474 2328 2537 terrenis,
2363 2487 2481 2541 quze
2532 2470 2597 2524 ad
2645 2468 2866 2523 nihilum
2915 2467 3157 2519 tendunt.
3207 2460 3368 2527 Quasi

1796 2566 1937 2620 dicat
1964 2582 1975 2616 :
2010 2564 2074 2617 Et
2107 2578 2213 2617 non
2256 2563 2387 2617 adeo
2412 2570 2554 2615 esset
2584 2560 2801 2623 mirum,
2830 2558 2874 2611 si
2913 2559 3072 2611 homo
3103 2553 3253 2607 vanis
3278 2551 3370 2604 de-

1797 2654 1960 2720 ditus,
1992 2653 2079 2707 diu
2128 2653 2181 2706 in
2222 2652 2327 2705 illis
2351 2658 2729 2721 permaneret;
2762 2659 3133 2707 verumtamen,
3182 2643 3233 2697 id
3264 2648 3369 2705 est,

1795 2744 1920 2799 licet
1936 2745 2006 2797 sit
2026 2744 2176 2796 homo
2200 2741 2511 2795 multimoda
2536 2740 2758 2798 vanitas,
2778 2740 2834 2791 in
2855 2738 3079 2805 imagine
3102 2742 3368 2804 pertrans-

1796 2834 1854 2898 it,
1889 2834 1941 2887 id
2001 2841 2107 2898 est,
2143 2832 2220 2886 sic
2258 2831 2365 2886 cito
2389 2830 2502 2884 haec
2526 2829 2703 2882 omnia
2735 2842 2871 2880 vana
2899 2825 3115 2888 deserit,
3147 2832 3203 2874 ut
3238 2822 3372 2873 ima-

1798 2940 1865 2996 go
1896 2924 2108 2979 transiit
2127 2924 2179 2976 in
2208 2922 2442 2991 speculo.
2478 2918 2836 2973 Consideravit
2870 2912 3007 2970 'enim
3033 2931 3107 2978 se,
3133 2922 3179 2966 et
3208 2910 3369 2972 abiit,

1797 3024 1845 3067 et
1864 3014 2039 3068 statim
2064 3011 2251 3065 oblitus
2281 3022 2353 3065 est
2390 3008 2559 3080 qualis
2585 3008 2742 3076 fuerit
2771 3006 2908 3075 (Jac.
2943 3006 3004 3075 ι).
3040 3002 3145 3057 Sed
3193 3010 3373 3053 tamen

1798 3103 1964 3159 miser
1992 3102 2170 3166 homo,
2197 3101 2300 3156 hoc
2330 3116 2432 3154 non
2465 3097 2766 3159 attendens,
2786 3094 2984 3163 frustra
3012 3088 3371 3144 conturbatur.

1799 3194 1977 3249 Timet
1992 3194 2093 3246 hoc
2107 3207 2209 3246 non
2226 3190 2526 3259 acquirere,
2548 3188 2699 3241 timet
2715 3185 2939 3255 perdere
2959 3200 2970 3235 :
2992 3190 3043 3235 et
3057 3179 3376 3234 sollicitatur

117 3289 284 3356 ﬁnem
308 3303 512 3355 meum,
538 3288 589 3341 id
613 3297 696 3341 est
723 3297 797 3352 te,
827 3287 964 3340 ultra
986 3301 1143 3354 quem
1166 3301 1269 3339 non
1296 3293 1378 3339 est
1403 3284 1697 3353 quidquam
1726 3314 1773 3377 ο
1802 3281 1985 3337 multis
2015 3281 2189 3335 modis
2228 3294 2324 3349 pro
2349 3292 2437 3343 se,
2482 3293 2582 3345 pro
2622 3289 2821 3338 uxore,
2852 3287 2948 3341 pro
2985 3270 3125 3323 ﬁliis.
3162 3267 3375 3320 Revera

120 3377 568 3433 desiderandum.
620 3378 867 3443 Domine,
898 3376 1107 3431 ostende
1163 3376 1306 3429 nobis
1356 3372 1610 3438 Patrem,
1651 3380 1699 3425 et

117 3473 325 3541 sufﬁcit
342 3472 487 3525 nobis
512 3471 691 3542 (Joan.
730 3470 863 3541 xw),
888 3470 938 3523 id
966 3478 1069 3533 est,
1103 3468 1188 3523 fac
1218 3483 1304 3522 me
1332 3477 1383 3521 le
1410 3464 1581 3519 solum
1612 3478 1702 3518 co-

119 3577 393 3634 gnoscere
432 3562 499 3615 ad
529 3561 973 3624 desiderandum,
1015 3566 1074 3612 ut
1111 3557 1286 3612 omnis
1318 3570 1433 3609 mea
1476 3552 1703 3608 intentio

123 3654 197 3707 ad
226 3662 280 3706 te
313 3651 726 3721 promerendum
769 3651 1045 3713 intendat,
1074 3658 1127 3703 et
1157 3647 1481 3701 desiderium
1524 3658 1702 3698 meum

120 3758 399 3814 nusquam
426 3751 684 3809 moretur,
713 3745 883 3797 donec
907 3744 973 3797 ad
996 3750 1050 3797 te
1077 3742 1378 3811 perveniat,
1412 3740 1536 3809 quia
1570 3738 1621 3793 in
1652 3746 1705 3792 te

122 3836 247 3891 solo
297 3845 381 3889 est
427 3835 699 3889 beatitudo
739 3849 862 3888 vera
917 3842 971 3889 ct
1008 3833 1263 3903 perfecta.
1297 3832 1361 3885 Et
1402 3830 1448 3884 si
1478 3828 1703 3883 multum

121 3923 383 3993 proﬁciat
413 3924 589 3987 homo,
622 3939 883 3992 nusquam
915 3933 1092 3976 tamen
1142 3922 1493 3985 cessandum,
1533 3918 1706 3973 donec

122 4013 197 4067 ad
247 4012 398 4066 illum
444 4013 602 4066 ﬁnem
648 4013 1009 4082 perveniatur.
1062 4010 1157 4064 Vel
1206 4010 1360 4077 linem
1410 4025 1614 4072 meum,
1652 4005 1704 4061 id

122 4111 233 4166 est,
254 4103 472 4156 modum
501 4102 747 4171 loquendi
772 4111 826 4156 et
854 4102 1070 4155 modum
1097 4100 1335 4164 tacendi,
1359 4098 1479 4167 quia
1505 4108 1705 4165 tempus

124 4192 381 4262 loquendi
414 4201 461 4245 et
507 4201 704 4259 tempus
749 4192 952 4245 tacendi
993 4189 1187 4260 (Eccle.
1226 4188 1329 4258 ιιι).
1364 4188 1426 4240 Et
1458 4201 1705 4239 numerus

127 4286 341 4359 dierum
370 4299 601 4337 meorum
622 4283 735 4353 quis
757 4293 849 4346 est,
878 4283 931 4336 id
955 4290 1059 4346 est,
1088 4280 1309 4335 ostende
1334 4278 1461 4332 mihi
1506 4292 1609 4330 non
1641 4273 1707 4328 ad

127 4374 420 4430 scientiam
441 4413 457 4437 ,
486 4374 579 4427 sed
608 4374 675 4427 ad
719 4372 1103 4442 experientiam
1124 4410 1139 4434 ,
1186 4368 1561 4425 certitudinem
1592 4365 1709 4419 illo-

126 4479 253 4517 rum
284 4463 523 4525 dierum,
551 4463 604 4516 id
631 4470 748 4526 est,
775 4462 916 4516 illius
939 4459 1255 4514 mternitatis
1278 4472 1397 4526 qua:
1424 4464 1508 4510 est
1537 4456 1590 4508 in
1618 4454 1709 4507 illo

134 4554 248 4607 ﬁne
290 4552 381 4621 qui
424 4568 680 4606 numerus
718 4560 799 4607 est
823 4592 837 4615 ,
880 4551 1005 4619 quia
1032 4558 1113 4603 est
1142 4548 1353 4601 illorum
1381 4546 1589 4600 dierum
1616 4542 1706 4611 qui

127 4659 238 4698 non
288 4650 546 4712 pereunt,
595 4656 699 4695 non
744 4639 912 4694 ﬂuunt
961 4653 1056 4708 per
1102 4646 1381 4705 tempora:
1438 4633 1572 4697 fuit,
1622 4631 1707 4685 vel
1734 4674 1784 4731 Β

126 4736 276 4797 erit;
324 4735 417 4789 sed
462 4736 571 4798 est,
622 4748 833 4802 semper
877 4732 928 4785 in
978 4731 1081 4784 illis
1128 4737 1229 4791 est,
1268 4727 1377 4791 vel,
1413 4724 1703 4779 secundum

128 4828 297 4881 aliam
328 4827 684 4890 sententiam,
711 4841 814 4894 qua
845 4824 1078 4878 diximus
1110 4821 1326 4875 modum
1376 4815 1625 4886 loquendi
1656 4822 1709 4869 et

130 4918 356 4970 modum
407 4914 658 4979 tacendi,
711 4914 935 4968 ostende
988 4911 1118 4965 mibi
1170 4922 1452 4963 numerum
1503 4906 1709 4958 dierum

130 5023 383 5063 meorum
407 5046 423 5071 ,
475 5006 527 5059 id
563 5015 681 5071 est,
721 5003 1211 5074 compensationem
1260 4998 1402 5053 illius
1430 4982 1711 5066 ~temporis

131 5098 278 5166 quod
308 5110 436 5148 vere
464 5102 548 5148 est
574 5136 588 5157 ,
620 5104 675 5148 nt
703 5094 859 5162 hujus
903 5090 1337 5160 compensatione
1372 5088 1538 5141 sciam
1583 5085 1713 5154 quid

130 5186 468 5257 loquendum
513 5185 611 5247 sit,
660 5196 713 5239 et
746 5185 965 5255 quibus,
1004 5190 1059 5237 et
1098 5181 1226 5251 quid
1271 5194 1415 5234 non:
1456 5177 1538 5232 vel
1582 5177 1716 5232 doce

135 5295 225 5333 me
253 5291 479 5344 semper
523 5278 735 5330 tendere
764 5277 831 5330 ad
876 5274 995 5327 illos
1031 5274 1143 5328 dies
1176 5271 1265 5340 qui
1296 5278 1455 5336 sunt,
1504 5276 1563 5322 ut
1595 5266 1712 5324 illo-

132 5382 258 5416 vnn]
291 5364 728 5412 ρηπηῃριιαειιίῃηρ
760 5377 860 5406 ηιιη
888 5360 1056 5398 nihilo
1102 5360 1293 5396 dnan
1330 5354 1547 5392 nnir‘nni
1573 5357 1584 5378 '
1621 5370 1682 5380 ὀι-

1802 3386 1959 3436 vane,
2018 3370 2144 3440 quia
2206 3368 2559 3431 thesaurizat,
2616 3374 2661 3419 et
2711 3364 2915 3432 ignorat
2962 3361 3044 3413 cui
3096 3370 3377 3425 congrega-

1803 3462 1874 3515 bit
1898 3478 1980 3527 ea,
2024 3459 2148 3529 quia
2194 3459 2428 3513 incertus
2450 3464 2531 3510 est
2555 3455 2621 3510 de
2658 3451 2772 3521 ejus
2801 3451 2910 3505 vita
2937 3449 3019 3504 cui
3051 3451 3370 3515 congregat:

1804 3549 1969 3605 miser
2021 3562 2128 3602 non
2197 3545 2423 3600 attendit
2480 3559 2640 3613 quam
2702 3543 2809 3597 cito
2845 3541 2912 3594 ab
2971 3539 3085 3607 ipsa
3140 3535 3378 3588 vanitate

1805 3639 2036 3703 decidat,
2068 3636 2178 3692 imo
2220 3635 2287 3689 de
2334 3635 2648 3706 posteritate
2689 3633 2907 3702 cogitat.
2932 3628 3144 3683 Aliter:
3197 3624 3376 3691 Quan—

1805 3743 1967 3798 quam
2013 3728 2194 3781 omnia
2238 3726 2508 3780 mundaua
2553 3722 2933 3785 transilierim,
2978 3719 3158 3771 inﬁma
3202 3713 3379 3768 calca-
3452 3774 3460 3780 υ

1806 3819 1995 3881 vcrim,
2026 3816 2077 3869 in
2102 3816 2215 3870 sola
2244 3816 2359 3883 lege
2385 3813 2479 3867 Dei
2518 3810 2925 3866 delectationem
2965 3805 3241 3865 habuerim
3261 3841 3275 3864 ,
3324 3800 3377 3853 in

1806 3908 2166 3978 dispensando
2215 3906 2492 3960 Dominico
2547 3902 2743 3956 talento
2782 3899 3041 3953 sollicitus
3079 3895 3151 3948 fui
3185 3911 3198 3947 :
3234 3901 3287 3946 et
3326 3892 3378 3945 in

1807 3999 1894 4054 illa
1916 3997 2313 4067 dispensatione
2340 3993 2624 4056 fructuavi,
2650 3991 2804 4059 ﬁnem
2833 3990 2997 4041 etiam
3020 3985 3107 4054 qui
3136 3984 3253 4038 sine
3279 3982 3383 4034 ﬁne

1806 4098 1908 4155 est,
1932 4087 2172 4158 qutesivi,
2191 4101 2459 4139 numerum
2484 4084 2685 4136 dierum
2704 4095 2931 4133 meorum
2954 4076 3090 4130 scire
3108 4070 3345 4126 laboravi
3366 4086 3380 4133 ;

1810 4182 1900 4237 ubi
1931 4182 2000 4235 sit
2025 4194 2151 4233 vera
2183 4177 2439 4241 essentia,
2473 4173 2695 4244 cognovi
2728 4188 2743 4226 :
2774 4177 3120 4224 verumtamen
3146 4162 3383 4233 quandiu

1810 4274 1865 4328 in
1913 4274 2018 4327 hoc
2067 4271 2280 4326 mortali
2328 4282 2553 4338 corpore
2603 4266 2745 4327 vivo,
2796 4259 3032 4330 quandiu
3082 4271 3147 4309 ne
3196 4255 3384 4307 cadam

1809 4365 2017 4428 laboro,
2048 4362 2282 4431 quandiu
2330 4361 2469 4413 bona
2511 4365 2566 4410 et
2613 4353 2750 4408 mala
2781 4366 2896 4405 mea
2942 4350 3143 4401 incerta
3191 4342 3385 4402 habeo,

1809 4455 2048 4507 universa
2067 4430 2283 4505 ivanitas
2314 4464 2453 4514 sum,
2495 4452 2751 4515 quantum
2785 4441 2851 4494 ad
2880 4454 2940 4493 ea
2968 4452 3086 4507 qua:
3129 4434 3227 4488 sub
3275 4430 3387 4485 sole

1809 4544 2002 4607 habeo,
2042 4558 2147 4595 non
2178 4554 2296 4608 quae
2322 4551 2483 4607 supra
2511 4535 2699 4590 solem.
2728 4530 2861 4584 Nam
2904 4529 3068 4581 omnis
3107 4525 3259 4577 homo
3301 4522 3388 4575 hic

1808 4632 1999 4694 vivens,
2047 4630 2157 4683 sive
2187 4628 2474 4690 inhaerens,
2520 4624 2634 4679 sive
2680 4618 3111 4691 pertransiliens,
3154 4621 3237 4669 est
3269 4611 3389 4664 uni-

1808 4737 1955 4774 versa
1985 4719 2203 4774 vanitas.
2237 4715 2376 4769 Dicit
2404 4712 2756 4767 Ecclesiastes
2787 4727 2800 4761 :
2836 4707 3052 4761 Vanitas
3077 4706 3385 4763 vanitatum,

1809 4822 1856 4865 et
1883 4810 2054 4866 omnia
2092 4809 2316 4862 vanitas.
2348 4805 2484 4870 Quid
2525 4804 2675 4857 liabet
2713 4800 2932 4870 amplius
2969 4799 3020 4851 in
3061 4795 3205 4851 omni
3241 4808 3389 4861 opere

1811 4912 2273 4970 suo,qutecunque
2294 4896 2496 4949 laborat
2520 4895 2670 4947 homo
2687 4891 2780 4945 sub
2813 4889 2918 4942 sole
2947 4886 3140 4958 (Eccle.
3167 4884 3238 4953 t)?
3262 4882 3388 4967 sub-

1811 4995 1955 5065 jacet
1984 4992 2126 5047 enim
2152 4989 2349 5045 merito
2375 4988 2578 5057 peccati
2612 4982 2934 5040 multimoda:
2965 4977 3216 5037 vanitati;
3249 4971 3394 5037 cupit

1820 5089 1964 5144 enim
1992 5085 2249 5147 dormire,
2276 5082 2522 5154 vigilare,
2551 5078 2747 5136 esurit,
2772 5072 2900 5131 silit,
2930 5080 2982 5124 ct
3005 5080 3193 5124 caetera
3217 5062 3395 5129 hujus-

1821 5176 1985 5241 modi,
2015 5190 2132 5243 qua:
2160 5150 2505 5227 omnia‘vana
2530 5177 2675 5222 sunt.
2720 5161 3076 5215 Verumtamen
3102 5158 3153 5206 in
3176 5150 3397 5243 imagine

1821 5234 2096 5336 pertransit
2123 5263 2300 5327 homo,
2334 5260 2384 5313 id
2417 5263 2517 5320 est,
2547 5250 2795 5325 quamvis
2823 5248 2875 5299 in
2907 5247 2989 5298 his
3017 5253 3132 5312 qua:
3161 5236 3257 5290 sub
3288 5234 3400 5286 sole

1824 5332 1913 5376 "A-‘
2307 5345 2616 5392 ---‘-’~Mnt:
2654 5352 2832 5391 tamen
2885 5334 2935 5385 in
2968 5332 3051 5384 his
3087 5340 3203 5395 qua:
3238 5336 3398 5389 supra
