3978 6402
588 446 690 503 551
1237 446 1493 504 REMIGII
1530 438 2183 502 ANTISSlODORENSlS
2218 436 2370 496 OPP.
2409 438 2610 497 PARS.
2641 441 2683 494 Ι.
2706 470 2773 480 -
2796 438 3204 499 EXEGETICA.
3720 451 3810 506 352

590 559 663 612 sit
705 572 869 627 supra
914 556 1102 623 solem,
1148 559 1299 613 et'in
1346 568 1408 613 ea
1452 576 1557 614 non
1605 556 1880 627 subjaceat
1911 553 2157 617 vanitati,
2187 558 2236 617 Α
2262 552 2317 606 in
2344 552 2451 607 vita
2480 570 2574 608 sua
2599 552 3023 625 projicitintima
3048 572 3166 623 sua,
3190 557 3256 612 ad
3282 558 3683 617 similitudinem
3709 582 3722 617 :
3751 567 3812 619 si-

591 654 771 701 tamen
801 662 1025 716 corpore
1044 647 1144 703 sub
1168 646 1280 702 sole
1307 656 1413 713 est,
1437 657 1492 702 et
1509 648 1639 717 ideo
1662 660 1800 701 vane
1824 643 2163 699 conturbatur
2262 647 2356 693 cut
2376 654 2595 706 aranea,
2624 642 2967 712 producendo
2996 644 3182 700 intima
3210 660 3329 713 sua,
3351 650 3623 718 componit
3648 649 3815 723 fragile

592 736 770 790 omnis
797 736 977 791 homo.
1014 736 1374 801 Thesaurisat,
1407 747 1454 790 et
1486 739 1692 805 ignorat
1723 736 1808 788 cui
1835 731 2159 804 congregabit
2261 744 2397 797 opus
2425 740 2480 786 et
2505 732 2555 785 in
2583 732 2699 802 ipso
2725 747 2888 803 opere
2917 735 3171 790 moritur:
3197 738 3278 793 sic
3301 738 3482 798 homo.
3511 740 3814 810 projiciendn

592 846 675 892 ea,
698 837 757 884 ut
780 846 961 899 supra.
983 828 1053 885 Et
1079 848 1238 895 nunc,
1257 846 1374 901 qua:
1392 840 1465 884 est
1490 830 1803 901 exspectatio
1824 844 1937 883 mea
1953 829 1978 880 ?
1997 825 2161 892 Quasi
2262 819 2449 873 intima
2479 835 2577 875 sua
2597 861 2614 887 ,
2653 822 2707 876 id
2744 832 2828 878 est
2845 863 2860 887 ,
2904 825 3200 883 amittendo
3225 829 3660 896 rationalitatem,
3694 837 3814 901 quod

593 919 789 975 dicat:
831 923 966 989 Quia
1012 922 1126 991 jam
1174 922 1356 979 omnia
1401 923 1515 976 haec
1555 930 1733 975 mente
1776 918 2055 977 transilivi.
2106 916 2161 970 in

2262 911 2554 966 maximum
2592 914 2774 980 habet,
2799 917 2978 971 studet
2999 918 3051 973 in
3080 919 3165 975 his
3189 922 3532 986 transitoriis,
3562 922 3615 975 in
3645 925 3814 992 quibus

593 1011 808 1066 caducis
848 1027 995 1081 spem
1036 1027 1142 1067 non
1188 1012 1365 1081 posui,
1402 1027 1522 1081 qum
1551 1019 1637 1066 est
1679 1025 1807 1079 ergo
1833 1006 2164 1078 exspectatio
2262 1000 2371 1055 cito
2394 1003 2638 1058 moritur.
2693 1003 3080 1074 Verumtamen,
3119 1008 3171 1063 id
3199 1017 3303 1077 est,
3336 1013 3585 1080 quamvis
3622 1028 3722 1068 non
3751 1013 3814 1067 la-

591 1102 753 1157 mea?
803 1103 992 1158 Nonne
1033 1103 1332 1157 Dominus?
1376 1102 1592 1159 Scilicet
1644 1103 1698 1157 in
1746 1117 1855 1172 quo
1908 1099 2039 1154 nihil
2080 1106 2164 1154 est
2264 1101 2372 1147 teat
2400 1102 2547 1149 tanta
2575 1095 2875 1160 calamitas.
2911 1107 3087 1155 tamen
3127 1118 3259 1155 vane
3300 1105 3643 1159 conturbatur
3673 1108 3815 1161 omnis

591 1204 810 1256 vanum,
857 1192 992 1247 nihil
1038 1193 1430 1247 transitorium.
1483 1192 1691 1247 Revera
1737 1191 2017 1256 Dominus,
2069 1188 2162 1258 qui
2262 1185 2437 1250 homo.
2478 1187 2530 1241 id
2572 1197 2689 1253 εει,
2719 1189 2865 1244 Circa
2903 1190 3019 1246 11ωο
3048 1207 3185 1247 Villia
3224 1193 3545 1249 Sollicitatur
3573 1210 3690 1263 quae
3727 1196 3817 1250 cito

592 1280 735 1334 dedit
762 1282 936 1336 utista
955 1291 1331 1347 contemnam,
1348 1282 1498 1337 dabit
1526 1280 1961 1352 seipsum.Quasi
1986 1279 2159 1334 dicat:
2265 1284 2581 1332 transeunt:
2606 1279 2788 1345 omnis
2832 1280 3016 1347 homo,
3048 1281 3100 1336 id
3127 1292 3229 1347 est,
3265 1284 3500 1339 humane
3531 1285 3729 1351 vivens.
3762 1286 3816 1340 Et

590 1369 781 1424 Merito
811 1380 864 1425 te
903 1372 1188 1428 Dominum
1225 1381 1481 1441 exspecto
1518 1381 1999 1436 remuneratorem,
2036 1372 2163 1440 quia
2263 1374 2323 1419 ιιι
2359 1381 2460 1437 ego
2485 1383 2589 1423 non
2619 1369 2698 1423 sic
2734 1370 3027 1426 conturber
3049 1411 3065 1436 ,
3091 1374 3283 1425 exaudi
3320 1374 3612 1428 orationem
3642 1392 3813 1439 uicani,

589 1462 881 1517 substantia
912 1479 1023 1517 mea
1054 1464 1192 1532 apud
1218 1474 1267 1517 te
1297 1474 1393 1530 est,
1425 1463 1477 1518 id
1507 1473 1612 1528 est,
1647 1478 1828 1517 veram
1869 1462 2163 1529 essentiam
2264 1452 2504 1521 Domine.
2541 1455 2738 1511 faciam
2766 1472 2864 1527 pro
2901 1462 3297 1527 perseverantia
3325 1462 3619 1528 virtutum.
3661 1473 3706 1517 ει
3743 1466 3816 1518 ἀε-

589 1567 857 1622 nusquam
887 1556 1059 1610 habeo
1085 1557 1189 1611 nisi
1220 1557 1272 1610 in
1305 1565 1376 1623 te,
1396 1558 1459 1611 id
1488 1566 1589 1623 est,
1623 1558 1675 1612 in
1706 1557 1991 1626 praesentia
2024 1567 2114 1610 tua
2144 1572 2160 1612 :

2261 1548 2608 1616 precationem
2632 1566 2819 1613 meam,
2850 1566 2948 1621 pro
2979 1554 3217 1621 peccatis
3238 1555 3585 1611 commissis:
3624 1558 3812 1610 auribus

589 1642 714 1710 quia
744 1651 799 1698 tu
827 1644 972 1699 solus
999 1660 1081 1710 cs,
1108 1655 1165 1701 et
1192 1646 1368 1702 nullus
1390 1656 1493 1710 est,
1518 1647 1620 1703 nisi
1652 1647 1747 1702 tibi
1769 1646 2070 1709 adhaerens.
2097 1645 2160 1700 Et

2261 1638 2486 1706 percipe,
2514 1639 2567 1693 id
2593 1651 2696 1705 est,
2719 1642 2940 1698 ostende
2966 1652 3017 1697 te
3046 1644 3369 1714 percepisse,
3395 1644 3660 1716 lacrymas
3676 1662 3813 1712 nicas,

589 1741 648 1784 nt
675 1733 889 1788 tandem
945 1751 1063 1790 mea
1100 1737 1399 1795 substantia
1425 1737 1566 1807 apud
1595 1724 1647 1793 te
1680 1739 1775 1805 sit,
1822 1738 1888 1792 ab
1925 1736 2160 1792 omnibus

2263 1726 2317 1781 id
2342 1738 2447 1793 est,
2475 1728 2804 1800 lacrymosas
2825 1746 3035 1801 preces.
3068 1733 3153 1788 Ne
3187 1734 3372 1800 sileas,
3409 1735 3462 1791 id
3493 1744 3607 1801 est,
3633 1751 3696 1791 ne
3724 1737 3809 1790 ira-

586 1824 947 1894 iniquitatibus
986 1829 1109 1881 meis
1150 1844 1272 1883 erue
1308 1846 1408 1894 me,
1443 1846 1550 1887 non
1590 1829 1764 1886 solum
1804 1832 1872 1886 ab
1905 1829 1991 1886 his
2026 1845 2157 1900 quas

2267 1825 2378 1873 tum
2403 1826 2453 1873 te
2475 1820 2605 1875 mihi
2635 1822 2921 1887 ostendas,
2944 1823 3070 1893 quia
3101 1824 3360 1880 iratorum
3398 1826 3729 1881 dominorum
3749 1836 3814 1881 est

530 1970 533 1973 Α
580 1915 693 1983 iam
727 1918 1007 1980 "ausum,
1042 1935 1108 1974 ne
1152 1920 1205 1974 ίη
1251 1936 1344 1977 eas
1371 1922 1637 1987 ηνοινπ,
1682 1921 1776 1977 sed
1817 1921 1886 1976 ab
1928 1921 2015 1977 his
2041 1899 2163 1991 ξιυω
2193 1899 2236 1959 Β
2265 1908 2425 1963 silere
2451 1928 2464 1964 :
2503 1910 2624 1965 ideo
2653 1911 2759 1966 noli
2789 1927 2820 1966 a
2857 1928 2942 1967 me
2973 1914 3145 1970 iratus
3167 1915 3444 1982 recedere,
3476 1916 3716 1984 quoniam
3738 1931 3812 1985 ego

586 2016 790 2063 restant
819 2011 1137 2064 necessitate
1165 2012 1297 2065 vite-
1316 2010 1503 2066 Nullus
1527 2012 1667 2065 enim
1705 2012 1842 2066 adeo
1869 2010 2157 2081 perfectus,

2261 2016 2376 2053 sum
2406 2001 2547 2067 apud
2580 2012 2629 2056 te
2669 2011 2877 2057 tantum
2900 2003 2987 2058 hic
3015 2006 3213 2060 advena
3243 2014 3291 2059 et
3313 2006 3639 2076 peregrinus,
3661 2004 3709 2058 id
3728 2015 3809 2067 est,

584 2102 713 2167 quin
742 2115 805 2154 ex
833 2102 1067 2156 humana
1090 2103 1401 2157 conditione
1429 2104 1715 2158 contrahat
1734 2103 1942 2172 aliquas
1966 2103 2162 2173 iniqui-
2260 2108 2356 2149 ens
2383 2094 2523 2163 almd
2566 2102 2618 2149 ιθ
2654 2094 2707 2148 ίη
2740 2110 2854 2164 Spes
2902 2095 3139 2167 ίηίθηίῧο
3165 2112 3251 2153 me
3276 2098 3366 2152 hic
3388 2110 3512 2152 esse
3542 2097 3808 2152 advcmmi

586 2197 740 2242 tates.
771 2187 831 2243 Si
860 2190 1145 2244 dixerimus
1172 2192 1297 2259 quia
1324 2202 1593 2261 peccatum
1629 2209 1731 2247 non
1761 2192 2031 2257 habemus,
2060 2193 2159 2263 ipsi
2259 2185 2387 2253 qni“
2418 2186 2505 2240 hic
2552 2202 2657 2241 ηοη
2694 2187 2867 2243 habeo
2891 2198 3195 2244 manenlem
3225 2189 3533 2255 είνίιθιθηι,
3572 2190 3662 2244 sed
3693 2188 3810 2253 illi“-

583 2294 675 2332 nos
696 2280 1012 2345 seducimus,
1034 2293 1082 2335 et
1111 2284 1299 2336 veritas
1330 2283 1383 2336 in
1414 2284 1561 2337 nobis
1588 2301 1689 2338 non
1719 2294 1795 2338 est
1831 2283 1881 2354 (Ι
1910 2285 2071 2339 Joan.
2094 2285 2157 2357 ι).
2260 2290 2374 2329 ram
2403 2275 2616 2346 inquiro
2646 2277 2834 2348 (Hebr.
2867 2279 3008 2349 xui).
3042 2279 3108 2333 Et
3133 2296 3237 2335 non
3270 2285 3443 2341 solum
3483 2281 3704 2344 advena.
3734 2279 3806 2347 qui

581 2367 754 2425 Aliter
797 2390 809 2425 :
854 2371 1095 2444 Intelligo
1136 2373 1521 2443 perfectionem
1570 2391 1778 2439 meam,
1829 2376 2068 2448 intelligo
2104 2385 2152 2433 el

2260 2366 2326 2420 de
2348 2381 2515 2437 prope
2536 2378 2712 2437 potest
2737 2385 2875 2435 esse,
2903 2371 2996 2426 sed
3023 2372 3360 2443 peregrinus,
3387 2372 3482 2442 qui
3512 2373 3724 2426 multum
3742 2382 3806 2427 est

582 2458 1040 2528 imperfectionem
1069 2481 1083 2516 :
1118 2463 1461 2534 imperfectus
1505 2482 1647 2533 sum,
1688 2469 1814 2539 quia
1842 2469 2077 2524 nondum
2105 2480 2153 2525 te

2259 2466 2537 2513 remotus:
2577 2460 2709 2514 sicut
2738 2476 2913 2515 omnes
2950 2472 3124 2528 patres
3164 2463 3284 2527 mei,
3330 2462 3541 2518 scilicet
3565 2462 3806 2518 intellexe-

581 2552 934 2619 apprellendi,
966 2554 1016 2607 in
1039 2570 1146 2624 quo
1168 2565 1251 2610 est
1271 2556 1528 2626 perfectio
1550 2575 1687 2615 mea.
1712 2559 2011 2626 Perfectus,
2030 2563 2152 2632 quia

2258 2556 2387 2604 runt
2429 2551 2753 2619 patriarchae
2788 2559 2844 2606 et
2885 2553 3159 2622 prophetae
3182 2562 3239 2608 et
3267 2553 3520 2625 apostoli.
3552 2554 3617 2608 Et
3649 2562 3700 2608 ut
3725 2567 3804 2621 ego

579 2642 691 2697 scio
714 2644 838 2712 quid
861 2647 988 2701 mihi
1012 2649 1151 2702 desit
1176 2668 1187 2701 ;
1214 2649 1333 2705 ideo
1355 2666 1485 2722 rogo
1505 2664 1564 2706 ut
1584 2669 1669 2708 me
1689 2669 1849 2709 eruas
1873 2657 1942 2710 ab
1963 2655 2150 2726 iniqui-

2291 2640 2396 2708 Pud
2427 2649 2478 2697 te
2501 2642 2699 2710 possim
2730 2656 2871 2707 esse,
2899 2645 3097 2698 remitte
3120 2645 3245 2699 mihi
3266 2658 3285 2697 :
3324 2645 3539 2702 intensa
3572 2655 3687 2701 sunt
3708 2659 3801 2713 pec-
3858 2712 3862 2717 _

579 2734 780 2790 tatibus
817 2737 1229 2807 impedientibus
1274 2751 1333 2795 ut
1373 2744 1655 2811 pervenire
1692 2746 1913 2815 possim.
1956 2744 2150 2815 Oppro-

2257 2739 2377 2784 cata
2404 2747 2553 2797 mea;
2581 2733 2675 2787 sed
2714 2748 2778 2787 ea
2804 2733 2986 2788 relaxa
3018 2736 3356 2803 dimittenda,
3388 2747 3446 2791 ut
3475 2738 3732 2807 refrigerer
3747 2736 3799 2788 ab

578 2824 746 2878 brium
786 2828 1049 2898 insipienti
1073 2830 1264 2885 dedisti
1303 2848 1404 2887 me.
1438 2833 1517 2887 Tu
1545 2851 1685 2900 erue,
1712 2835 1836 2904 quia
1880 2844 1934 2891 tu
1966 2836 2149 2891 dedisti

2256 2833 2389 2878 aestu
2418 2825 2670 2879 vitiorum
2701 2825 2755 2879 in
2783 2826 3151 2893 conscientia;
3190 2827 3258 2883 da
3297 2828 3431 2883 mihi
3474 2827 3796 2884 testimonium

576 2930 660 2969 nte
697 2919 1031 2986 opprobrium
1067 2923 1354 2990 insipienti,
1383 2923 1435 2976 id
1463 2932 1566 2989 est,
1606 2926 1734 2994 quia
1761 2936 1832 2990 to,
1870 2941 1975 2980 non
2008 2927 2147 2982 aliud

2256 2912 2409 2969 bonae
2447 2915 2814 2981 conscientiae,
2841 2917 3147 2987 priusquam
3185 2918 3395 2983 abeant,
3442 2918 3497 2977 id
3537 2926 3634 2982 est,
3676 2931 3794 2971 recc.

575 3014 761 3072 quaero
797 3021 812 3060 :
855 3009 980 3076 quia
1023 3024 1087 3063 ea
1131 3027 1251 3079 qua:
1299 3027 1404 3066 non
1454 3015 1717 3077 videntur,
1765 3030 1923 3083 spero
1957 3033 1970 3068 :
2014 3017 2154 3071 risus
2255 3003 2379 3088 dan}
2414 3007 2482 3060 ³1)
2509 3008 2607 3061 hac
2636 3010 2744 3062 Vita
2770 3047 2785 3071 ν
2830 3006 2914 3062 vel
2955 3008 3259 3079 ρνίιιειιααηι
3300 3010 3519 3075 “immo
3561 3008 3742 3065 δείιίεθί
3772 3022 3796 3059 ³

576 3090 754 3148 factus
774 3110 893 3149 sum
925 3098 1205 3165 insipienti,
1236 3101 1288 3154 id
1318 3110 1423 3166 est,
1452 3101 1526 3156 illi
1552 3104 1647 3172 qui
1683 3105 1910 3159 terrenis
1938 3112 1993 3159 et
2015 3120 2155 3175 prae-
2256 3105 2330 3161 te.
2359 3098 2411 3152 ill
2442 3113 2547 3167 quo
2574 3107 2654 3153 est
2689 3114 2806 3157 mea
2842 3098 3162 3179 substantia.
3187 3100 3319 3156 Nam
3349 3102 3394 3156 si
3437 3100 3796 3170 irrel'rigeralus

576 3180 818 3237 sentibus
843 3193 1046 3240 tantum
1062 3190 1277 3257 gaudet,
1294 3190 1346 3244 in
1365 3189 1602 3246 futurum
1626 3193 1726 3249 sibi
1751 3209 1855 3249 non
1877 3196 2119 3265 providet
2133 3193 2223 3265 εἰ,
2254 3189 2460 3253 abiero,
2481 3188 2705 3260 ᾱηῳιὶιιε
2724 3207 2829 3245 non
2844 3206 2964 3246 ero:
2987 3192 3127 3247 sicut
3148 3193 3235 3248 hic
3260 3193 3721 3263 temporaliternon
3737 3190 3794 3244 iui

575 3270 660 3326 vel
686 3273 819 3329 satis
854 3278 1148 3345 permisisti
1177 3287 1234 3333 ut
1268 3296 1441 3337 essem
1469 3284 1815 3355 Opprobrium
1852 3287 2146 3357 insipienti,

2219 3249 2223 3307 ί
2258 3276 2310 3330 in
2333 3293 2460 3332 vero
2488 3293 2626 3345 esse,
2652 3280 2722 3334 ita
2755 3294 2853 3335 nec
2868 3289 2988 3350 post
3010 3291 3216 3350 tempus
3236 3297 3330 3337 ero
3355 3282 3410 3337 in
3436 3280 3790 3338 veraesscutia.

573 3363 805 3421 sufﬁciat
853 3369 945 3424 tibi
990 3370 1271 3429 hactenus.
1317 3373 1483 3446 Cupio
1526 3377 1739 3432 dissolvi
1784 3389 1830 3433 et
1876 3396 1985 3433 esse
2029 3388 2167 3434 cum'
2756 3369 3076 3427 PSALMUS
3114 3370 3353 3427 XXXIX-

578 3453 782 3511 Cltristo
809 3456 975 3529 (Phil.
1006 3462 1046 3531 ι)
1074 3480 1088 3515 :
1118 3463 1202 3517 vel
1231 3465 1351 3520 ideo
1377 3482 1519 3532 erue,
1550 3469 1676 3538 quia
1718 3477 1777 3524 ut
1803 3470 1929 3523 erui
1957 3471 2149 3541 dignus
2661 3476 2712 3514 ’Ν
2759 3474 2919 3515 “NW
2969 3474 3203 3521 ηλικιυῦ
3244 3478 3427 3517 θείνω-

573 3548 746 3600 essem
762 3550 1092 3617 approbrium
1108 3554 1366 3621 insipienti
1379 3556 1567 3611 dedisti
1584 3575 1686 3625 nte,
1706 3568 1761 3614 et
1780 3575 1878 3631 ego
1892 3562 2144 3628 obmutui,

2312 3569 2347 3601 ,ι
2380 3550 2709 3621 Exspectans
2763 3555 3073 3622 exspectavi
3126 3556 3447 3621 Dominum,
3499 3565 3555 3611 et
3601 3552 3789 3610 intendit

578 3634 629 3687 in
677 3636 823 3690 nullo
860 3636 1188 3695 contradixi.
1238 3643 1332 3696 Vel
1367 3645 1432 3698 ad
1480 3647 1582 3701 hoc
1620 3652 1760 3717 quod
1798 3652 1959 3714 dixit,
2013 3655 2149 3709 satis

2262 3657 2280 3689 ι
2318 3639 2470 3693 mihi.
2507 3640 2573 3694 Et
2611 3641 2883 3696 exaudivit
2909 3639 3099 3712 preces
3136 3656 3305 3708 meas,
3342 3655 3394 3700 et
3419 3646 3603 3700 eduxit
3635 3640 3787 3698 mede

574 3727 904 3793 opprobrium
928 3730 1190 3798 insipienti
1211 3731 1513 3801 dedistimc,
1537 3739 1669 3794 satis
1693 3740 1943 3804 obmutui,
1971 3751 2017 3794 et
2046 3759 2148 3796 non
2263 3747 2279 3778 ¹
2312 3726 2432 3783 iac"
2458 3728 2689 3783 misel’ia‘
2730 3739 2785 3783 el
2814 3731 2879 3785 de
2910 3730 3020 3786 Ῑυίυ
3045 3731 3209 3789 filv’CiS-
3251 3732 3317 3791 Ει
3346 3734 3536 3789 εῑθῑιιὶι
3558 3747 3699 3802 supra
3717 3745 3786 3798 Pc‘

572 3812 756 3879 aperui
791 3830 848 3867 os
875 3831 1043 3869 nteum
1070 3818 1137 3873 ad
1174 3824 1673 3891 contradicentlutn,
1695 3837 1749 3883 et
1777 3829 1916 3883 hanc
1942 3831 2147 3898 paticn-
2260 3840 2277 3872 ί
2316 3828 2454 3876 ῑΐεὶῐη
2484 3824 2648 3892 Pedes
2673 3838 2839 3889 meos.
2873 3835 2928 3881 ei
2959 3828 3155 3881 dirimit
3180 3842 3396 3898 SI‘CSSUS
3435 3840 3599 3884 ηιθοὸ-
3629 3826 3683 3881 El
3706 3825 3783 3878 ill"

575 3900 703 3954 tiam
732 3903 892 3960 habui
916 3922 1019 3963 non
1046 3924 1111 3964 ex
1138 3926 1239 3974 me,
1267 3913 1359 3967 sed
1379 3917 1625 3984 quoniam
1648 3928 1703 3970 tu
1725 3918 1914 3986 fecisti,
1943 3921 2146 3975 scilicet

2258 3929 2278 3962 ι
2310 3911 2455 3965 misit
2496 3913 2550 3965 in
2593 3929 2655 3968 os
2698 3930 2875 3969 meum
2898 3917 3166 3971 canticum
3212 3933 3409 3973 novum
3455 3930 3660 3972 carmen
3702 3913 3784 3966 Deo

572 3993 985 4061 tnepatientem,
1011 3998 1170 4060 Deus,
1196 4002 1582 4070 itlcoobmutui,
1608 4008 1802 4075 quiatu
1823 4010 1992 4077 fecisti
2013 4011 2143 4065 mihi
2258 4019 2278 4052 ι
2312 4012 2516 4058 nostro.
2546 4003 2814 4059 Videbunt
2842 4007 2993 4061 mulli
3033 4016 3088 4062 et
3118 4008 3402 4077 timebunt.
3445 4017 3501 4063 el
3534 4002 3785 4075 ερθπιῢυηι

572 4077 701 4134 illud
721 4086 1296 4156 opprobriuin'exjusm
1314 4093 1545 4148 vindicta
1571 4105 1679 4150 tua.
1707 4097 2143 4167 Sed,oDomine,
2257 4115 2277 4148 σ
2309 4097 2362 4152 in
2406 4097 2652 4154 Domino.
2702 4100 2897 4155 Beatus
2939 4101 3021 4155 vir
3064 4099 3215 4169 cujus
3257 4112 3340 4157 est
3382 4116 3573 4156 nomen
3610 4092 3780 4152 Domini

571 4186 750 4227 amove
773 4191 806 4227 a
830 4193 910 4229 me
931 4176 1113 4247 plagas
1142 4189 1258 4234 tuas
1283 4200 1295 4235 :
1320 4184 1577 4254 quidquid
1602 4188 1743 4241 enim
1766 4190 1942 4259 patior
1966 4191 2019 4245 in
2044 4192 2155 4247 hoe-
2256 4205 2276 4239 ι
2310 4204 2435 4259 spes
2458 4188 2593 4258 ejus,
2620 4198 2674 4243 et
2704 4204 2807 4244 non
2846 4192 3081 4260 respexit
3109 4192 3163 4245 in
3192 4193 3457 4246 vanitates
3491 4200 3545 4246 et
3582 4185 3780 4243 insanias

560 4264 785 4329 ,tnortali
811 4280 1035 4337 corpore
1060 4270 1294 4342 intelligo
1318 4289 1438 4329 esse
1458 4276 1661 4347 ﬂagella
1692 4287 1799 4333 tua.
1823 4280 2003 4348 Quare
2023 4283 2144 4338 dico
2256 4274 2279 4328 ί
2314 4278 2494 4333 falsas.
2522 4278 2685 4333 Multa
2712 4279 2883 4334 fecisti
2911 4288 2965 4335 tu
2987 4320 3004 4346 ν
3043 4281 3268 4339 Domine
3292 4281 3436 4336 Deus
3459 4295 3623 4344 meos,
3642 4274 3779 4331 ιιιίη·

572 4353 700 4406 tua?
728 4353 863 4419 Quia
890 4356 944 4410 in
971 4359 1404 4428 increpationibus
1422 4367 1608 4435 deieci,
1628 4367 1801 4425 factus
1826 4373 2068 4427 mortalis
2089 4384 2143 4427 ct
2255 4386 2274 4417 ι
2308 4367 2434 4422 bilia
2466 4378 2553 4422 tua
2575 4408 2589 4431 ν
2614 4378 2670 4423 ει
2697 4369 3107 4439 cogitationibus
3133 4371 3238 4425 illis
3272 4386 3375 4425 ηοιι
3403 4381 3489 4426 eSi
3512 4369 3599 4439 (Ιυί
3624 4363 3778 4421 Similis

568 4443 854 4515 passibilis,
882 4463 912 4498 a
943 4446 1247 4515 fortitudine
1266 4468 1451 4507 manus
1472 4464 1596 4520 tute,
1624 4472 1740 4526 qua:
1772 4475 1876 4514 non
1911 4460 2012 4514 fuit
2039 4463 2142 4515 im-
2254 4475 2273 4509 ι
2307 4458 2378 4512 sit
2419 4458 2532 4512 tibi.
2577 4458 2905 4514 Annuntiavi
2942 4470 2997 4515 et
3033 4460 3243 4516 locutus
3283 4475 3402 4515 sum
3432 4479 3446 4515 :
3487 4450 3774 4526 multiplicati

567 4543 756 4601 potens
797 4536 862 4588 ad
901 4539 1273 4595 vindicandam
1311 4544 1521 4615 culpam
1561 4557 1617 4602 et
1657 4553 2140 4621 transgressionem
2172 4596 2219 4621 η
2254 4564 2276 4598 r
2309 4555 2437 4604 sunt
2481 4563 2643 4620 super
2677 4564 2978 4605 numerum.
3024 4549 3357 4606 Sacriﬁcium
3401 4560 3459 4606 et
3495 4548 3773 4605 oblationem

567 4620 789 4678 humani
808 4630 1043 4696 generis.
1072 4631 1138 4685 Et
1162 4632 1265 4687 hcc
1295 4650 1399 4689 non
1428 4651 1493 4691 ex
1518 4636 1779 4706 iniustitia
1812 4650 1923 4706 tua,
1947 4643 2040 4697 sed
2074 4657 2140 4698 ex
2173 4620 2219 4655 υ
2248 4655 2270 4689 ι
2300 4637 2540 4705 Willis“,
2569 4654 2731 4695 aures
2752 4649 2928 4696 amem
2957 4640 3229 4710 Ρετῖθοίειί
3255 4642 3404 4696 ηιίίιί-
3443 4641 3772 4696 “dmum”

568 4712 764 4767 merito
786 4729 905 4771 meo
927 4733 947 4770 :
979 4720 1104 4787 quia
1133 4732 1341 4791 propter
1360 4724 1706 4795 iniquitatem,
1730 4728 1934 4787 scilicet
1962 4748 2155 4801 suam,
2246 4746 2266 4780 ι
2306 4736 2361 4783 el
2389 4743 2489 4798 pro
2516 4738 2737 4800 peccato
2764 4746 2866 4785 non
2895 4730 3174 4800 postulasti
3201 4750 3213 4784 :
3256 4742 3383 4787 tunc
3406 4731 3534 4795 dixi,
3560 4731 3768 4784 Eccere-

564 4803 675 4858 tion
720 4811 885 4871 tuam,
934 4808 987 4861 id
1031 4819 1133 4875 est,
1182 4822 1401 4892 pr_0pter
1430 4818 1933 4891 transgressionctii,
1976 4827 2145 4879 σοιτί-υ
2243 4838 2264 4871 ι
2300 4820 2409 4875 nio.
2448 4820 2503 4874 In
2531 4822 2704 4891 capite
2728 4821 2851 4876 libri
2876 4822 3132 4892 scriptum
3160 4831 3245 4877 est
3269 4822 3338 4877 de
3362 4838 3470 4889 me,
3495 4831 3552 4876 ut
3576 4820 3767 4874 facerem

563 4892 725 4962 puisti
745 4886 1265 4963 hominem,scilicet'
1260 4886 1691 4974 primum,etvme
1711 4919 1765 4965 et
1787 4886 1953 4966 totum
1969 4929 2138 4984 genus
2246 4928 2267 4961 ι
2299 4886 2622 4966 νθιιιηωῑθιίι
2666 4922 2850 4978 illam;
2908 4886 3051 4968 Deils
3099 4928 3283 4979 melis.
3328 4914 3503 4978 VOIIli.
3544 4921 3593 4965 ει
3631 4909 3764 4975 ιοκωι

564 4987 859 5049 humanum
908 4993 959 5047 in
993 4995 1097 5048 illo.
1134 4996 1210 5051 Ac
1243 5000 1286 5054 si
1329 5001 1514 5057 dicat:
1547 5002 1712 5060 Video
1750 5021 1835 5061 me
1864 5006 1915 5061 in
1957 5008 2133 5075 malis,
2247 5022 2268 5056 ι
2305 5012 2451 5059 tuam
2492 5004 2543 5058 in
2592 5004 2769 5059 medio
2812 5006 2989 5061 cordis
3023 5007 3146 5062 mei.
3184 5006 3505 5061 Annuntiavi
3542 4999 3763 5073 justitiam

563 5077 720 5134 video
742 5096 827 5135 me
849 5082 901 5136 in
925 5085 1118 5152 pronis,
1141 5096 1194 5140 et
1225 5091 1364 5158 apud
1392 5098 1444 5145 te
1466 5106 1570 5147 non
1594 5094 1752 5150 video
1774 5095 2132 5165 iniquitatem.
2247 5113 2268 5147 ι
2308 5102 2450 5149 tuam
2480 5095 2532 5149 in
2560 5095 2787 5151 ecclesia
2812 5112 3043 5168 magna:
3079 5112 3208 5153 ecce
3246 5098 3384 5152 labia
3420 5112 3532 5150 mea
3559 5107 3648 5146 non
3670 5100 3761 5158 plo-

563 5167 621 5226 δί
650 5186 780 5241 ergo
805 5188 905 5243 ego
933 5175 984 5229 in
1014 5189 1172 5246 pinna
1206 5194 1347 5244 sum,
1388 5189 1443 5235 et
1470 5182 1609 5252 apud
1644 5192 1697 5236 te
1730 5184 1985 5255 iniquitas
2026 5206 2133 5245 non
2246 5206 2266 5240 ι
2304 5188 2537 5244 hihebo:
2585 5186 2828 5253 Domine,
2877 5167 2930 5241 tu
2979 5189 3149 5243 scisti.
3193 5186 3462 5243 Justitiam
3512 5194 3639 5239 tuam
3679 5189 3758 5230 non

562 5270 667 5330 est,
717 5280 894 5320 nonne
925 5277 1087 5322 restat
1128 5278 1185 5323 ut
1208 5286 1303 5341 pro
1346 5271 1627 5342 iniquitate
1662 5277 1924 5333 erudieris
1960 5278 2135 5335 homi-
2246 5296 2265 5333 ι
2301 5280 2556 5337 abscondi
2581 5280 2636 5335 in
2656 5278 2819 5334 corde
2851 5294 2993 5345 meo,
3024 5280 3304 5334 veritatem
3332 5287 3472 5333 tuam
3498 5285 3550 5331 et
3566 5271 3760 5327 saluta"-

561 5356 728 5410 nent?
753 5356 817 5409 Et
844 5359 946 5413 hoc
965 5361 1121 5414 modo
1149 5361 1473 5432 corripuisti.
1501 5362 1779 5421 Tabescere
1801 5366 1970 5438 fecisti
1999 5373 2139 5427 sicut
2244 5391 2264 5424 ι
2296 5380 2447 5427 tuum
2473 5372 2604 5427 dixi.
2649 5370 2765 5426 Non
2803 5371 3056 5427 abscondi
3099 5370 3517 5426 misericordiam
3558 5374 3683 5419 tuam
3714 5362 3759 5410 ei

562 5461 805 5501 araneam
844 5451 1074 5503 animam
1116 5452 1260 5520 ejus,
1303 5454 1357 5508 id
1401 5462 1515 5522 est,
1553 5457 1714 5512 talem
1752 5458 1926 5516 fecisti
1965 5464 2129 5518 vitam
2243 5479 2264 5515 ι
2295 5463 2580 5517 veritatem
2612 5469 2754 5515 tuam
2798 5475 2828 5515 a
2869 5459 3101 5516 concilio
3135 5459 3321 5515 multo.
3354 5458 3431 5514 Tu
3456 5464 3647 5515 autem,
3673 5447 3754 5502 υο·

561 5535 816 5597 hominis.
838 5541 1010 5608 qualis
1026 5553 1107 5597 est
1127 5559 1493 5616 aranea:qu:e
1514 5548 1560 5603 si
1584 5550 1671 5604 vel
1693 5551 1847 5613 facile
1870 5556 2126 5625 tangitur,
2240 5572 2261 5607 ι
2296 5553 2460 5619 mine,
2511 5565 2578 5606 ne
2616 5550 2775 5621 longe
2818 5551 2985 5605 facias
3027 5549 3401 5619 miserationes
3439 5557 3549 5603 tuas
3588 5557 3616 5597 a
3654 5545 3750 5593 me:

558 5628 1201 5703 citol'rangitur,etmittit
1219 5641 1411 5695 tabem.
1431 5640 1631 5701 Tabem
1654 5644 1928 5701 reddidisti
1947 5647 2131 5704 buma—
2238 5664 2259 5698 r
2289 5642 2656 5700 misericordia
2680 5650 2767 5695 tua
2796 5649 2851 5696 et
2883 5641 3080 5696 veritas
3105 5649 3196 5695 tua
3221 5655 3434 5710 semper
3453 5631 3750 5702 ειιεεθρετυηί

556 5733 683 5774 nam
698 5722 859 5776 vitam
876 5727 1065 5782 merito
1086 5731 1383 5798 peccati,ut
1403 5732 1469 5787 de
1485 5749 1546 5787 ea
1574 5749 1677 5788 non
1702 5734 1994 5805 incongrue
2022 5737 2127 5793 dici
2237 5754 2256 5788 ι
2292 5751 2397 5790 me.
2439 5733 2701 5801 Quoniam
2731 5731 3198 5787 circumdederunt
3240 5746 3328 5788 me
3370 5729 3521 5789 malai
3561 5729 3747 5793 quorum

554 5811 751 5876 possit:
777 5810 917 5877 Quid
933 5818 1155 5886 superbit
1177 5828 1313 5873 terra
1337 5833 1381 5874 et
1407 5822 1743 5891 cinis(Eccli.
1769 5825 1848 5897 x)?
1863 5825 2124 5892 Quoniam
2236 5846 2254 5877 ι
2291 5842 2392 5881 non
2423 5834 2501 5882 est
2533 5834 2824 5879 numerus:
2853 5824 3374 5893 comprehenderunt
3415 5836 3495 5879 mc
3537 5809 3747 5885 iniquita-
