3930 5528
86 396 205 455 353

1192 401 1718 495 ΕΝΛιιιωΤΙΟξέΕδ
1758 402 1821 456 ΙΝ
1862 404 2194 460 PSALMOS.

3256 418 3361 473 554

95 534 111 563 ι
153 523 242 567 tes
270 526 427 581 mem,
453 521 503 570 et
536 531 639 569 non
664 516 812 587 potui
835 525 891 571 ut
919 516 1175 571 viderem.
1202 516 1527 586 Multiplieati
1558 525 1681 569 sunt
1710 518 1755 575 Α
1784 517 1950 579 duca,
1985 517 2174 571 direxit
2226 536 2428 587 gressus
2471 537 2642 585 meos,
2684 523 2737 576 id
2772 532 2872 587 est,
2920 538 3084 593 opera
3122 541 3363 583 meorum

94 620 113 653 ε
160 617 336 675 super
361 606 582 675 capillos
621 607 813 676 capitis
853 607 955 661 mei
989 617 1043 661 et
1066 623 1170 683 cor
1199 622 1374 660 meum
1403 605 1688 674 dereliquit

94 712 113 743 ‹
156 711 270 749 me.
316 695 659 764 Complaceat
697 697 812 762 tibi,
862 697 1108 761 Domine,
1135 706 1193 749 ut
1235 711 1392 751 eruas
1424 710 1546 749 me:
1585 694 1689 749 Do-

95 805 113 836 ι
157 786 335 848 mine,
358 786 426 839 ad
449 785 805 853 adjuvandum
836 800 921 839 me
948 786 1172 856 respice.
1197 784 1607 839 Confundantur
1634 793 1688 837 et

95 894 114 923 ‹
157 882 521 927 revereantur
555 874 712 927 simul
739 874 827 943 qui
870 883 1115 942 qtuerunt
1156 874 1389 927 animam
1422 876 1594 926 meam
1630 881 1689 925 ut

96 984 113 1013 ε
158 964 424 1023 auferant
458 979 598 1018 eam.
643 963 971 1019 Avertantur
1002 976 1295 1019 retrorsum
1325 972 1380 1017 ct
1410 977 1688 1016 reverean-

100 1075 119 1105 α
164 1065 279 1120 tur,
314 1056 406 1125 qui
439 1056 620 1111 volunt
646 1056 777 1110 mihi
818 1056 976 1109 mala.
1010 1055 1207 1109 Ferant
1246 1055 1529 1109 confestim
1562 1070 1692 1107 mn-

96 1165 116 1196 ι
158 1145 435 1201 fusionem
486 1160 673 1211 suam,
725 1146 817 1215 qui
874 1147 1060 1201 dicunt
1104 1147 1273 1201 mihi:
1314 1146 1480 1215 Euge,
1531 1160 1686 1215 euge.

98 1256 117 1286 ε
159 1235 454 1290 Essultent
496 1245 549 1289 et
597 1235 845 1289 laetentur
872 1250 1033 1303 super
1070 1244 1122 1289 te
1165 1249 1352 1289 omnes
1388 1245 1691 1304 quzcrcntcs

97 1344 117 1375 ‹
159 1335 257 1390 te,
300 1335 355 1379 et
379 1327 596 1380 dicant:
639 1324 863 1393 Semper
885 1326 1260 1395 magnilicctur
1284 1325 1571 1378 Dominus:
1598 1325 1688 1393 qui

102 1436 119 1465 ι
158 1410 411 1488 diligunt
432 1408 666 1470 salutare
701 1424 867 1469 tuum.
902 1415 1013 1485 Ego
1045 1422 1224 1468 autem
1256 1414 1533 1468 mendicus
1570 1428 1688 1467 sum

101 1526 118 1557 ι
159 1515 219 1559 et
264 1520 507 1576 pauper:
550 1506 809 1559 Dominus
854 1505 1117 1560 sollicitus
1162 1513 1244 1559 est
1288 1503 1413 1579 mei.
1465 1503 1693 1571 Adjutor

104 1616 119 1645 ι
163 1611 328 1650 meus
373 1605 425 1650 et
469 1604 740 1665 protector
785 1611 934 1650 meus
981 1605 1035 1649 tu
1070 1610 1167 1649 cs:
1213 1594 1353 1647 Deus
1401 1608 1581 1657 meus,
1625 1608 1693 1647 ne

104 1707 122 1735 ‹
168 1689 493 1742 tardaveris.
536 1706 554 1739 ι

670 1775 1119 1829 ΙΞΝΑΠΠΛΤΙΟ.

1790 620 1909 674 quae
1938 608 2086 677 prius
2134 619 2290 663 erant
2322 611 2569 665 distorta.
2602 612 2669 665 Et
2704 614 2919 667 immisit
2964 615 3020 667 in
3062 632 3119 668 os
3159 634 3361 684 meum,

1790 697 1843 750 in
1877 712 1938 752 os
1966 700 2145 753 cordis
2165 739 2179 763 ,
2209 702 2467 754 canticum
2498 719 2705 768 novum,
2730 704 2779 756 id
2810 712 2891 757 est
2933 720 3125 759 novam
3162 706 3362 773 vitam;

1791 790 1881 859 qui
1909 790 2059 859 prius
2089 793 2381 845 cantabant
2422 796 2689 847 canticum
2720 805 2893 859 vetus,
2927 811 3067 849 nunc
3096 798 3363 851 canticum

1791 893 2008 932 novum.
2062 879 2209 933 Sicut
2240 882 2543 934 exhibuistis
2590 883 2817 935 membra
2856 893 3021 937 vestra
3048 886 3236 939 servire
3263 886 3365 939 ini-

1790 970 1974 1038 quitati
2009 970 2077 1023 ad
2120 971 2476 1039 iniquitatem,
2527 972 2597 1023 ita
2644 988 2781 1025 nunc
2812 974 3044 1027 exhibete
3079 992 3139 1028 ea
3176 977 3369 1030 servire

1789 1059 2007 1127 iustitia:
2044 1061 2097 1113 in
2131 1061 2596 1129 sanctiﬁcationem
2647 1064 2825 1131 (Rom.
2859 1067 2933 1134 vr)
2956 1108 2969 1125 .
3008 1066 3212 1121 scilicet
3253 1082 3370 1121 car—

1740 1174 1741 1177 η
1791 1166 1905 1203 men
1950 1151 2056 1204 Deo
2111 1163 2317 1215 nostro,
2372 1162 2430 1205 ut
2477 1164 2620 1209 recte
2670 1155 2947 1219 viventes,
3000 1157 3131 1210 nihil
3171 1158 3368 1222 nobis,

1792 1241 1886 1294 sed
1930 1250 2096 1294 totum
2148 1242 2334 1309 gratia}
2385 1242 2478 1294 Dei
2525 1246 3065 1314 attribuamuszquia
3100 1247 3225 1301 illud
3274 1247 3373 1302 fuit

1792 1341 1946 1387 vetus
1979 1334 2270 1396 canticum,
2314 1336 2377 1388 de
2426 1335 2579 1389 nobis
2630 1352 2952 1405 praesumere
2995 1348 3046 1392 et
3082 1340 3160 1391 ad
3208 1356 3370 1407 quam

1793 1422 2079 1477 utilitatem
2108 1423 2251 1477 istud
2283 1439 2481 1479 novum
2509 1428 2816 1480 canticum?
2841 1425 3049 1497 Magna,
3078 1430 3204 1498 quia
3232 1430 3374 1483 vide-

1793 1511 1915 1564 bunt
1940 1512 2089 1564 multi
2116 1527 2450 1567 successores
2479 1514 2597 1568 illos
2618 1524 2837 1569 cantare
2866 1531 3060 1568 novum
3083 1519 3371 1583 canticum,

1795 1603 1846 1657 id
1874 1611 1976 1666 est,
2026 1604 2366 1675 innocentem
2416 1606 2581 1658 vitam
2615 1606 2831 1670 ducere,
2884 1606 3051 1660 Deum
3104 1606 3373 1662 laudare:

1792 1702 1839 1744 et
1868 1693 2158 1757 timebunt,
2217 1693 2422 1748 scilicet
2460 1704 2684 1749 cantare
2712 1704 2864 1749 vetus
2899 1697 3188 1761 canticum,
3227 1698 3375 1751 scili—

1794 1791 1881 1837 cet
1919 1799 2083 1851 prave
2129 1784 2311 1837 vivere
2338 1794 2391 1838 ct
2421 1786 2675 1839 mumlum
2706 1786 2944 1841 laudare.
2978 1786 3047 1839 Et
3074 1787 3151 1841 sie
3200 1804 3380 1856 spera-

179 1869 357 1923 Verus
409 1870 607 1931 David,
663 1870 712 1921 id
760 1878 843 1922 est
886 1869 1161 1931 Christus,
1212 1876 1374 1936 caput
1425 1874 1689 1930 nostrum,
1726 1884 1763 1938 ις
1797 1873 1918 1926 bunt
1957 1875 2010 1926 in
2063 1874 2304 1939 Domino,
2376 1874 2429 1928 in
2468 1890 2573 1945 quo
2620 1886 2702 1931 est
2760 1874 3082 1946 sperandum
3114 1893 3127 1930 :
3155 1876 3272 1933 ideo
3319 1880 3376 1932 in

100 1960 352 2012 ostendit
397 1961 448 2011 in
492 1960 591 2011 hoc
620 1958 823 2027 psalmo
864 1958 1066 2011 nullum
1100 1974 1255 2026 posse
1279 1958 1562 2027 jnstiiicari
1593 1958 1693 2011 nisi

96 2066 203 2119 per
236 2050 420 2116 ﬁdem,
447 2067 549 2104 non
583 2066 647 2103 ex
676 2051 929 2119 operibus
956 2050 1108 2118 legis,
1136 2067 1238 2103 non
1263 2067 1327 2103 ex
1367 2050 1535 2104 libero
1558 2048 1695 2103 arbi-

102 2143 237 2205 trio,
275 2151 336 2195 ut
378 2142 708 2211 Porphyrius
737 2142 922 2206 voluit,
950 2144 1040 2211 qui
1072 2143 1284 2197 dicebat
1311 2158 1423 2196 non
1447 2158 1566 2197 esse
1594 2142 1694 2195 sibi

102 2249 248 2302 opus
287 2233 446 2287 iidem
481 2234 533 2287 in
565 2234 834 2304 baptismo
860 2235 1136 2304 accipere,
1164 2236 1286 2304 quia
1312 2234 1423 2302 jam
1466 2233 1693 2289 mortifi-

103 2333 267 2378 catus
296 2331 443 2377 esset
466 2324 714 2378 interius.
752 2325 818 2378 Et
852 2326 941 2394 qui
972 2325 1079 2379 sint
1103 2326 1192 2393 qui
1227 2339 1324 2394 per
1347 2324 1503 2379 ﬁdem
1540 2324 1697 2394 justi-

108 2416 367 2477 ficentur,
420 2416 667 2485 exemplo
704 2432 800 2471 suo
830 2419 1128 2486 praemittit,
1174 2420 1461 2473 ostendens
1491 2420 1697 2487 patien-

105 2507 242 2559 tiam
292 2522 415 2560 esse
454 2508 831 2572 necessariam,
861 2519 918 2561 ut
946 2519 1281 2579 reperiemus
1322 2511 1693 2578 repromissio-

106 2614 209 2651 nes
233 2613 248 2650 :
290 2607 411 2653 orat
445 2600 606 2652 etiam
633 2613 735 2668 pro
757 2600 1022 2669 gentibus,
1049 2599 1245 2655 Juda‘is
1270 2616 1366 2670 per
1392 2602 1546 2654 lldem
1570 2616 1697 2655 con-

109 2692 493 2760 cor-parandis,
520 2699 579 2744 ut
613 2691 703 2744 liat
734 2707 896 2745 unum
922 2692 1060 2745 ovile
1084 2703 1135 2746 et
1166 2710 1303 2747 unus
1332 2702 1531 2761 pastor.

182 2778 512 2846 Exspectant;
557 2780 844 2847 exspectari
890 2778 1188 2831 Dominum.
1242 2778 1316 2832 Ex
1353 2795 1541 2849 magna
1569 2778 1698 2833 all‘e-

106 2872 293 2924 ctione
324 2870 447 2924 talis
481 2871 775 2925 dictionum
825 2871 1118 2939 geminatio
1162 2872 1296 2923 solet
1354 2870 1490 2924 ﬁeri.
1530 2870 1695 2936 Quasi

104 2962 259 3016 dicat
291 2981 305 3016 :
338 2963 449 3033 Ego
472 2963 613 3025 veni,
648 2978 747 3014 non
794 2972 848 3014 ut
892 2962 1115 3030 facerem
1145 2960 1459 3013 voluntatem
1489 2976 1655 3013 meam
1680 3000 1695 3024 ,

110 3054 206 3106 sed
235 3044 350 3121 ejus
404 3053 496 3122 qui
546 3052 684 3103 misit
727 3067 808 3103 me
835 3050 852 3121 (
882 3051 1041 3103 Joan.
1077 3066 1130 3103 vr
1164 3050 1181 3119 )
1213 3068 1224 3101 :
1255 3050 1397 3117 quod
1444 3059 1698 3119 oportue-

111 3153 198 3196 rat
235 3142 433 3195 fecisse
475 3142 704 3209 primum
750 3141 1054 3205 hominem;
1092 3141 1265 3195 habeo
1307 3140 1699 3195 misericordis-

1798 1961 2021 2015 Domino
2057 1965 2180 2031 quia
2227 1965 2587 2033 despcrabunt
2622 1967 2686 2019 de
2724 1967 2936 2020 s:ceulo.
2971 1965 3157 2021 Nullus
3196 1975 3379 2037 sperat

1798 2054 1852 2107 in
1905 2055 2157 2119 Domino,
2211 2055 2313 2109 nisi
2354 2056 2442 2123 qui
2486 2057 2635 2124 prius
2664 2058 2909 2125 desperat
2944 2059 3009 2111 de
3051 2057 3249 2111 mundo
3276 2075 3291 2112 :
3323 2065 3379 2111 et

1798 2144 1919 2198 ideo
1965 2145 2216 2199 inimicus
2264 2145 2447 2198 tnundi
2488 2144 2758 2211 edicitur,
2806 2158 2864 2200 ut
2911 2148 3117 2201 Domini
3171 2149 3377 2202 amicus

1797 2234 1909 2287 (lat.
1952 2233 2021 2287 Et
2078 2233 2201 2288 talis
2241 2234 2376 2288 bene
2428 2234 2507 2287 vir
2542 2236 2757 2302 dicitur,
2805 2247 2859 2289 ct
2904 2238 3123 2290 beatus:
3156 2246 3210 2292 et
3250 2239 3377 2308 quia

1798 2324 2222 2378 illud.canticum
2246 2339 2350 2378 non
2368 2339 2461 2379 ore
2488 2321 2755 2395 corporis,
2782 2328 2873 2381 sed
2903 2329 3080 2382 cordis
3106 2338 3374 2393 cantatur,

1796 2414 1917 2468 ideo
1947 2414 2078 2468 dicit
2107 2432 2121 2467 :
2158 2412 2418 2468 Videbunt
2446 2426 2493 2469 et
2520 2433 2622 2470 non
2664 2419 2901 2483 audient,
2942 2417 3036 2471 llic
3072 2419 3204 2473 ordo
3231 2433 3377 2473 sem-

1796 2522 1892 2575 per
1921 2508 1971 2561 in
2004 2507 2241 2562 Ecclesia
2289 2509 2448 2577 viget,
2484 2520 2539 2562 ut
2569 2510 2655 2563 alii
2688 2508 3010 2578 prrecedant,
3041 2520 3095 2564 et
3137 2511 3227 2564 alii
3259 2512 3379 2565 illos

1796 2599 2101 2665 imitentur,
2144 2611 2197 2654 et
2252 2602 2351 2655 hos
2404 2601 2477 2655 illi
2525 2604 2781 2657 minores.
2826 2604 2891 2657 Et
2943 2620 3048 2671 quo
3092 2604 3268 2658 fructu
3322 2604 3378 2657 in

1799 2689 2026 2743 Domino
2047 2691 2363 2758 sperabunt,
2387 2691 2531 2743 audi.
2558 2691 2771 2757 Beatus,
2797 2692 2848 2745 id
2872 2703 2954 2745 est
2982 2692 3114 2745 bene
3166 2701 3375 2755 auctus,

1796 2780 1899 2834 erit
1926 2782 2023 2845 vir,
2050 2781 2198 2849 cujus
2221 2791 2294 2833 est
2319 2797 2503 2834 nomen
2534 2781 2743 2834 Domini
2772 2798 2886 2849 spes
2913 2798 3046 2851 ejus,
3078 2782 3253 2846 idest,
3283 2781 3377 2851 qui

1798 2871 2017 2940 dignum
2045 2870 2347 2925 exhibendo
2375 2871 2715 2939 obsequium,
2750 2871 2998 2924 idoneum
3040 2885 3097 2924 se
3146 2870 3291 2935 facit,
3319 2880 3378 2924 ut

1799 2964 1852 3016 in
1896 2963 2028 3017 illud
2076 2978 2292 3027 nomen,
2325 2964 2465 3031 quod
2492 2971 2577 3016 est
2607 2962 2889 3027 Dominus,
2930 2976 3149 3030 sperare
3179 2961 3373 3016 valeat.

1800 3053 1868 3107 Et
1897 3066 2245 3124 posteaquam
2288 3055 2488 3109 incum
2530 3070 2677 3124 spem
2732 3054 2871 3119 ﬁxit,
2917 3072 3017 3108 non
3057 3056 3276 3124 respexit
3324 3055 3377 3109 in

1792 3146 2070 3211 vanitates,
2097 3146 2147 3199 id
2188 3154 2291 3211 est,
2319 3146 2503 3200 oculos
2536 3147 2711 3201 cordis
2757 3162 2861 3201 non
2892 3151 3109 3201 retorsit
3150 3148 3215 3201 ad
3267 3148 3380 3201 lucc

108 3237 313 3287 simum
340 3234 756 3303 promissorem;
786 3242 1038 3301 exspecto
1055 3233 1695 3289 ﬁdelissimumexhibito-
1723 3225 1767 3288 C
1799 3237 2279 3304 transitoria:quia
2306 3253 2451 3289 nemo
2480 3239 2683 3290 mittens
2705 3255 2918 3291 manum
2945 3240 3014 3291 ad
3045 3249 3299 3303 aratrum,
3331 3251 3380 3292 et

114 3342 267 3389 rem;
296 3327 513 3395 prmbeo
542 3341 628 3380 me
648 3325 902 3379 humilem
927 3325 1619 3394 exactorchEaspectans,
1643 3328 1695 3380 id

112 3427 220 3478 est,
249 3432 372 3468 cum
408 3415 667 3482 patientia
695 3414 1053 3468 obedientiam
1085 3414 1383 3483 complens,
1409 3416 1696 3483 exspectavi

114 3508 431 3568 Dominum,
454 3520 559 3559 non
579 3506 866 3574 quemlibet
880 3506 1150 3559 hominem
1174 3506 1573 3573 promissorem,
1592 3520 1696 3559 non

114 3588 493 3666 impotentem,
513 3596 605 3649 sed
623 3596 1043 3664 omnipotentem
1066 3596 1206 3664 :qui,
1228 3596 1328 3649 etsi
1345 3594 1521 3649 differt
1556 3596 1695 3664 quod

110 3686 384 3757 promisit,
414 3701 521 3739 non
554 3696 730 3739 tamen
763 3684 955 3739 aufert.
982 3685 1049 3738 Et
1078 3687 1201 3754 quia
1227 3686 1492 3754 patienter
1512 3701 1699 3754 exspe-

110 3774 293 3839 ctavi,
359 3774 581 3828 intendit
637 3774 792 3837 mihi,
852 3775 903 3827 id
948 3783 1062 3837 est,
1111 3774 1335 3829 intuitus
1370 3784 1454 3829 est
1501 3789 1586 3829 me
1630 3774 1697 3829 ad

112 3866 408 3919 utilitatem
451 3879 649 3917 meam.
676 3862 841 3929 Quasi
864 3863 1008 3917 dicat
1039 3882 1051 3916 :
1085 3865 1157 3917 lta
1182 3874 1236 3919 et
1266 3867 1418 3920 vobis
1440 3867 1696 3935 patientia

113 3958 427 4012 necessaria
460 3964 560 4010 est.
604 3953 773 4022 Majus
812 3965 896 4009 est
951 3956 1091 4025 quod
1134 3957 1292 4021 dicit,
1340 3958 1465 4009 mihi
1496 3976 1515 4012 :
1546 3958 1697 4027 quasi

113 4052 349 4114 diceret,
384 4063 502 4112 me,
541 4047 667 4116 quia
710 4045 889 4099 vultus
938 4046 1151 4100 Domini
1199 4047 1363 4101 etiam
1408 4062 1570 4116 super
1620 4047 1700 4101 fa-

112 4143 327 4196 cientes
355 4139 515 4193 mala.
533 4141 600 4195 Et
622 4140 723 4195 hoc
751 4140 907 4193 modo
941 4138 1187 4192 intendit.
1216 4137 1496 4191 Exaudivit
1525 4154 1699 4207 preces

110 4249 293 4297 meas,
338 4232 509 4286 factas
558 4248 657 4303 pro
700 4232 937 4301 peccatis
996 4242 1269 4292 meorum;
1325 4241 1461 4295 quas
1506 4242 1570 4280 ex
1618 4227 1700 4280 ni-

112 4322 221 4375 mia
266 4320 555 4376 affectione
593 4337 742 4376 meas
791 4321 912 4375 dico
945 4338 957 4371 :
990 4317 1133 4388 quod
1188 4319 1241 4372 in
1289 4317 1389 4371 hoc
1433 4325 1697 4385 apparet,

110 4413 238 4481 quia
314 4412 497 4464 eduxit
546 4428 627 4464 me
663 4410 726 4465 de
774 4409 893 4463 lacu
924 4410 1146 4462 miseria:
1171 4449 1185 4472 ,
1226 4406 1399 4469 idest,
1445 4404 1511 4459 de
1549 4406 1698 4474 lapsu

110 4512 465 4573 peccatorum
510 4502 696 4557 eduxit
736 4516 885 4556 meos
920 4514 1018 4570 per
1059 4498 1452 4554 confessionem
1497 4506 1550 4550 et
1582 4510 1696 4564 pte-

1800 3326 2076 3394 respiciens
2108 3337 2242 3377 retro
2265 3363 2280 3387 ,
2315 3334 2466 3392 aptus
2510 3336 2583 3377 est
2623 3342 2777 3394 regno
2814 3326 2910 3379 Dei
2942 3326 3093 3397 (Luc.
3146 3328 3258 3395 rx).
3310 3328 3378 3380 Et

1795 3415 1924 3484 quia
1974 3430 2077 3469 non
2116 3414 2371 3482 respexit,
2403 3413 2455 3466 in
2478 3414 2717 3467 insanias
2744 3413 2908 3479 falsas
2928 3456 2942 3481 ,
2984 3416 3036 3469 id
3066 3418 3268 3481 est,_ad
3297 3416 3379 3470 lu-

1796 3506 1895 3560 dos
1930 3504 2088 3573 hujus
2116 3505 2298 3559 saeculi
2336 3514 2389 3559 et
2419 3505 2485 3558 ad
2534 3507 2839 3574 spectacula
2892 3508 3107 3572 theatri,
3138 3524 3255 3577 qua:
3286 3510 3380 3563 ho-

1796 3595 1997 3649 minem
2046 3594 2295 3647 insanum
2338 3594 2539 3648 faciunt
2572 3611 2584 3645 :
2620 3594 2803 3663 falsas,
2844 3596 2974 3649 nihil
3004 3597 3246 3651 veritatis
3283 3599 3379 3651 ha-

1797 3682 2007 3737 bentes.
2043 3682 2206 3748 Quasi
2252 3682 2394 3736 dicat
2433 3700 2445 3733 :
2485 3681 2675 3737 Merito
2727 3685 2794 3738 ad
2826 3685 2925 3739 hoc
2956 3702 3061 3738 non
3094 3686 3327 3755 respexit
3358 3726 3373 3751 ,

1800 3773 1924 3841 quia
1960 3774 2137 3841 potius
2161 3781 2238 3825 est
2277 3773 2669 3841 respiciendum
2706 3775 2772 3829 ad
2801 3774 3107 3843 spectacula
3136 3784 3188 3828 et
3209 3776 3379 3830 mira-

1797 3864 1926 3919 bilia
1967 3864 2083 3919 Dei.
2114 3864 2247 3917 Nam
2280 3862 2445 3915 multa
2474 3864 2642 3932 fecisti
2669 3875 2748 3929 tu,
2775 3865 2993 3919 Domine
3024 3867 3161 3920 Deus
3210 3884 3376 3932 meus,

1797 3955 2060 4008 mirabilia
2098 3964 2212 4020 tua,
2255 3954 2321 4007 ad
2350 3968 2469 4023 qua:
2500 3955 2680 4022 potius
2712 3955 3132 4024 respiciendum;
3175 3956 3224 4009 in
3272 3955 3378 4009 illis

1796 4055 1883 4102 est
1931 4062 2061 4100 sana
2108 4054 2163 4100 et
2211 4047 2389 4101 sobria
2436 4046 2689 4100 ebrietas.
2744 4046 3037 4100 Mirabatur
3082 4046 3275 4115 aliquis
3324 4048 3377 4098 in

1799 4139 2009 4193 theatro
2043 4138 2284 4207 aurigam
2332 4148 2605 4208 regentem
2635 4154 2851 4192 currum
2883 4126 2997 4192 sine
3023 4138 3275 4192 liesione?
3302 4138 3379 4190 vi-

1798 4231 1923 4284 deat
1949 4231 2115 4284 Deum
2144 4230 2450 4298 specialiter
2480 4238 2755 4299 regentem
2783 4245 2968 4283 otnncs
3014 4229 3227 4283 illicitos
3258 4246 3376 4284 mo-

1801 4331 1922 4385 tus,
1964 4331 2017 4376 et
2053 4336 2112 4376 se
2161 4322 2277 4375 illos
2308 4336 2495 4391 regere
2539 4336 2660 4375 cum
2707 4335 2792 4383 eo,
2854 4330 2907 4372 et
2960 4319 3138 4372 laudet
3186 4320 3373 4372 Deum.

1800 4410 2021 4464 Miratus
2074 4419 2157 4464 est
2200 4410 2272 4463 ibi
2314 4408 2727 4462 fitnalttbulunr?
2782 4407 3004 4459 tniretnr
3049 4407 3098 4459 in
3138 4407 3373 4461 Ecclesia

1800 4500 2245 4565 mariambulum,
2299 4513 2405 4551 non
2467 4496 2639 4550 solum
2695 4496 2918 4565 pedibus
2972 4496 3258 4564 corporis,
3316 4504 3371 4549 ut

110 4560 403 4649 nitentium
438 4612 451 4658 ;
485 4593 629 4647 lacus
662 4560 1025 4657 miserim-est
1052 4600 1393 4661 peccatorum
1423 4587 1696 4657 multiplex
1728 4560 1776 4621 θ
1799 4590 1991 4644 Petrus
2039 4588 2252 4659 (Matth.
2294 4587 2425 4656 XIV),
2460 4585 2569 4649 sed,
2603 4586 2743 4653 quod
2787 4592 2870 4637 est
2912 4583 3227 4649 mirabilius,
3266 4585 3376 4654 spi-

112 4683 304 4751 lapsus
330 4694 387 4737 et
411 4682 750 4752 profunditas
780 4699 793 4735 :
826 4683 880 4735 in
928 4696 1033 4748 quo
1061 4680 1177 4733 lacu
1209 4680 1298 4731 alii
1346 4686 1470 4732 sunt
1505 4692 1661 4746 supra
1680 4717 1696 4743 ,

119 4774 204 4826 alii
243 4772 407 4825 infra.
455 4770 629 4840 Supra
675 4780 799 4826 sunt
836 4770 1067 4825 humiles
1115 4769 1487 4836 deprecatores
1527 4774 1581 4819 et
1626 4766 1699 4818 la-

121 4864 354 4934 srymosi
412 4862 779 4925 clamatores;
814 4860 954 4915 infra
996 4875 1152 4922 vero,
1195 4857 1409 4927 superbi
1461 4865 1700 4910 content-

117 4966 304 5026 ptores
332 4972 346 5007 :
374 4954 430 5008 hi
475 4953 547 5007 ibi
578 4960 876 5015 remanent,
912 4950 986 5004 illi
1024 4951 1146 5003 inde
1188 4949 1505 5003 educuntur.
1537 4945 1604 4999 Et
1640 4948 1702 4999 de

116 5051 228 5102 tuto
260 5048 433 5117 fwcis,
469 5046 519 5099 id
543 5053 645 5110 est,
686 5044 753 5099 de
777 5042 1025 5098 sordibus
1056 5041 1274 5094 lubricis
1302 5039 1460 5109 hujus
1496 5038 1696 5093 szcculi.

115 5141 173 5195 in
204 5141 321 5194 luto
367 5144 626 5192 notantur
653 5122 859 5201 sordes,
907 5134 959 5187 in
994 5133 1120 5187 faece
1150 5130 1446 5194 lubricum,
1485 5129 1535 5182 id
1580 5138 1661 5182 est
1682 5170 1696 5192 ,

115 5230 310 5286 eduxit
356 5241 511 5282 meos
539 5227 702 5280 etiam
731 5226 793 5281 de
829 5223 940 5279 illis
963 5222 1215 5291 peccatis.
1261 5221 1315 5275 in
1359 5219 1552 5288 quibus
1581 5234 1702 5288 pro-

115 5322 240 5377 nior
288 5327 376 5376 est
427 5318 628 5386 lapsus,
659 5316 863 5371 scilicet
923 5313 1215 5367 ambitione
1265 5320 1320 5365 et
1365 5310 1613 5374 luxuria;
1648 5317 1701 5363 et

114 5420 409 5482 postquam
441 5408 657 5472 eduxit,
716 5407 899 5462 statuit
932 5420 1089 5471 supra
1123 5412 1320 5471 petram
1347 5399 1498 5470 pedes
1530 5414 1698 5464 meos,

1802 4680 2069 4734 ritualiter
2113 4679 2338 4749 pedibus
2364 4677 2561 4731 cordis.
2603 4675 2747 4729 Mare
2791 4674 2988 4729 etenim
3012 4683 3089 4726 est
3123 4673 3375 4727 sreculum

1803 4772 1969 4835 istud,
2004 4770 2127 4839 quia
2177 4783 2419 4822 amarum
2476 4766 2659 4820 multis
2684 4766 3155 4828 sollicitudinilms,
3214 4766 3377 4829 venti,

1802 4863 1965 4916 varia:
2007 4860 2357 4925 tentationes,
2410 4858 2643 4923 ﬂuctus,
2691 4858 3122 4928 persecutiones,
3176 4857 3376 4926 praelia,

1802 4951 2123 5006 seditiones:
2148 4965 2265 5020 quae
2291 4949 2467 5003 omnia
2491 4947 2699 5001 calcant
2730 4947 2901 5000 sancti
2928 4955 2983 5000 et
3011 4954 3377 5001 contemnunt.

1802 5045 2003 5098 Audiat
2032 5043 2258 5113 quisque
2284 5039 2568 5093 Dominum
2595 5039 2916 5093 clamantem
2939 5054 2953 5089 :
2976 5038 3240 5106 Exspecto
3264 5046 3377 5094 vos,

1800 5132 2099 5196 luctamini,
2152 5131 2439 5199 adjuvabo,
2471 5127 2694 5191 vincite,
2733 5127 3028 5180 coronabo.
3059 5125 3123 5178 Et
3158 5123 3245 5176 illa
3278 5118 3379 5171 mi-

1802 5225 1993 5279 rabilia
2030 5222 2235 5278 scilicet
2265 5218 2435 5274 fecisti
2479 5219 2582 5271 tuis
2614 5214 3036 5287 cogitationibus,
3093 5226 3196 5266 non
3248 5205 3381 5258 indic

1801 5328 1934 5381 gens
1972 5312 2149 5366 alieno
2180 5308 2419 5365 auxilio:
2454 5306 2518 5361 et'
2556 5306 2676 5361 ideo
2719 5319 2823 5358 non
2863 5313 2938 5355 est
2982 5302 3070 5372 qui
3108 5293 3289 5352 similis
3320 5290 3383 5343 sit

1801 5404 1915 5457 tibi.
1949 5405 2087 5473 Ergo
2114 5404 2166 5456 in
2218 5412 2268 5456 te
2298 5398 2642 5470 sperandum.
2687 5392 2952 5463 Superius
2982 5391 3149 5453 dixit,
3185 5385 3383 5450 Exspc-

2128 5504 2190 5513 ---
2232 5493 2277 5523 ..ἶ
2314 5490 2588 5521 unua—um
2654 5497 2844 5525 mutat"!
2885 5479 3196 5522 inlnrnncilﬂ
3239 5480 3360 5513 1"".
