3978 6436
602 389 707 445 555

1225 383 1482 440 REMIGII
1522 377 2174 438 ANTISSIODORENSIS
2212 377 2364 435 OPP.
2405 378 2603 434 PARS.
2649 381 2688 434 l.
2732 411 2797 420 —-
2838 369 3246 439 EXEGETICA.

3735 392 3826 447 336

601 500 1029 574 appropinquavit
1084 516 1295 569 regnum
1323 499 1567 553 caelorum
1607 497 1818 567 (Matth.
1853 495 1949 577 ιν).ἶ
1998 492 2177 546 Multi-
2204 496 2252 554 Α
2281 491 2417 546 Nihil
2447 495 2587 548 enim
2616 497 2914 565 praecepisti
2946 498 3086 565 quod
3114 514 3217 551 non
3235 495 3382 563 jnste
3405 513 3629 570 vereque
3657 506 3828 573 pneci-

600 593 782 664 plicati
802 601 919 646 sunt
943 608 1095 660 super
1119 606 1410 654 numerum,
1429 589 1704 643 venientes
1728 587 1791 640 ad
1821 587 1978 641 [idem
2012 603 2024 638 :
2057 599 2175 639 crc-

601 691 795 744 verunt
841 698 1004 752 super
1044 696 1325 735 numerum
1355 681 1648 735 electorum
1675 719 1690 744 ,
1719 678 1840 747 quia
1893 678 2044 730 multi
2088 693 2174 730 vo-

601 772 744 835 cati,
807 773 961 842 pauci
1028 787 1144 824 vero
1195 769 1344 824 electi
1389 768 1623 839 (Matth.
1683 768 1816 835 xx).
1869 766 2017 820 Multi
2075 766 2173 818 im-

599 862 746 932 plent
818 863 1049 930 parietes
1092 861 1382 924 Ecclesiae,
1435 860 1526 929 qui
1585 859 1649 912 ad
1697 859 1963 913 vanitates
2015 858 2172 926 hujus

599 955 783 1010 saeculi
828 941 1028 1009 [facile
1101 954 1433 1008 relabuntur.
1520 953 1632 1024 Ego
1700 955 2003 1008 annuntiavi
2075 970 2172 1008 no-

597 1061 721 1100 vam
783 1047 988 1110 vitam,
1048 1061 1185 1099 nova
1250 1047 1517 1100 instituta.
1581 1045 1646 1098 Et
1687 1060 1820 1114 opus
1864 1045 1990 1109 fuit,
2048 1048 2171 1116 quia

595 1135 838 1190 instituta
890 1135 1079 1205 legalia
1139 1136 1366 1205 amplius
1417 1135 1676 1200 noluisti,
1733 1136 1980 1204 imposita
2055 1145 2174 1191 tan-

596 1234 711 1279 tum
758 1241 930 1295 usque
1001 1227 1071 1280 ad
1121 1235 1334 1297 tempus
1378 1228 1748 1282 correctionis.
1799 1225 2169 1296 Sacrificium,

593 1314 804 1368 scilicet
869 1315 1080 1383 legale,
1137 1316 1279 1386 quod
1321 1325 1441 1369 erat
1490 1317 1544 1370 in
1592 1317 1712 1386 agni
1760 1316 2168 1383 immolatione,

593 1413 642 1458 et
695 1405 1013 1460 oblationem
1077 1406 1338 1478 legalem,
1401 1423 1521 1477 qua:
1582 1406 1910 1462 offerebatur
1961 1409 2014 1463 in
2086 1411 2173 1465 die

595 1505 791 1550 octavo
818 1535 833 1561 ,
888 1509 950 1551 ut
1009 1513 1107 1566 pro
1133 1499 1368 1553 .Domino
1391 1513 1488 1567 par
1541 1507 1806 1552 turturum
1835 1497 1985 1569 (Luc.
2015 1500 2169 1570 vui):

595 1584 811 1638 noluisti
855 1584 966 1655 jam
1010 1595 1294 1656 postquam
1327 1590 1474 1642 venit
1522 1575 1796 1664 plenitudo
1831 1585 2128 1658 temporum
2151 1632 2167 1656 ,

595 1673 690 1726 sed
718 1674 1018 1742 signiﬁcata
1047 1676 1238 1730 horum
1267 1693 1280 1729 :
1306 1676 1395 1730 ubi
1437 1676 1584 1731 venit
1627 1691 1822 1745 corpus
1846 1716 1861 1743 ,
1915 1680 2174 1747 praeteriit

596 1764 808 1818 umbra.
842 1763 954 1819 Hoc
990 1765 1311 1820 sacriﬁcium
1359 1765 1576 1820 noluisti
1604 1783 1618 1818 :
1648 1781 1798 1819 aures
1837 1776 2010 1820 autem
2056 1785 2172 1837 per-

2276 581 2529 650 picndum
2571 583 2749 638 fuerit.
2797 583 2919 638 Non
2964 585 3212 639 abscondi
3255 587 3659 644 misericordiam
3701 604 3828 646 tuam

2275 687 2379 741 qua
2405 688 2580 736 vocas,
2607 689 2712 742 qua
2739 671 3033 741 condonas,
3059 686 3105 728 et
3130 678 3390 730 veritatem
3419 687 3583 745 tuam,
3609 695 3714 749 qua
3737 697 3831 736 me-

2275 761 2377 816 rita
2411 777 2741 826 remuneras,
2761 780 2792 815 a
2816 764 3036 817 concilio
3065 764 3226 818 multo
3253 775 3377 819 ante
3405 781 3556 837 reges
3582 777 3637 822 et
3665 771 3832 838 praesi-

2275 853 2390 907 des.
2421 852 2578 906 Ibant
2626 855 2850 922 apostoli
2896 856 3177 924 gaudentes
3211 874 3241 909 a
3291 869 3562 927 conspectu
3607 862 3830 926 concilii,

2272 944 2518 1013 quoniam
2542 943 2686 1014 digni
2714 945 2876 999 habiti
2903 956 3022 1000 sunt
3059 963 3154 1014 pro
3188 949 3394 1001 nomine
3419 949 3546 1002 Jesu
3588 961 3831 1004 contum.

2273 1031 2399 1085 liam
2428 1034 2536 1102 pati
2558 1034 2691 1104 (Act.
2717 1033 2793 1105 v).
2820 1035 2982 1102 Quasi
3009 1037 3154 1090 dicat
3179 1053 3192 1090 :
3220 1035 3322 1106 Ipsi
3348 1038 3718 1107 abscondunt,
3748 1041 3833 1110 ipsi

2273 1124 2670 1193 praedicabunt,
2701 1127 2796 1180 sed
2835 1135 2888 1179 tu
2924 1126 3064 1181 Deus
3097 1127 3186 1196 qui
3230 1138 3412 1197 potes,
3458 1130 3830 1186 incrementum

2273 1216 2360 1269 da.
2393 1214 2467 1268 Tu
2507 1227 2700 1281 autem,
2730 1217 2976 1281 Domine,
3010 1235 3072 1271 ne
3108 1219 3256 1288 longe
3286 1219 3451 1288 facias
3494 1222 3834 1276 miserationes

2272 1301 2389 1360 tuas
2419 1325 2451 1360 a
2478 1326 2576 1361 me.
2610 1309 2787 1374 idest,
2827 1309 2894 1362 ab
2937 1309 3042 1363 illis
3083 1309 3174 1378 qui
3206 1307 3374 1364 futuri
3404 1319 3528 1364 sunt
3552 1312 3680 1366 mei.
3708 1313 3834 1368 Alias

2273 1412 2388 1452 oves
2416 1398 2579 1452 habeo
2606 1416 2723 1469 quia
2749 1416 2851 1454 non
2891 1410 3010 1453 sunt
3049 1415 3114 1453 ex
3142 1399 3237 1452 hoc
3268 1399 3420 1465 ovili,
3450 1411 3496 1454 et
3537 1401 3661 1455 illas
3703 1419 3836 1471 opor-

2273 1497 2346 1541 tet
2369 1503 2448 1540 me
2474 1488 2752 1543 adduceret
2777 1487 2971 1560 (Joan.
3000 1489 3102 1560 χ),
3149 1477 3508 1546 circumdatas
3551 1491 3835 1548 innumeris

2274 1576 2430 1630 malis
2455 1585 2510 1630 ει
2540 1577 2914 1632 innumerabili
2943 1578 3256 1647 iniquitate,
3300 1579 3386 1633 fac
3411 1593 3505 1635 eos
3532 1595 3836 1651 cognoscere

2273 1664 2612 1734 iniquitatem
2635 1681 2812 1732 suam,
2838 1677 2892 1722 et
2911 1667 2978 1722 ad
3001 1667 3160 1722 ﬁdem
3181 1669 3565 1738 justiﬁcantcm
3591 1673 3833 1726 converti.

2273 1755 2338 1809 Et
2362 1763 2542 1810 certus
2573 1772 2690 1812 sum
2718 1758 2843 1827 quia
2876 1773 2981 1812 non
3007 1757 3164 1828 longe
3189 1757 3355 1830 facies
3377 1760 3445 1814 ab
3465 1760 3571 1827 bis,
3609 1776 3734 1815 nam
3755 1763 3836 1814 mi-

593 1854 765 1924 fecisti
795 1856 942 1921 mihi,
975 1855 1029 1911 id
1071 1865 1176 1923 εει,
1212 1857 1503 1925 perfectam
1532 1855 1893 1911 obedientiam
1916 1857 2044 1911 mihi
2075 1859 2173 1913 de-
2203 1868 2248 1927 Β
2275 1848 2560 1902 sericordia
2591 1859 2681 1903 tua
2721 1864 2825 1918 qua
2850 1865 3044 1916 vocas.
3088 1867 3196 1921 qua
3241 1853 3543 1919 condonas.
3581 1863 3636 1908 et
3671 1855 3836 1908 verita:

593 1944 719 1999 disti
748 1956 804 2000 et
835 1947 989 2012 meis,
1033 1954 1091 2000 ut
1137 1946 1338 2001 faciant
1373 1946 1578 2017 seipsos
1624 1946 1853 2001 hostiam
1883 1949 2172 2015 viventem,

590 2047 858 2102 sanctam,
919 2038 1031 2092 Deo
1078 2038 1379 2107 placentem
1425 2053 1524 2107 per
1557 2037 1915 2093 humilitatem
1945 2048 1998 2094 et
2048 2039 2176 2096 obe-

589 2127 848 2182 dientiam
878 2148 891 2180 :
916 2127 1302 2193 holocaustum,
1331 2128 1539 2184 scilicet
1568 2127 1766 2199 legale,
1810 2128 1864 2182 id
1903 2137 2007 2195 εει,
2044 2128 2175 2185 illud

589 2216 918 2272 sacriﬁcium
963 2219 1106 2287 quod
1152 2227 1323 2273 totum
1357 2219 1763 2273 incendebatur.
1813 2219 1881 2273 Et
1933 2237 2028 2290 pro
2057 2227 2172 2290 pec?-

590 2317 732 2371 cato,
773 2307 827 2362 id
867 2316 967 2373 est,
1019 2308 1147 2364 illud
1193 2309 1515 2365 sacriﬁcium
1541 2310 1683 2379 quod
1727 2309 2052 2366 offerebatur
2075 2327 2174 2382 pro

589 2406 814 2466 peccato
848 2398 1174 2465 mundando,
1229 2400 1370 2470 quod
1425 2401 1805 2456 nominabatur
1850 2411 2169 2472 peccatum;

587 2485 793 2540 scilicet
811 2487 948 2541 cinis
969 2486 1168 2554 vitula},
1192 2504 1294 2542 non
1317 2487 1453 2542 ultra
1481 2488 1776 2558 postulasti.
1796 2489 1962 2556 Tunc,
1991 2491 2044 2545 id
2064 2499 2170 2557 est,

592 2585 880 2648 postquam
930 2588 1137 2651 tempus
1175 2583 1528 2638 correctionis
1555 2585 1731 2649 venit,
1765 2584 1890 2638 dum
1935 2586 2171 2642 medium

589 2665 860 2721 silentium
894 2676 1135 2724 tenerent
1162 2672 1362 2736 omnia,
1419 2673 1469 2726 id
1497 2681 1602 2732 est,
1637 2675 1760 2728 dum
1787 2689 1975 2729 omnes
1997 2675 2170 2745 philo-

588 2757 744 2825 sophi
791 2766 1035 2814 tenerent
1070 2775 1356 2817 commune
1405 2763 1676 2817 silentium
1721 2765 1786 2819 de
1833 2767 2172 2836 reparatione

587 2849 802 2917 generis
854 2851 1074 2906 humani
1121 2855 1390 2922 quomodo
1459 2854 1651 2919 ﬁeret,
1702 2865 1758 2910 et
1818 2872 1922 2911 nox
1969 2858 2022 2912 in
2070 2873 2170 2913 suo

587 2951 751 2991 cursu
800 2939 902 2993 iter
929 2940 1171 3007 haberet,
1205 2944 1257 2997 id
1284 2953 1387 3009 est,
1431 2945 1556 2998 dum
1586 2945 1698 2999 haec
1725 2946 2024 3016 ignorantia
2048 2963 2171 3016 pcr-

588 3036 854 3092 maneret,
899 3031 1241 3100 omnipotens
1288 3048 1466 3088 sermo
1517 3042 1658 3098 tuus,
1715 3035 1976 3102 Domine,
2015 3053 2043 3090 a
2078 3053 2167 3092 re-

588 3117 799 3185 galibus
847 3121 1064 3176 sedibus
1109 3124 1290 3188 venit,
1341 3124 1392 3178 id
1437 3132 1552 3187 εει,
1607 3124 1774 3180 Filius
1822 3136 1942 3181 tuus
1996 3129 2170 3183 incar-

2277 1948 2390 2004 tua,
2417 1953 2522 2008 qua
2551 1940 2742 1994 merita
2772 1955 3104 2006 remuneras,
3132 1957 3334 2011 semper
3369 1952 3707 2013 susceperunt
3741 1960 3835 2007 me;

2275 2031 2329 2085 id
2354 2039 2456 2097 est,
2486 2048 2636 2088 meos
2661 2033 2729 2089 ab
2751 2033 2883 2090 Abel
2907 2035 3056 2106 justo
3076 2051 3247 2106 usque
3273 2052 3414 2092 nunc
3433 2079 3448 2103 ,
3486 2046 3542 2094 et
3568 2039 3715 2094 sicut
3733 2053 3834 2092 cum

2272 2120 2442 2189 priori
2461 2122 2654 2191 populo
2677 2123 3098 2180 misericorditer
3115 2126 3293 2196 egisti,
3309 2132 3449 2182 sicut
3467 2127 3832 2197 promittebas,

2274 2208 2349 2262 ita
2389 2224 2531 2265 nunc
2559 2225 2721 2268 eruas
2746 2227 2917 2279 meos,
2945 2214 3036 2283 qui
3063 2215 3241 2269 adhuc
3277 2216 3331 2270 in
3365 2216 3672 2271 idololatria
3699 2226 3833 2282 sunt,

2272 2312 2360 2352 me
2383 2297 2494 2368 jam
2521 2299 2780 2356 exhibito.
2826 2301 2892 2356 Et
2933 2317 3069 2372 opus
3109 2312 3193 2359 est
3226 2313 3284 2358 ut
3319 2320 3424 2360 non
3450 2305 3697 2371 diﬁ‘eras,
3728 2322 3834 2376 quo-

2273 2389 2416 2442 niam
2443 2391 2892 2446 circumdederunt
2916 2409 3020 2459 me,
3037 2393 3091 2448 id
3113 2402 3200 2448 est
3229 2410 3398 2460 meos,
3427 2395 3518 2466 qui
3543 2395 3712 2450 futuri
3731 2404 3834 2450 sunt

2272 2480 2399 2547 mei,
2424 2480 2565 2535 mala
2589 2498 2810 2552 quorum
2833 2500 2938 2538 non
2963 2495 3037 2539 est
3081 2502 3347 2540 numerus.
3374 2487 3492 2542 Etsi
3536 2488 3593 2541 in
3643 2486 3835 2556 maiori-

2271 2572 2372 2627 bus
2400 2573 2554 2628 malis
2577 2575 2773 2644 aliquis
2803 2591 3060 2632 numerus
3085 2578 3184 2644 sit,
3221 2579 3274 2632 in
3313 2579 3619 2634 minoribus
3649 2579 3830 2642 nullus;

2273 2662 2518 2718 sabulum
2539 2664 2640 2719 etsi
2671 2665 2892 2720 minutis
2913 2665 3106 2735 lapillis
3126 2667 3414 2736 colligitur,
3443 2676 3656 2724 tantum
3679 2679 3832 2722 tamen

2272 2753 2327 2808 in
2369 2754 2494 2807 navi
2535 2763 2710 2824 potest
2754 2771 2875 2812 esse
2905 2766 2963 2811 ut
2997 2773 3116 2812 eam
3143 2758 3380 2828 pondere
3417 2775 3515 2814 suo
3544 2761 3831 2829 demergat,

2272 2847 2724 2914 quemadmodum
2775 2863 2966 2918 magna
3011 2863 3164 2904 saxa.
3210 2847 3724 2921 Comprehenderunt
3769 2868 3833 2902 me

2271 2937 2568 3006 iniquitates
2613 2953 2762 3003 metu,
2809 2939 2864 2993 id
2906 2948 3011 3006 est,
3044 2947 3124 2994 tot
3163 2949 3307 3006 sunt,
3337 2943 3478 3010 quod
3511 2943 3833 2997 obduxerunt

2272 3039 2368 3079 cor
2394 3041 2635 3080 meorum
2667 3042 2732 3081 ex
2758 3028 3004 3099 gentibus
3036 3029 3563 3099 praedestinatorum,
3590 3047 3725 3102 quas
3753 3030 3833 3083 ini-

2271 3117 2505 3186 quitates
2527 3133 2626 3186 ego
2651 3133 2798 3173 meas
2813 3134 2966 3186 voco,
2983 3129 3200 3190 propter
3220 3136 3470 3190 magnam
3493 3120 3831 3178 affectionem.

591 3215 750 3262 natus
777 3219 879 3263 εει.
916 3209 1060 3276 Dixi,
1101 3210 1238 3267 Ecce
1276 3216 1422 3268 venio
1471 3222 1528 3268 ut
1574 3213 1768 3270 faciam
1805 3218 2164 3285 voluntatem,

2273 3217 2322 3261 et
2348 3209 2482 3263 adeo
2506 3211 3046 3278 comprehenderunt,
3097 3210 3238 3280 quod
3287 3227 3391 3266 non
3433 3213 3617 3280 potui,
3654 3211 3834 3268 scilicet

597 3296 650 3351 id
673 3306 772 3362 εει,
818 3301 980 3354 statui
1012 3302 1301 3369 incarnari,
1332 3316 1387 3359 et
1415 3305 1517 3360 hoc
1554 3305 1694 3373 idco,
1734 3307 1857 3375 quia
1887 3318 1940 3363 tu
1973 3311 2043 3364 ita
2066 3311 2173 3366 dis-

585 3389 831 3456 posuisti.
873 3389 941 3444 In
966 3392 1132 3459 capite
1183 3392 1304 3446 libri
1327 3396 1577 3463 scriptum
1619 3397 1778 3451 estde
1801 3414 1900 3464 me,
1930 3410 1983 3452 ut
2023 3400 2170 3470 face-

592 3494 696 3530 rem
728 3480 1046 3534 voluntatem
1093 3492 1257 3536 tuam.
1292 3485 1403 3554 Ego
1447 3488 1738 3541 secundum
1781 3489 2168 3546 humanitatem

589 3583 710 3622 sum
735 3569 891 3635 liber,
917 3572 984 3624 ad
1006 3572 1147 3639 quod
1184 3574 1459 3643 exemplar
1480 3591 1667 3630 omnes
1692 3577 1812 3632 libri
1837 3581 2164 3647 scribuntur,

585 3661 639 3714 id
666 3670 748 3715 est
769 3662 836 3714 ad
857 3662 1008 3729 cujus
1033 3664 1514 3720 conformationem
1538 3670 1862 3739 omnesjusti
1889 3670 2041 3736 ﬁunt,
2072 3673 2168 3725 hu-

579 3749 669 3817 jus
686 3751 806 3804 libri
830 3762 987 3821 caput
1017 3762 1098 3807 est
1124 3755 1394 3810 divinitas.
1414 3755 1480 3809 In
1497 3759 1663 3825 capite
1683 3773 1810 3829 ergo
1834 3759 1971 3824 libri,
1989 3761 2042 3815 id
2061 3773 2163 3827 εει,

582 3839 636 3892 in
666 3839 938 3894 voluntate
984 3850 1071 3895 tua
1122 3844 1211 3911 qui
1255 3858 1314 3898 es
1349 3854 1508 3914 caput
1538 3860 1714 3900 meum
1735 3886 1749 3911 ,
1779 3850 2036 3917 scriptum
2064 3861 2160 3915 est,

581 3927 634 3981 id
660 3937 765 3992 est,
792 3930 1110 3998 dispositum
1134 3941 1186 3985 ει
1210 3933 1624 4001 prmordinatum
1651 3936 1714 3988 de
1738 3953 1836 4000 nte,
1864 3949 1916 3991 ut
1939 3938 2162 4006 facerem

585 4017 902 4073 voluntatem
931 4030 1096 4086 tuam,
1127 4022 1178 4075 id
1203 4033 1307 4087 est,
1337 4033 1394 4076 ut
1424 4025 1518 4078 tibi
1549 4025 1600 4078 in
1627 4027 1879 4082 omnibtts
1907 4029 2163 4084 obcdiens

585 4123 781 4173 essem,
813 4110 938 4177 quia
974 4119 1027 4163 tu
1071 4127 1130 4165 es
1157 4111 1297 4166 Deus
1326 4130 1491 4166 meus.
1526 4114 1593 4166 Et
1630 4116 1770 4168 hanc
1799 4116 1988 4185 legem,
2021 4118 2163 4173 scili-

583 4207 671 4252 cet
718 4198 1049 4253 voluntatem
1111 4210 1254 4254 tuam
1291 4201 1428 4256 volui
1455 4205 1508 4256 in
1544 4204 1714 4257 medio
1741 4206 1914 4259 cordis
1944 4208 2078 4272 mei,
2109 4208 2160 4263 id

582 4298 685 4354 est,
727 4299 840 4346 toto
868 4291 1139 4347 desiderio
1175 4293 1455 4364 complevi.
1493 4294 1561 4348 Et
1593 4310 1700 4349 non
1729 4296 1897 4351 solum
1930 4312 2027 4368 per
2053 4313 2156 4365 me,

579 4383 675 4437 sed
709 4383 870 4438 etiam
905 4399 1002 4453 per
1047 4399 1322 4454 praecones
1369 4401 1517 4440 meos
1569 4388 1870 4441 annuntiavi
1908 4389 2160 4450 iustitiam

574 4482 740 4536 tuam,
771 4475 823 4528 id
847 4482 950 4538 est,
977 4475 1133 4531 ﬁdem
1155 4474 1564 4544 justiﬁcantem.
1593 4477 1779 4532 Justus
1805 4488 1980 4533 autem
2008 4495 2158 4536 meus

2273 3313 2369 3353 cor
2395 3299 2618 3369 erigere,
2649 3309 2706 3352 ut
2731 3301 2973 3365 viderent,
3001 3302 3204 3368 scilicet
3230 3301 3348 3356 illas
3377 3302 3716 3372 iniquitates,
3743 3315 3831 3354 non

2272 3389 2541 3443 suﬁiciunt
2583 3390 2685 3445 sibi
2725 3391 2790 3444 ad
2829 3386 3252 3461 cognoscendam
3298 3391 3672 3447 inﬁrmitatem
3701 3404 3832 3444 suam

2271 3490 2325 3536 ει
2343 3483 2690 3550 quaerendum
2717 3490 2767 3536 te
2790 3482 3076 3547 medicum,
3096 3469 3198 3537 nisi
3221 3490 3368 3537 tuum
3393 3493 3681 3538 succurrat
3702 3479 3834 3535 auxi-

2267 3571 2420 3626 lium.
2453 3571 2658 3627 Revera
2685 3573 3201 3642 comprehenderunt,
3224 3575 3350 3644 quia
3374 3574 3708 3645 multiplicati
3729 3581 3832 3627 sunt

2267 3677 2422 3732 super
2450 3661 2666 3731 capillos
2709 3662 2892 3732 capitis
2939 3665 3073 3728 mei,
3114 3664 3167 3718 id
3194 3673 3306 3728 est,
3337 3664 3563 3719 inﬁnita:
3595 3672 3755 3729 sunt;
3789 3670 3833 3717 et

2267 3753 2390 3808 ideo
2415 3769 2506 3806 cor
2531 3771 2702 3808 meum
2729 3755 2999 3825 dereliquit
3027 3773 3125 3821 me,
3157 3756 3210 3810 id
3240 3765 3323 3811 est
3349 3771 3519 3820 meos,
3544 3757 3750 3812 scilicet
3777 3753 3832 3808 ad

2266 3844 2695 3914 cognoscendam
2740 3844 2914 3900 lucem
2944 3846 3205 3901 veritatis.
3250 3847 3392 3916 Ergo
3424 3847 3552 3915 quia
3599 3848 3701 3916 ipsi
3740 3859 3830 3900 non

2265 3943 2490 4002 possunt
2512 3949 2726 4001 eruere,
2749 3935 3061 4005 complaceat
3085 3937 3195 4001 tibi,
3220 3936 3459 4002 Domine,
3485 3946 3540 3990 ut
3569 3952 3725 3991 eruas
3745 3951 3830 3997 me,

2266 4025 2389 4094 quia
2417 4026 2549 4080 mihi
2583 4026 2754 4097 placet
2781 4035 2842 4081 ut
2860 4027 3214 4082 adducantur.
3243 4026 3576 4098 Complaceat
3609 4030 3720 4093 tibi,
3743 4027 3831 4080 Do-

2263 4118 2421 4182 mine,
2447 4127 2502 4170 ut
2535 4133 2690 4171 eruas
2713 4132 2862 4172 meos
2889 4133 2918 4172 a
2949 4119 3193 4172 caecitate
3221 4119 3420 4184 cordis,
3453 4128 3507 4172 et
3537 4133 3570 4172 a
3613 4117 3831 4175 tenebris

2262 4215 2631 4276 peccatorum.
2677 4207 2933 4272 Domine,
2983 4207 3051 4260 ad
3096 4207 3454 4277 adjuvandum
3497 4225 3582 4262 me
3623 4209 3828 4278 respice,

2261 4297 2452 4366 adjuva
2492 4297 2721 4353 liberum
2756 4298 3040 4352 arbitrium
3081 4297 3225 4367 quod
3267 4299 3479 4354 dedisti.
3528 4299 3648 4354 Hoc
3689 4299 3828 4353 modo

2260 4401 2410 4450 erue,
2439 4389 2541 4443 hoc
2566 4387 2725 4442 modo
2750 4386 2960 4456 adjuva.
2999 4385 3410 4456 Confundantur
3452 4388 3824 4443 miraculorum

2259 4479 2611 4543 exhibitione,
2638 4486 2687 4533 et
2719 4487 3049 4532 revereantur
3078 4477 3488 4532 resurrectionis
3513 4478 3825 4548 cognitione,

575 4578 640 4615 ea:
666 4563 771 4630 ﬁde
797 4566 918 4617 vivit
948 4564 1177 4635 (llabac.
1222 4582 1296 4631 ll;
1327 4565 1474 4620 Rom.
1511 4567 1572 4637 ι).
1602 4566 1669 4620 1η
1699 4567 1912 4622 ecclesia
1943 4586 2156 4640 magna,
2187 4561 2237 4620 D
2261 4567 2446 4632 simul,
2471 4567 2524 4622 id
2551 4576 2653 4633 est,
2683 4582 2790 4622 non
2819 4566 2992 4620 solum
3021 4566 3088 4620 de
3115 4565 3298 4634 gentili
3321 4565 3542 4635 populo,
3568 4566 3662 4621 sed
3681 4565 3826 4620 etiam

578 4652 632 4706 id
657 4662 757 4718 est,
799 4654 851 4708 in
884 4655 1111 4710 ecclesia
1139 4659 1409 4727 gentium,
1444 4672 1548 4712 non
1581 4658 1634 4712 in
1663 4657 1777 4713 sola
1817 4657 2021 4724 Iudaea,
2057 4675 2154 4714 an-

577 4743 819 4796 nuntiavi
847 4751 902 4796 et
949 4747 1299 4801 annuntiabo.
1344 4745 1474 4800 Ecce
1504 4746 1641 4800 labia
1679 4763 1794 4800 mea
1847 4763 1951 4802 non
1979 4749 2155 4817 prohi-

576 4831 720 4896 bebo,
753 4833 803 4886 id
832 4841 947 4898 est,
985 4849 1261 4903 praecones
1300 4851 1449 4891 meos
1491 4851 1598 4891 non
1647 4838 1819 4891 sinam
1857 4838 2148 4908 prohiberi,

575 4925 737 4993 quia,
775 4925 819 4978 0
867 4925 1112 4993 Domine,
1145 4937 1200 4981 tu
1243 4930 1384 4982 scisti
1432 4929 1520 4982 illa
1571 4931 1744 4996 labia,
1795 4932 1847 4985 id
1881 4941 1984 4998 εει,
2019 4933 2152 4988 tales

577 5013 748 5068 fecisti
787 5030 936 5070 meos
961 5031 1237 5084 praecones
1259 5018 1348 5087 qui
1376 5033 1477 5073 non
1505 5031 1726 5089 possunt
1761 5022 2053 5090 prohiberi.
2087 5023 2154 5077 Et

577 5103 696 5156 ideo
719 5102 984 5171 justitiam
1017 5114 1161 5157 tuam
1207 5121 1310 5159 non
1349 5107 1595 5161 abscondi
1626 5109 1680 5162 in
1727 5109 1881 5163 corde
1922 5125 2066 5176 meo,
2100 5111 2152 5165 id

575 5201 676 5257 est,
713 5193 765 5246 in
793 5194 956 5248 corde
987 5207 1249 5261 meorum,
1273 5195 1538 5264 justitiam
1570 5213 1689 5267 quae
1718 5214 1784 5254 ex
1811 5199 1915 5254 ﬁde
1939 5209 2037 5263 est,
2068 5199 2151 5254 vel

566 5285 830 5355 justitiam
858 5285 1149 5341 secundum
1181 5301 1342 5356 quam
1380 5288 1584 5357 justum
1628 5305 1746 5345 esse
1778 5292 2149 5361 perpenditur,

577 5387 635 5429 ut
687 5375 776 5443 qui
821 5376 998 5430 credit
1029 5377 1221 5441 corde,
1267 5393 1372 5432 non
1424 5386 1597 5434 taceat
1646 5395 1773 5444 ore,
1815 5381 2153 5436 abscondunt

575 5466 788 5533 quidem
839 5468 905 5521 ad
945 5468 1354 5524 aediﬁcationem
1402 5486 1582 5535 suam,
1639 5473 1732 5527 sed
1774 5488 1880 5528 non
1927 5474 2152 5528 abscon-

577 5560 710 5614 dunt
743 5563 808 5615 ad
831 5563 1243 5619 aediﬁcationem
1273 5565 1523 5633 proximi.
1551 5565 1684 5620 Nam
1714 5567 1974 5620 veritatem
2005 5577 2150 5619 tuam

575 5659 623 5702 et
662 5650 890 5707 salutare
934 5665 1080 5709 tuum
1126 5657 1258 5721 dixi,
1291 5657 1342 5710 id
1381 5666 1491 5721 est,
1520 5657 1696 5711 dicent
1738 5656 1842 5711 mei
1885 5665 2151 5726 praecepta

579 5748 706 5812 tua,
757 5746 872 5801 sine
917 5750 1111 5817 quibus
1155 5764 1313 5804 nemo
1355 5749 1454 5804 sibi
1503 5749 1568 5804 de
1615 5748 1787 5804 salute
1835 5757 2145 5819 praesumat.

2257 4657 2443 4723 Judaei,
2473 4661 2563 4730 qui
2586 4667 2825 4730 quaerunt
2855 4658 3086 4730 animam
3115 4673 3281 4710 meam
3322 4668 3378 4710 ut
3417 4657 3666 4726 auferant
3694 4672 3824 4717 eam,

2258 4751 2466 4808 scilicet
2498 4751 2566 4806 ad
2594 4749 2948 4820 perdendum,
2971 4763 3075 4803 non
3103 4748 3169 4802 ad
3200 4746 3502 4802 fruendum.
3529 4747 3827 4802 Convertun-

2259 4852 2346 4896 tur
2366 4852 2668 4906 retrorsum,
2695 4848 2754 4895 ut
2782 4849 2834 4894 te
2854 4838 3143 4908 praeferant
3172 4853 3276 4892 non
3300 4853 3379 4902 se,
3401 4839 3492 4908 qui
3511 4838 3692 4892 volunt
3715 4834 3825 4889 mihi

2259 4934 2422 4998 mala,
2453 4933 2505 4987 id
2529 4941 2632 4997 est,
2660 4933 2752 5002 qui
2779 4933 2919 4988 bona
2932 4932 3130 4986 .dicunt
3160 4931 3300 4986 mala
3330 4931 3630 4987 voluntate.
3653 4931 3823 4998 Magna

2259 5031 2342 5080 est
2361 5023 2448 5078 lex
2474 5023 2800 5087 Christiana,
2832 5023 2926 5078 sed
2947 5023 3068 5093 quis
3095 5030 3273 5092 potest
3300 5037 3422 5078 eam
3450 5023 3706 5092 implere?
3731 5018 3821 5073 Fc.

2261 5127 2379 5172 rant
2406 5124 2584 5172 autem
2607 5114 2898 5183 confestim,
2930 5114 2983 5168 id
3015 5124 3098 5168 est
3125 5115 3242 5168 sine
3271 5114 3546 5178 dilatione,
3577 5113 3825 5182 confusio-

2260 5225 2375 5263 nem
2400 5224 2569 5271 suam,
2599 5207 2651 5260 id
2679 5214 2779 5269 εει,
2821 5206 3143 5262 erubescant
3187 5205 3328 5273 quod
3373 5203 3527 5259 dolus
3567 5217 3748 5259 eorum
3776 5199 3821 5252 in

2259 5313 2346 5352 me
2377 5312 2479 5351 non
2510 5295 2738 5364 proﬁcit,
2763 5295 2850 5365 qui
2871 5295 3044 5348 dicunt
3072 5294 3221 5359 mihi,
3248 5293 3421 5363 Euge,
3452 5310 3601 5364 euge,
3640 5293 3692 5346 id
3721 5299 3818 5348 est.

2258 5387 2350 5456 qui
2381 5386 2665 5440 adulantur
2690 5393 2745 5438 et
2789 5383 3011 5437 laudant
3053 5391 3275 5451 peccata
3306 5397 3458 5448 mea,
3500 5382 3704 5437 scilicet
3741 5377 3820 5446 qui

2259 5474 2626 5529 maledicendo
2652 5472 2992 5526 benedicunt.
3015 5470 3137 5526 ldco
3156 5471 3285 5525 dicit
3307 5471 3598 5540 confestim,
3625 5469 3745 5538 quia
3764 5464 3820 5518 ab

2255 5565 2340 5619 his
2369 5562 2602 5617 maxime
2631 5568 2714 5615 est
2744 5559 3067 5624 cavendum,
3102 5559 3193 5628 qui
3239 5559 3536 5612 adulatorie
3583 5572 3681 5610 nos
3717 5555 3816 5607 lau-

2253 5657 2381 5710 dant
2411 5662 2466 5709 ει
2503 5643 2683 5706 favent
2725 5651 2777 5704 in
2816 5651 2976 5706 rebus
3003 5649 3268 5719 pessimis.
3317 5650 3429 5703 Duo
3460 5657 3583 5703 sunt
3637 5658 3816 5716 genera

2256 5761 2538 5817 pravorum
2559 5758 2571 5797 :
2591 5742 2788 5808 Unum,
2803 5743 2943 5811 quod
2966 5741 3330 5797 maledicendo
3353 5739 3619 5795 benedicit
3634 5754 3648 5800 ;
3666 5733 3815 5794 aliud,
