3930 5434
172 394 289 454 3'37

1325 387 1852 446 ENARRATIONES
1893 387 1954 442 IN
1996 387 2328 458 PSALMOS.

3323 392 3426 449 558

169 504 324 573 quod
350 502 714 559 benedicendo
740 503 1030 568 maledicit,
1056 518 1177 558 cum
1207 502 1386 558 laudat
1427 505 1565 558 male
1589 519 1752 571 agen-
1781 505 1831 562 Λ
1855 499 2031 554 dentis
2061 501 2260 554 nullum
2290 516 2446 569 posse
2475 501 2669 555 salvari
2691 501 2792 557 nisi
2821 517 2915 572 per
2937 501 3118 568 ﬁdem,
3147 490 3426 574 majestate

172 606 302 664 tes;
343 596 438 652 sed
488 603 713 666 uterque
759 597 1058 661 cavendus,
1107 595 1232 665 quia
1277 595 1416 650 mala
1465 595 1758 650 intentione

167 695 411 756 uterque
443 685 698 755 loquitur.
732 687 798 740 Et
825 702 888 741 ex
917 685 1194 756 Opposito,
1224 685 1477 739 exsultent
1521 686 1758 740 exterius

169 774 267 827 hic
294 775 350 828 in
387 789 504 844 spe,
531 785 586 829 et
614 775 828 829 tandem
859 777 912 829 in
939 790 1018 838 re,
1045 783 1090 828 et
1133 773 1374 828 (tutentur
1415 774 1639 827 interius
1677 788 1760 826 re-

168 865 520 918 surrectione
544 849 734 933 prima,
759 881 912 932 super
931 873 1000 926 te,
1016 863 1220 917 scilicet
1243 863 1439 916 ﬁrmati
1463 877 1554 932 per
1577 861 1756 924 ﬁdem,

169 966 335 1019 spem
360 961 415 1005 et
442 952 784 1016 charitatem,
812 968 987 1005 omnes
1022 960 1308 1021 quaerentes
1333 961 1401 1016 te,
1429 959 1646 1021 propter
1677 958 1756 1013 te,

171 1056 288 1093 non
322 1049 542 1110 propter
586 1040 748 1096 aliud.
790 1041 856 1094 Iit
901 1042 1096 1103 dicant,
1128 1041 1280 1110 quasi
1327 1041 1440 1096 [nec
1469 1042 1538 1095 sit
1574 1055 1758 1095 eorum

170 1129 517 1183 exsultatio:
570 1129 784 1200 Semper
822 1130 1182 1201 magniﬁcetur
1212 1130 1496 1195 Dominus,
1545 1131 1596 1185 id
1643 1138 1752 1197 est,

169 1219 367 1272 omnia
395 1233 557 1289 opera
588 1217 702 1287 ejus
733 1220 1069 1291 magniﬁcata
1098 1220 1251 1274 nobis
1274 1220 1424 1286 ﬁant,
1464 1221 1576 1275 sive
1605 1229 1758 1274 vocet

171 1316 500 1376 peccatores
539 1311 604 1362 ad
633 1310 864 1375 veniam,
909 1311 1021 1365 sive
1048 1310 1232 1364 invitet
1270 1311 1521 1380 probatos
1548 1311 1612 1384 ad
1645 1309 1758 1381 pal-

173 1414 353 1452 mam.
385 1399 488 1464 Qui
511 1400 730 1470 diligunt
765 1400 996 1454 salutare
1021 1411 1188 1466 tuum,
1221 1402 1272 1455 id
1302 1411 1384 1457 est
1412 1401 1760 1456 salvationem

177 1499 356 1542 tuam.
393 1488 508 1544 Hoc
529 1490 710 1545 dicant
733 1491 798 1545 de
825 1499 896 1554 te,
931 1491 997 1545 de
1026 1505 1086 1545 se
1118 1501 1297 1546 autem
1327 1508 1432 1546 non
1460 1492 1659 1547 dicant.
1684 1491 1761 1546 llli

175 1579 395 1644 dicunt,
420 1578 586 1649 Euge,
617 1597 761 1650 euge.
793 1579 907 1650 Ego
937 1591 1109 1635 autem
1136 1583 1404 1636 mendicus
1425 1599 1560 1647 sum,
1584 1583 1634 1636 id
1657 1589 1758 1648 est,

177 1668 518 1724 insufﬁciens
562 1671 690 1724 mihi
723 1672 790 1724 ad
817 1671 1066 1726 salutem.
1114 1671 1181 1724 Et
1209 1689 1408 1742 pauper
1449 1673 1758 1739 alieetione,

175 1760 412 1828 cupiens
457 1762 604 1816 diviti
653 1762 758 1816 Deo
803 1752 1126 1829 adhaerere,
1157 1764 1247 1833 qui
1289 1773 1478 1833 potens
1509 1773 1592 1820 est
1634 1765 1761 1820 dare

1860 605 1955 643 sua
1979 589 2278 657 adjuvando
2305 601 2358 645 et
2380 589 2704 658 adjutorium
2733 607 2886 646 suum
2911 594 3237 648 coronando.
3263 593 3429 661 Quasi

1859 680 2044 735 dicens
2079 698 2091 732 :
2131 682 2264 752 Ego,
2295 699 2453 751 quem
2480 683 2754 752 propheta:
2782 683 3040 740 hactenus
3065 685 3432 754 praedixerunt

1859 769 1925 822 ad
1970 770 2390 839 redemptionem
2448 774 2658 843 generis
2697 773 2919 828 humani
2963 783 3275 841 venturum,
3303 790 3431 832 ecce

1859 861 2066 913 adsum.
2101 859 2168 912 Et
2206 860 2383 914 beatus
2404 864 2493 932 qui
2519 879 2620 916 non
2659 863 2812 931 fuerit
2840 865 3228 920 scandalizatus
3256 867 3310 920 in
3351 883 3433 922 me

1861 950 2075 1020 (Matth.
2102 951 2202 1022 xu),
2226 952 2276 1006 id
2299 962 2402 1018 est,
2432 955 2522 1024 qui
2553 955 2797 1026 intelligit
2821 972 2904 1011 me
2929 974 3032 1013 non
3057 959 3228 1014 solum
3252 959 3432 1015 homi-

1861 1057 2008 1104 nem,
2040 1044 2132 1097 sed
2164 1053 2218 1098 et
2244 1046 2435 1100 Deum.

1933 1129 2122 1185 Beatus
2146 1135 2236 1202 qui
2266 1134 2508 1204 intelligit
2539 1152 2694 1206 super
2721 1154 2934 1208 egenum
2961 1147 3010 1193 et
3033 1157 3334 1210 pauperem,
3377 1141 3430 1196 id

1862 1227 1968 1285 est,
2010 1221 2101 1290 qui
2144 1237 2230 1277 me
2283 1223 2556 1279 Christum
2607 1227 2684 1281 sic
2731 1243 3021 1297 pauperem
3079 1230 3340 1300 intelligit,
3373 1240 3436 1284 ut

1861 1310 2025 1364 etiam
2065 1311 2282 1366 divitem
2315 1324 2622 1384 cognoscat,
2661 1316 2749 1384 qui
2780 1316 3022 1387 intelligit
3069 1320 3250 1374 carnis
3285 1319 3438 1373 inlir—

1864 1398 2127 1465 mitatem,
2176 1418 2282 1457 non
2315 1411 2490 1456 tamen
2524 1404 2774 1473 ignorans
2805 1407 2854 1460 in
2889 1422 3053 1461 carne
3074 1408 3432 1464 divinitatem.

1867 1487 1965 1542 Hic
1987 1498 2071 1543 est
2122 1490 2208 1543 ille
2259 1507 2460 1560 pauper
2488 1494 2580 1561 qui
2630 1509 2695 1547 ex
2739 1509 2931 1565 magna
2963 1495 3264 1562 affectione,
3311 1514 3432 1554 cum

1867 1578 2016 1632 dives
2051 1588 2196 1633 esset
2250 1580 2300 1634 in
2342 1581 2501 1646 coelo,
2525 1598 2729 1652 panper
2772 1583 2944 1640 lactus
2971 1595 3054 1640 est
3083 1588 3137 1641 in
3181 1595 3323 1642 terra
3349 1587 3434 1658 (II

1867 1664 1989 1720 Cor.
2041 1670 2209 1737 vm)<
2273 1669 2424 1723 dives
2475 1669 2636 1735 Deus,
2688 1688 2890 1743 pauper
2929 1675 3143 1728 homo:
3193 1690 3436 1730 summus

1862 1755 2026 1822 Deus,
2057 1758 2220 1812 homo
2255 1758 2502 1822 humilis,
2535 1760 2688 1830 cujus
2735 1773 3043 1834 paupertas,
3084 1777 3282 1820 nostra:
3313 1772 3439 1820 sunt

175 1867 349 1920 supra
376 1869 537 1923 quam
577 1854 809 1924 petimus
829 1895 842 1919 ,
871 1863 927 1909 et,
954 1855 1075 1910 ideo
1104 1856 1228 1924 quia
1268 1856 1334 1910 de
1360 1870 1446 1910 me
1475 1871 1580 1910 non
1617 1872 1760 1926 pun-
1787 1854 1836 1914 B
1864 1848 2091 1914 divitia};
2146 1849 2287 1904 illius
2329 1851 2638 1917 inﬁrmitas,
2680 1862 2860 1908 nostra
2911 1855 3074 1910 salus.
3114 1855 3309 1911 Beatus
3333 1863 3439 1912 erit

177 1957 362 2005 sumo,
393 1947 486 1999 sed
515 1945 582 2000 de
610 1945 742 2012 Deo,
786 1946 1041 2001 Dominus
1079 1947 1332 2001 sollicitus
1369 1957 1441 2002 est
1487 1949 1606 2002 mei.
1652 1949 1763 2004 lloc

178 2034 386 2087 modo:
422 2034 636 2104 adjutor
669 2035 722 2090 in
755 2036 908 2092 bonis
947 2036 1375 2106 proﬁcientibus,
1417 2047 1674 2106 protector
1710 2038 1765 2092 iu

178 2120 366 2187 malis,
398 2137 468 2177 ne
495 2122 776 2191 devocent,
808 2125 927 2180 ideo
959 2135 1013 2179 tu
1037 2126 1282 2196 adjutor,
1309 2125 1434 2196 quia
1464 2141 1563 2197 ego
1589 2126 1767 2197 perdi-

179 2219 310 2264 tor:
342 2220 398 2265 tu
420 2221 700 2281 protector,
729 2229 828 2286 ego
859 2217 1178 2280 destructor,
1215 2215 1356 2269 Deus
1382 2230 1478 2285 per
1516 2225 1764 2270 naturam

177 2301 461 2368 omnibus,
493 2319 637 2357 meus
656 2308 762 2372 per
788 2307 1031 2375 gratiam.
1066 2303 1149 2359 Ne
1169 2305 1454 2360 tardaveris
1483 2304 1762 2374 adjuvare,

178 2391 569 2446 ne-tardaveris
593 2403 895 2464 protegere.
918 2395 1090 2450 Aliter
1113 2413 1125 2449 :
1162 2394 1239 2449 Illi
1263 2397 1352 2465 qui
1381 2396 1602 2466 diligunt
1624 2383 1767 2449 salu-

177 2491 302 2534 tare
345 2490 526 2548 tuum,
558 2483 778 2537 dicant-:
824 2484 1040 2554 Semper
1085 2486 1448 2555 magniﬁcetur
1493 2485 1764 2539 Dominus.

179 2570 257 2624 Et
286 2579 350 2624 ut
377 2571 477 2641 ipsi
507 2573 610 2627 hoc
629 2573 837 2642 possint
859 2575 1056 2639 dicere,
1082 2589 1182 2645 ego
1205 2589 1390 2630 eorum
1412 2584 1572 2645 caput
1595 2575 1768 2632 factus

174 2674 308 2714 sum
335 2661 602 2715 mendicus
622 2671 669 2716 et
691 2679 904 2733 pauper,
924 2663 978 2718 id
1001 2673 1098 2727 est,
1117 2665 1326 2734 suscepi
1348 2665 1589 2720 habitum
1612 2665 1766 2735 egeni

175 2758 238 2804 et
262 2751 550 2819 pauperis,
577 2759 638 2806 ut
665 2768 758 2807 eos
787 2753 1036 2820 ditarem,
1075 2763 1129 2810 et
1154 2754 1270 2810 ideo
1303 2755 1552 2809 Dominus
1576 2754 1768 2809 sollici-

174 2849 268 2893 tus
294 2849 374 2893 est
400 2841 501 2894 mei
529 2841 580 2894 in
609 2841 876 2910 passione,
908 2857 974 2898 ne
1001 2843 1244 2898 deliciam
1285 2845 1338 2898 in
1372 2853 1572 2908 morte,
1601 2852 1657 2896 ut
1683 2857 1768 2898 re-

175 2942 429 2997 surgam.
473 2928 575 2992 Tu,
602 2931 748 2994 dico,
783 2929 1038 2985 sollicitus
1066 2947 1125 2987 es
1165 2933 1286 2996 mei,
1336 2933 1426 3003 qui
1469 2948 1528 2988 es
1555 2933 1769 3003 adjutor

173 3031 358 3080 meus,
387 3025 448 3069 ut
493 3018 804 3084 perﬁciam:
843 3030 1102 3088 protector
1134 3036 1201 3075 ne
1230 3021 1507 3088 deﬁciam,
1553 3031 1608 3077 et
1651 3023 1768 3077 ideo

177 3121 248 3158 ne
269 3105 564 3161 tardareris
594 3110 939 3175 resuscitare,
971 3125 1165 3180 corpus
1190 3112 1320 3166 mihi
1345 3122 1549 3184 aptare.

746 3202 1066 3258 PSALMUS
1101 3203 1212 3258 XL.

609 3310 662 3348 IN
699 3311 857 3349 FINEM
897 3312 1129 3352 PSALMUS
1167 3313 1346 3355 DAVID.

263 3399 282 3431 ε
315 3380 519 3437 Beatus
547 3385 638 3452 qui
663 3385 907 3456 intelligit
935 3402 1096 3455 super
1120 3402 1345 3456 egenum
1372 3396 1426 3442 et
1455 3402 1765 3457 pauperem,

186 3485 206 3517 ‹
259 3467 318 3521 in
353 3469 440 3524 die
465 3471 607 3524 mala
633 3472 880 3527 liberabit
903 3487 1025 3527 cum
1052 3474 1324 3529 Dominus.
1356 3475 1614 3530 Dominus
1637 3490 1768 3530 con-

184 3575 204 3607 ι
262 3568 451 3614 servet
497 3575 642 3627 eum,
694 3573 748 3617 et
796 3564 1034 3639 vivilicet
1077 3580 1224 3630 eum,
1253 3574 1306 3619 et
1334 3567 1552 3622 beatum
1606 3566 1772 3622 faciat

185 3666 205 3697 ι
257 3662 389 3702 eum
421 3650 475 3703 in
520 3660 687 3717 terra,
717 3663 770 3708 et
814 3669 920 3708 non
955 3655 1128 3709 tradat
1161 3670 1283 3710 eum
1307 3657 1358 3711 in
1393 3659 1625 3712 animam
1665 3657 1761 3712 ini-

181 3755 202 3787 ι
255 3738 531 3792 micorum
563 3741 695 3810 ejus.
729 3744 985 3798 Dominus
1013 3759 1169 3814 opem
1198 3745 1334 3800 ferat
1372 3747 1445 3801 illi
1483 3763 1644 3817 super
1697 3747 1770 3801 lev

183 3846 203 3878 ι
225 3843 234 3850 κ
257 3837 413 3881 etum
441 3829 637 3886 doloris
659 3831 794 3900 ejus,
822 3833 1130 3888 universum
1153 3846 1380 3890 stratum
1400 3837 1516 3907 ejus
1542 3836 1772 3892 versasti

183 3935 206 3968 ι
257 3917 318 3971 in
358 3917 676 3975 inﬁrmitate
722 3923 858 3992 ejus.
899 3924 1011 3994 Ego
1042 3925 1171 3988 dixi,
1222 3927 1464 3989 Domine,
1512 3928 1773 3981 miserere

183 4028 204 4060 ι
258 4008 376 4062 mei
416 4023 584 4064 :sana
611 4012 846 4066 animam
877 4029 1076 4080 meam,
1108 4016 1234 4083 quia
1269 4017 1486 4085 peccavi
1515 4017 1629 4071 tibi.
1663 4017 1770 4070 lni-

182 4117 202 4149 ι
257 4098 394 4153 mici
435 4100 539 4158 mei
589 4101 840 4157 dixerunt
881 4104 1018 4157 mala
1046 4105 1175 4158 mihi
1209 4123 1222 4161 :
1262 4106 1487 4172 Quando
1514 4107 1772 4161 morietur

184 4207 203 4238 ι
258 4197 319 4242 et.
351 4189 554 4256 peribit
596 4207 788 4246 nomen
818 4191 965 4260 ejus?
989 4193 1054 4247 Et
1099 4193 1142 4248 si
1193 4195 1596 4264 ingrediebatur
1616 4202 1674 4248 ut
1700 4195 1777 4248 vi-

187 4295 208 4327 ι
262 4275 448 4340 deret,
484 4292 618 4332 vana
652 4279 997 4348 loquebatur,
1030 4298 1127 4337 eor
1170 4283 1285 4351 ejus
1309 4284 1647 4354 congregavit
1671 4284 1774 4338 ini-

185 4386 205 4416 ι
259 4366 534 4434 quitatem
582 4370 705 4424 sibi.
747 4371 1134 4440 Egrediebatur
1157 4371 1315 4428 foras
1361 4383 1416 4428 et
1456 4374 1776 4443 loquebatur

187 4474 207 4505 ι
262 4455 324 4508 in
387 4455 638 4525 idipsum.
688 4458 989 4515 Adversum
1039 4477 1125 4517 me
1176 4465 1530 4520 susurrabant
1587 4480 1776 4520 omnes

186 4563 208 4595 ι
261 4545 478 4600 inimici
509 4548 635 4614 mei,
659 4549 944 4606 adversum
974 4566 1060 4606 me
1105 4554 1414 4623 cogitabant
1458 4554 1598 4610 mala
1622 4556 1772 4610 mihi.

187 4655 210 4686 ε
267 4635 512 4692 Verbum
561 4638 802 4708 iniquum
858 4643 1258 4699 constituerunt
1317 4645 1602 4700 adversum
1650 4661 1774 4700 me:

189 4744 211 4776 ι
238 4723 530 4795 _Nunquid
555 4729 644 4796 qui
673 4730 888 4794 dormit,
915 4747 1018 4786 non
1041 4733 1258 4802 adjiciet
1286 4742 1343 4787 ut
1372 4735 1651 4805 resurgat?
1681 4735 1776 4788 Et-

191 4833 213 4865 ι
268 4814 420 4867 enim
446 4816 608 4872 homo
645 4820 793 4888 pacis
826 4836 960 4876 mete
991 4822 1044 4875 in
1081 4837 1188 4894 quo
1210 4824 1438 4894 speravi,
1467 4824 1557 4894 qui
1587 4825 1780 4879 edebat

191 4927 212 4961 ι
265 4923 441 4978 panes
481 4925 649 4977 meos,
683 4913 1044 4983 magniﬁcavit
1085 4931 1244 4986 super
1269 4931 1355 4972 me
1392 4917 1778 4987 supplantatio-

190 5018 213 5048 ‹
266 5013 418 5053 nem.
448 4999 525 5054 Tu
553 5011 752 5068 autem,
797 5004 1043 5070 Domine,
1075 5007 1331 5064 miserere
1359 5008 1486 5074 mei,
1518 5017 1574 5064 et
1623 5025 1774 5064 resu-

192 5108 216 5140 s
268 5090 412 5144 scita
462 5107 568 5156 me,
609 5103 664 5146 et
703 5095 996 5149 retribuam
1021 5096 1118 5152 eis.
1151 5097 1208 5151 In
1238 5099 1341 5153 hoc
1383 5099 1602 5169 cognovi
1645 5114 1776 5167 quo-

194 5199 215 5231 ι
268 5180 421 5234 niam
456 5181 673 5238 voluisti
707 5200 810 5249 me,
837 5185 1092 5254 quoniam
1116 5202 1220 5242 non
1247 5188 1496 5259 gaudebit
1529 5189 1776 5242 inimicus

193 5291 214 5323 ι
268 5287 431 5327 meus
478 5289 640 5342 super
683 5291 784 5330 me.
829 5276 913 5330 Me
954 5285 1134 5330 autem
1165 5288 1385 5350 pr0pter
1411 5280 1774 5335 innocentiam

1865 1938 1956 2008 qui
1991 1939 2148 1994 modo
2177 1956 2332 2010 super
2357 1958 2569 2011 egenum
2617 1952 2665 1996 et
2694 1960 2997 2013 pauperem,
3038 1947 3088 2000 id
3137 1954 3238 2013 est,
3276 1961 3438 2015 super

1865 2027 2106 2082 habitum
2134 2030 2285 2101 egeni
2317 2038 2372 2084 et
2398 2030 2654 2100 pauperis
2689 2033 2950 2102 intelligit.
2984 2033 3040 2089 Si
3067 2035 3210 2088 enim
3241 2043 3292 2089 te
3319 2043 3436 2088 tur-

1863 2117 1956 2172 bat
1982 2117 2124 2186 qnod
2153 2129 2378 2173 mortem
2402 2122 2654 2185 attendis,
2673 2121 2812 2189 quod
2840 2137 3054 2178 crucem
3084 2124 3311 2194 cogitas,
3339 2137 3439 2193 age

1865 2207 1932 2263 de
1957 2209 2046 2264 illo
2073 2225 2243 2280 egeno
2265 2220 2321 2266 et
2348 2227 2605 2283 paupere,
2633 2214 2725 2268 sed
2753 2214 3208 2281 intellectualiter,
3230 2225 3285 2270 et
3308 2223 3434 2270 nota

1865 2300 2008 2369 quod
2039 2301 2183 2356 solus
2211 2301 2480 2367 Christus,
2523 2311 2685 2372 caput
2717 2310 2772 2358 et
2811 2319 3027 2374 corpus,
3066 2319 3192 2360 vere
3235 2319 3440 2376 pauper

1865 2402 1946 2448 est
1970 2401 2026 2447 et
2053 2408 2275 2464 egenus.
2323 2393 2526 2449 Pmter
2557 2395 2832 2450 Christum
2867 2404 3046 2451 autem
3073 2411 3264 2451 omnes
3287 2395 3444 2451 vani-

1869 2483 1997 2537 tatis
2025 2482 2165 2538 t‘astu
2188 2483 2574 2539 beatitudinem
2609 2483 2898 2540 fastidiunt
2929 2502 2942 2540 :
2985 2486 3181 2555 quibus
3206 2487 3322 2541 dies
3350 2483 3441 2554 ju-

1867 2571 1994 2626 dicii
2027 2571 2164 2625 mala
2190 2572 2314 2638 erit,
2337 2573 2462 2641 quia
2493 2573 2558 2627 de
2581 2587 2646 2627 eo
2667 2573 2842 2642 capite
2872 2573 3308 2629 intellectualiter
3332 2589 3440 2630 non

1866 2661 2201 2740 egerunt.ISi
2233 2657 2376 2715 eniin
2422 2662 2856 2740 intellectualiter
2891 2665 3148 2732 egissent,
3187 2665 3442 2721 adhaesis-

1867 2759 2006 2812 sent,
2045 2737 2158 2804 haec
2190 2752 2295 2805 erit
2339 2751 2427 2805 illa
2457 2737 2750 2817 beatitudo,
2793 2753 2848 2806 in
2902 2754 2985 2806 die
3031 2752 3172 2806 mala
3200 2754 3440 2808 liberabit

1867 2855 1984 2894 eum
2017 2840 2292 2904 Dominus,
2324 2855 2445 2895 cum
2470 2841 2675 2894 venerit
2714 2855 2817 2894 non
2843 2841 2955 2910 jam
2985 2842 3227 2895 occultus
3260 2843 3311 2894 in
3335 2842 3439 2894 hu-

1869 2931 2150 2996 manitate,
2202 2932 2295 2985 sed
2340 2930 2655 2986 manifestus
2688 2931 2740 2984 in
2780 2930 3080 2999 majestate.
3124 2931 3222 2987 Hic
3261 2934 3316 2985 in
3354 2932 3440 2985 die

1870 3021 2014 3074 mala
2054 3030 2104 3076 te
2146 3021 2386 3075 liberabit
2407 3037 2474 3076 ex
2501 3036 2564 3075 eo
2586 3021 2726 3091 quod
2756 3021 2896 3075 Deus
2917 3031 3030 3087 est;
3072 3037 3133 3075 ex
3164 3036 3229 3077 eo
3257 3029 3438 3076 autem

1875 3111 2016 3180 quod
2055 3111 2216 3165 homo
2244 3119 2327 3166 est
2374 3111 2718 3165 resuscitahit
2765 3119 2837 3165 te.
2870 3111 2986 3176 Vel,
3023 3111 3200 3164 beatus
3246 3111 3335 3181 qui
3360 3110 3440 3163 in-

1793 3193 1836 3255 C
1869 3201 2084 3270 telligit,
2129 3203 2181 3256 id
2219 3212 2329 3268 est,
2387 3203 2747 3272 intelligenter
2794 3203 2905 3273 agit
2949 3218 3110 3273 super
3143 3217 3343 3274 egenos
3383 3210 3442 3255 et

1868 3306 2149 3359 pauperes,
2200 3292 2324 3361 quia
2374 3293 2418 3346 si
2470 3307 2635 3362 super
2666 3292 2804 3356 illos,
2849 3301 2975 3347 tunc
3020 3302 3075 3348 et
3105 3308 3266 3361 super
3292 3293 3440 3347 illum

1868 3381 1958 3448 qui
1982 3380 2115 3434 dixit
2138 3396 2152 3432 :
2181 3380 2414 3446 Esuriri,
2436 3391 2480 3434 et
2503 3381 2718 3434 dedistis
2743 3382 3202 3435 mihimanducare
3226 3380 3441 3451 (Matth.

1869 3468 2015 3538 xxv).
2041 3467 2153 3524 Hoc
2179 3469 2337 3525 modo
2368 3470 2603 3523 liberabit
2638 3470 2696 3523 in
2736 3471 2819 3524 die
2842 3470 3005 3524 mala.
3029 3471 3286 3525 Dominus
3314 3485 3445 3525 con-

1868 3559 2106 3613 servabit
2130 3575 2247 3613 eum
2286 3559 2439 3628 quasi
2470 3559 2710 3613 triticum
2737 3560 2788 3613 in
2821 3560 3095 3626 horreum,
3136 3575 3257 3614 cum
3288 3559 3441 3629 palea

1869 3648 2086 3704 dabitur
2127 3649 2182 3703 in
2230 3649 2679 3716 combustionem,
2710 3650 3051 3704 conservabit
3085 3649 3283 3718 duplici
3312 3663 3442 3703 cou—

1869 3739 2194 3804 servatione,
2222 3739 2462 3793 interiori
2504 3747 2560 3794 et
2587 3739 2866 3793 exteriori.
2897 3739 2964 3792 Et
2997 3739 3291 3794 vivilicabit
3327 3753 3445 3792 eum

1870 3837 1932 3884 ut
1978 3829 2176 3899 duplici
2209 3829 2620 3884 conservatione
2661 3837 2970 3895 conservet,
2998 3830 3289 3884 viviﬁcabit
3319 3839 3445 3883 tunc

1872 3921 2013 3992 quod
2050 3937 2192 3976 nunc
2221 3921 2447 3976 mortale
2473 3931 2572 3976 est.
2621 3919 2688 3973 Et
2712 3938 2854 3977 nunc
2889 3923 3104 3976 interim
3137 3922 3341 3975 beatum
3363 3919 3445 3988 [α-

1871 4015 1967 4068 ciet
1994 4030 2132 4077 eum,
2163 4012 2368 4068 scilicet
2390 4012 2727 4067 beatitudine
2760 4013 2954 4082 prima,
2988 4015 3145 4068 utsic
3170 4012 3351 4067 veniat
3379 4012 3446 4065 ad

1871 4100 2263 4154 beatitudinem
2309 4100 2625 4166 secundam,
2659 4102 2713 4154 in
2762 4112 2924 4168 terra,
2969 4103 3177 4157 scilicet
3217 4101 3452 4156 morien-

1875 4195 2030 4259 tium,
2063 4194 2166 4248 hoc
2200 4194 2358 4249 modo
2385 4213 2397 4247 :
2433 4192 2557 4248 Non
2587 4195 2760 4248 tradet
2783 4211 2901 4249 eum
2930 4195 2982 4248 in
3010 4195 3239 4248 animam
3268 4195 3447 4247 inimi-

1874 4299 2052 4337 corum
2087 4283 2221 4352 ejus,
2245 4291 2298 4338 et
2338 4283 2382 4337 si
2422 4284 2596 4338 tradet
2626 4285 2679 4336 in
2715 4285 2964 4348 animant,
3003 4283 3056 4338 id
3082 4291 3184 4348 est,
3226 4296 3452 4337 consen-

1876 4388 2020 4439 sum,
2061 4382 2118 4428 ut
2154 4373 2522 4430 conformetur
2563 4374 2686 4428 illis.
2729 4375 2880 4441 Quod
2910 4373 3168 4428 utverius
3195 4373 3449 4427 credatur

1880 4465 2138 4529 futurum,
2180 4476 2329 4536 optat
2357 4465 2607 4520 Christus
2647 4473 2828 4534 caput,
2873 4472 2928 4517 et
2952 4472 3072 4518 orat
3105 4472 3162 4517 ut
3205 4462 3317 4516 ﬁat.
3347 4461 3451 4515 Ini-

1879 4558 2054 4612 micus
2070 4557 2156 4611 ille
2177 4557 2420 4612 diabolus
2442 4556 2534 4625 qui
2551 4555 2634 4610 leo
2656 4554 2757 4608 fuit
2779 4553 3148 4608 interﬁciendo
3163 4561 3450 4623 martyres,

1879 4646 2066 4700 videns
2105 4648 2249 4715 quod
2295 4647 2397 4700 hoc
2421 4643 2580 4699 modo
2621 4643 2756 4698 nihil
2781 4643 3081 4714 proﬁceret,
3115 4642 3242 4712 quia
3281 4639 3488 4702 occisi.

1880 4735 2306 4803 triumphabant,
2340 4734 2515 4788 factus
2535 4740 2617 4788 est
2643 4735 2826 4799 draco,
2851 4732 3248 4802 venenorcmpit
3267 4745 3452 4801 agere,

1880 4826 2089 4882 scilicet
2117 4827 2280 4896 coapit
2319 4840 2605 4897 suggerere
2633 4841 2730 4896 per
2756 4841 2878 4882 suas
2907 4827 3213 4890 blanditias,
3236 4826 3448 4880 dicens:

1880 4917 2070 4986 Magna
2117 4925 2202 4971 est
2229 4917 2314 4970 lex
2337 4916 2662 4982 Christiana,
2709 4917 2803 4972 sed
2829 4917 2950 4987 quis
2981 4932 3101 4972 eam
3132 4924 3309 4986 potest
3335 4931 3452 4970 ser-

1880 5009 2042 5063 vare?
2094 5009 2199 5064 Sed
2229 5008 2475 5064 Christus
2513 5017 2567 5062 et
2595 5010 2679 5064 sui
2722 5019 2778 5064 et
2815 5009 3021 5065 leonem
3063 5020 3120 5064 et
3168 5008 3452 5061 draconem

1882 5098 2215 5153 conculcant.
2262 5097 2327 5152 Et
2381 5097 2457 5152 illi
2505 5097 2818 5168 intelligenti
2867 5106 2924 5150 nt
2967 5114 3070 5151 non
3115 5097 3354 5150 tradatur
3403 5093 3456 5144 in

1883 5191 2113 5244 animam
2134 5188 2485 5253 inimicorum,
2503 5205 2650 5258 opem
2672 5191 2808 5244 feret
2829 5187 2906 5240 illi
2925 5204 3081 5257 super
3101 5187 3285 5240 lectum
3307 5182 3455 5235 dolo-

1886 5283 1958 5336 νίδ
1986 5281 2120 5350 ejus.
2154 5283 2206 5336 id
2246 5291 2349 5347 ρει,
2382 5281 2544 5336 laciet
2576 5297 2672 5336 sua
2703 5296 2802 5332 one
2830 5287 2882 5316 nt
2931 5280 3135 5316 ιιηῐιηιιο
3179 5273 3220 5302 η’
