3930 5724
492 390 599 464 559

1129 403 1390 489 REMlGll
1428 401 2084 461 ANTISSIODORENSIS
2121 401 2270 459 OPP.
2312 396 2511 461 PARS.
2539 404 2579 460 l.
2607 436 2674 445 -—
2700 404 3112 463 EXEGETICA.

3646 400 3743 467 διο

491 516 690 573 doloris
724 514 893 587 jacuit
936 518 1192 588 regendo,
1231 528 1284 573 et
1319 518 1628 589 castigando
1656 525 1711 572 et
1748 516 1801 571 in
1846 515 2075 570 servitu-
2103 525 2147 582 Α
2179 515 2246 569 Ει
2268 516 2370 571 hoc
2399 532 2502 572 non
2530 520 2595 571 ad
2634 532 2811 572 meum
2857 517 3135 582 damnum,
3176 514 3268 572 sed
3318 516 3386 570 ad
3416 532 3598 584 suum,
3628 521 3745 588 quia

494 622 603 669 tem
628 613 919 686 redigendo
945 629 1183 679 carnem,
1213 612 1565 683 sanusfportet
1585 611 1863 684 grabatum
1891 626 2070 676 suum,

493 710 547 755 et
585 717 690 755 non
725 711 782 756 ut
821 711 1053 774 aegrotus
1099 702 1169 757 ab
1215 717 1280 756 eo
1321 710 1584 772 portetur.
1623 701 1687 755 Et
1714 715 1850 770 opus
1891 708 1974 754 est
2014 705 2073 752 ut

492 793 750 848 Dominus
773 794 905 864 [erat
930 811 1096 864 opem,
1120 793 1200 847 vel
1232 807 1421 847 revera
1448 793 1610 846 habet
1639 790 1827 845 lectum
1854 788 2069 843 doloris.

494 881 638 937 Nam
669 885 973 937 universum
1006 893 1225 937 stratum
1261 882 1375 950 ejus
1412 882 1628 936 versasli
1678 868 1732 934 in
1769 879 2074 958 inﬁrmitate

492 974 625 1043 ejus,
653 976 706 1028 id
735 984 837 1040 est,
867 984 1033 1029 totum
1060 989 1256 1043 corpus
1284 974 1577 1036 humanum
1607 973 1659 1026 in
1692 987 1797 1041 quo
1827 972 2074 1025 infirmus

492 1064 759 1119 humanus
805 1060 1014 1117 animus
1058 1063 1202 1118 velut
1251 1063 1303 1116 in
1341 1070 1512 1116 strato
1554 1062 1835 1131 quiescere
1882 1059 2074 1133 quierit

492 1152 756 1207 versabile
782 1150 975 1218 fecisti,
1013 1161 1072 1205 ut
1112 1150 1256 1206 nulla
1281 1152 1356 1216 ibi
1398 1152 1468 1205 sit
1498 1140 1733 1222 requies,
1766 1166 1886 1206 cum
1917 1150 2075 1206 modo

491 1243 667 1298 dulcia
692 1244 743 1297 in
776 1258 961 1298 amara
990 1230 1283 1306 vertantur,
1316 1242 1474 1297 modo
1498 1258 1681 1296 amara
1710 1242 1763 1296 in
1794 1240 1989 1307 dulcia,
2022 1250 2076 1295 et

490 1336 568 1389 sic
617 1335 845 1390 diversis
894 1333 1330 1388 tribulationibus
1375 1341 1598 1402 peccato
1635 1331 1793 1401 primi
1843 1329 2077 1385 hominis

494 1422 829 1492 inquietasti,
872 1430 927 1478 et
967 1421 1327 1492 comparabile
1377 1420 1548 1476 fecisti
1596 1427 1797 1491 tegroto
1843 1418 1933 1489 qui
1965 1436 2077 1491 pra:

492 1511 1008 1583 nimiamgritudine
1037 1521 1338 1566 commovet
1376 1520 1542 1566 totum
1578 1511 1797 1566 lectum.
1825 1508 1893 1563 In
1923 1510 2075 1578 inﬁr-

489 1604 668 1655 mitate
696 1603 821 1672 ejus
839 1603 959 1657 ideo
984 1602 1060 1657 sic
1082 1617 1201 1656 eum
1235 1602 1538 1679 infirmasti,
1570 1603 1693 1671 quia
1717 1602 1961 1657 infirmus
1979 1586 2079 1657 fuit

492 1696 551 1744 et
597 1690 860 1762 instabilis
889 1690 942 1745 in
972 1700 1239 1760 pmoepto
1276 1690 1482 1745 Domini
1522 1692 1613 1747 Dei
1662 1693 1767 1747 sui.
1796 1691 1990 1755 Aliter,
2021 1700 2079 1747 ut

491 1796 597 1835 non
646 1782 785 1834 idem
818 1770 1147 1852 accipiamus
1179 1791 1431 1847 stratum;
1463 1784 1606 1853 quod
1651 1782 1840 1838 lectum
1877 1782 2077 1837 doloris

2173 620 2263 658 cor
2288 605 2399 675 ejus
2437 607 2766 677 congregavit
2812 606 3130 678 iniquitatem
3159 606 3277 672 sibi,
3307 620 3417 660 non
3448 606 3604 672 mibi,
3632 609 3744 677 quia

2172 696 2454 749 secundum
2476 695 2800 766 iniquitatem
2827 711 2976 749 suam
2998 705 3047 750 et
3072 695 3394 765 imptenitens
3427 711 3518 747 cor
3541 695 3745 749 thesau-

2174 785 2306 839 rizat
2349 784 2448 840 sibi
2473 785 2638 848 iram,
2669 786 2720 838 in
2742 785 2825 839 die
2850 786 2944 839 ira:
2970 795 3017 840 et
3048 786 3242 855 furoris
3275 784 3413 854 justi
3443 784 3641 854 judicii
3665 782 3747 838 Dei

2175 873 2360 945 (Rom.
2396 873 2478 947 ιι).
2510 874 2577 928 Ει
2608 875 2733 945 quia
2781 873 2924 928 intus
2968 872 3069 927 fuit
3113 874 3165 927 in
3204 873 3346 937 dolo,
3397 874 3748 943 egrediebatur

2174 966 2347 1043 foras,
2368 982 2396 1019 a
2421 966 2677 1022 societate
2705 974 2758 1020 et
2788 981 2817 1019 a
2842 964 3052 1020 vinculo
3080 965 3361 1020 cbaritatis
3392 965 3589 1029 exivit,
3618 975 3661 1017 et
3682 963 3748 1015 to-

2172 1041 2426 1128 quebatur
2474 1058 2528 1110 in
2584 1056 2825 1127 idipsum,
2880 1057 3082 1113 scilicet
3134 1056 3187 1129 in
3239 1056 3291 1110 id
3342 1056 3489 1124 quod
3535 1054 3629 1108 alii
3671 1054 3749 1125 qui

2175 1153 2360 1214 aperte
2392 1153 2549 1200 erant
2591 1145 2816 1211 inimici,
2848 1152 2906 1199 ut
2934 1144 3097 1199 Judas
3126 1153 3177 1199 et
3206 1142 3295 1197 alii
3338 1150 3533 1196 contra
3576 1140 3747 1195 Eccle-

2174 1236 2346 1302 siam,
2376 1234 2460 1291 vel
2504 1237 2555 1293 in
2603 1216 2856 1305 idipsum,
2891 1234 2940 1289 id
2986 1245 3088 1296 est.
3120 1243 3306 1289 contra
3336 1232 3653 1287 Dominum.
3699 1231 3752 1285 Et

2175 1341 2281 1379 non
2326 1325 2498 1380 solum
2544 1324 2929 1397 ingredientes,
2982 1325 3073 1379 sed
3130 1324 3290 1378 etiam
3344 1323 3632 1376 adversum
3683 1336 3752 1389 me

2175 1416 2516 1470 susurrabant
2576 1432 2752 1469 omnes
2809 1400 3007 1470 inimici
3061 1416 3183 1481 mei,
3233 1424 3341 1467 tam
3394 1409 3752 1484 ingredientes

2177 1522 2338 1577 quam
2362 1507 2716 1579 egredientes.
2754 1503 2951 1571 Venite,
2979 1506 3275 1559 occidamus
3297 1520 3440 1568 eum,
3475 1511 3526 1558 et
3548 1502 3749 1555 habebi-

2175 1616 2289 1652 mus
2323 1598 2677 1653 [nereditatem
2700 1597 2812 1667 ejus
2835 1595 3047 1668 (Matth.
3081 1595 3215 1666 XXI).
3245 1594 3312 1649 Et
3338 1609 3445 1648 non
3486 1592 3691 1647 mirum
3713 1592 3751 1646 si

2174 1691 2447 1747 adversum
2479 1709 2559 1747 me
2604 1691 2969 1757 susurrabant,
3005 1692 3131 1761 quia
3163 1691 3311 1763 prius
3355 1689 3643 1743 aduersum
3686 1701 3752 1740 me

2177 1786 2471 1856 cogitabant
2499 1783 2661 1850 mala,
2713 1784 2766 1839 id
2811 1793 2916 1850 est,
2945 1792 3194 1850 mortem,
3237 1797 3360 1838 cum
3404 1794 3509 1850 ego
3556 1778 3662 1832 illis
3689 1778 3753 1831 vi-

490 1872 787 1926 universum
813 1881 1035 1925 stratum
1075 1871 1208 1940 ejus,
1240 1872 1291 1925 id
1332 1881 1435 1937 est,
1474 1888 1663 1927 omnes
1691 1872 2072 1927 delectationes
2106 1868 2146 1925 Β
2177 1884 2304 1940 tam,
2331 1876 2425 1931 sed
2448 1875 2597 1941 mihi,
2630 1875 2681 1929 id
2707 1883 2791 1930 est
2816 1875 2883 1929 ad
2921 1889 3094 1930 meam
3124 1872 3375 1945 gloriam,
3405 1870 3570 1935 mihi,
3600 1884 3752 1940 quan-

490 1965 670 2039 carnis
701 1965 753 2018 in
782 1965 977 2033 quibus
1004 1965 1271 2018 humanus
1299 1964 1512 2019 animus
1534 1964 1649 2019 sine
1671 1974 1895 2034 peccato
1925 1962 2071 2018 dele-

488 2058 622 2111 clari
654 2065 849 2128 potest,
879 2067 937 2109 ut
983 2057 1035 2109 in
1080 2055 1316 2125 praediis,
1361 2055 1416 2109 in
1462 2056 1728 2121 domibus,
1778 2050 1831 2109 in
1881 2071 2072 2122 uxore,

488 2146 542 2200 in
592 2147 734 2213 ﬁliis,
783 2134 927 2216 quod
980 2153 1061 2200 est
1103 2146 1155 2199 ei
1193 2155 1416 2199 stratum
1469 2147 1525 2199 in
1577 2144 1882 2213 inﬁrmitate
1937 2143 2071 2214 eius,

487 2236 614 2305 quia
660 2235 833 2289 adhuc
867 2233 1139 2288 infirmum
1161 2234 1301 2306 gerit
1324 2234 1586 2300 animuin,
1612 2235 1850 2299 versasti,
1878 2233 1931 2288 id
1967 2243 2072 2298 est,

488 2326 660 2382 fecisti
693 2334 749 2378 ut
787 2339 976 2380 omnes
1011 2323 1256 2379 carnales
1292 2322 1674 2379 delectationes
1716 2324 2075 2378 miscerentur

488 2400 958 2481 amaritudinibus,
1013 2420 1071 2467 ut
1137 2428 1233 2483 per
1285 2413 1700 2468 amaritudinem
1755 2411 2071 2466 inferioruut

487 2507 657 2562 discat
683 2522 866 2561 amare
904 2506 1150 2572 meliora,
1194 2520 1263 2559 ne
1290 2505 1464 2560 viator
1497 2505 1721 2559 tendens
1746 2505 1813 2557 ad
1842 2503 2071 2573 patriam

487 2608 629 2651 amet
685 2595 956 2651 stabulum
995 2610 1094 2666 pro
1141 2596 1321 2650 domo.
1354 2594 1459 2649 Pro
1484 2609 1588 2665 qua
1618 2594 1947 2648 infirmitate
1976 2593 2075 2647 liu-

488 2687 633 2741 mani
680 2688 897 2758 generis
923 2687 1178 2750 curanda,
1229 2702 1327 2757 pro
1351 2702 1456 2755 quo
1498 2684 1637 2740 lecto
1679 2683 1878 2739 doloris
1922 2683 2072 2739 aufe-

486 2781 655 2837 rendo
714 2770 813 2851 ego
857 2779 1100 2845 veniens,
1165 2778 1299 2846 dixi,
1353 2778 1587 2843 Domine,
1653 2780 1897 2832 miserere
1946 2776 2066 2830 mei.

482 2870 780 2927 lusistenda
814 2871 893 2925 vis
944 2869 1311 2947 pronominis:
1358 2886 1472 2941 ego,
1520 2869 1728 2923 scilicet
1771 2885 1800 2922 a
1848 2875 2071 2938 peccato

486 2962 760 3027 imumuis,
791 2960 935 3016 solus
958 2962 1118 3014 homo
1145 2961 1211 3014 ad
1236 2962 1336 3015 boc
1366 2961 1610 3026 idoneus,
1638 2960 1784 3016 solus
1820 2976 1946 3029 erga
1971 2960 2072 3014 bo-

487 3054 660 3108 inines
688 3060 848 3105 tanta:
879 3050 1200 3115 all'ectionis,
1224 3050 1359 3112 dixi,
1388 3049 1629 3114 Domine,
1652 3051 1894 3102 miserere
1920 3067 1932 3100 :
1963 3063 2069 3103 non

487 3143 610 3197 dico
657 3156 924 3207 meorum,
964 3155 1086 3194 eum
1142 3147 1321 3193 tamen
1372 3154 1468 3209 pro
1520 3138 1600 3194 eis
1641 3154 1816 3204 orem,
1856 3137 1950 3193 sed
2002 3153 2070 3192 ex

2174 1974 2285 2020 tum
2324 1966 2389 2018 ad
2415 1965 2628 2019 illorum
2658 1963 3011 2030 voluntatem,
3042 1963 3201 2025 mala,
3243 1964 3335 2018 sed
3361 1961 3463 2017 sibi
3492 1968 3750 2035 quantum

2171 2059 2238 2114 ad
2263 2074 2396 2112 rem.
2422 2057 2491 2112 Et
2536 2056 2748 2112 tandem
2776 2065 2900 2128 post
2924 2055 3325 2129 cogitationem,
3352 2064 3475 2125 post
3518 2068 3749 2107 murmu-

2172 2149 2456 2214 rationem,
2484 2149 2693 2202 verbum
2721 2148 2978 2218 iniquum,
3014 2147 3066 2202 id
3098 2154 3201 2214 est,
3238 2145 3496 2215 injustam
3547 2153 3750 2200 senten-

2172 2240 2301 2296 tiam
2349 2241 2723 2294 constituerunt
2783 2238 3055 2293 adversum
3109 2252 3212 2293 me.
3259 2235 3393 2290 Reus
3442 2246 3519 2289 est
3582 2234 3747 2288 martis

2172 2329 2387 2402 (Matth.
2418 2329 2588 2399 χχιι).
2614 2327 2715 2398 1ρεί
2747 2345 2832 2383 me
2870 2330 2937 2385 ad
2965 2340 3194 2385 mortem
3217 2329 3648 2392 damnaverunt,
3668 2325 3747 2380 sed

2171 2439 2289 2494 quae
2316 2422 2488 2478 cura?
2518 2421 2772 2492 Nunquid
2803 2416 2905 2476 non
2941 2421 3249 2492 resurgam?
3277 2421 3342 2475 Et
3378 2421 3482 2474 hoc
3522 2416 3747 2475 ostendit

2170 2532 2265 2587 per
2295 2515 2488 2571 simile.
2524 2512 2776 2586 Nunquid
2807 2513 2895 2569 ille
2935 2516 3026 2583 qui
3066 2512 3255 2566 dormit
3292 2528 3398 2565 non
3437 2494 3659 2579 adjiciat
3698 2519 3744 2562 ut

2171 2616 2425 2676 resurgat.
2457 2603 2657 2676 Utique
2704 2603 2944 2675 adiiciet.
2992 2602 3144 2670 Quod
3181 2602 3325 2657 enim
3376 2600 3483 2670 ipsi
3525 2609 3745 2655 mortem

2169 2696 2448 2766 putabant,
2492 2693 2744 2750 dormitio
2788 2708 2905 2749 mea
2941 2691 3082 2746 fuit:
3120 2692 3248 2763 quia
3295 2700 3625 2761 spontanee,
3654 2702 3745 2742 non

2170 2796 2379 2842 coacta.
2409 2784 2624 2841 Primus
2662 2782 2830 2838 Adam
2877 2781 3127 2837 dormivit
3163 2791 3219 2836 ut
3256 2780 3626 2835 fabricaretur
3652 2776 3745 2831 Eva

2172 2873 2330 2949 (Gen.
2366 2874 2447 2947 ιι),
2492 2873 2757 2930 secundus
2795 2871 2967 2933 Adam
3005 2870 3256 2927 dormivit
3292 2878 3350 2924 ut
3391 2868 3747 2924 fabricaretur

2169 2965 2428 3020 Ecclesia.
2463 2964 2528 3018 Et
2556 2963 2824 3034 quomodo
2857 2963 2972 3018 haec
2994 2961 3169 3017 fient?
3197 2959 3290 3016 Vel
3331 2959 3462 3031 quid
3489 2958 3673 3014 dicam
3691 2957 3746 3011 de

2170 3055 2335 3109 aliis?
2376 3055 2580 3109 Etenim
2629 3053 2781 3107 homo
2821 3052 2964 3122 pacis
3006 3066 3159 3116 mete,
3199 3050 3250 3105 id
3300 3057 3406 3115 εει,
3461 3049 3560 3118 qui
3629 3044 3745 3100 mihi

2175 3148 2490 3202 ostendebat
2521 3158 2706 3215 pacem
2731 3144 2908 3199 dando
2947 3142 3188 3198 osculum
3220 3142 3240 3212 (
3256 3141 3420 3196 Joan.
3451 3140 3538 3209 ιι),
3568 3141 3624 3192 in
3658 3152 3744 3207 quo

490 3232 659 3287 multa
682 3231 966 3287 affectione
992 3230 1131 3297 dico,
1168 3230 1289 3284 mei.
1318 3230 1384 3284 Et
1419 3230 1473 3284 in
1515 3229 1616 3285 hoc
1643 3229 1945 3301 exemplum
1980 3231 2075 3283 hu-
2101 3212 2145 3273 Ο
2176 3236 2395 3307 speravi,
2446 3212 2550 3289 non
2577 3239 2837 3304 quantum
2890 3233 2957 3286 ad
3014 3245 3119 3297 me,
3169 3231 3280 3302 ipse
3318 3229 3466 3284 enim
3519 3226 3744 3283 sciebam

491 3320 737 3375 militatis
778 3319 1004 3391 praebui.
1041 3317 1156 3374 lloc
1185 3320 1343 3374 modo
1374 3318 1636 3373 miserere.
1671 3318 1817 3374 Sana
1840 3320 2073 3372 animam

487 3428 679 3476 meam,
711 3408 783 3465 id'
808 3418 912 3475 est,
941 3424 1206 3473 meorum,
1241 3410 1330 3478 qui
1367 3424 1426 3464 se
1441 3410 1585 3480 juste
1618 3426 1673 3475 ει,
1694 3418 1743 3463 ιε
1774 3409 2075 3467 inﬁrmatos

485 3509 841 3573 cognoscunt.
878 3500 984 3556 Per
1012 3515 1070 3555 se
1099 3500 1293 3555 cadere
1322 3499 1494 3569 potuit
1529 3500 1713 3565 homo,
1754 3499 1846 3553 sed
1889 3514 1985 3568 per
2014 3511 2074 3552 se

484 3607 771 3664 resurgere
808 3606 913 3647 non
953 3599 1147 3661 potest.
1179 3588 1323 3643 Sana
1355 3590 1587 3643 animam
1619 3605 1860 3643 meorum
1895 3587 2076 3642 multi-

483 3682 609 3752 plici
636 3684 859 3739 vulnere
886 3691 1229 3754 peccatorum
1257 3683 1519 3749 sauciam,
1547 3690 1605 3736 ut
1639 3681 1851 3737 tandem
1877 3690 1932 3735 et
1956 3696 2075 3736 cor-

416 3790 421 3797 ‘
484 3788 586 3843 pus
608 3789 789 3829 sanes.
824 3773 903 3827 Tu
929 3774 1189 3839 miserere,
1235 3782 1290 3826 tu
1318 3789 1447 3828 sana
1482 3773 1607 3844 quia
1637 3774 1731 3827 tibi
1758 3773 1986 3843 peccavi,
2018 3781 2074 3827 tu

485 3863 635 3919 Salus
661 3880 824 3919 sanus
849 3865 1102 3932 mederis,
1135 3872 1187 3918 tu
1216 3863 1363 3920 solus
1386 3865 1503 3921 sine
1529 3873 1752 3935 peccato
1778 3864 2072 3920 misereris.

486 3952 605 4007 Tibi
630 3962 943 4023 peccatores
970 3962 1025 4009 et
1054 3953 1323 4024 desperati
1353 3965 1726 4018 reservantur,
1750 3961 1810 4008 ut
1848 3953 2072 4008 nimimn

487 4051 757 4112 aegrotans
808 4042 948 4097 bono
989 4043 1215 4098 medico.
1261 4043 1393 4114 Ego,
1427 4045 1563 4110 dixi,
1613 4046 1875 4111 miserere,
1920 4062 2071 4109 sana,

485 4131 685 4185 inimici
717 4141 897 4185 autem
921 4129 1027 4186 mei
1041 4133 1133 4201 qui
1162 4132 1421 4189 deberent
1453 4147 1575 4188 esse
1615 4133 1794 4199 amici,
1833 4133 2074 4189 dixerunt

490 4218 631 4273 mala
681 4220 830 4283 mihi,
873 4222 925 4275 id
955 4230 1060 4286 est,
1102 4221 1169 4276 ad
1220 4236 1394 4276 meam
1434 4222 1683 4293 gloriam,
1726 4222 1934 4278 scilicet
1975 4222 2077 4277 ista
2104 4266 2123 4273 κ

489 4308 628 4362 mala
655 4326 669 4361 :
695 4308 918 4374 Quando
946 4311 1197 4365 morietur
1218 4321 1266 4365 et
1292 4314 1477 4381 peribit
1500 4330 1684 4368 nomen
1707 4315 1863 4384 ejus?
1886 4321 1944 4368 ut
1967 4329 2073 4385 non

487 4397 628 4452 ultra
662 4399 990 4464 nominetur,
1023 4414 1128 4454 non
1164 4399 1305 4454 ultra
1348 4401 1686 4470 pnedicetur.
1727 4401 1929 4457 Aliter:
1961 4400 2077 4455 Ini-

487 4481 607 4537 inici
659 4487 760 4539 mei
805 4486 1048 4540 dixerunt
1092 4485 1235 4540 mala
1277 4487 1423 4542 mihi.
1477 4489 1738 4546 Describit
1779 4497 2072 4560 egestatem

2176 3326 2303 3395 quid
2335 3334 2481 3379 esset
2502 3324 2554 3378 in
2584 3323 2822 3388 bominc,
2845 3320 2938 3376 sed
2970 3321 3153 3391 inquo
3187 3319 3289 3373 mei
3319 3332 3544 3388 sperare
3574 3323 3747 3387 potue-

2178 3425 2323 3482 runt,
2354 3416 2479 3486 quia
2525 3429 2736 3469 mecum
2781 3421 3048 3478 versatus,
3087 3410 3144 3466 in
3182 3408 3521 3466 conscientia
3567 3418 3745 3477 prove-

2175 3517 2318 3572 ctus,
2345 3508 2429 3562 vel
2476 3505 2527 3560 in
2555 3520 2661 3576 quo
2691 3518 2908 3575 sperare
2936 3501 3094 3557 debui
3121 3509 3378 3571 quantqu
3414 3498 3485 3552 ad
3517 3511 3745 3554 commu-

2176 3613 2296 3652 nem
2319 3597 2569 3669 gratiam.
2603 3592 2812 3648 Esurivi
2841 3591 2996 3658 enim,
3031 3600 3086 3646 et
3111 3599 3342 3647 caetera:
3372 3587 3592 3660 speravi
3615 3584 3744 3640 enim

2176 3690 2229 3745 in
2267 3689 2355 3745 illo
2389 3704 2509 3744 esse
2542 3688 2719 3743 cibum
2749 3670 2927 3742 meum
2958 3684 3051 3754 qui
3095 3682 3288 3738 edebat
3326 3695 3525 3753 panem
3558 3692 3743 3739 meum,

2174 3781 2268 3851 qui
2298 3778 2640 3835 reficiebatur
2674 3775 2862 3830 eadem
2889 3773 3129 3830 doctrina
3157 3787 3261 3842 qua
3282 3780 3339 3827 et
3363 3785 3497 3840 ego;
3534 3767 3643 3834 vel,
3663 3764 3743 3836 qui

2176 3883 2386 3943 mecum
2432 3868 2749 3924 vescebatur
2774 3862 3121 3935 magniﬁcavit
3147 3877 3301 3929 super
3326 3877 3407 3914 me
3450 3857 3746 3928 supplanta-

2176 3960 2390 4024 tionem,
2415 3958 2467 4013 id
2496 3967 2597 4019 εει,
2623 3955 2744 4027 plus
2766 3968 2853 4009 me
2882 3950 3245 4023 supplantavit
3276 3964 3439 4019 quam
3465 3946 3583 4000 alii.
3615 3943 3744 3998 Dixit

2174 4052 2331 4114 enim,
2360 4050 2466 4120 ipse
2490 4056 2585 4108 est,
2610 4055 2774 4100 tenete
2796 4060 2936 4109 eum,
2958 4051 3007 4097 et
3028 4042 3199 4096 ducite
3225 4048 3375 4093 caute
3399 4036 3604 4109 (Marc.
3620 4034 3743 4099 xxv).

2177 4141 2340 4209 Quasi
2370 4140 2613 4195 diceret:
2644 4135 2939 4206 Diligenter
2988 4147 3112 4187 eum
3141 4128 3409 4186 custodite
3444 4140 3515 4209 ne
3544 4125 3745 4179 amitta.

2177 4208 2268 4299 tis,
2295 4230 2419 4302 quia
2464 4227 2587 4284 novi
2632 4225 2750 4295 ejus
2786 4238 2946 4295 opera
2990 4230 3041 4277 et
3081 4220 3197 4290 ejus
3250 4208 3515 4277 consilia:
3549 4211 3746 4270 Inimici

2177 4320 2282 4377 mei
2322 4301 2392 4378 ad
2439 4327 2666 4374 mortem
2698 4329 2783 4375 me
2808 4313 3216 4368 damnaverunt.
3247 4307 3325 4362 Tu
3352 4316 3558 4370 autem,
3580 4301 3746 4357 Domi.

2177 4427 2261 4476 ne,
2307 4407 2391 4465 cui
2430 4407 2485 4462 in
2530 4406 2633 4461 hoc
2659 4402 2872 4469 obedio,
2913 4402 3153 4455 miserere
3190 4398 3310 4463 mei,
3353 4396 3403 4450 id
3447 4403 3553 4458 est,
3582 4390 3746 4463 [trabe

2178 4500 2313 4555 meis
2336 4494 2762 4553 misericordiam
2793 4506 2878 4546 me
2902 4488 3289 4547 resuscitando.
3330 4483 3446 4540 [loc
3473 4483 3637 4538 modo
3658 4479 3745 4532 mi;

488 4575 635 4630 illam
685 4588 741 4631 et
788 4587 1177 4649 paupertatem,
1220 4588 1475 4649 tanquam
1526 4582 1606 4637 sic
1651 4583 1875 4637 dicens:
1915 4582 2067 4637 Beati
2103 4553 2149 4611 Β
2172 4605 2359 4644 serere.
2389 4586 2659 4641 Resuscita
2688 4600 2786 4647 me,
2819 4591 2867 4637 et
2912 4580 3195 4635 retribuam
3221 4579 3318 4642 eis,
3350 4574 3437 4632 vel
3470 4576 3523 4629 in
3556 4574 3740 4628 bonum

487 4667 580 4737 qui
602 4667 903 4739 intelligunt
929 4670 981 4723 in
1008 4686 1092 4724 me
1113 4685 1273 4742 supra
1303 4687 1465 4742 quam
1485 4673 1668 4730 vident
1696 4674 1750 4728 in
1773 4690 1879 4739 me,
1905 4686 2066 4734 caete-

488 4770 610 4810 rum
635 4757 834 4810 inimici
861 4759 962 4811 mei
984 4759 1226 4813 dixerunt
1263 4760 1404 4815 mala
1432 4763 1576 4828 mihi,
1617 4772 1671 4820 et
1700 4763 1819 4820 ideo
1845 4767 2069 4824 minime

488 4848 653 4902 beati.
697 4848 858 4915 Quasi
896 4850 1061 4914 dicat,
1097 4851 1224 4919 quid
1262 4852 1456 4908 mirum
1482 4855 1549 4909 de
1582 4854 1742 4911 aliis?
1770 4856 1905 4912 Nam
1939 4868 1987 4913 et
2021 4860 2069 4913 si

493 4936 900 5007 ingrediebatur,
931 4938 982 4992 id
1011 4947 1116 5003 est,
1146 4939 1192 4993 si
1219 4939 1409 5003 aliquis
1435 4943 1724 4999 amicitiam
1753 4954 1808 5000 et
1831 4946 2063 5001 societa-

490 5038 597 5087 tem
624 5031 927 5102 praetcndit,
969 5032 1227 5089 simulans
1255 5035 1480 5104 ingredi,
1523 5035 1574 5089 id
1602 5045 1706 5100 est,
1740 5050 1946 5090 mecum
1981 5035 2068 5091 vel

487 5134 610 5174 cum
643 5120 780 5175 meis
809 5122 1137 5186 conversari,
1170 5130 1228 5176 ut
1249 5121 1413 5177 Judas
1447 5132 1502 5178 et
1527 5122 1602 5177 illi
1630 5125 1697 5178 de
1719 5125 1915 5193 quibus
1937 5124 2067 5180 dicit

488 5207 795 5277 Apostolus,
842 5219 1052 5278 propter
1082 5209 1503 5264 subintroductos
1550 5210 1711 5280 falsos
1760 5212 1947 5281 fratres
1975 5215 2067 5283 qui

489 5298 895 5353 subintroierunt
933 5299 1208 5377 explorare
1235 5297 1522 5352 libertatem
1549 5309 1778 5353 nostram
1804 5298 1945 5373 (Gal.
1980 5303 2060 5371 ιι),

491 5389 556 5441 ad
605 5391 706 5444 boc
733 5391 1143 5461 ingrediebatur,
1182 5389 1250 5442 ad
1281 5389 1385 5442 hoc
1413 5389 1691 5445 nobiscum
1724 5393 2060 5459 versabatur,

490 5488 551 5532 ut
586 5481 806 5530 haberet
826 5482 967 5530 nnml
995 5480 1245 5528 "roderet
1290 5493 1394 5530 non
1420 5479 1556 5528 aund
1585 5481 1823 5524 armtm-m
1872 5492 1927 5530 ηε,
1957 5476 2061 5528 "mi

2168 4675 2546 4742 convertenda,
2607 4672 2694 4733 vel
2750 4671 2802 4725 in
2865 4668 3064 4724 malum
3117 4665 3408 4737 iudicando
3461 4678 3581 4728 eos,
3636 4666 3744 4731 post

2112 4771 2122 4779 '
2169 4782 2347 4824 meum
2367 4764 2631 4835 judicium
2649 4761 2815 4832 judex
2841 4759 3165 4815 constitutus
3192 4773 3209 4824 ;
3234 4754 3321 4810 vel
3355 4753 3522 4810 etiam
3552 4752 3643 4807 hic
3669 4763 3742 4803 m-

2169 4856 2402 4913 tribuam
2452 4850 2835 4924 temporaliter,
2878 4864 3005 4904 nam
3046 4855 3168 4920 post
3210 4845 3570 4917 quadraginta
3618 4843 3740 4895 duos

2171 4959 2341 5000 annos
2369 4940 2618 5014 captivati
2662 4950 2717 4997 et
2751 4938 3019 4996 interfecti
3073 4946 3201 4993 sunt
3237 4951 3270 4990 a
3314 4934 3437 4992 Tito
3466 4944 3523 4990 et
3551 4934 3741 5001 Vespa;

2169 5035 2342 5089 siano.
2383 5032 2450 5087 Et
2502 5046 2688 5088 revera
2734 5030 3020 5097 retribues,
3057 5028 3303 5102 quoniam
3356 5042 3464 5082 non
3509 5026 3692 5098 gaude:
3705 5024 3738 5076 it

2169 5125 2412 5179 inimicus
2459 5140 2603 5179 meus
2639 5116 2794 5193 super
2818 5138 2900 5177 me
2941 5121 3260 5177 resuscitato
3295 5118 3388 5191 qui
3428 5121 3642 5190 gavisus
3664 5120 3737 5169 est

2171 5220 2237 5276 de
2279 5232 2365 5273 me
2390 5227 2623 5273 mortuo.
2653 5216 2723 5270 Et
2765 5215 2822 5270 in
2865 5214 2962 5269 hoc
3005 5213 3216 5284 cognovi
3260 5212 3512 5282 quoniam
3542 5207 3736 5265 wluisti

2169 5325 2270 5373 me,
2301 5308 2354 5363 id
2387 5317 2489 5375 est,
2517 5309 2771 5378 quoniam
2819 5305 3019 5377 placuit
3065 5304 3158 5360 tibi
3194 5303 3506 5359 obedientia
3551 5315 3664 5356 mea
3687 5304 3735 5352 et

2167 5395 2489 5452 sacriﬁcium
2531 5413 2731 5452 meum.
2766 5395 2927 5464 Quasi
2969 5397 3111 5451 dicat
3139 5413 3153 5449 :
3185 5393 3436 5450 inimicus
3465 5409 3612 5449 meus
3637 5403 3731 5444 non

2169 5487 2438 5540 aannlebit.
2487 5503 2587 5538 ean
2615 5497 2793 5543 autem
2839 5489 3100 5554 gaudebo.
3139 5486 3227 5542 Me
3264 5496 3441 5542 autem
3477 5481 3732 5554 suscepisti

3174 5578 3197 5594 '
3236 5579 3343 5624 "-1i
3363 5589 3577 5633 menter
3594 5576 3729 5630 inno-

3677 5662 3729 5690 ..ι
