3930 5764
1240 370 1776 436 ENNARATIONES
1811 373 1880 437 IN
1919 374 2259 440 PSALHOS.

3271 376 3391 449 5'6!"

108 480 614 577 musclustl,sed
640 483 964 556 conﬁrmasti
992 502 1094 557 me,
1124 488 1178 545 id
1213 499 1319 558 est,
1357 494 1717 552 immortalem
1743 500 1791 560 Α
1821 503 1996 554 tantes
2022 500 2279 558 dixerunt
2306 515 2323 558 :
2352 501 2588 560 Ascenae
2619 505 2781 571 calve,
2819 504 3014 575 quibus
3060 507 3175 577 ipse
3223 508 3396 570 male-

107 580 174 629 et
237 572 628 646 impassibilem
671 578 919 649 posuisti,
949 580 1006 635 in
1047 593 1331 653 conspectu
1363 593 1476 652 tuo,
1510 587 1614 643 etsi
1660 586 1716 643 in

107 677 424 736 conspectu
468 684 654 726 eorum
682 672 750 727 ad
781 679 990 744 tempus
1030 674 1326 746 permisisti
1367 678 1540 735 videri
1565 678 1718 734 inﬁr-

114 770 298 825 mum,
328 759 714 831 praeligendum
759 776 891 818 sane
920 763 988 818 ad
1013 773 1224 836 tempus
1264 766 1528 825 inﬁrmari
1574 777 1636 824 ut
1660 769 1717 822 in

105 855 384 904 aeternum
425 849 784 908 confirmeris.
820 852 971 909 Unde
1003 855 1321 925 {benedictus
1365 859 1461 926 sit,
1511 860 1567 916 id
1608 869 1715 928 est,

105 935 516 1006 multiplicetur
565 948 620 995 et
668 951 882 998 crescat
929 944 986 998 in
1033 945 1295 1002 membris
1335 947 1590 1004 Dominus
1626 951 1715 1006 cui

104 1029 291 1084 servit
333 1029 522 1088 Israel.
554 1032 696 1088 Deus
734 1032 926 1103 Israel,
963 1035 1018 1091 id
1058 1045 1164 1102 est,
1193 1038 1335 1096 Deus
1361 1041 1454 1110 qui
1490 1041 1621 1098 facit
1647 1043 1717 1100 de

103 1119 596 1190 proficiscentibus
632 1127 1029 1195 pervenientes,
1055 1145 1092 1182 a
1134 1130 1329 1185 stacqu
1358 1130 1566 1188 scilicet
1609 1133 1716 1190 isto

103 1211 403 1278 prasenti,
431 1221 479 1266 et
510 1228 681 1284 usque
710 1214 766 1269 in
808 1215 1081 1284 secutum,
1122 1217 1240 1286 ﬁat,
1286 1220 1401 1289 ﬁat.
1447 1221 1569 1277 Fiat
1599 1221 1715 1278 haec

103 1299 429 1360 benedictio
462 1304 519 1361 in
563 1306 734 1378 priori
783 1306 1003 1380 populo,
1046 1308 1142 1365 ﬁat
1187 1318 1243 1367 et
1283 1311 1340 1368 in
1394 1313 1709 1385 posteriori.

665 1398 988 1458 PSALMUS
1026 1399 1160 1458 XLI.

393 1504 450 1544 IN
486 1503 648 1546 PINBI
687 1506 1052 1548 ικτειιεετυε
1088 1506 1249 1551 εἰιιιε
1283 1508 1444 1552 οοιιε.

188 1594 210 1630 ι
255 1577 723 1647 Quemadmodum
744 1584 1014 1640 desiderat
1041 1600 1236 1642 cervus
1256 1588 1327 1643 ad
1352 1588 1529 1646 ibntes
1553 1604 1717 1661 aqua-.

109 1705 126 1719 .
180 1681 338 1735 ru,
377 1670 450 1724 ita
478 1671 751 1728 desiderat
783 1675 962 1730 anima
1003 1691 1125 1732 mea
1149 1678 1217 1733 ad
1244 1687 1299 1736 te
1339 1679 1500 1736 Deus.
1531 1682 1716 1738 Sitivit

103 1774 130 1811 ‹
183 1762 375 1817 anima
431 1778 550 1820 mea
613 1765 683 1821 ad
737 1766 904 1824 Deum
960 1767 1155 1825 fortem
1200 1769 1435 1827 vivum:
1484 1772 1712 1841 Quando

1819 588 1986 655 dixit;
2031 600 2321 662 postquam
2383 593 2816 651 maledictionem
2863 596 3114 652 exierunt
3149 597 3256 654 duo
3278 599 3400 658 ursi

1817 679 1886 736 de
1911 679 2044 736 silva
2073 684 2166 752 qui
2187 697 2282 740 eos
2309 684 2649 742 devorarent.
2699 685 2803 744 Per
2824 686 3085 756 Eliseum,
3110 699 3168 745 ut
3191 691 3398 750 dictum

1817 779 1926 838 est,
1947 771 2197 829 Christus
2221 777 2506 847 accipitur,
2526 792 2633 849 per
2665 792 2862 848 pueros
2883 778 3225 847 insultantes,
3255 781 3398 839 etul-

1817 869 1904 918 tos
1923 861 2136 922 Iudaeos
2172 867 2269 937 qui
2292 867 2521 925 Domino
2559 853 2900 934 insultantes,
2933 869 3227 928 dixerunt:
3259 874 3398 930 Cru-

1817 954 1987 1026 ciﬁge,
2018 957 2265 1028 cruciﬁge
2288 958 2471 1027 (Joan.
2504 960 2642 1031 xIx),
2687 961 2814 1030 quia
2833 961 3018 1018 calvus
3035 971 3175 1029 erat,
3205 964 3258 1020 id
3287 973 3394 1035 est,

1816 1043 2074 1104 immunis
2118 1063 2147 1102 a
2194 1057 2438 1118 peccato,
2476 1059 2532 1107 et
2579 1052 2860 1108 dissimilis
2887 1054 3142 1122 operibus
3173 1070 3395 1124 eorum;

1815 1149 1914 1206 per
1933 1137 2070 1194 duos
2093 1153 2254 1197 ursos
2272 1140 2339 1196 de
2367 1141 2505 1198 silva
2523 1152 2800 1210 exeuntes,
2825 1143 3005 1200 ’l‘itum
3027 1153 3084 1200 et
3106 1144 3397 1217 Vespasia-

1817 1241 1947 1281 num
1970 1228 2288 1298 accipimus,
2319 1231 2413 1300 qui
2434 1245 2530 1288 eos
2553 1234 2964 1304 quadragesimo
2985 1235 3224 1290 secundo
3252 1248 3398 1293 anno

1815 1325 1939 1386 post
1978 1317 2193 1375 Domini
2232 1328 2488 1388 mortem,
2525 1323 2670 1392 quod
2719 1323 3088 1394 pmﬁguravit
3137 1338 3400 1382 numerus

1813 1424 2130 1481 puerorum,
2151 1412 2472 1480 devastavit,
2501 1414 2685 1470 multis
2711 1415 2886 1471 modis
2919 1414 3110 1470 atllixit
3133 1432 3148 1481 ;
3172 1415 3256 1472 vel
3279 1417 3403 1474 ideo

1709 1542 1714 1546 ο
1813 1502 2005 1559 calvus
2023 1504 2247 1572 dicitur,
2272 1506 2399 1577 quia
2429 1505 2485 1562 in
2511 1503 2774 1562 Calvariae
2812 1505 2930 1562 loco
2961 1504 3255 1562 cruciﬁxus
3290 1514 3400 1573 est,

1813 1593 1908 1663 qui
1961 1593 2115 1650 locus
2153 1595 2353 1651 dicitur
2381 1596 2646 1653 Calvariae
2676 1612 2707 1650 a
2733 1597 2952 1652 nudatis
2999 1596 3216 1654 ossibus
3252 1610 3406 1652 mor-

1813 1689 2033 1739 tuorum
2063 1684 2156 1754 qui
2186 1684 2261 1742 ibi
2276 1685 2756 1758 crucifigebantur,
2781 1693 2838 1742 et
2861 1695 2946 1742 est
2975 1686 3030 1743 in
3059 1687 3164 1744 hoc
3190 1685 3404 1758 psalmo

1813 1785 1919 1829 vox
1964 1770 2105 1829 Core
2153 1774 2351 1845 capitis
2396 1777 2571 1832 nostri
2621 1776 2971 1847 pmponeutis
3020 1775 3168 1843 filiis,
3215 1775 3402 1844 idest,

103 1867 132 1905 ο
181 1855 408 1910 veniam
452 1866 508 1911 et
555 1858 829 1929 apparebo
871 1867 999 1917 ante
1049 1860 1246 1916 faciem
1286 1861 1425 1918 Dei?
1470 1862 1716 1921 Fuerunt
1740 1853 1789 1916 B
1816 1861 2186 1920 imitatoribus
2213 1865 2330 1923 suis
2377 1864 2524 1922 hunc
2551 1866 2905 1933 intellectum,
2937 1877 3000 1924 ut
3025 1868 3117 1938 qui
3133 1866 3260 1930 ,vult
3278 1872 3405 1938 post

104 1960 130 1997 ι
179 1945 324 2002 mihi
347 1948 600 2020 lacrymm
623 1963 760 2007 mea:
782 1966 952 2022 panes
977 1952 1065 2008 die
1093 1967 1160 2009 ac
1199 1963 1358 2010 nocte
1378 1995 1395 2021 ,
1426 1956 1552 2012 dum
1581 1958 1717 2014 dici-

105 2050 129 2084 ο
182 2042 282 2090 tur
313 2037 444 2092 mihi
473 2040 751 2110 quotidie:
783 2040 888 2098 Ubi
914 2043 1157 2099 estDeus
1177 2043 1348 2100 tuus!
1379 2043 1508 2102 Haec
1530 2061 1717 2104 recor-

107 2141 131 2175 s
180 2124 350 2182 datus
394 2140 539 2196 su,
567 2138 624 2186 et
647 2128 810 2188 eﬂ'udi
858 2131 912 2188 in
955 2149 1046 2190 me
1086 2134 1324 2190 animam
1351 2151 1552 2202 meam,
1580 2152 1718 2208 quo-

105 2232 126 2265 s
180 2215 338 2271 niam
384 2220 626 2276 transibo
664 2221 719 2276 in
763 2219 944 2278 locum
987 2223 1323 2280 tabernaculi
1379 2226 1716 2284 admirabilis

107 2321 130 2356 ι
179 2321 360 2376 usque
383 2308 450 2362 ad
475 2310 694 2369 domum
734 2311 850 2369 Dei.
881 2314 940 2369 ln
967 2328 1100 2371 voce
1125 2316 1476 2374 exultationis
1504 2327 1561 2374 et
1583 2333 1719 2375 cono

103 2413 125 2447 ι
174 2396 463 2467 fessionis,
493 2417 660 2459 sonus
685 2404 972 2476 epulantis.
1003 2407 1182 2475 Quare
1216 2410 1391 2466 tristis
1419 2425 1504 2476 es,
1531 2413 1714 2468 anima

99 2504 125 2538 ο
171 2490 348 2544 mea?
373 2489 439 2547 Et
462 2507 634 2562 quare
651 2497 945 2552 conturbas
973 2497 1094 2554 mel
1127 2497 1298 2568 Spera
1325 2499 1380 2555 in
1410 2500 1554 2566 Deo,
1577 2515 1712 2572 quo-

100 2594 124 2631 ι
173 2579 332 2634 niam
371 2582 551 2640 adhuc
586 2585 886 2643 confitebor
912 2587 1011 2654 illi,
1037 2587 1278 2647 salutare
1315 2591 1498 2648 vultus
1524 2594 1629 2650 mei
1656 2602 1714 2650 et

103 2689 125 2724 ι
176 2672 331 2728 Deus
355 2689 532 2731 meus.
559 2676 642 2732 Ad
679 2692 765 2734 me
799 2679 975 2750 ipsum
1024 2680 1205 2735 anima
1241 2697 1362 2738 mea
1386 2685 1711 2739 conturbata

101 2779 124 2815 ε
175 2773 290 2831 est,
318 2777 608 2840 propterea
633 2784 841 2826 memor
877 2786 974 2826 ero
1003 2772 1080 2826 tui
1109 2772 1177 2827 de
1200 2779 1348 2828 terra
1380 2771 1634 2830 Iordanis
1657 2780 1714 2831 et

99 2872 123 2909 ι
179 2855 528 2916 Hermoniim
551 2875 583 2917 a
607 2873 790 2919 monte
815 2863 1051 2919 modico.
1073 2865 1316 2937 Abyssus
1341 2865 1596 2936 abyssum
1624 2866 1712 2922 in-

102 2965 126 3000 ι
170 2958 344 3005 vocat
369 2951 424 3006 in
443 2966 577 3009 voce
599 2962 1000 3010 cataractarum
1028 2960 1269 3009 tuarum.
1296 2954 1492 3011 Omnia
1519 2954 1708 3012 excel-

102 3055 125 3091 s
174 3054 242 3095 sa
271 3049 366 3097 tua
393 3051 450 3099 et
481 3041 677 3100 fluctus
705 3045 784 3101 tui
823 3059 988 3117 super
1025 3059 1116 3101 me
1156 3046 1508 3103 transiewnt.
1537 3046 1596 3103 In
1621 3047 1712 3102 die

99 3147 124 3182 α
173 3131 465 3188 mandavit
508 3133 770 3192 Dominus
805 3136 1234 3192 misericordiam
1274 3153 1429 3194 suam
1452 3146 1510 3196 et
1546 3147 1709 3194 nocte

1814 1967 1940 2010 eum
1960 1955 2041 2010 ire
2068 1957 2303 2028 abneget
2335 1958 2712 2027 semetipsum,
2737 1959 2912 2017 discat
2947 1961 3208 2016 mundum
3234 1974 3398 2029 quem

1813 2044 1959 2101 male
2005 2056 2171 2112 amat,
2200 2047 2476 2114 deserere,
2506 2057 2566 2103 ut
2606 2048 2778 2103 Deum
2823 2050 2950 2107 vitae
2999 2048 3202 2107 fontem
3228 2047 3403 2121 possit

1813 2133 1990 2190 sitire.
2017 2135 2090 2191 Et
2112 2137 2318 2193 inducit
2357 2138 2462 2193 hoc
2484 2151 2584 2206 per
2623 2139 2825 2204 simile,
2854 2149 2916 2193 ut
2953 2142 3262 2210 quicunque
3286 2138 3404 2196 vult

1813 2219 1985 2278 Deum
2002 2223 2315 2279 desiderare
2343 2225 2415 2278 sit
2433 2225 2632 2280 similis
2654 2239 2816 2280 cervo
2843 2226 2898 2280 in
2923 2225 3236 2292 velocitate,
3263 2224 3403 2282 nihil

1812 2324 1938 2368 eum
1970 2314 2211 2371 detineat
2247 2315 2303 2370 in
2326 2315 2430 2371 hac
2480 2315 2612 2372 vita.
2648 2315 2718 2372 Et
2747 2317 2802 2371 in
2827 2317 2930 2373 hoc
2956 2318 3118 2372 etiam
3159 2319 3228 2374 sit
3250 2318 3402 2375 simi-

1810 2400 1884 2459 lis
1905 2420 1920 2458 :
1949 2419 2072 2461 mos
2086 2413 2174 2461 est
2195 2419 2480 2462 cervorum
2503 2415 2787 2477 serpentes
2806 2408 2875 2464 de
2895 2410 3145 2467 cavernis
3169 2409 3402 2467 educere

1808 2501 1870 2550 et
1910 2494 2199 2562 devorare,
2239 2507 2295 2551 et
2333 2505 2463 2553 tunc
2497 2497 2746 2554 sitientes
2783 2513 2980 2568 magno
3021 2499 3292 2556 desiderio
3331 2499 3401 2555 ad

1809 2581 2018 2641 fontem
2066 2601 2308 2652 currere,
2340 2595 2399 2642 ut
2443 2588 2521 2643 ibi
2576 2589 2848 2660 deponant
2878 2591 3091 2646 senium
3132 2603 3189 2648 et
3235 2593 3398 2647 inno-

1811 2686 2042 2745 ventur;
2091 2678 2168 2733 ita
2191 2686 2247 2735 et
2273 2679 2363 2735 hic
2406 2679 2595 2736 volens
2623 2681 2934 2737 desiderare
2971 2681 3142 2738 Deum
3191 2680 3398 2740 fontem

1809 2764 1958 2831 vitae,
2001 2767 2154 2836 prius
2201 2768 2513 2839 exstinguat
2549 2769 2606 2823 in
2654 2784 2716 2824 se
2756 2778 3037 2840 serpentes
3067 2771 3396 2841 iniquitatis,

1809 2855 1997 2912 sibilat
2019 2855 2254 2926 luxuria,
2288 2857 2475 2915 sibilat
2510 2860 2760 2926 avaritia,
2793 2860 2977 2916 sibilat
3004 2861 3248 2928 ambitio,
3281 2876 3398 2918 mo-

1808 2954 1905 3002 net
1934 2947 2188 3005 deserere
2216 2956 2426 3005 rectum
2477 2950 2660 3020 potius
2690 2965 2854 3021 quam
2883 2951 3134 3008 amittere
3157 2967 3398 3011 commo-

1808 3037 1972 3105 dum;
2010 3038 2281 3096 morderis
2317 3055 2349 3095 a
2382 3051 2654 3112 serpente,
2695 3049 2754 3098 et
2789 3055 2898 3098 non
2926 3057 3048 3098 eam
3085 3025 3390 3110 interficis;

1809 3129 2025 3185 refrena
2047 3131 2354 3196 avaritiam,
2391 3147 2520 3203 rege
2543 3132 2846 3201 libidinem,
2878 3148 3163 3204 compesce
3194 3145 3391 3192 caetera

99 3238 122 3275 ι
172 3224 454 3280 canticum
474 3225 612 3297 ejus.
646 3227 802 3299 Apud
823 3243 911 3285 me
937 3229 1113 3285 oratio
1144 3229 1258 3285 Deo
1283 3231 1408 3285 vita:
1427 3244 1587 3296 meae,
1619 3231 1705 3285 di-
1733 3201 1780 3267 (ἶ
1810 3224 1996 3279 carnis
2037 3224 2224 3279 illicita
2255 3201 2549 3292 desideria,
2572 3235 2629 3282 et
2652 3227 2937 3298 exstingue
2960 3201 3247 3298 serpentes
3277 3229 3395 3283 ini-

103 3330 127 3365 ι
173 3326 304 3370 eam
341 3312 490 3373 Deo:
543 3327 826 3390 susceptor
859 3333 1014 3376 meus
1060 3334 1140 3375 es.
1176 3319 1360 3387 Quam
1403 3320 1604 3375 oblitus
1644 3335 1706 3375 es
1806 3313 2055 3383 quitatis,
2081 3323 2140 3370 et
2157 3323 2286 3370 tunc
2308 3329 2438 3370 vere
2467 3315 2562 3370 tibi
2583 3316 3011 3372 hicintellectus
3034 3325 3389 3387 proponetur,

98 3422 121 3458 ε
177 3405 317 3472 mei,
351 3414 412 3462 et
434 3421 605 3479 quare
636 3409 987 3465 contristatae
1015 3408 1226 3475 incedo,
1255 3409 1384 3464 dum
1407 3407 1592 3478 afﬂigit
1617 3423 1705 3464 me
1805 3410 1934 3458 tunc
1987 3403 2104 3460 hac
2142 3403 2307 3459 verba
2345 3412 2493 3460 recte
2536 3404 2632 3460 tibi
2666 3405 3010 3471 convenient,
3040 3406 3249 3464 scilicet
3286 3405 3394 3462 im-

102 3511 124 3546 ι
170 3493 468 3551 inimicus?
497 3495 632 3560 Dum
655 3496 1072 3569 confringuntur
1101 3513 1225 3555 ossa
1244 3513 1386 3566 mea,
1415 3499 1705 3569 exprobra-

101 3604 125 3638 ι
171 3595 379 3641 verunt
418 3586 554 3642 mihi
601 3589 693 3659 qui
743 3587 1002 3643 tribulant
1040 3602 1127 3644 me
1152 3589 1356 3644 inimici
1397 3588 1527 3642 mei.
1562 3585 1700 3643 Dum

101 3693 124 3727 ι
173 3675 370 3731 dicunt
397 3677 531 3733 mihi
554 3690 654 3748 per
673 3677 914 3750 singulos
939 3679 1093 3736 dies:
1127 3676 1228 3736 Ubi
1254 3688 1339 3735 est
1362 3677 1506 3735 Deus
1535 3679 1697 3736 tuus?

101 3781 124 3815 ι
176 3778 354 3835 quare
385 3766 556 3822 tristis
593 3781 676 3834 es,
710 3769 891 3823 anima
931 3767 1084 3823 mea?
1118 3776 1174 3823 et
1211 3782 1381 3839 quare
1408 3767 1702 3824 conturbas

102 3873 125 3908 ι
174 3855 315 3910 me?
347 3854 517 3927 Spera
545 3858 599 3913 in
629 3855 760 3926 Deo,
785 3859 1040 3929 quoniam
1073 3859 1248 3914 adhuc
1272 3859 1572 3922 confitebor
1592 3858 1696 3928 illi,

101 3965 124 4000 ι
167 3945 412 4003 salutare
436 3947 617 4004 vultus
644 3949 751 4004 mei
788 3958 846 4005 et
878 3948 1019 4004 Deus
1041 3962 1215 4005 meus.
1245 3965 1268 4003 ι

675 4037 1116 4094 ENARRATIO

175 4127 286 4186 Hic
331 4129 572 4200 psalmus
617 4128 986 4201 praeferendus
1038 4137 1119 4186 est
1173 4129 1229 4186 in
1273 4129 1458 4197 ﬁnem,
1498 4129 1552 4186 id
1587 4136 1693 4199 est,

99 4220 426 4289 Christum;
453 4222 716 4293 psalmus,
743 4223 886 4289 dico,
913 4221 1228 4288 intellectus,
1262 4221 1315 4276 id
1343 4232 1450 4289 est,
1474 4223 1696 4278 mittens

102 4328 211 4369 nos
237 4313 308 4368 ad
337 4314 689 4380 intellectum,
719 4314 863 4369 hunc
887 4313 1095 4369 scilicet
1120 4322 1180 4368 ut
1207 4313 1550 4370 attendamus
1586 4315 1691 4370 mi-

103 4406 287 4461 serias
313 4408 596 4475 prasentis
624 4408 770 4472 vita,
798 4415 855 4462 et
882 4416 996 4462 toto
1020 4406 1286 4463 desiderio
1304 4406 1371 4462 ad
1393 4406 1541 4463 illum
1574 4415 1691 4463 ten-

105 4496 307 4550 damus
337 4496 432 4553 ubi
463 4495 606 4552 nulla
647 4498 753 4553 crit
783 4497 963 4567 gaudii
996 4497 1349 4566 perturbatio,
1379 4497 1687 4568 propositus

102 4586 198 4642 hic
216 4588 527 4646 intellectus
549 4589 675 4645 iiliis
701 4589 841 4647 Core
861 4591 929 4646 ad
959 4590 1298 4645 discendum.
1326 4587 1690 4645 Historialiter

100 4676 243 4733 nihil
267 4679 448 4750 agitur
492 4679 559 4736 de
583 4680 720 4737 Core
747 4679 834 4737 vel
877 4680 996 4751 ejus
1036 4680 1186 4746 filiis,
1213 4679 1309 4736 sed
1343 4679 1578 4735 nominis
1600 4679 1685 4735 in-

101 4772 428 4841 terpretatio
473 4773 640 4829 mittit
681 4788 783 4828 nos
834 4773 904 4829 ad
955 4771 1370 4843 intelligentiam
1418 4771 1686 4829 veritatis.

99 4861 505 4932 Interpretatur
531 4864 679 4920 enim
719 4863 858 4920 Core
885 4863 1063 4919 calvus
1090 4862 1173 4919 vel
1214 4863 1466 4930 calvaria,
1498 4862 1553 4919 in
1579 4877 1687 4933 quo

100 4952 389 5010 Christum
419 4955 769 5028 intelligimus
795 4955 886 5026 qui
923 4955 1108 5011 calvus
1131 4953 1253 5023 fuit,
1289 4955 1417 5026 quia
1441 4954 1576 5010 nihil
1597 4970 1690 5011 su-

94 5043 296 5116 perﬂui
348 5046 553 5112 habuit,
589 5047 727 5103 nihil
772 5047 829 5102 in
875 5045 1052 5102 Verbo
1092 5045 1180 5102 vel
1208 5047 1263 5102 in
1311 5044 1456 5102 facto
1500 5047 1689 5102 habuit

96 5137 344 5192 otiosum
371 5145 550 5196 etnon
571 5139 792 5212 dignum
821 5138 1147 5194 imitatione.
1174 5138 1312 5194 Caro
1341 5154 1456 5195 mea
1479 5155 1592 5194 uere
1609 5148 1686 5193 est

95 5229 276 5295 cibus,
297 5239 346 5284 et
373 5232 585 5300 sanguis
621 5247 767 5287 meus
793 5245 909 5285 vere
941 5239 1017 5285 est
1043 5238 1195 5301 potus
1238 5227 1423 5301 (loan.
1457 5228 1532 5301 v).
1557 5228 1687 5299 Ejus

94 5340 325 5383 carnem
350 5329 679 5386 comedimus
704 5343 830 5386 cum
875 5323 1017 5382 facta
1064 5326 1180 5398 ejus
1207 5327 1467 5385 imitando
1495 5342 1686 5400 pensa-

93 5433 244 5483 mus,
284 5417 520 5476 bibimus
565 5431 620 5478 et
651 5419 971 5491 sanguinem
1015 5434 1136 5475 cum
1174 5433 1274 5488 pro
1317 5433 1382 5476 eo
1410 5418 1687 5490 sanguinis

89 5507 416 5566 effusionem
443 5526 547 5568 non
571 5513 855 5578 timemus;
886 5507 1024 5564 nihil
1050 5509 1105 5565 in
1127 5525 1192 5567 eo
1217 5508 1319 5567 fuit
1335 5509 1478 5580 quod
1507 5524 1682 5568 come-

87 5601 335 5657 dendum
359 5616 462 5657 non
488 5614 655 5672 esset;
688 5603 795 5670 vel,
827 5601 950 5657 ideo
969 5599 1151 5658 calvus
1181 5601 1540 5673 dicitur,quia
1583 5616 1682 5672 per

1803 3494 1958 3565 uigre
1982 3497 2269 3552 exstinctis
2306 3495 2667 3567 serpentibus.

1876 3582 2327 3650 Quemadmodum
2360 3587 2625 3642 desiderat
2664 3603 2847 3644 ceruus
2899 3591 2969 3646 ad
3004 3590 3175 3661 fontes
3223 3608 3392 3665 aqua-

1801 3692 1942 3746 rum,
1965 3679 2040 3733 ita
2067 3679 2531 3736 desideratanima
2568 3698 2701 3746 mea,
2737 3682 2790 3736 id
2816 3691 2920 3750 est,
2953 3684 3060 3740 mei
3097 3683 3255 3752 Core,
3282 3686 3388 3742 sci-

1798 3768 1930 3826 licet
1977 3770 2200 3838 Cbrlsti,
2251 3773 2534 3829 exstinctis
2561 3775 2907 3844 serpentibus
2946 3776 3202 3831 vitiorum
3252 3792 3386 3846 quas

1799 3863 2093 3931 assumpsi,
2128 3878 2238 3918 non
2268 3878 2402 3932 quas
2431 3865 2756 3920 naturaliter
2784 3865 2948 3920 habui
2979 3867 3070 3936 qui
3100 3876 3385 3936 peccatum

1797 3964 1906 4006 non
1947 3948 2073 4007 feci.
2106 3950 2189 4004 Ad
2213 3963 2263 4006 te
2290 3953 2457 4008 Deum
2511 3955 2888 4010 hauriendum.
2940 3955 3006 4011 Et
3030 3957 3154 4025 quia
3190 3972 3386 4014 cervus

1795 4047 1855 4097 et
1879 4041 1947 4096 ad
1975 4039 2262 4096 lavandum
2299 4050 2356 4098 et
2397 4043 2464 4096 ad
2507 4043 2803 4099 bibendum
2838 4053 3019 4115 potest
3048 4043 3254 4100 fontem
3285 4045 3382 4101 de-

1795 4130 2060 4198 siderare,
2090 4131 2211 4188 ideo
2253 4133 2582 4190 determinat
2606 4136 2882 4204 quomodo
2917 4137 3204 4191 desideret.
3249 4137 3381 4191 Siti-

1794 4224 1866 4280 tn't
1904 4225 2084 4280 anima
2123 4241 2264 4288 mea,
2304 4225 2510 4281 scilicet
2556 4227 2746 4283 venire
2791 4227 2861 4281 ad
2914 4227 3082 4280 Deum
3128 4229 3314 4295 fortem
3347 4243 3379 4281 a

1794 4327 1902 4384 quo
1927 4324 2011 4371 est
2031 4317 2210 4371 omnis
2237 4315 2496 4372 fortitudo
2522 4332 2664 4382 mea,
2691 4333 2788 4387 per
2819 4333 2980 4387 quem
3019 4317 3177 4372 fortis
3199 4318 3269 4372 ﬁo
3305 4317 3375 4370 ad

1791 4405 2212 4478 exstinguendos
2237 4416 2517 4476 serpentes
2553 4407 2856 4474 iniquitatis
2886 4421 3149 4470 meorum,
3182 4408 3374 4473 vivum,

1789 4507 1889 4565 per
1910 4509 2072 4565 quem
2102 4504 2188 4552 est
2225 4495 2359 4550 mihi
2385 4505 2441 4552 et
2481 4496 2616 4550 meis
2658 4510 2784 4552 vera
2805 4496 2935 4552 vita.
2966 4495 3327 4570 Hieronymus
3360 4515 3375 4550 :

1792 4585 1876 4641 Ad
1912 4584 2083 4640 Deum
2131 4585 2319 4656 fortem
2352 4587 2546 4654 vivum,
2571 4600 2678 4641 non
2717 4585 2784 4641 ad
2810 4595 3023 4643 mortua
3064 4587 3376 4644 simulacra.

1790 4673 1859 4733 Et
1897 4677 1952 4731 in
2002 4677 2108 4734 hoc
2155 4677 2420 4732 desiderio
2444 4675 2557 4732 dixi
2589 4695 2603 4730 :
2639 4677 2866 4744 Quando
2904 4681 3105 4735 veniam
3145 4689 3381 4751 stuppa-

1789 4767 1912 4824 rebo
1954 4779 2075 4823 ante
2121 4767 2309 4840 faciem
2353 4767 2608 4825 Domini?
2655 4770 2782 4826 sitio
2820 4769 2874 4824 in
2910 4785 3094 4834 cursu,
3136 4769 3378 4826 satiabor

1791 4860 1849 4918 in
1892 4862 2147 4928 adventu,
2175 4860 2381 4918 scilicet
2430 4860 2646 4930 quando
2687 4860 3013 4918 immortalis
3067 4859 3244 4916 factus
3287 4874 3379 4915 re-

1789 4962 1975 5010 vertar
2004 4953 2071 5009 ad
2114 4951 2332 5010 Patrem
2372 4962 2616 5023 tempore
2677 4953 2992 5020 constituto,
3044 4966 3167 5008 cum
3227 4966 3380 5007 com-

1789 5044 1936 5117 pleta
1982 5042 2148 5101 fuerit
2214 5043 2522 5102 obedientia
2588 5059 2750 5112 mea;
2819 5045 2974 5114 prius
3041 5041 3376 5104 sedendum,

1787 5138 1943 5208 prius
1990 5136 2405 5203 bumiliandum,
2434 5142 2625 5204 postea
2678 5149 2773 5192 ero
2807 5133 3127 5190 immortalis
3173 5139 3229 5183 et
3275 5130 3380 5185 im-

1788 5225 2066 5298 passibilis
2123 5236 2185 5285 ut
2239 5226 2554 5296 conspectui
2580 5237 2671 5284 tuo
2710 5224 2812 5282 sim
2837 5224 3029 5294 dignus
3054 5227 3232 5276 astare
3270 5232 3381 5288 quo

1791 5316 2058 5389 impietati
2127 5320 2370 5393 aspirare
2411 5314 2493 5373 fas
2553 5335 2661 5377 non
2703 5323 2806 5374 est.
2857 5314 3019 5382 Quasi
3050 5311 3235 5369 dicat:
3265 5309 3378 5368 Re-

1791 5423 1920 5466 vera
1965 5409 2206 5482 veniam,
2244 5421 2301 5468 et
2350 5412 2648 5480 apparebo,
2681 5407 2805 5478 quia
2857 5405 3068 5474 fuerunt
3118 5401 3247 5456 mihi
3303 5401 3384 5458 Ia-

1789 5519 1981 5575 crymaz
2026 5519 2180 5574 meae,
2230 5505 2284 5562 id
2323 5512 2426 5568 est,
2476 5516 2722 5563 meorum
2776 5512 2846 5555 ex
2901 5499 3120 5555 miseria
3174 5503 3384 5570 tempo-

1785 5596 1908 5664 rali,
1956 5609 2092 5667 quas
2137 5613 2206 5655 ex
2250 5609 2444 5668 magna
2490 5593 2780 5653 affectione
2835 5602 2990 5646 meas
3017 5589 3386 5662 dico;panes,

85 5693 341 5753 Eliseum
375 5694 577 5754 calvum
598 5698 980 5764 prmiiguratus
1011 5695 1135 5764 fuit,
1163 5697 1250 5753 cui
1276 5697 1590 5755 ascendenti
1620 5699 1676 5755 in

1804 5691 1837 5750 d
1860 5701 1964 5759 est,
1996 5690 2244 5761 refectio,
2269 5693 2354 5746 die
2394 5704 2455 5741 ac
2484 5699 2656 5754 nocte,
2704 5683 2757 5741 id
2797 5691 2903 5753 est,
2938 5683 3086 5742 omni
3115 5692 3383 5754 tempore,
