3978 6408
585 363 691 453 s65

1228 358 1488 417 REMIGII
1525 356 2154 418 ANTISSIODORENSIT

2254 356 2378 414 lPP.
2418 355 2621 414 PARS.
2656 354 2698 410 Ι.
2722 382 2796 398 -—
2816 346 3233 423 EXEGETICA.

3729 360 3814 421 564

580 462 773 534 dicitur
793 470 919 531 mihi
937 474 1167 546 quotidie
1196 490 1214 527 :
1249 475 1348 528 Ubt
1373 485 1446 529 est
1476 475 1616 529 Deus
1655 475 1813 529 tuus?
1838 474 1891 530 id
1926 483 2010 530 est
2037 474 2164 529 dum
2193 486 2241 545 Α
2266 472 2366 529 Dei
2390 472 2841 536 constituendam,
2863 479 2921 526 et
2938 471 3042 528 hoc
3065 487 3173 528 non
3197 484 3266 527 ex
3286 466 3498 540 iustitia
3520 472 3624 527 aut
3652 486 3712 529 ex
3738 489 3812 533 nco

581 581 762 625 tamen
794 565 1122 636 contemptui
1160 565 1525 620 indesinenter
1556 565 1777 630 habeor,
1813 565 1965 633 quasi
2017 564 2162 619 nullo

578 644 804 724 auxilio,
836 656 979 711 nulla
1013 656 1380 710 sublevatione
1418 655 1559 710 Deus
1585 654 1742 710 adsit.
1769 653 1979 710 Aliter:
2025 653 2161 709 Dum

575 737 827 813 meditor,
851 748 979 803 dum
1010 748 1065 802 in
1092 747 1178 801 via
1206 761 1345 809 sum,
1387 754 1675 815 antequam
1702 758 2018 816 appaream,
2048 744 2163 814 [ue-

572 852 695 899 runt
724 842 854 896 milii
899 842 1144 911 lacrymar
1192 853 1321 893 mea
1359 852 1521 908 panes
1567 837 1655 891 die
1706 852 1770 891 ac
1814 846 1963 892 nocte
1979 836 2161 906 ;‘quia

570 934 757 989 bibere
784 930 1019 987 nondum
1049 938 1293 999 poteram
1323 928 1523 983 fontem
1548 926 1720 993 illum,
1752 927 1963 983 avidius
1988 926 2162 999 lacry-

571 1039 689 1084 tnas
710 1038 858 1079 meas
879 1007 1293 1079 manducabam.
1327 1019 1445 1076 Non
1472 1019 1618 1075 enim
1648 1018 1801 1087 dicit,
1843 1018 2001 1075 factae
2033 1024 2164 1073 sunt

568 1112 823 1189 lacrymte
872 1126 1007 1168 mea:
1052 1123 1233 1183 potus,
1281 1125 1353 1169 ne
1405 1111 1553 1180 ipsas
1590 1109 1745 1167 sitire
1768 1108 2067 1166 videretur.
2100 1105 2161 1164 Si

568 1204 692 1276 quis
717 1204 909 1260 sitiens
937 1202 1235 1258 manduca:
1252 1215 1322 1258 eo
1342 1200 1578 1272 amplius
1600 1200 1742 1268 sitit,
1769 1200 1846 1255 ita
1869 1208 1929 1256 et
1965 1198 2060 1271 qui
2102 1198 2161 1255 in

566 1296 672 1353 hoc
689 1294 957 1351 desiderio
976 1301 1062 1351 est
1088 1294 1358 1366 lacrymas
1369 1305 1437 1348 ex
1459 1292 1712 1363 praesenti
1730 1290 2161 1364 peregrinatione

564 1387 686 1443 vice
713 1401 915 1458 panum
954 1385 1171 1442 habeat.
1202 1384 1474 1443 Consume
1500 1392 1683 1441 autem
1727 1394 2007 1455 serpentes
2052 1382 2160 1438 ini-

568 1478 796 1548 quitatis
816 1479 863 1533 si
895 1478 978 1533 vis
1022 1476 1238 1549 plenius
1275 1475 1429 1533 sitire
1458 1475 1661 1532 fontem
1709 1474 1979 1541 veritatis,
2038 1486 2159 1544 quae

563 1567 685 1625 sitis
704 1582 981 1638 nunquam
1001 1566 1066 1623 ﬁt
1084 1567 1187 1623 nisi
1206 1567 1292 1623 die
1316 1583 1380 1622 ac
1402 1576 1574 1634 nocte,
1607 1565 1970 1637 prosperitate
1994 1562 2159 1633 hujus

561 1660 688 1715 vita
705 1671 763 1717 et
790 1660 1140 1716 adversitate.
1184 1658 1261 1714 De
1288 1659 1510 1715 miseria
1536 1658 1791 1730 praesenti
1831 1657 2161 1714 suﬁicienter

563 1750 835 1816 attendas,
879 1749 1026 1823 quod
1078 1749 1360 1806 attendere
1411 1748 1482 1805 ad
1528 1747 1675 1804 sitim
1709 1746 1857 1804 illam
1884 1746 2157 1805 citandam

2262 566 2775 645 cessitate,bilarem
2804 565 2943 619 enim
2982 564 3219 620 datorem
3251 564 3421 637 diligit
3447 564 3591 621 Deus
3619 565 3699 635 (ιι
3713 565 3811 623 Cor.

2264 656 2367 729 ix),
2400 658 2496 714 sed
2513 658 2568 712 in
2592 673 2712 712 voce
2739 655 3125 723 exsultationts,
3165 656 3221 712 id
3244 665 3345 720 est,
3372 655 3689 712 exsultativa
3707 672 3813 715 voce

2262 765 2384 823 qua:
2409 766 2517 807 non
2550 749 2613 806 ﬁt
2637 750 2741 806 nisi
2767 748 2956 820 juncta
2996 749 3139 805 bona
3174 746 3491 821 operatinne
3517 748 3643 819 quia
3665 749 3812 805 ειειιις

2261 843 2398 898 talio
2424 842 2673 913 corporis
2707 849 2813 908 est,
2840 848 2891 895 et
2916 838 3283 911 confessionis,
3306 838 3362 896 id
3383 847 3492 905 est,
3520 837 3689 895 laudis
3711 848 3811 908 tuae,

2259 939 2433 991 totum
2463 933 2560 989 tibi
2583 933 2905 998 attribuens,
2935 930 3059 987 talis
3086 931 3479 999 exsultationis,
3516 930 3686 1001 qualis
3704 932 3811 987 solet

2259 1039 2382 1083 esse
2408 1041 2568 1081 sonus
2590 1023 2846 1096 epulantis
2860 1021 3018 1093 juxta
3042 1021 3172 1077 illud
3201 1022 3347 1078 beati
3358 1022 3589 1078 Andreae
3607 1040 3620 1076 :
3638 1021 3682 1081 0
3700 1024 3810 1079 bona

2259 1131 2418 1183 crux,
2452 1116 2547 1173 diu
2576 1115 2899 1172 desiderata.
2927 1113 2996 1171 Et
3036 1112 3230 1170 beatus
3267 1112 3635 1169 Laurentius:
3679 1112 3811 1169 Assa-

2259 1219 2379 1267 tum
2407 1218 2491 1266 est
2517 1222 2714 1282 corpus
2740 1220 2948 1274 meum,
2972 1206 3135 1263 modo
3164 1220 3321 1263 versa
3350 1205 3406 1261 in
3448 1203 3616 1261 corde
3638 1212 3740 1271 tuo,
3770 1204 3810 1260 id

2256 1308 2362 1369 est,
2389 1301 2567 1373 cogita
2587 1299 2802 1372 qualem
2835 1297 3198 1355 constantiam
3231 1296 3414 1362 habui,
3446 1303 3507 1352 et
3531 1292 3636 1353 hoc
3658 1294 3812 1352 videns

2256 1392 2525 1449 manduca
2562 1406 2673 1459 me,
2712 1391 2769 1447 id
2790 1398 2896 1459 est,
2931 1385 3183 1458 imitare;
3208 1394 3271 1444 ut
3295 1400 3497 1459 panem
3537 1384 3811 1456 angelorum

2256 1488 2615 1544 manducaret
2632 1485 2825 1551 homo,
2845 1482 2903 1540 id
2925 1490 3031 1551 est,
3065 1490 3128 1539 ut
3154 1479 3477 1538 reﬁceretur
3496 1478 3680 1536 eadem
3708 1492 3811 1534 con-

2258 1576 2607 1647 templatione
2630 1576 2813 1633 divina
2839 1589 2949 1646 qua
2971 1572 3291 1631 reﬁciuntur
3327 1569 3530 1644 angeli,
3570 1584 3663 1625 rex
3681 1582 3812 1639 ange-

2254 1670 2431 1727 lorum
2452 1666 2629 1726 l‘actus
2649 1677 2733 1726 est
2751 1668 2937 1725 homo.
2960 1666 3030 1723 Et
3048 1663 3489 1739 quandoquidem
3514 1659 3809 1718 bumiliando

2256 1772 2343 1815 me
2382 1758 2629 1817 transibo
2672 1772 2843 1830 usque
2884 1758 2953 1814 ad
2980 1757 3203 1814 domum
3250 1755 3346 1813 Dei
3388 1752 3806 1812 constituendam.

562 1840 745 1897 vicem.
763 1857 964 1914 panum
986 1839 1171 1898 habet.
1204 1840 1348 1897 Dum
1364 1840 1563 1897 dicitur
1584 1842 1715 1896 mihi
1740 1849 1798 1897 et
1824 1839 1963 1897 meis
1990 1840 2154 1912 quati;

2260 1848 2440 1918 Quare
2464 1851 2628 1906 tristis
2653 1866 2733 1919 es,
2760 1850 2939 1905 anima
2968 1848 3126 1904 mea!
3152 1846 3211 1903 id
3234 1852 3341 1913 est,
3357 1859 3534 1917 quare
3555 1840 3809 1916 praetendis

561 1931 813 1989 die:Ubi
837 1942 913 1989 est
951 1932 1097 1991 Deus
1136 1932 1308 1990 tuus?
1352 1931 1453 1991 llic
1486 1920 1650 1990 homo
1696 1948 1807 1991 non
1854 1940 1942 1991 est
1979 1948 2013 1989 a
2044 1933 2154 1990 Deo

562 2022 748 2096 (Joan.
784 2036 888 2099 sx).
917 2026 1020 2084 llic
1054 2026 1221 2084 homo
1243 2042 1367 2082 cum
1394 2026 1490 2094 sit,
1524 2024 1656 2083 facit
1704 2025 1944 2098 seipsum
1984 2025 2156 2081 Deum

560 2114 742 2188 (Joan.
771 2118 851 2192 x).
901 2119 992 2187 Et,
1017 2119 1065 2176 si
1094 2117 1271 2174 Filius
1293 2117 1393 2175 Dei
1436 2128 1535 2187 est,
1577 2118 1858 2175 descendat
1901 2118 1968 2175 de
2002 2132 2158 2176 cruce

559 2206 781 2277 (Hann.
814 2208 1012 2279 xxvu).
1038 2206 1110 2267 Et
1133 2210 1270 2267 meis
1297 2210 1537 2266 dicitur:
1579 2209 1678 2268 Ubi
1709 2220 1786 2268 est
1817 2210 1959 2268 Deus
1987 2220 2110 2267 tuus
2128 2209 2159 2268 f

559 2294 644 2353 Ab
668 2299 755 2355 his
781 2300 876 2372 qui
900 2309 1211 2357 creaturam
1245 2301 1414 2358 Deum
1451 2302 1654 2359 habent
1701 2304 1939 2361 ostendit
1986 2302 2155 2376 digito

558 2386 910 2444 simulacrum
956 2405 1136 2456 suum,
1188 2400 1246 2448 et
1292 2392 1462 2448 dicit:
1526 2391 1633 2450 Ubi
1678 2402 1767 2451 est
1807 2393 1950 2451 Deus
1994 2391 2154 2449 tuus?

558 2478 838 2555 Nusquam
862 2492 964 2541 est.
1002 2483 1138 2541 lites
1179 2486 1485 2543 recordatus
1508 2501 1648 2555 sum,
1699 2486 1753 2544 id
1780 2495 1889 2554 est,
1935 2485 2042 2544 illis
2072 2485 2154 2544 sic

559 2572 885 2641 dicentibus,
916 2574 970 2631 in
1000 2576 1264 2633 memoria
1295 2577 1461 2633 habui
1482 2586 1825 2650 contemptus
1850 2578 2064 2636 illorum
2092 2584 2153 2635 ut

558 2678 923 2735 perseverem.
954 2664 1024 2723 Et
1052 2669 1216 2740 eﬁudi
1271 2672 1327 2724 in
1366 2686 1450 2727 me
1486 2673 1721 2727 animam
1763 2689 1953 2741 meum,
1994 2672 2152 2744 juxta

560 2754 695 2813 illud
720 2755 1082 2816 Isaias:Cum
1138 2759 1389 2833 effuderis
1443 2762 1691 2818 esurienti
1740 2764 1974 2818 animam
2004 2771 2151 2818 tuam

557 2845 697 2920 (ιω.
743 2848 922 2923 mu),
954 2850 1288 2908 recordando
1324 2866 1517 2908 eorum
1556 2860 1947 2925 contemptum,
1976 2852 2152 2926 magis

557 2932 863 2995 desideravi
885 2948 959 3008 te,
981 2938 1098 3009 fudi
1127 2942 1360 2996 animam
1382 2956 1553 2997 meam
1577 2943 1634 2997 in
1665 2959 1745 2998 me
1768 2957 1788 2997 :
1818 2942 1874 2999 id
1903 2950 2007 3007 est,
2043 2942 2148 2998 hu-

557 3030 767 3087 miliavi
806 3046 913 3099 me,
944 3032 1154 3088 attendi
1180 3033 1313 3103 quid
1342 3042 1597 3090 creatura
1642 3034 1839 3090 debeat
1878 3031 2147 3102 Creatori,

560 3122 690 3193 quid
713 3120 936 3179 inferior.
973 3122 1263 3194 superiori,
1285 3124 1417 3195 quid
1450 3138 1642 3181 servus
1678 3124 1928 3194 Domino,
1958 3132 2014 3182 et
2039 3138 2149 3182 non

2254 1943 2544 2014 quamdam
2556 1941 2831 1997 tristitiam
2849 1954 2881 1995 a
2897 1938 3214 1995 mortalibus
3236 1937 3294 1993 in
3314 1944 3372 1993 te
3387 1929 3810 2005 transsumptaml

2253 2045 2302 2092 et
2313 2052 2473 2108 quare
2483 2038 2761 2093 conturbas
2776 2034 2885 2090 me?
2898 2033 2952 2089 id
2964 2042 3049 2091 est
3071 2033 3361 2104 quamdam
3382 2027 3807 2101 perturbationem

2251 2126 2570 2197 praetendis?
2580 2125 2743 2196 Capit
2753 2127 2889 2181 enim
2902 2122 2934 2179 J
2941 2140 3058 2179 esus
3069 2138 3255 2195 pavere
3266 2130 3314 2177 et
3329 2117 3804 2189 twdere(Lue.xxn).

2251 2217 2339 2281 Et,
2371 2216 2559 2274 Tristis
2586 2226 2664 2274 est
2696 2218 2875 2273 anima
2915 2233 3030 2273 mea
3055 2231 3219 2286 usque
3240 2214 3310 2269 ad
3350 2222 3575 2269 mortem
3626 2208 3805 2281 (lattlt.

2252 2306 2424 2381 xxvi).
2446 2306 2566 2367 Non
2586 2322 2655 2364 ex
2675 2308 2977 2373 coactione,
2991 2306 3088 2363 sed
3112 2319 3180 2361 ex
3202 2304 3507 2368 voluntate,
3530 2317 3633 2357 non
3656 2314 3714 2356 ex
3735 2313 3807 2353 ne-

2251 2398 2529 2466 cessitate,
2574 2399 2672 2457 sed
2704 2412 2777 2455 ex
2827 2396 3128 2461 aﬁ‘ectione,
3171 2394 3265 2466 qui
3310 2393 3461 2451 enim
3517 2396 3803 2464 potestatem

2251 2490 2443 2547 habuit
2462 2504 2589 2547 cum
2613 2488 2799 2557 vellet,
2819 2487 3050 2559 ponendi
3070 2486 3307 2542 animam
3325 2499 3509 2553 suam,
3522 2482 3686 2555 potuit
3702 2489 3749 2536 et
3762 2477 3806 2535 is

2248 2597 2311 2641 se
2336 2582 2631 2638 transferre
2657 2580 2934 2637 tristitiam
2975 2592 3216 2634 suorum.
3241 2575 3311 2633 Et
3336 2574 3469 2646 quia
3508 2588 3613 2629 non
3642 2584 3701 2629 ea
3735 2580 3805 2624 ne-

2249 2673 2526 2740 cessitate,
2569 2688 2724 2744 spera
2770 2671 2828 2726 in
2878 2668 3107 2727 Domino
3156 2674 3214 2724 et
3253 2664 3365 2722 noli
3418 2663 3645 2722 turbari.
3687 2659 3804 2717 Istud

2247 2780 2422 2836 spera,
2458 2764 2710 2835 quoniam
2730 2762 2905 2819 adhuc
2930 2759 3214 2829 conﬁtebor
3238 2756 3336 2823 illi,
3378 2756 3437 2813 id
3463 2765 3567 2822 est,
3597 2752 3801 2811 futurum

2248 2865 2333 2913 est
2369 2863 2431 2911 ut
2476 2854 2587 2912 mei
2633 2854 3017 2919 conﬁteantur,
3060 2849 3137 2907 illi
3164 2849 3317 2920 prius
3363 2846 3574 2904 inimici
3621 2843 3800 2901 tandem

2246 2944 2379 3004 facti
2407 2946 2541 3014 mei,
2579 2946 2724 3003 hanc
2756 2942 3189 3002 confessionem:
3218 2949 3277 2997 tu
3300 2954 3359 2997 es
3402 2937 3638 2995 salutare
3662 2934 3801 2992 rullus

2247 3038 2374 3106 mei,
2417 3045 2479 3096 tu
2506 3050 2569 3095 es
2601 3034 2746 3093 Deus
2784 3050 2954 3102 meus,
2981 3033 3036 3090 id
3067 3041 3176 3101 est,
3214 3039 3547 3103 cognoscent
3570 3039 3616 3086 te
3653 3040 3801 3084 rerum

2246 3125 2419 3184 Deum
2462 3138 2512 3186 et
2538 3143 2693 3201 quem
2732 3125 2921 3183 misisti
2956 3122 3141 3181 Iesum
3176 3121 3448 3180 Christum
3473 3121 3649 3193 (Joan.
3670 3116 3799 3187 xm),

559 3210 736 3271 solum
756 3211 872 3269 fudi
893 3212 949 3269 in
976 3229 1088 3282 me,
1109 3214 1205 3272 sed
1228 3216 1394 3288 cliudi
1420 3225 1577 3274 extra
1603 3230 1693 3273 me
1718 3217 1789 3274 ad
1818 3218 2145 3274 desiderium
2171 3217 2219 3283 C
2245 3218 2335 3278 vel
2368 3217 2513 3277 Deus
2556 3235 2725 3288 meus,
2763 3218 2906 3277 Deus
2954 3217 3254 3284 creatione,
3296 3230 3447 3272 meus
3484 3211 3798 3273 recreatione,

560 3303 659 3359 tui.
682 3302 893 3362 Aliter:
922 3303 1034 3363 Illis
1060 3306 1140 3363 sic
1163 3307 1678 3380 improperantibus,
1707 3310 2012 3365 recordatus
2031 3325 2151 3365 sum

558 3392 679 3452 hec
701 3394 837 3451 mihi
865 3410 988 3454 esse
1009 3399 1376 3468 praeordinata
1406 3406 1462 3457 et
1496 3400 1751 3473 imposita
1775 3416 1807 3456 a
1840 3407 1914 3468 te,
1950 3409 2010 3459 et
2035 3401 2152 3458 haec

559 3486 897 3545 recordando
918 3489 1083 3560 eludi
1106 3490 1340 3547 animam
1372 3508 1565 3559 meam,
1616 3492 1671 3549 id
1706 3500 1810 3561 est,
1862 3502 2018 3550 extra
2061 3505 2152 3549 ne

558 3574 673 3633 fudi
719 3577 791 3634 ad
820 3582 1317 3651 recognoscendum
1367 3582 1599 3653 gloriam
1627 3582 1873 3653 proxime
1911 3583 2149 3639 futuram

558 3681 660 3738 pro
685 3666 1011 3725 obedientia.
1034 3668 1102 3725 Et
1128 3671 1205 3726 ita
1225 3670 1390 3742 επαάὶ
1409 3682 1586 3743 extra,
1609 3682 1669 3729 ut
1687 3674 1839 3745 prius
1865 3673 2150 3731 funderem

560 3755 619 3810 in
644 3770 752 3825 me,
778 3766 838 3813 ut
857 3772 1042 3831 supra.
1074 3758 1145 3815 Et
1175 3761 1372 3818 merito
1408 3763 1596 3834 effudi,
1632 3766 1828 3823 merito
1852 3780 1939 3822 me
1973 3765 2153 3823 humi—

562 3844 710 3916 liavi,
752 3852 1004 3920 quoniam
1033 3850 1139 3908 hoc
1189 3852 1373 3920 modo,
1424 3854 1632 3912 scilicet
1674 3856 1995 3928 complendo
2022 3857 2150 3915 obe-

563 3938 823 3997 dientiam
856 3943 1091 3999 transibo
1125 3960 1290 4017 usque
1311 3945 1379 3999 ad
1408 3946 1619 4003 domum
1643 3946 1744 4003 Dei
1778 3946 1984 4005 scilicet
2015 3962 2147 4005 con-

562 4034 912 4103 stituendam,
965 4037 1021 4093 id
1063 4046 1165 4105 est,
1220 4038 1523 4096 Ecclesiam
1561 4054 1682 4111 qua
1710 4039 1902 4097 domus
1934 4049 2038 4107 est,
2082 4041 2152 4099 ad

564 4128 1022 4198 comparationem
1074 4144 1360 4204 synagogas
1408 4146 1529 4204 quae
1567 4132 1882 4190 transitoria
1931 4132 2057 4202 fuit,
2092 4132 2152 4191 in

562 4219 826 4288 quaDeus
853 4223 1063 4281 habitat
1084 4239 1183 4295 per
1216 4225 1376 4282 fidem
1408 4236 1467 4283 et
1499 4242 1670 4301 spem,
1722 4228 1845 4286 ideo
1894 4229 2150 4295 transibo,

560 4312 690 4380 quia
714 4315 920 4371 veniam
944 4316 1095 4388 prius
1118 4318 1175 4375 in
1214 4318 1389 4375 locum
1420 4320 1767 4389 tabernaculi,
1804 4320 1861 4379 id
1895 4329 2004 4391 est,
2055 4334 2153 4380 ex-

562 4404 767 4462 solvam
791 4407 1004 4481 legalis.
1051 4408 1112 4467 ln
1138 4411 1338 4483 templo
1378 4415 1523 4470 enim
1553 4423 1639 4471 est
1688 4423 2047 4487 pmsentatus
2094 4422 2154 4473 et

565 4494 915 4555 circumcisus
950 4497 1104 4572 (Luc.
1128 4502 1214 4575 ιι),
1259 4502 1388 4574 quia
1416 4520 1523 4560 non
1565 4505 1701 4561 venit
1744 4505 1939 4563 solvere
1966 4505 2151 4580 legem,

2252 3326 2351 3370 ens
2370 3312 2543 3370 vultus
2578 3311 2703 3379 mei,
2733 3310 2789 3367 id
2816 3319 2923 3377 est,
2953 3324 3091 3367 mea:
3112 3318 3341 3374 naturae,
3374 3317 3465 3365 est
3504 3305 3734 3368 salutare,
3758 3298 3800 3354 id

2248 3410 2354 3470 est,
2393 3403 2631 3460 salvator
2667 3416 2842 3469 meus,
2880 3400 3026 3456 unde
3062 3398 3200 3456 alius
3244 3397 3515 3469 propheta
3554 3413 3569 3451 :
3607 3390 3801 3464 Spiritus

2252 3499 2379 3550 ante
2414 3491 2611 3551 faciem
2640 3501 2907 3558 nostram,
2935 3490 2989 3546 id
3021 3496 3127 3559 est,
3152 3486 3439 3545 invisibilis
3469 3486 3625 3552 Deus,
3658 3480 3803 3537 iactus

2250 3584 2483 3643 visibilis
2526 3585 2855 3642 aeaumendo
2893 3591 3145 3640 naturam
3187 3590 3456 3649 nostram,
3497 3587 3555 3637 et
3604 3574 3802 3649 Spiritus

2250 3675 2465 3732 narium
2506 3686 2821 3734 nostrarum
2862 3672 3114 3731 Christus
3163 3671 3427 3729 Dominus
3463 3667 3685 3741 (Thren.
3712 3662 3801 3734 tv).

2250 3763 2407 3836 Quod
2440 3765 2568 3823 alibi
2619 3766 2819 3823 dicitur
2861 3763 3098 3837 Spiritus
3128 3771 3352 3821 sanctus
3398 3763 3703 3820 incarnatus
3738 3754 3801 3811 sic

2250 3858 2534 3931 accipitur.
2558 3856 2718 3916 Pater
2746 3866 2829 3914 est
2855 3855 3110 3929 Spiritus,
3144 3855 3200 3913 id
3223 3854 3617 3926 est,quoddam
3648 3843 3802 3906 invisi-

2250 3950 2361 4007 bile
2398 3951 2797 4023 incorporeum,
2833 3958 2890 4006 et
2924 3948 3055 4004 illud
3095 3955 3341 4005 sanctum
3380 3945 3528 4003 idem
3555 3942 3731 4000 dicitur
3750 3936 3802 3992 ds

2251 4041 2412 4109 Filio,
2453 4042 2597 4098 idem
2637 4042 2706 4099 de
2752 4040 2962 4112 Spiritu
3005 4047 3216 4096 sancto.
3260 4037 3424 4105 Deus,
3472 4052 3539 4094 ex
3591 4049 3653 4091 eo
3686 4027 3803 4103 quod

2253 4131 2516 4203 Verbum,
2542 4132 2818 4201 salutare;
2858 4147 2927 4189 ex
2956 4144 3023 4189 eo
3044 4132 3188 4203 quod
3232 4130 3417 4197 homo,
3456 4128 3539 4183 Ad
3564 4141 3643 4182 me
3664 4125 3802 4194 ipsum

2255 4229 2439 4284 anima
2464 4244 2584 4284 mea
2620 4226 2933 4283 conturbata
2958 4236 3055 4281 est.
3082 4222 3249 4293 Quasi
3276 4222 3426 4277 dicat
3450 4239 3464 4275 :
3484 4220 3609 4276 ldeo
3627 4230 3719 4272 non
3736 4219 3803 4267 εει

2254 4321 2580 4379 tristandum
2601 4320 2797 4376 anima:
2816 4332 2971 4386 meae,
2996 4316 3122 4389 quia
3142 4316 3213 4371 ad
3234 4332 3318 4371 me
3337 4317 3511 4388 ipsum
3535 4308 3803 4369 conturbata

2254 4422 2352 4479 est,
2393 4427 2502 4469 non
2538 4419 2693 4469 extra
2734 4409 3000 4481 mezquia
3042 4424 3193 4465 nemo
3218 4406 3362 4463 tollet
3405 4424 3439 4462 a
3485 4421 3567 4460 me
3608 4401 3802 4457 animum

2256 4519 2452 4573 meam,
2491 4502 2584 4559 sed
2617 4517 2712 4573 ego
2752 4516 2891 4571 pono
2928 4516 3046 4556 eam
3075 4497 3258 4572 (Joan.
3298 4496 3379 4570 x).
3412 4496 3584 4553 Aliter
3612 4489 3705 4547 :ad
3736 4497 3802 4541 me

563 4588 655 4644 τεά
678 4590 891 4663 σπιρίενε
916 4592 1133 4665 (Matth.
1160 4594 1235 4669 v).
1266 4596 1614 4653 Tabernaculi
1642 4600 1783 4669 dico,
1799 4601 2155 4671 admirabilis,
2178 4598 2234 4661 D
2260 4595 2439 4668 ipsum
2463 4608 2527 4651 se
2558 4591 2803 4649 referens
2832 4592 3013 4647 anima
3045 4606 3183 4657 mea,
3212 4589 3267 4647 id
3302 4598 3409 4655 est,
3438 4588 3506 4643 ad
3533 4586 3799 4651 susceptam

563 4676 757 4753 legalis
782 4683 927 4740 enim
959 4685 1205 4743 instituta
1233 4688 1505 4745 mirabilia
1537 4688 1775 4758 fuerunt,
1800 4706 1908 4749 non
1936 4691 1994 4749 in
2015 4702 2153 4751 tem-

562 4774 841 4843 poralibus
860 4776 1144 4848 institutis,
1170 4780 1265 4837 sed
1292 4781 1348 4837 in
1368 4781 1562 4840 horum
1584 4784 1920 4858 signiﬁcatis.
1943 4786 2151 4845 Aliter:

562 4862 691 4923 Ideo
714 4883 803 4926 me
829 4869 1137 4941 humiliavi,
1166 4872 1289 4931 ideo
1314 4874 1680 4934 obedientiam
1706 4879 1992 4952 complevi,
2020 4894 2155 4952 quo-

564 4956 713 5013 niam
752 4959 835 5015 sic
860 4961 1092 5017 transibo
1142 4978 1314 5037 usque
1360 4965 1428 5021 ad
1456 4968 1674 5024 domum
1718 4969 1812 5024 Dei
1840 4980 2156 5026 restauran-

565 5046 711 5115 dam,
754 5047 812 5105 id
861 5059 965 5120 est,
1010 5067 1171 5124 super
1218 5054 1498 5113 caelestem
1538 5055 1875 5125 Jerusalem,
1923 5060 2150 5116 veniens

562 5140 718 5209 prius
744 5140 803 5197 in
830 5140 1004 5198 locum
1034 5145 1360 5203 tabernaculi
1402 5148 1751 5219 admirabilis,
1789 5149 1940 5206 locus
1968 5149 2150 5207 taber—

565 5232 746 5289 naculi
776 5233 831 5288 in
870 5242 1037 5302 terra,
1070 5236 1316 5295 homines
1346 5238 1534 5295 ﬁdeles
1572 5238 1683 5295 Deo
1722 5239 2043 5308 militantes,
2092 5238 2151 5295 in

565 5327 761 5395 quibus
790 5330 1165 5387 admirandum
1185 5341 1269 5389 est
1292 5334 1655 5389 membrorum
1678 5332 1995 5406 obsequium
2023 5332 2152 5404 quia

559 5418 673 5488 jam
709 5437 817 5480 non
853 5434 1044 5498 regnat
1083 5424 1139 5482 in
1174 5426 1254 5481 eis
1292 5435 1599 5498 peccatum,
1628 5436 1689 5482 ut
1716 5426 1972 5489 obediant
1997 5424 2048 5481 ei
2084 5424 2154 5480 ad

567 5510 909 5581 iniquitatem
929 5512 1105 5586 (Rom.
1129 5516 1230 5588 vi),
1258 5518 1351 5573 sed
1370 5516 1629 5573 obediunt
1648 5516 1870 5586 iustitia:
1883 5517 1937 5572 in
1952 5500 2175 5571 sancti?

568 5603 907 5676 licationem;
934 5609 1311 5665 admirandum
1342 5612 1505 5666 etiam
1530 5612 1798 5681 quomodo
1831 5611 2013 5666 anima
2042 5608 2156 5664 Deo

570 5696 781 5765 militet,
813 5700 1134 5760 refrenando
1162 5704 1506 5775 cupiditates,
1529 5705 1758 5760 virtutes
1776 5703 2022 5760 ‘colendo.
2043 5702 2156 5776 Ego

567 5792 802 5853 transibo
822 5791 961 5858 bene
985 5798 1259 5868 operando
1279 5805 1335 5857 et
1364 5796 1622 5868 docendo,
1656 5811 1816 5874 usque
1841 5796 1911 5852 ad
1940 5796 2155 5853 domum

2255 4686 2326 4744 ab
2348 4685 2568 4743 homine
2596 4684 2978 4742 mortalitatem
2998 4691 3056 4739 et
3076 4680 3507 4754 passibilitatem,
3537 4671 3800 4747 conturbata

2254 4786 2353 4846 est,
2374 4776 2503 4850 quia
2548 4777 2606 4834 in
2642 4791 2731 4833 me
2766 4776 2885 4847 ipso
2923 4773 3197 4847 passibilis
3220 4788 3392 4840 eram,
3418 4778 3708 4842 quanquam
3729 4772 3799 4817 et-

2255 4884 2372 4928 sem
2392 4879 2448 4925 et
2468 4868 2631 4936 Deus,
2670 4868 2847 4925 tristis
2874 4866 2980 4923 fuit
3013 4866 3196 4922 anima
3218 4879 3361 4931 mea,
3392 4863 3531 4935 ccepi
3557 4867 3733 4932 pavere
3757 4856 3801 4906 et

2259 4961 2480 5018 uadere.
2511 4959 2619 5017 Sed
2657 4973 2917 5032 quorsum
2948 4958 3055 5014 ista
3098 4956 3463 5015 conturbant?
3506 4956 3561 5009 ut
3602 4955 3801 5008 comme-

2256 5064 2505 5113 moretur
2550 5062 2607 5111 et
2649 5060 3001 5111 convertatur
3048 5054 3118 5109 ad
3166 5066 3253 5109 me
3297 5065 3467 5125 genus
3508 5047 3800 5105 humanum.

2258 5145 2545 5203 attendens
2569 5143 2721 5216 prius
2745 5143 3013 5216 promissa
3042 5151 3100 5199 et
3121 5140 3395 5213 accipiens
3429 5146 3551 5212 post
3576 5130 3797 5193 exhibita.

2259 5238 2550 5310 Propterea
2590 5238 2717 5309 quia
2755 5246 2948 5309 potens
2978 5251 3099 5293 sum
3134 5250 3338 5308 ponere
3386 5235 3613 5291 animam
3656 5232 3800 5283 meam

2259 5348 2382 5389 cum
2420 5332 2563 5399 volo,
2587 5341 2644 5388 et
2664 5332 2862 5388 iterum
2888 5346 3125 5398 sumere,
3153 5344 3354 5385 memor
3393 5343 3481 5385 ero
3507 5324 3582 5381 tui
3608 5320 3667 5377 de
3688 5325 3800 5371 terra

2259 5422 2534 5489 Jordanis,
2584 5422 2639 5477 id
2674 5429 2779 5488 est,
2820 5422 3017 5477 faciam
3048 5420 3125 5477 tui
3164 5420 3425 5493 quosdam
3467 5423 3716 5472 memores
3747 5401 3800 5459 d6

2256 5514 2460 5586 populo
2494 5512 2721 5571 Judaico
2751 5528 2809 5570 se
2838 5513 3178 5579 humiliante,
3208 5520 3263 5569 ει
3290 5512 3345 5567 in
3374 5526 3431 5568 se
3458 5502 3799 5565 descendente.

2258 5614 2322 5662 ut
2362 5608 2503 5676 apud
2545 5615 2599 5661 te
2632 5606 2921 5662 exaltetur.
2961 5603 3219 5661 Iordanis
3263 5605 3407 5661 enim
3458 5597 3799 5669 interpretatur

2261 5700 2558 5756 descensus.
2589 5698 2658 5755 Et
2687 5699 2752 5755 de
2788 5708 2931 5756 terra
2963 5697 3312 5767 Hermoniim,
3340 5698 3393 5755 id
3424 5704 3529 5761 est,
3572 5684 3799 5763 quosdam

2263 5796 2331 5854 de
2361 5793 2663 5869 gentilitate
2706 5790 2903 5850 faciam
2933 5788 3013 5851 tui
3056 5804 3349 5860 memores,
3378 5801 3436 5849 se
3477 5770 3799 5845 anathemati-
