3978 6406
164 444 274 504 565

1287 439 1824 504 ENARRATIONES
1859 441 1928 502 ΙΝ
1966 441 2305 503 ΡεΑιΜοε.

3317 437 3427 500 566

166 571 380 631 cantes,
405 558 463 619 id
491 565 598 629 est,
624 572 685 619 se
708 559 1077 634 relinquentes
1102 566 1162 617 ut
1189 558 1285 618 tibi
1309 561 1581 619 uniantur.
1607 561 1744 618 Her-
1771 568 1825 629 Α
1848 563 1990 618 diam
2018 563 2136 634 ejus
2155 555 2504 625 laudandam,
2532 552 2660 628 quia
2703 549 3019 610 misericors
3043 554 3126 609 est
3148 563 3272 609 cum
3299 545 3424 623 par-

164 669 290 708 mon
331 654 719 724 interpretatur
761 658 1038 710 anathema
1064 670 1243 709 eorum
1269 667 1290 708 .'
1320 665 1375 710 et
1399 664 1484 711 est
1509 657 1563 711 in
1603 667 1749 711 terra

165 745 449 813 gentium:
480 745 691 803 scilicet
723 763 758 802 a
786 757 959 803 monte
996 747 1220 814 modico,
1265 745 1322 801 id
1362 757 1465 814 est,
1512 747 1631 802 illos
1670 745 1748 802 tui

164 835 366 914 faciam
390 851 681 902 memores,
720 838 814 910 qui
856 854 1013 896 mons
1050 848 1212 894 erunt
1235 847 1458 910 propter
1489 839 1750 893 virtutum

164 927 569 995 excellentiam,
594 929 841 986 modicus
870 929 927 985 in
955 929 1259 985 humilitate
1283 946 1299 984 :
1324 929 1427 984 hoc
1466 928 1627 984 modo
1665 925 1748 982 fa-

163 1019 305 1075 ciam
340 1019 420 1074 tui
442 1035 713 1077 memores
738 1021 802 1076 de
827 1031 972 1078 terra
1002 1019 1350 1077 Hcrmoniim.
1377 1020 1512 1076 Nam
1533 1021 1750 1092 abyssus

163 1111 416 1183 abyssum
453 1113 680 1182 invocat,
707 1112 763 1169 id
802 1123 906 1181 est,
928 1112 1225 1185 profundus
1256 1122 1309 1169 et
1337 1128 1565 1187 magnus
1592 1110 1752 1167 intel-

163 1199 341 1257 lectus
385 1200 604 1258 illorum
646 1204 714 1260 de
740 1202 928 1261 Iudaea
972 1205 1186 1262 invocat
1225 1207 1501 1278 abyssum,
1545 1205 1599 1260 id
1644 1211 1750 1270 est,

163 1291 505 1351 intellectum
547 1296 793 1366 gentium
841 1297 912 1353 ad
951 1297 1436 1354 conformationem
1483 1311 1660 1363 suam,
1695 1293 1754 1352 id

161 1393 268 1452 est,
292 1385 576 1442 venientes
623 1388 692 1444 ad
730 1386 888 1443 ﬁdem
920 1389 988 1446 de
1015 1390 1432 1447 circumcisione
1466 1398 1655 1462 gentes
1680 1387 1754 1444 ad

165 1475 335 1532 ﬁdem
368 1478 588 1534 trahent
615 1477 800 1548 (Joan.
823 1479 924 1554 ιν),
961 1483 1018 1536 in
1054 1498 1173 1538 noce
1210 1491 1601 1538 cataractarum
1637 1490 1755 1535 tua-

167 1579 310 1631 ruus,
342 1565 398 1622 id
422 1575 530 1634 est,
564 1571 885 1640 exponendo
907 1571 988 1628 eis
1015 1572 1136 1629 illas
1155 1587 1334 1630 voces.
1373 1572 1434 1629 ln
1475 1572 1581 1630 hoc
1607 1571 1754 1628 enim

164 1657 399 1713 verbum
442 1667 526 1714 est
550 1675 765 1728 verum,
789 1663 917 1733 quia
958 1663 1050 1719 alii
1092 1673 1221 1721 sunt
1259 1664 1352 1735 qui
1397 1664 1669 1721 seminant
1698 1669 1758 1720 et

163 1746 257 1803 alii
297 1749 396 1820 qui
422 1758 651 1807 metunt.
677 1753 978 1812 Catarach
1002 1755 1256 1813 dicuntur
1281 1755 1506 1813 occultae
1532 1755 1635 1812 via:
1656 1771 1757 1828 per

162 1851 306 1910 quae
336 1855 490 1913 aquae
514 1843 766 1902 cialestes
791 1847 1106 1906 decurrunt.
1143 1850 1211 1906 Et
1237 1853 1379 1907 bene
1419 1851 1668 1908 doctores
1686 1863 1756 1907 ex

1850 656 1924 711 cit
1946 655 2000 711 in
2035 655 2413 725 prosperitate,
2453 665 2575 705 cum
2604 663 2710 704 non
2740 661 3011 703 meremus
3047 644 3150 700 nisi
3180 642 3425 716 ﬂagella;

1850 746 2161 801 misericors
2197 759 2321 800 cum
2349 740 2581 810 ﬂagellat
2605 741 2671 795 ad
2710 749 2942 811 tempus,
2971 746 3030 792 ut
3072 737 3127 792 in
3157 746 3422 794 aeternum

1851 847 2152 893 conservet.
2201 837 2268 890 Et
2297 844 2356 890 ut
2380 835 2590 905 possint
2623 833 2680 888 in
2716 834 2803 888 die
2847 831 3263 888 misericordiam
3290 845 3426 888 can-

1851 937 1972 988 tare
1990 941 2038 985 et
2067 932 2124 986 in
2167 940 2313 985 nocte
2352 931 2634 995 canticum,
2663 926 2888 984 oﬁ‘erarn
2925 927 3036 984 Deo
3076 926 3429 995 sacriﬁcium,

1851 1026 1947 1082 sed
1981 1024 2112 1080 illud
2143 1039 2250 1080 non
2293 1037 2533 1095 quierant
2563 1031 2717 1078 extra
2745 1036 2856 1086 me,
2883 1019 3028 1092 apud
3058 1036 3140 1076 me
3173 1019 3340 1086 enim,
3372 1018 3428 1075 id

1850 1127 1955 1185 est,
1979 1117 2033 1172 in
2059 1131 2146 1172 me
2176 1117 2342 1171 oratio
2369 1131 2532 1187 quam
2556 1113 2780 1170 oﬂ'eram
2803 1111 2936 1178 Deo,
2962 1109 3173 1167 scilicet
3200 1108 3428 1166 vitulum

1850 1205 2140 1275 labiorum,
2166 1206 2219 1263 id
2243 1215 2350 1272 est,
2383 1204 2596 1260 laudem
2622 1203 2736 1260 oris
2759 1218 2880 1259 cum
2907 1200 3220 1257 innocentia
3248 1198 3431 1258 cordis

1853 1306 1907 1354 et
1925 1299 2162 1371 puritate
2187 1297 2388 1367 cperis,
2411 1296 2520 1352 Deo
2545 1295 2668 1352 dico
2691 1294 2897 1350 auctori
2926 1294 3045 1348 vitm
3068 1307 3221 1358 meat,
3245 1289 3301 1347 id
3323 1297 3432 1359 est,

1853 1404 2097 1447 meorum
2121 1389 2237 1445 haec
2257 1387 2346 1444 illa
2361 1388 2536 1444 oratio
2560 1405 2576 1442 :
2597 1385 2784 1442 Dicam
2807 1384 2916 1440 Deo
2936 1400 2956 1440 :
2981 1383 3266 1451 Susceptor
3279 1396 3429 1436 meus

1851 1498 1932 1550 es,
1967 1481 2104 1538 nihil
2142 1481 2355 1538 meritis
2383 1480 2519 1538 meis
2558 1478 2874 1545 attribuam,
2917 1477 3010 1534 sed
3042 1484 3215 1533 totum
3237 1474 3425 1549 gratim

1853 1580 1982 1630 tuas.
2008 1570 2090 1628 Tu
2118 1572 2402 1643 suscepisti
2425 1586 2514 1628 me
2537 1572 2605 1628 de
2632 1569 2883 1642 sepulcro
2903 1575 2960 1625 et
2990 1583 3140 1625 meos
3165 1567 3233 1624 de
3251 1578 3431 1622 massa

1852 1663 2208 1738 perditorum.
2237 1661 2306 1718 Et
2330 1663 2457 1736 quia
2487 1662 2630 1719 Deus
2652 1670 2738 1717 est
2762 1669 3033 1731 susceptor
3059 1673 3229 1724 meus,
3270 1667 3434 1728 quare

1853 1753 2047 1810 oblitus
2072 1770 2127 1810 es
2149 1754 2288 1809 mei?
2315 1752 2370 1808 id
2388 1762 2494 1820 est,
2520 1767 2788 1817 meorum,
2811 1750 2866 1806 id
2893 1757 3000 1817 est,
3031 1762 3202 1821 quare
3235 1744 3441 1804 videris

1853 1844 2053 1904 oblitus
2078 1846 2204 1902 dum
2233 1845 2506 1917 permittis
2536 1843 2768 1901 cadere?
2801 1841 2871 1898 Et
2894 1858 3059 1915 quare
3092 1841 3436 1898 contristatus

166 1928 591 1990 circumcisione
617 1945 808 2008 gentes
841 1948 1096 2008 poterunt
1122 1941 1193 1996 ad
1222 1940 1383 1998 ﬁdem
1423 1943 1640 2000 trahere
1670 1939 1757 2000 vel
1784 1955 1830 2020 Β
1855 1934 2084 1992 incedo?
2110 1934 2165 1991 id
2191 1945 2300 2003 est,
2329 1934 2586 1992 incedunt
2622 1933 2729 1989 mei
2756 1932 3008 1988 timentes
3035 1928 3259 1986 casum?
3295 1926 3442 1983 Dum

166 2023 433 2093 majores,
482 2026 612 2098 quia
652 2030 832 2086 omnia
856 2033 1062 2088 excelsa
1093 2043 1207 2101 tua,
1245 2033 1302 2090 id
1337 2041 1442 2104 est,
1491 2033 1757 2107 supplicia

166 2111 357 2172 futura
390 2131 513 2188 qua:
538 2119 718 2176 adhuc
741 2124 1049 2194 suspendis,
1079 2140 1202 2198 quae
1239 2141 1385 2184 nunc
1412 2127 1640 2185 minaris
1667 2127 1755 2184 fu-

169 2212 292 2262 tura
317 2211 775 2279 promerentibus,
803 2223 855 2270 et
900 2217 1093 2287 ﬂuctus
1119 2217 1218 2285 tui,
1246 2217 1301 2274 id
1344 2226 1450 2288 est,
1480 2219 1758 2291 passiones

170 2295 275 2354 ille
303 2315 428 2370 qua:
446 2316 592 2359 nunc
611 2303 827 2360 assidue
852 2306 1084 2365 inﬂuunt
1107 2319 1164 2366 et
1189 2311 1409 2368 turbant
1430 2327 1498 2370 ex
1521 2312 1760 2369 humana

170 2386 496 2447 inﬁrmitate
532 2400 590 2448 et
633 2395 1012 2470 passibilitate,
1051 2402 1396 2470 transierunt,
1442 2402 1652 2459 scilicet
1689 2403 1760 2462 ab

169 2475 248 2534 eis
299 2493 467 2551 super
514 2496 603 2538 me
645 2482 895 2556 imposita
937 2495 993 2544 et
1037 2504 1194 2560 super
1236 2508 1316 2547 me
1353 2501 1757 2560 consummata;

169 2569 438 2642 quidquid
464 2573 611 2629 enim
650 2573 728 2631 illi
757 2590 1074 2659 meruerunt
1090 2595 1159 2637 ex
1187 2582 1370 2656 culpa,
1399 2598 1499 2658 ego
1525 2582 1761 2655 persolvi

169 2672 237 2716 ex
266 2663 473 2732 gratia.
503 2663 730 2722 Excelsa
767 2666 884 2737 jam
921 2671 1240 2728 transierunt
1267 2673 1321 2729 in
1352 2689 1431 2741 re,
1472 2676 1663 2746 ﬂuctus
1703 2674 1762 2731 in

170 2761 269 2820 Spe
295 2764 313 2805 :
337 2766 454 2807 sere
479 2749 758 2824 languores
805 2766 1010 2815 nostros
1051 2761 1161 2832 ipse
1187 2762 1430 2832 abstulit,
1459 2773 1510 2820 et
1552 2764 1763 2821 dolores

174 2850 387 2898 nostros
415 2843 517 2914 ipse
547 2847 787 2902 mortacit
817 2847 957 2920 (Isa.
994 2852 1116 2924 LIII)
1141 2866 1158 2907 :
1181 2867 1290 2910 non
1336 2854 1411 2912 ita
1439 2856 1763 2912 transierunt

171 2931 399 3002 ﬂuctus,
426 2934 558 3005 quin
589 2938 762 2994 simus
797 2941 1054 2998 mortales
1086 2953 1144 2999 et
1173 2944 1478 3015 passibiles,
1519 2947 1616 3003 sed
1659 2947 1766 3004 hoc

177 3025 368 3094 modo,
391 3028 517 3099 quia
548 3043 655 3084 non
683 3031 888 3088 ducunt
914 3049 1016 3092 nos
1042 3036 1112 3092 ad
1135 3047 1397 3094 aeternam
1423 3048 1672 3096 mortem.
1695 3039 1768 3096 Et

175 3115 388 3172 excelsa
419 3127 533 3186 tua,
573 3119 629 3176 id
659 3130 765 3188 est,
795 3124 977 3195 gravis
1005 3127 1284 3187 damnatio
1317 3140 1560 3187 extrema
1603 3145 1766 3202 super

178 3220 266 3261 me
293 3208 642 3266 considerata
667 3213 735 3267 ab
764 3212 1142 3286 inferentibus,
1167 3219 1293 3289 quia
1322 3220 1424 3290 ipsi
1441 3229 1767 3293 putaverunt

1855 2026 2038 2099 aﬂligit
2079 2041 2162 2083 me
2211 2024 2480 2092 inimicus,
2507 2025 2564 2081 in
2600 2031 2809 2080 tantum
2848 2031 2912 2079 ut
2943 2021 3109 2098 etiam
3155 2037 3276 2096 ossa
3321 2033 3440 2076 mea

1859 2115 2295 2188 confringantur,
2321 2117 2377 2175 id
2405 2126 2510 2184 est,
2538 2115 2708 2174 fortes
2741 2115 2850 2173 mei
2873 2115 2962 2172 vel
3007 2112 3272 2188 patientia
3314 2123 3441 2168 mea

1857 2218 2183 2282 superentur
2224 2215 2282 2266 et
2307 2208 2637 2265 devocentur
2672 2206 2839 2263 nimia
2864 2212 3280 2277 pet-secutorum
3315 2214 3437 2258 cru-

1855 2301 2078 2358 delitate
2122 2307 2181 2357 et
2222 2299 2519 2358 confractis
2552 2298 2789 2366 ossibus,
2825 2295 3268 2368 exprobrauerunt
3308 2289 3441 2347 mihi

1855 2393 1946 2464 qui
1969 2391 2221 2447 tribulam
2245 2408 2327 2448 me
2363 2391 2564 2446 inimici
2604 2390 2741 2456 mei;
2765 2389 3267 2460 improperaverunt
3301 2381 3439 2440 mihi

1858 2481 2030 2539 Deum
2059 2497 2262 2550 meum,
2283 2482 2409 2537 dum
2445 2482 2624 2537 dicunt
2652 2479 2782 2535 mihi
2823 2495 2918 2550 per
2943 2477 3176 2550 singulos
3203 2475 3335 2542 dies,
3383 2471 3442 2529 id

1859 2580 1968 2640 est,
2005 2573 2239 2639 assidue,
2293 2571 2395 2629 Ubi
2424 2583 2500 2629 est
2538 2571 2681 2628 Deus
2725 2569 2890 2627 tuus!
2914 2569 3079 2638 Quasi
3109 2568 3295 2642 dicat:
3321 2562 3442 2622 Etsi

1858 2665 1994 2726 foris
2018 2665 2254 2724 videaris
2285 2665 2504 2734 oblitus,
2543 2665 2691 2723 intus
2719 2664 2963 2732 minime,
3002 2664 3052 2720 si
3081 2661 3287 2728 ὤσει-ε,
3325 2673 3438 2716 non

1861 2767 2042 2816 tamen
2071 2757 2271 2816 aufers.
2300 2757 2499 2824 Aliter,
2527 2758 2821 2814 secundum
2848 2755 3272 2827 Hieronymum:
3298 2749 3441 2805 Dum

1858 2849 2299 2922 exprobrauerunt
2349 2847 2477 2903 mihi
2499 2846 2590 2919 qui
2633 2845 2887 2901 tribulant
2931 2860 3013 2900 me
3056 2841 3259 2898 inimici
3313 2837 3442 2906 mei,

1861 2938 1990 2995 dum
2010 2953 2110 3011 ego
2130 2945 2185 2994 te
2204 2953 2301 3010 per
2336 2935 2713 3008 pmnitentiam
2746 2942 2805 2990 et
2831 2932 3173 2990 aﬁlictionem
3196 2927 3442 3001 corporis

1860 3037 1918 3087 et
1944 3030 2139 3086 anima:
2164 3028 2384 3102 placare
2408 3026 2681 3094 desidero,
2706 3023 2910 3081 inimici
2934 3020 3043 3079 inci
3072 3028 3326 3094 putantes
3353 3030 3442 3074 me

1862 3120 2139 3180 incassum
2186 3120 2305 3178 haec
2344 3116 2550 3188 facere,
2583 3117 2808 3175 dicunt:
2840 3113 2942 3171 Ubi
2983 3122 3060 3170 cst
3103 3113 3246 3169 Deus
3278 3103 3446 3166 tuus!

1861 3212 2062 3270 Dicunt
2092 3213 2210 3269 haec
2254 3211 2312 3268 in
2352 3209 2625 3268 evidentia
2661 3208 2765 3273 rei,
2796 3207 2923 3264 dum
2958 3203 3245 3261 tormentis
3270 3218 3301 3258 a
3329 3200 3446 3258 Deo

179 3315 264 3391 me
305 3302 532 3373 dignum
577 3303 668 3359 illa
723 3306 1094 3368 damnatione.
1137 3288 1503 3382 Transierunt,
1541 3315 1612 3370 ab
1657 3313 1765 3372 illis

1866 3315 2152 3359 removere
2197 3307 2450 3374 satagunt
2498 3307 2556 3356 et
2599 3298 2802 3364 verbis,
2839 3302 3093 3370 putantes
3123 3307 3212 3350 me
3252 3288 3451 3348 dereli-

178 3390 324 3458 dico,
350 3407 463 3449 non
499 3395 570 3451 ab
595 3397 870 3466 omnibus,
899 3401 994 3458 sed
1025 3403 1094 3458 ab
1118 3402 1225 3460 illis
1259 3404 1353 3476 qui
1384 3407 1672 3463 attendunt
1706 3406 1767 3464 in

177 3489 283 3554 die,
329 3489 390 3544 id
428 3496 538 3558 est,
581 3491 637 3547 in
680 3495 1040 3566 prosperitate
1091 3499 1506 3557 misericordiam
1551 3499 1767 3559 Domini

178 3580 284 3638 sibi
321 3581 624 3639 exhibitam
663 3585 733 3642 ad
775 3587 1220 3648 consolationem.
1261 3591 1333 3647 Et
1361 3602 1531 3663 nocte,
1566 3593 1623 3651 id
1659 3603 1766 3663 est,

181 3671 236 3727 in
271 3673 610 3733 adversitate
635 3676 940 3752 intelligunt
970 3683 1270 3752 canticum,
1301 3683 1358 3741 id
1396 3692 1502 3753 est,
1544 3685 1769 3743 laudan-

182 3763 313 3819 dum
366 3779 490 3823 esse
533 3767 844 3829 Dominum.
883 3771 1036 3830 Multi
1079 3775 1226 3832 enim
1270 3777 1470 3834 cadunt
1498 3776 1568 3834 ad
1613 3794 1768 3836 suam

182 3855 484 3914 utilitatem
517 3867 577 3916 et
601 3860 855 3932 aliorum,
883 3874 941 3922 et
963 3865 1265 3924 adversitas
1291 3869 1603 3940 temporalis
1633 3869 1772 3926 mul-

186 3945 258 4000 tis
283 3944 354 4001 ﬁt
387 3946 458 4004 ad
483 3948 800 4020 utilitatem,
828 3961 888 4010 ut
914 3954 1128 4013 discant
1151 3959 1412 4015 mundum
1455 3959 1596 4016 male
1620 3959 1770 4018 blan-

183 4032 432 4091 dientem
475 4047 846 4109 contemnere,
901 4054 958 4099 et
993 4043 1161 4102 Deum
1203 4047 1515 4106 desiderare
1568 4049 1622 4106 in
1663 4064 1773 4122 quo

184 4139 321 4182 vera
341 4133 401 4183 et
421 4141 632 4187 summa
643 4131 875 4190 felicitas
893 4143 993 4194 εει.
1014 4134 1168 4194 Unde
1181 4135 1282 4195 Job
1305 4154 1320 4194 :
1351 4138 1414 4196 Si
1439 4139 1575 4196 bona
1595 4157 1774 4197 susce-

185 4219 367 4289 pimus
385 4221 453 4278 de
471 4238 632 4281 manu
655 4225 891 4297 Domini,
904 4231 1046 4286 mala
1066 4247 1228 4302 quare
1252 4249 1356 4289 non
1371 4235 1774 4293 sustineamus?

189 4309 346 4380 (Job.
365 4311 434 4384 ll)
452 4311 712 4372 Dominus
733 4316 896 4386 dedit,
917 4318 1176 4378 Dominus
1197 4323 1446 4381 abstulit:
1469 4324 1553 4382 Sit
1585 4341 1774 4383 nomen

187 4400 410 4458 Donsini
455 4405 777 4465 benedictum
809 4409 929 4483 (Job
955 4412 1021 4484 ι).
1050 4413 1224 4481 Quam
1261 4415 1678 4472 misericordiam
1715 4417 1774 4476 in

188 4494 277 4549 die
321 4499 655 4555 cantandam
681 4509 732 4556 et
768 4514 918 4559 nocte
944 4505 1227 4575 canticum,
1256 4506 1514 4563 Dominus
1551 4508 1776 4564 manda-

189 4584 286 4653 uit,
317 4585 532 4646 scilicet
553 4604 654 4662 per
679 4607 789 4662 me,
834 4593 892 4651 id
921 4603 1025 4663 est,
1067 4595 1354 4655 invisibilis
1383 4606 1440 4655 et
1465 4599 1773 4672 incompre-

1867 3399 2014 3450 ctum
2051 3407 2176 3449 cum
2205 3391 2340 3449 foris
2362 3390 2543 3464 patior
2566 3397 2624 3446 et
2661 3403 2770 3445 non
2806 3386 3083 3444 evidenter
3110 3383 3334 3449 liberer,
3361 3387 3446 3436 at-

1867 3485 2149 3542 tendentes
2184 3482 2314 3556 quid
2347 3481 2548 3555 patior,
2602 3493 2711 3536 non
2746 3490 2916 3549 quare
2950 3475 3149 3548 patior.
3195 3471 3266 3528 Et
3314 3469 3445 3556 quia

1867 3583 2017 3632 tanta
2045 3555 2332 3632 commoda
2369 3571 2552 3630 futura
2591 3576 2815 3627 suntex
2857 3579 2979 3623 mea
3022 3561 3331 3628 aﬁ'ectione,
3359 3555 3448 3616 vel

1866 3667 1993 3738 quia
2014 3667 2072 3722 in
2089 3666 2175 3722 die
2194 3663 2461 3722 mandavit
2487 3661 2745 3718 Dominus
2769 3654 3183 3714 misericordiam
3203 3660 3262 3710 et
3295 3656 3449 3706 nocte

1866 3760 2150 3816 canticum.
2176 3758 2354 3828 Quare
2377 3755 2542 3813 tristis
2563 3771 2640 3824 es,
2663 3752 2840 3810 animo
2865 3746 3023 3807 mea}
3043 3756 3093 3804 ct
3116 3761 3280 3820 quare
3316 3757 3447 3800 con-

1867 3849 2048 3906 turbas
2085 3851 2208 3907 me!
2233 3851 2292 3907 id
2317 3857 2424 3918 est,
2454 3862 2625 3921 quare
2641 3844 2935 3919 praetendis
2962 3839 3254 3914 quamdam
3283 3835 3455 3895 tristi.

1869 3941 2003 4000 tiam
2037 3950 2095 4000 et
2135 3941 2624 4007 conturbationem,
2653 3954 2763 3996 non
2807 3950 2879 3993 ex
2909 3933 3208 3998 coactione,
3242 3929 3340 3988 sed
3380 3941 3452 3985 ex

1869 4031 2168 4100 voluntate,
2193 4031 2312 4088 haec
2330 4030 2494 4088 toties
2516 4037 2680 4100 caput
2705 4036 2954 4085 nostrum
2985 4022 3202 4096 repetit,
3228 4027 3291 4077 ut
3319 4031 3450 4099 suos

1871 4123 2182 4183 consoletur
2207 4130 2264 4180 et
2289 4123 2613 4179 exhortetur
2644 4133 2746 4176 suo
2768 4114 3042 4189 exemplo,
3078 4120 3140 4170 ut
3167 4126 3278 4169 non
3312 4108 3449 4166 deﬁ-

1871 4217 2018 4274 ciant
2043 4216 2102 4273 in
2145 4214 2425 4279 laboribus
2463 4213 2624 4286 hujus
2666 4213 2793 4283 vita:
2836 4206 3168 4267 transitoria
3192 4204 3357 4279 positi
3392 4202 3452 4260 in

1869 4321 1968 4382 8pc
1990 4315 2206 4365 attente
2233 4305 2532 4374 felicitatis,
2579 4304 2789 4362 scilicet
2820 4301 3049 4359 visionis
3079 4298 3201 4366 Dei,
3230 4305 3287 4355 et
3322 4296 3452 4367 quia

1871 4413 1980 4456 non
2013 4413 2080 4455 ex
2107 4398 2412 4466 coactione,
2440 4412 2593 4468 spera
2620 4396 2676 4451 in
2702 4393 2836 4462 Deo,
2861 4401 2920 4450 et
2951 4390 3168 4456 merito,
3199 4387 3453 4462 quoniam

1872 4497 2046 4553 adhuc
2091 4497 2373 4567 conﬁtebor
2407 4494 2528 4562 illi,
2571 4492 2806 4551 salutare
2848 4491 3024 4548 cultus
3064 4488 3166 4546 mei
3199 4497 3250 4544 et
3309 4487 3452 4543 Deus

1873 4613 2041 4665 meus,
2064 4595 2120 4655 id
2148 4604 2256 4664 est,
2290 4595 2394 4654 etsi
2420 4592 2580 4652 modo
2603 4600 2753 4648 tanta
2786 4605 2888 4663 pro
2919 4591 3002 4648 eis
3038 4589 3238 4662 patior,
3266 4595 3451 4645 tamen

192 4675 488 4736 hensibilis
551 4680 698 4740 Deus
750 4699 852 4757 per
911 4689 1335 4760 assumptionem
1390 4690 1575 4748 carnis
1638 4706 1775 4749 mere
1803 4682 1854 4746 D
1877 4687 1986 4744 mei
2011 4687 2190 4749 adhuc
2214 4686 2616 4743 conﬁtebuntur
2638 4682 2825 4748 corde,
2862 4689 2919 4740 et
2940 4695 3038 4739 ore
3060 4680 3282 4736 dicent:
3310 4677 3450 4734 Dens

189 4766 458 4837 ostendit,
484 4770 579 4842 qui
620 4771 678 4828 in
714 4773 822 4845 die,
847 4774 902 4833 id
922 4786 1028 4846 est,
1064 4786 1193 4835 ante
1216 4778 1524 4850 passionem
1565 4780 1777 4838 miseri-

189 4857 443 4956 cordiam
485 4860 606 4956 ejus
646 4867 883 4956 cantavi,
923 4880 972 4926 et
1017 4880 1183 4937 nocte,
1213 4871 1268 4928 id
1304 4882 1407 4938 est,
1435 4872 1490 4929 in
1525 4873 1778 4946 passione

193 4951 337 5017 ejus,
361 4951 642 5008 canticum.
673 4955 884 5012 Aliter:
914 4957 1087 5031 Super
1112 4976 1194 5017 me
1214 4962 1552 5019 transierunt.
1577 4962 1778 5021 Trans-

193 5039 370 5094 ierunt
395 5042 465 5098 ab
501 5043 582 5100 eis
605 5046 800 5115 quibus
820 5047 1018 5108 debebz
1037 5059 1154 5108 'Itur
1191 5068 1356 5124 super
1383 5069 1470 5110 me
1504 5055 1776 5128 imposita,

194 5142 253 5189 et
280 5136 390 5192 hoc
418 5135 542 5195 ideo
567 5140 692 5210 quia
719 5141 777 5199 in
812 5144 920 5211 die,
953 5145 1008 5202 id
1037 5154 1138 5214 est,
1173 5148 1227 5205 in
1263 5151 1642 5222 prosperitate,
1672 5154 1777 5210 sci-

196 5227 330 5286 licet
357 5244 532 5304 usque
567 5233 636 5290 ad
665 5240 876 5308 tempus
897 5240 1167 5311 passionis
1196 5257 1348 5308 meae,
1373 5247 1588 5315 quando
1619 5244 1777 5316 quasi

194 5325 628 5392 prosperandum
664 5327 795 5384 mihi
826 5328 924 5385 fuit
949 5339 1007 5386 ut
1042 5333 1323 5406 implerem
1346 5351 1467 5408 quae
1505 5337 1775 5409 implenda

197 5422 382 5481 erant,
419 5417 687 5474 mandavit
725 5435 823 5492 per
848 5438 936 5478 me
960 5422 1241 5495 Dominus,
1271 5428 1325 5485 id
1350 5437 1456 5497 est,
1485 5441 1666 5488 notam
1690 5430 1776 5489 fe-

198 5504 276 5560 cit
314 5507 502 5579 generi
546 5510 782 5570 humano
810 5516 1222 5576 misericordiam
1257 5539 1432 5591 suam,
1489 5524 1542 5581 id
1577 5533 1681 5592 est,
1711 5539 1774 5581 ea

198 5596 477 5653 notiﬁcavi
501 5613 623 5670 qua:
667 5602 734 5659 de
776 5607 1117 5678 reparatione
1146 5610 1286 5668 illius
1320 5623 1445 5670 ante
1467 5616 1773 5685 passionem

199 5699 379 5743 meam
421 5693 747 5751 nctiﬁcanda
779 5709 956 5755 erant.
984 5699 1053 5755 Et
1083 5716 1231 5759 nocte
1250 5708 1510 5760 canticum
1548 5709 1684 5778 ejus,
1720 5709 1774 5764 id

203 5789 310 5883 est,
344 5783 407 5883 in
436 5789 687 5856 passione
723 5807 841 5847 mea
870 5799 1124 5878 proposui
1155 5799 1407 5864 omnibus
1437 5799 1564 5868 quid
1591 5801 1661 5858 sit
1689 5801 1773 5858 fa—

203 5875 454 5934 ciendum
500 5881 553 5937 in
602 5882 818 5955 talibus,
866 5875 1071 5947 scilicet
1115 5891 1166 5949 in
1208 5891 1456 5949 omnibus
1485 5894 1773 5950 misericor-

1875 4774 2042 4846 meus,
2082 4779 2322 4835 salvator
2348 4785 2433 4834 est
2458 4774 2629 4832 vultus
2670 4773 2792 4841 mei,
2839 4772 2896 4830 id
2933 4781 3040 4838 est,
3075 4778 3162 4829 est
3202 4771 3367 4826 homo
3395 4776 3457 4824 ut

1875 4886 1996 4944 ego.
2028 4869 2218 4936 Aliter,
2244 4869 2299 4926 in
2321 4883 2551 4940 persona
2573 4866 2830 4924 Ecclesiae
2853 4883 2868 4921 :
2903 4863 3006 4921 Ubi
3027 4872 3105 4921 est
3130 4862 3273 4919 Deus
3292 4871 3413 4917 tuus
3431 4858 3457 4916 2

1875 4961 1959 5018 llli
2000 4961 2218 5034 quidem
2267 4960 2337 5017 de
2373 4960 2490 5016 suis
2523 4959 2628 5016 diis
2658 4959 2710 5015 in
2739 4956 2991 5030 praesenti
3026 4962 3253 5027 possunt
3290 4966 3456 5026 agere

1879 5051 2364 5118 demonstratione,
2407 5066 2515 5108 non
2556 5059 2737 5107 autem
2779 5049 2967 5106 oculos
3015 5048 3216 5104 habent
3257 5045 3478 5118 quibus,

1877 5145 2128 5202 videatur
2161 5143 2307 5202 Deus
2332 5158 2504 5211 meus,
2529 5143 2658 5216 quia
2685 5142 2964 5199 invisibilia
2989 5140 3103 5211 ejus
3127 5155 3220 5210 per
3242 5154 3304 5194 ea
3335 5151 3454 5207 qua:

1877 5237 2022 5309 facta
2060 5248 2181 5294 sunt
2212 5237 2475 5295 intellecta
2515 5237 2908 5310 conspiciuntur
2929 5233 3108 5306 (Rom.
3135 5232 3200 5305 ι),
3241 5231 3455 5287 animus

1879 5345 1977 5402 per
2019 5330 2321 5388 ministeria
2366 5331 2915 5404 corporisquaedam
2962 5325 3166 5384 faciens
3219 5339 3327 5382 non
3370 5332 3456 5382 est

1879 5422 2207 5480 insuﬂiciens
2239 5435 2300 5480 ut
2327 5441 2426 5496 per
2451 5441 2513 5481 se
2554 5426 2659 5481 alia
2704 5440 2811 5482 non
2841 5423 3100 5488 sentiant,
3132 5429 3191 5478 nt
3213 5420 3358 5477 enim
3393 5433 3456 5477 se

1876 5515 2061 5571 videat
2099 5532 2198 5588 per
2222 5531 2282 5573 se
2319 5531 2350 5570 a
2382 5517 2664 5588 corporeis
2691 5516 2942 5572 sensibus
2977 5528 3037 5570 se
3078 5511 3372 5579 subtrahit,
3401 5519 3454 5569 ct

1878 5607 2090 5666 confert
2117 5625 2178 5666 se
2223 5609 2291 5665 ad
2342 5609 2650 5676 interiores,
2686 5618 2849 5678 atque
2877 5605 3174 5663 ministeria
3211 5605 3454 5677 corporis

1877 5715 1986 5757 non
2024 5699 2320 5766 suﬂiciunt,
2374 5699 2736 5772 splendorem,
2781 5697 3160 5765 sonoritatem,
3204 5697 3453 5764 odorem,

1878 5817 2148 5873 saporem,
2195 5804 2472 5860 lenitatem
2515 5801 2795 5865 virtutum,
2845 5797 3177 5866 velcontra,
3203 5797 3456 5852 vitiorum

1875 5897 2099 5953 sentire.
2129 5894 2258 5951 Ηωε
2287 5894 2587 5951 recordatus
2613 5908 2752 5962 sum,
2777 5899 2824 5950 et
2849 5891 3011 5962 eﬁ'udi
3033 5893 3088 5950 in
3122 5905 3203 5948 me
3229 5889 3458 5945 animum
