3930 5574
485 393 592 455 Ii?

1120 396 1383 458 REMIGII
1416 394 2076 462 ANTISSIODORENSIS
2111 396 2262 457 OPP.
2304 396 2502 455 PARS.
2543 398 2669 454 1.-
2689 396 3098 458 EXEGETICA.

3644 399 3747 459 ωδ

488 522 677 563 meam.
713 504 981 564 Constitui
1026 515 1083 567 et
1130 509 1248 580 ipse
1286 523 1532 583 quaerere
1564 511 1630 567 de
1672 511 1782 567 Deo
1830 524 1974 577 meo,
2007 518 2064 579 ut
2090 518 2145 580 Α
2174 527 2194 561 ι
2234 522 2404 579 quare
2453 508 2747 566 conturbas
2798 508 2923 565 mei
2977 508 3148 580 Spera
3198 506 3253 563 in
3294 506 3429 575 Deo,
3486 509 3742 579 quoniam

487 613 597 657 non
617 600 792 658 solum
818 601 1118 669 crederem,
1150 604 1245 661 sed
1271 606 1436 661 etiam
1470 606 1536 662 de
1558 604 1649 663 illo
1680 604 1886 676 aliquid
1912 605 2065 663 vide-
2172 618 2194 655 ‹
2235 601 2412 660 adhuc
2433 600 2731 659 confitebor
2766 601 2863 671 illi,
2890 601 3127 660 salutare
3157 600 3334 659 vultus
3363 600 3475 658 mei
3512 609 3569 657 et
3605 601 3740 658 Dem

485 702 624 745 rem.
672 689 859 749 Sentio
906 691 1109 779 aliquid
1134 708 1256 752 esse
1300 695 1444 751 ultra
1483 698 1721 753 animam
1764 711 1967 784 meam:
2006 696 2065 756 Si
2169 706 2193 744 α
2235 705 2405 749 meus.
2452 710 2473 745 ³

482 781 630 837 enim
661 782 717 838 in
757 796 819 840 se
846 770 1152 842 remaneret
1191 799 1300 842 non
1328 784 1496 844 ell‘usa
1525 801 1691 859 super
1739 802 1819 855 se,
1847 771 2066 846 non'vi-

483 876 639 934 deret
676 878 783 936 nisi
813 891 892 937 se.
928 878 1105 953 Supra
1126 880 1297 953 ipsam
1324 889 1507 938 autem
1547 882 1895 955 attingendus
1918 879 2061 938 Deus

479 977 599 1035 est,
659 983 822 1041 supra
891 972 1124 1029 animam
1173 980 1260 1029 est
1324 974 1515 1031 domus
1576 974 1714 1041 Dei,
1780 974 1848 1030 ad
1897 986 2061 1045 quam

476 1070 540 1118 ut
567 1064 828 1121 ascendat
867 1062 1094 1123 eminuit
1123 1080 1181 1125 se
1213 1080 1379 1138 supra
1405 1080 1483 1123 se.
1520 1066 1850 1124 Conscensio
1876 1073 2059 1123 autem

473 1150 583 1211 ista
611 1168 721 1211 non
749 1162 833 1211 est
872 1155 981 1213 nisi
1010 1169 1108 1228 per
1137 1156 1284 1213 viam
1315 1156 1597 1224 Ecclesiae,
1641 1158 1767 1228 quia
1805 1157 1973 1214 habet
2000 1157 2059 1214 in

471 1255 685 1304 secreto
728 1247 947 1303 domum
987 1246 1329 1315 altissimam,
1355 1247 1519 1304 habet
1560 1247 1969 1305 tabernaculum
2001 1248 2058 1305 in

471 1342 642 1406 terra,
665 1337 721 1393 in
746 1351 856 1409 quo
880 1336 1010 1394 dum
1037 1338 1305 1406 ambulas,
1359 1339 1404 1395 si
1444 1339 1542 1396 tibi
1580 1354 1765 1397 rerum
1796 1338 2059 1398 tumultus

474 1442 578 1486 aon
622 1428 908 1501 obstrepit,
933 1429 1150 1487 duceris
1184 1430 1240 1486 in
1284 1430 1562 1489 interioris
1606 1439 1665 1488 et
1705 1430 2058 1503 intelligibilis

466 1518 585 1576 soni
604 1516 1025 1587 iucunditatem,
1054 1528 1116 1575 ut
1140 1519 1323 1580 omnia
1361 1529 1583 1578 externa
1621 1528 1937 1577 contemnas
1967 1535 2056 1576 ra-

463 1617 590 1679 plus
615 1611 685 1665 ad
712 1610 981 1675 internam
1007 1609 1152 1667 illam
1191 1604 1455 1677 laetitiam,
1485 1613 1580 1669 sed
1609 1611 1735 1684 quia
1774 1610 1902 1668 licet
1928 1610 2055 1668 illuc

464 1697 761 1767 rapiamur,
795 1708 973 1756 tamen
1003 1699 1241 1771 quandiu
1267 1715 1454 1758 sumus
1483 1702 1539 1757 in
1557 1701 2055 1773 corpore'peregri~

461 1799 662 1844 namur
682 1805 715 1845 a
741 1790 971 1847 Domino
996 1788 1087 1861 (ΙΙ
1112 1791 1236 1847 Cor.
1273 1791 1352 1863 v),
1378 1790 1644 1862 sequitur,
1673 1790 1853 1859 Quare
1883 1792 2053 1847 tristis

2725 780 3169 840 ENARRATIO.

2229 876 2336 936 [ste
2358 877 2599 951 psalmus
2625 885 2803 951 potest
2829 891 2928 949 per
2967 891 3029 933 se
3066 877 3193 949 legi,
3216 883 3279 933 ut
3308 876 3379 934 sit
3415 891 3524 933 vox
3555 874 3742 947 capitis

2158 982 2261 1041 pro
2286 983 2384 1025 sua
2413 969 2854 1026 resurrectione:
2891 968 2975 1023 vel
3017 967 3264 1040 jungitur
3303 983 3429 1025 cum
3472 966 3743 1039 superiori

2161 1058 2263 1114 hoc
2286 1057 2466 1115 modo.
2492 1057 2670 1130 Supra
2696 1058 2852 1125 dixit,
2888 1059 3067 1113 omnia
3100 1056 3301 1113 excelsa
3338 1066 3432 1112 tua
3464 1067 3517 1113 et
3555 1059 3737 1128 ﬂuctu

2157 1150 2237 1205 tui
2260 1165 2415 1222 super
2438 1167 2519 1206 me
2558 1151 2900 1217 transierunt,
2943 1150 2998 1206 id
3023 1157 3128 1217 est,
3161 1149 3506 1206 considerata
3529 1156 3666 1205 sunt
3686 1149 3736 1208 al

2156 1239 2395 1297 inimicis
2418 1254 2583 1313 super
2606 1257 2694 1298 me
2723 1241 3065 1314 imponenda,
3090 1242 3217 1314 quia
3248 1240 3352 1312 ipsi
3376 1241 3650 1312 deputant
3669 1250 3733 1298 mt

2156 1327 2377 1403 dignum
2399 1328 2492 1386 illa
2514 1337 2759 1387 extrema
2788 1330 3137 1388 damnatione
3161 1329 3483 1403 gravissima
3510 1339 3573 1386 et
3618 1344 3726 1400 pra:

2155 1421 2297 1478 senti
2320 1422 2724 1494 persecutione.

2224 1512 2423 1569 iudica
2454 1530 2538 1569 me
2564 1514 2727 1571 Deus.
2758 1512 3012 1573 Judicant
3038 1513 3107 1572 de
3134 1529 3221 1572 me
3254 1514 3406 1588 impii
3428 1512 3584 1586 quod
3612 1511 3734 1582 inju-

2156 1611 2301 1662 stum
2340 1613 2443 1671 est,
2482 1604 2666 1675 iudica
2712 1613 2772 1662 tu
2800 1608 2944 1677 quod
2968 1606 3170 1677 iustum
3203 1608 3315 1674 est;
3354 1605 3614 1676 iudicant
3638 1605 3739 1659 alii.

2154 1696 2254 1752 sed
2278 1709 2386 1751 non
2410 1694 2739 1761 discernunt,
2757 1711 2857 1768 par
2875 1696 3048 1764 labor,
3071 1697 3165 1753 sed
3179 1696 3363 1767 dispar
3383 1694 3735 1751 conscientia.

2156 1785 2239 1843 Tu
2261 1788 2367 1845 hoc
2390 1788 2553 1865 modo
2577 1786 2786 1859 judico.
2838 1788 3087 1844 Discerne
3128 1804 3344 1844 causam
3376 1802 3576 1842 meam.
3634 1784 3736 1841 Ets:

460 1892 537 1975 es,
563 1878 742 1975 anima
786 1894 902 1935 mea
967 1894 1132 1949 quare
1158 1879 1396 1937 turbaris
1416 1879 1443 1934 ἳ
1471 1880 1589 1937 Non
1621 1881 1691 1937 ad
1718 1881 1913 1949 Deum,
1955 1882 2052 1939 sed
2077 1911 2127 1975 Β
2154 1892 2318 1951 pmna
2338 1894 2483 1937 nunc
2512 1879 2586 1937 sit
2620 1893 2723 1950 par
2742 1893 2867 1936 cum
2895 1880 3076 1975 impiis
3102 1889 3160 1935 et
3202 1879 3374 1945 labor,
3420 1876 3509 1933 fac
3559 1884 3628 1933 ut

459 1966 531 2021 ad
559 1983 639 2022 me
655 1968 826 2039 ipsum
851 1968 1032 2024 anima
1054 1986 1172 2024 mea
1198 1970 1506 2026 conturbata
1530 1979 1625 2027 est.
1655 1970 1825 2045 Spera
1845 1973 1901 2026 in
1918 1971 2047 2040 Deo,

457 2058 584 2128 quia
620 2059 888 2115 incertum
922 2058 1126 2125 habeo;
1154 2060 1201 2116 si
1226 2076 1529 2133 apparuero
1559 2071 1680 2118 ante
1713 2061 1902 2133 faciem
1927 2060 2047 2130 Dei,

454 2162 565 2206 non
585 2150 692 2206 erit
717 2150 864 2220 quod
892 2164 1011 2207 eam
1041 2152 1347 2209 conturbet.
1378 2152 1463 2211 Ad
1511 2168 1594 2210 me
1635 2153 1811 2224 ipsum
1850 2154 2048 2212 merito

454 2243 726 2310 turbatur,
769 2243 896 2314 quia
932 2243 1099 2299 sentit
1125 2243 1579 2312 mutabilitatem;
1625 2247 1695 2301 ad
1738 2245 1909 2302 Deum
1938 2263 2047 2305 non

454 2335 725 2399 turbatur,
751 2336 877 2406 quia
903 2336 1069 2392 sentit
1104 2337 1641 2395 incommutabilem:
1685 2335 1904 2395 Iustitia
1950 2339 2046 2394 Dei

452 2437 672 2495 semper
708 2433 812 2493 est,
844 2439 964 2481 mea
994 2433 1176 2481 autem
1213 2426 1260 2484 si
1302 2426 1464 2483 hodie
1490 2436 1594 2493 est,
1633 2441 1755 2482 cras
1784 2441 1909 2483 non.
1951 2426 2047 2484 Vis

452 2526 636 2572 autem
664 2533 774 2573 non
814 2515 1060 2572 turbari?
1085 2516 1163 2573 Ne
1189 2532 1410 2573 remane
1439 2518 1495 2573 in
1524 2526 1578 2574 te
1612 2517 1754 2587 ipso,
1787 2532 1857 2573 ne
1895 2516 1962 2574 de
1991 2525 2046 2574 te

2150 1971 2316 2029 tinem
2338 1972 2678 2028 discernatur
2705 1984 2890 2037 causa,
2938 1968 3026 2025 fac
3064 1983 3151 2026 me
3194 1982 3501 2040 resurgere,
3529 1976 3601 2024 ut
3647 1968 3740 2022 hoc

2153 2062 2316 2118 modo
2348 2076 2513 2117 causa
2543 2068 2900 2132 cognoscatur
2923 2059 3121 2129 dispar.
3171 2057 3315 2113 Erue
3350 2074 3431 2113 me
3483 2058 3552 2111 de
3598 2065 3739 2129 gente

2150 2168 2257 2208 non
2290 2162 2492 2219 sancta,
2535 2151 2591 2207 id
2629 2160 2734 2219 est,
2787 2152 2853 2207 de
2903 2160 3063 2223 gente
3096 2150 3191 2208 illa
3231 2164 3351 2222 quas
3386 2164 3448 2207 se
3492 2161 3735 2207 sanetam

2148 2243 2312 2313 facit,
2370 2254 2423 2302 et
2474 2260 2585 2303 non
2631 2253 2744 2313 est,
2796 2245 2853 2300 id
2903 2252 3015 2313 est,
3065 2244 3129 2299 ab
3180 2245 3386 2299 homine
3444 2242 3639 2313 iniquo
3693 2248 3737 2295 et

2148 2335 2355 2402 doloso,
2403 2336 2519 2391 haec
2572 2343 2657 2392 est
2701 2350 2834 2407 gens
2887 2349 2995 2391 non
3044 2344 3249 2391 sancta.
3305 2332 3449 2402 Quid
3497 2331 3737 2403 iniquius

2149 2437 2311 2495 quam
2337 2432 2397 2481 ut
2431 2424 2681 2480 infirmus
2711 2425 2925 2481 occidat
2966 2424 3257 2491 medicum,
3304 2435 3497 2480 servus
3552 2421 3734 2478 Domi-

2147 2531 2297 2582 num,
2338 2516 2535 2588 impius
2565 2516 2811 2590 justum?
2856 2517 3074 2574 dolosus
3120 2525 3240 2573 erat
3298 2516 3443 2574 idem
3478 2514 3736 2572 Iudaicus

449 2600 767 2678 prmsumas.
808 2604 1066 2664 Iordanis
1112 2608 1506 2677 interpretatur
1552 2608 1859 2676 descensus,
1916 2607 2044 2679 quia
2144 2609 2409 2681 populus,
2460 2626 2581 2667 cum
2633 2611 2839 2668 diceret
2881 2628 2898 2666 :
2958 2611 3125 2668 Nobis
3182 2626 3286 2667 non
3330 2610 3452 2667 licet
3504 2611 3735 2667 occidere

450 2698 509 2755 in
537 2714 625 2754 me
654 2699 791 2755 nihil
826 2700 933 2755 nisi
966 2700 1255 2757 infirmitas
1280 2702 1335 2757 in
1364 2717 1452 2757 me
1501 2701 1847 2767 humiliabor,
1876 2701 1944 2757 de
1988 2708 2044 2756 te
2135 2715 2457 2771 quemquam
2479 2699 2664 2771 (Joan.
2691 2700 2871 2773 xvm).
2902 2700 3095 2757 Dentes
3139 2711 3315 2757 tamen
3352 2716 3546 2755 eorum
3590 2714 3734 2755 anna

447 2801 792 2859 praesumam.
818 2790 972 2859 Quod
1000 2799 1105 2857 est,
1134 2807 1333 2846 memor
1366 2806 1454 2845 ero
1474 2791 1552 2844 tui
1570 2791 1635 2845 de
1659 2800 1820 2856 terra,
1855 2790 1910 2845 id
1934 2797 2039 2857 est,
2142 2800 2194 2845 et
2214 2793 2441 2862 sagiltw,
2458 2802 2506 2846 et
2527 2790 2723 2862 linguae
2752 2806 2933 2847 eorum
2952 2792 3158 2862 gladius
3180 2801 3364 2847 acutus
3393 2788 3575 2862 (Psal.
3606 2790 3730 2861 va),

448 2880 774 2936 descendam
800 2892 860 2937 ut
887 2881 1104 2947 liberer,
1130 2898 1235 2938 non
1264 2883 1553 2937 ascendam
1584 2896 1653 2936 ne
1684 2881 1870 2938 elidar.
1901 2880 2042 2935 Her-
2144 2896 2268 2939 cum
2295 2883 2539 2937 dicerent
2566 2900 2579 2935 :
2605 2880 2886 2952 Cruciﬁge,
2929 2882 3175 2953 cruciﬁge
3216 2880 3400 2952 (loan.
3431 2880 3577 2951 ιιι).
3616 2879 3731 2935 Ideo

447 2988 591 3036 mon,
616 2973 917 3035 anathema,
946 2988 1076 3044 ergo
1098 2988 1219 3042 quae
1247 2990 1367 3028 mea
1396 2983 1521 3029 sunt
1542 2972 2038 3038 anathematizabo,
2143 2982 2201 3028 tu
2222 2988 2371 3041 erue,
2400 2981 2458 3027 tu
2478 2974 2735 3039 discerne,
2769 2975 2896 3043 quia
2921 2983 2979 3028 tu
3002 2988 3081 3039 es,
3115 2970 3276 3039 Deus,
3307 2971 3572 3042 fortitudo
3601 2986 3730 3035 mea,

446 3074 508 3120 ut
529 3066 864 3134 displicendo
888 3066 1020 3118 mihi
1048 3065 1289 3133 placeam
1319 3064 1415 3118 illi.
1448 3065 1529 3119 Ad
1555 3064 1708 3120 illum
1758 3064 2040 3135 respirabo
2143 3077 2243 3133 per
2265 3077 2426 3131 quem
2446 3078 2548 3133 ego
2575 3070 2631 3120 et
2664 3063 2771 3118 mei
2798 3062 2967 3120 fortes
3002 3076 3209 3129 sumus,
3238 3062 3294 3118 id
3319 3070 3407 3119 est
3430 3103 3446 3129 ,
3471 3072 3727 3119 constan-

449 3154 515 3210 de
534 3165 708 3209 mente
736 3170 904 3225 parvo
929 3162 989 3208 ut
1009 3167 1095 3207 me
1126 3152 1289 3209 faciat
1316 3168 1591 3224 magnum.
1615 3153 1847 3223 Abyssus
1876 3153 2034 3224 abys-
2142 3162 2227 3211 tes
2256 3154 2311 3209 in
2344 3154 2611 3223 passione.
2630 3153 2728 3210 Vel
2750 3167 2851 3225 per
2875 3168 3035 3224 quem
3061 3168 3162 3225 ego
3187 3159 3244 3208 et
3276 3152 3382 3208 mei
3417 3167 3613 3209 sumus
3648 3151 3729 3207 fu-

447 3262 564 3299 sum
587 3248 808 3307 invocat,
844 3245 1061 3315 abyssus
1085 3254 1169 3299 est
1192 3244 1453 3300 immensa
1497 3246 1854 3315 profunditas.
1893 3246 2037 3317 Ergo
2063 3262 2111 3327 ο
2143 3247 2249 3303 turi
2279 3246 2468 3313 fortes,
2499 3246 2716 3318 quando
2745 3247 2948 3302 erimus
2976 3244 3309 3302 immortales
3341 3252 3401 3302 et
3425 3242 3729 3315 impassibi-

444 3336 783 3406 profunditas
811 3338 926 3392 hac
977 3335 1396 3406 profunditatem
1450 3336 1800 3391 intellectoris
1844 3336 2036 3406 exigit,
2144 3335 2223 3393 les
2248 3336 2341 3406 qui
2368 3337 2529 3391 modo
2550 3350 2872 3405 apparemus
2908 3334 3131 3391 debiles.
3168 3333 3238 3390 Et
3258 3334 3383 3404 quia
3405 3343 3465 3387 tu
3488 3350 3547 3388 es
3587 3332 3730 3402 [orti-

446 3434 502 3482 et
539 3428 639 3482 hoc
668 3428 723 3481 in
752 3441 885 3481 voce
915 3426 1349 3497 praedicatorum.
1376 3425 1467 3481 Sic
1483 3427 1627 3482 enim
1636 3426 1816 3495 justus
1830 3425 2038 3495 justum
2146 3429 2276 3484 tudo
2302 3444 2439 3494 mea,
2467 3443 2631 3498 quare
2650 3442 2733 3481 me
2752 3425 3029 3497 repulistil
3061 3426 3116 3482 id
3140 3434 3239 3489 est,
3274 3424 3407 3495 quid
3442 3439 3629 3480 causa
3654 3430 3730 3480 est

446 3516 710 3581 lucratur,
761 3526 815 3573 et
844 3516 923 3571 sic
973 3532 1078 3571 non
1118 3517 1249 3571 mihi
1304 3516 1758 3585 pmsumendum.
1816 3514 2036 3571 Aliter:

445 3606 741 3677 Propterea
771 3608 1195 3662 conturbatusin
1220 3620 1308 3661 me
1332 3607 1401 3659 ad
1423 3613 1475 3661 te
1494 3604 1708 3675 suspiro
1731 3604 1859 3673 quia
1881 3603 2041 3662 audio

445 3697 502 3751 in
534 3712 668 3752 voce
703 3694 1110 3767 Seripturarum
1136 3695 1279 3765 quod
1322 3694 1367 3749 si
1399 3710 1486 3750 me
1521 3709 1666 3749 nunc
1691 3694 1852 3749 habet
1881 3694 2040 3765 abys-

448 3802 542 3844 sus
585 3787 911 3857 iniquitatis,
937 3787 1054 3858 ipsa
1090 3784 1310 3840 vocabit
1353 3784 1536 3849 aliam,
1570 3783 1625 3839 id
1672 3792 1758 3841 est
1803 3784 1871 3839 de
1920 3784 2040 3854 ipsa

449 3879 694 3935 transibo
718 3878 784 3933 ad
824 3877 1068 3948 abyssum
1091 3877 1481 3948 gehennarum.
1506 3872 1724 3929 Iudicia
1749 3883 1843 3927 tua
1885 3873 2039 3944 abys-

448 3984 537 4025 sus
564 3970 732 4023 multa
760 3966 877 4041 (Ps.
919 3968 1107 4038 xxxv),
1151 3966 1277 4036 quia
1317 3975 1371 4021 et
1398 3966 1487 4021 hic
1515 3964 1860 4020 interioribus
1888 3972 2038 4019 tene-

449 4061 564 4116 bris
602 4061 851 4125 damnas,
882 4068 1086 4128 etpost
1133 4058 1529 4125 exterioribus;
1582 4058 1713 4127 quid
1753 4057 1918 4129 ergo?
1960 4058 2040 4114 Ir-

445 4160 702 4221 rumpant
730 4150 784 4205 in
814 4158 868 4204 te
896 4149 1281 4219 suspensiones
1306 4146 1444 4217 ejus,
1473 4146 1529 4201 id
1551 4155 1655 4211 est,
1684 4147 1887 4203 excelsa
1916 4162 2038 4218 qua:

358 4262 361 4263 ν
446 4242 707 4307 minatur,
736 4248 791 4296 et
809 4241 1025 4310 ﬂuctus,
1055 4240 1108 4294 id
1132 4249 1233 4305 est,
1262 4254 1384 4308 quae
1414 4239 1525 4310 jam
1556 4239 1748 4305 sentis,
1781 4238 1868 4294 vel
1894 4239 2037 4295 idem

445 4346 530 4392 est
559 4336 705 4406 quod
733 4336 951 4406 abyssus
978 4335 1223 4404 abyssum
1249 4334 1489 4400 invocat;
1518 4342 1573 4389 et
1602 4333 1732 4403 quid
1773 4333 1841 4388 ad
1883 4332 2039 4389 haec?

444 4424 667 4482 Mandat
716 4427 813 4483 tibi
865 4426 1127 4482 Dominus
1175 4426 1229 4480 in
1281 4426 1559 4497 prosperis
1600 4423 2033 4489 misericordiam;

444 4521 684 4585 attende,
723 4520 853 4574 dum
880 4534 1103 4575 securus
1132 4533 1215 4585 es,
1254 4518 1595 4590 disciplinam
1625 4516 1789 4574 Verbi
1834 4516 1951 4583 Dei,
1982 4526 2037 4574 et

2141 3521 2285 3594 quod
2309 3521 2363 3576 in
2391 3528 2597 3576 tantum
2620 3520 2889 3591 permittis
2918 3516 3080 3591 amigi
3105 3527 3166 3575 ut
3189 3517 3378 3574 videar
3401 3516 3729 3574 derelictas?

2139 3610 2211 3667 Et
2233 3628 2398 3683 quare
2417 3612 2583 3667 tristis
2608 3612 2817 3679 incedo,
2840 3611 2895 3667 id
2923 3620 3026 3678 est,
3052 3609 3180 3681 quid
3209 3609 3444 3675 consilii,
3477 3623 3605 3680 qua
3630 3610 3728 3664 uti-

2136 3702 2266 3761 litas
2287 3705 2431 3775 quod
2457 3704 2630 3760 tristis
2650 3712 2734 3760 est
2779 3704 2960 3766 anima
2991 3716 3115 3757 mea
3141 3713 3313 3773 usque
3358 3698 3429 3757 ad
3457 3699 3727 3769 mortem}

2141 3796 2286 3867 quod
2323 3807 2498 3866 paveo
2526 3801 2585 3851 et
2606 3793 2780 3851 taedeo
2805 3791 3244 3849 transformando
3270 3792 3325 3846 in
3351 3804 3443 3847 me
3471 3800 3726 3862 pavorem

2140 3902 2386 3944 meorum
2408 3926 2423 3953 ,
2463 3888 2627 3941 tristis
2656 3886 2799 3952 dico,
2849 3886 2978 3939 dum
3006 3883 3183 3956 aﬂligit
3221 3900 3303 3939 me
3339 3882 3597 3938 inimicus
3636 3882 3725 3937 Ju-

2140 3976 2327 4034 daicus
2350 3975 2600 4047 populus.
2625 3974 2816 4047 Magna
2839 3975 3071 4030 utilitate
3096 3973 3310 4045 generis
3338 3971 3572 4028 humani
3612 3986 3725 4027 sum

2139 4082 2240 4139 ego
2288 4067 2537 4139 repulsus
2594 4075 2651 4123 et
2696 4067 2825 4121 mei.
2875 4065 2959 4121 Ad
3012 4068 3120 4121 hoc
3156 4065 3363 4120 cwcitas
3409 4064 3633 4133 contigit
3678 4065 3726 4116 in

2140 4158 2334 4225 Israel,
2361 4167 2423 4214 ut
2451 4158 2720 4229 plenitudo
2758 4159 2988 4229 gentium
3031 4162 3253 4211 intraret
3293 4153 3478 4227 (Rom.
3524 4156 3607 4227 xl)
3636 4173 3650 4208 :
3676 4162 3728 4208 ut

2140 4253 2448 4308 mitteretur
2468 4265 2567 4321 per
2615 4258 2788 4307 totum
2833 4250 3095 4305 mundum
3120 4249 3275 4318 quasi
3304 4248 3587 4305 exercitus
3610 4261 3726 4301 vero

2138 4344 2269 4399 bum
2309 4343 2423 4399 Dei.
2472 4343 2615 4415 Ergo
2650 4343 2779 4413 quia
2830 4339 3003 4397 Judaei
3045 4338 3377 4410 repulerunt,
3406 4338 3593 4394 emitte
3644 4352 3725 4392 me

2138 4432 2306 4488 lucem
2332 4440 2478 4487 tuam
2500 4433 2565 4488 de
2584 4446 2750 4487 cavea
2771 4429 3077 4489 Judaeorum
3106 4431 3161 4487 in
3183 4429 3431 4487 notitiam
3460 4429 3721 4502 gentium,

2140 4524 2332 4591 lucem,
2380 4524 2433 4579 id
2462 4530 2545 4579 est
2588 4522 2928 4577 divinitatem
2980 4536 3103 4592 qum
3152 4520 3425 4576 illuminat
3474 4520 3723 4576 tenebras

444 4612 699 4670 liberabit
725 4622 811 4679 te;
848 4613 991 4682 quod
1013 4626 1120 4669 non
1150 4611 1362 4683 patebit
1386 4612 1495 4667 nisi
1517 4612 1573 4668 in
1605 4610 1866 4667 adversis.
1903 4609 2035 4669 Pro-
2058 4613 2114 4677 Ι)
2139 4616 2336 4673 cordis.
2371 4614 2441 4669 Et
2479 4615 2743 4671 veritatem
2784 4622 2956 4679 suam,
2986 4614 3041 4668 id
3067 4621 3170 4679 est,
3220 4619 3490 4683 praecepta
3522 4618 3619 4668 tua
3672 4611 3723 4663 in

441 4717 633 4779 pterea
670 4707 809 4779 apud
841 4722 923 4761 me
950 4708 1140 4773 oratio,
1170 4707 1365 4762 Judica
1392 4722 1494 4773 me,
1521 4706 1661 4762 Deus
1711 4715 1816 4763 etc.

985 4798 1307 4857 PSALMUS
1340 4799 1498 4855 XLII.

1024 4906 1254 4946 PSALHUS
1280 4906 1459 4946 DAVID.

523 5005 542 5039 ‹
588 4982 775 5040 Indica
804 4998 908 5047 me,
942 4983 1106 5050 Deus,
1140 4992 1197 5039 et
1221 4984 1708 5042 discernecausam
1749 5000 1924 5043 meam
1966 4988 2035 5043 de

450 5094 472 5130 ι
518 5082 677 5148 gente
708 5090 813 5129 non
861 5082 1090 5130 sancta:
1143 5075 1211 5129 ab
1246 5075 1467 5131 homine
1513 5076 1697 5144 iniquo
1743 5083 1801 5130 et
1846 5074 2034 5132 doloso

451 5187 472 5222 ς
518 5184 647 5224 erue
677 5183 782 5224 me.
830 5166 1065 5234 Quia'tu
1105 5182 1166 5223 es
1207 5167 1348 5224 Deus
1385 5168 1644 5224 fortitudo
1686 5183 1828 5235 mea,
1866 5182 2036 5240 quare

449 5278 470 5313 ι
516 5274 605 5315 me
632 5257 915 5331 repulisti?
971 5266 1025 5315 et
1050 5273 1219 5328 quare
1245 5260 1417 5315 tristis
1448 5259 1660 5324 incedo,
1697 5257 1824 5314 dum
1849 5257 2036 5330 afﬂigit

449 5366 469 5400 ι
519 5363 608 5405 me
647 5348 936 5405 inimicus?
979 5348 1181 5406 Emitte
1222 5351 1399 5408 lucem
1442 5358 1587 5406 tuam
1640 5356 1694 5404 et
1748 5352 2034 5408 veritatem

449 5458 471 5493 ι
517 5448 694 5497 tuam:
750 5444 866 5494 insa
915 5458 993 5475 τυ-
1065 5442 1081 5458 ‘
1136 5444 1150 5454 ‘
1280 5459 1287 5461 λ
1372 5450 1385 5458 ‘
1518 5451 1521 5453 ·
1981 5444 1993 5450 ’

2138 4706 2390 4762 omnibus
2417 4718 2567 4762 vera.
2596 4704 2664 4761 Et
2691 4716 2882 4762 revera
2910 4705 3127 4770 educes,
3150 4703 3276 4773 quia
3298 4703 3436 4773 ipsa,
3468 4716 3579 4759 non
3606 4700 3722 4756 dico

2140 4799 2423 4864 deducent,
2457 4799 2553 4855 sed
2583 4797 2700 4865 jam
2726 4796 3053 4853 deduxerunt
3079 4794 3160 4850 sic
3185 4802 3392 4851 certum
3419 4801 3524 4859 est,
3568 4788 3719 4861 quasi

2132 4887 2248 4958 jam
2296 4890 2367 4944 sit
2403 4889 2758 4958 prmteritum.
2810 4885 2957 4957 Ipsa,
2984 4886 3039 4941 id
3090 4894 3175 4940 est
3221 4883 3313 4939 lux
3359 4892 3472 4949 tua,
3517 4882 3720 4939 scilicet

2139 4980 2436 5038 divinitatis
2469 4991 2573 5037 tua:
2618 4980 2881 5052 potentia,
2927 4986 2983 5035 et
3021 4978 3274 5034 mandata
3310 4985 3401 5032 tua
3424 4990 3551 5032 vera
3576 5016 3590 5041 ,
3634 4977 3719 5029 de-

2139 5074 2401 5129 duxerunt
2423 5089 2505 5129 me
2526 5073 2797 5129 hominem
2827 5072 2894 5127 de
2916 5069 3138 5127 Iudaico
3164 5067 3382 5140 populo,
3415 5078 3462 5123 et
3486 5068 3721 5122 adduxe-

2138 5171 2259 5217 runt
2288 5163 2344 5218 in
2369 5174 2595 5219 montem
2644 5170 2884 5219 sanctum
2918 5170 3066 5215 tuum
3087 5200 3101 5225 ,
3155 5159 3363 5217 scilicet
3392 5158 3720 5216 constituen—

2139 5256 2290 5322 dum,
2313 5256 2368 5312 id
2394 5264 2478 5314 est
2523 5255 2818 5313 Ecclesiam
2845 5263 2993 5310 tuam
3028 5251 3321 5308 virtutibus
3351 5249 3717 5315 sublimatum,

2137 5356 2201 5405 ut
2229 5362 2299 5403 ex
2341 5356 2571 5419 utroque
2618 5348 2826 5418 pariete
2882 5345 2976 5403 fiat
3024 5359 3194 5401 unum
3239 5342 3529 5415 templum;
3575 5351 3626 5396 et
3664 5341 3719 5393 in

3591 5450 3640 5458 η,
3649 5432 3695 5462 Ι...
