3930 5494
64 552 132 773 ’ἲ

147 463 269 521 569

1302 457 1839 518 ENARRATIONES
1878 462 1945 518 lN
1982 444 2321 520 PSALMOS.

3319 462 3426 518 37o

147 585 288 650 post
326 575 611 633 victoriam
639 574 905 646 quiescas.
930 574 1117 631 Potest
1144 581 1200 631 et
1224 575 1303 631 sic
1330 576 1469 646 legi:
1505 573 1744 631 Verbum
1772 578 1825 638 Α
1855 594 1873 626 ‹
1918 589 2047 632 oves
2075 592 2343 642 escarum,
2370 587 2426 633 et
2455 578 2507 632 in
2531 578 2780 649 gentibus
2804 580 3101 650 dispersisti
3134 596 3249 636 nos.
3279 582 3428 637 Ven-

148 681 317 727 tuum
350 670 444 725 lux
472 678 586 736 tua,
612 670 814 724 veritas
865 678 957 724 tua
1004 670 1360 739 personaliter
1395 669 1525 725 mihi
1571 670 1744 736 unita,

118 761 218 817 "ut
253 777 324 817 ex
372 763 543 832 ipsius
589 761 854 816 Dominici
906 762 1141 817 hominis
1198 776 1431 831 persona
1488 761 1742 830 accipias,

148 856 421 913 idoneum
452 871 539 911 me
581 854 781 911 facient
812 868 909 925 per
937 855 1326 924 experientiam
1360 852 1627 925 passionis
1664 854 1745 909 in-

147 948 379 1004 troduci
428 962 527 1019 per
578 947 802 1019 gloriam
840 947 1256 1003 resurrectionis
1306 946 1361 1000 in
1403 944 1592 999 intima
1638 958 1747 1001 cce-

148 1040 363 1108 lorum,
394 1050 451 1097 et
478 1040 603 1095 inde
631 1040 797 1095 misso
826 1038 1031 1110 Spiritu
1075 1041 1129 1093 in
1174 1036 1533 1103 tabernacula,
1565 1037 1619 1093 id
1663 1044 1747 1092 est

150 1130 463 1189 Ecclesiam
512 1130 882 1200 temporaliter
916 1130 1255 1185 militantem.
1289 1128 1357 1184 Et
1397 1129 1539 1200 quod
1568 1128 1747 1199 sequi~

150 1231 266 1288 tur,
295 1222 545 1288 introibo,
572 1223 815 1293 priorum
841 1224 911 1277 sit
932 1222 1255 1292 persecutio.
1290 1220 1397 1277 Sed
1430 1222 1746 1291 priusquam

148 1311 425 1379 deducat,
465 1312 689 1367 introibo
732 1312 801 1367 ad
847 1315 1016 1367 altare
1064 1312 1162 1367 Dei
1210 1328 1309 1383 per
1344 1312 1743 1367 ascensionem.

149 1400 313 1469 Quod
339 1410 427 1458 est
450 1401 582 1457 illud
609 1401 816 1457 altare?
841 1402 911 1457 ad
938 1402 1127 1467 Deum,
1154 1403 1207 1458 id
1233 1411 1321 1458 est
1353 1403 1590 1457 divinam
1614 1416 1745 1455 con-

148 1497 589 1567 templationem,
614 1497 704 1568 qui
735 1496 877 1553 Deus
920 1496 1155 1565 lwtiﬁcat
1187 1496 1511 1567 juvenlutem
1554 1511 1746 1559 meam,

148 1588 204 1644 id
245 1597 356 1656 est,
382 1604 469 1644 me
520 1589 834 1644 innovatum
872 1596 929 1643 et
958 1603 1124 1643 meos.
1174 1587 1265 1642 llle
1294 1586 1533 1641 ludiﬁcat
1559 1584 1749 1653 juven-

147 1688 333 1735 tutem
408 1696 586 1736 meam
649 1682 741 1751 qui
805 1680 956 1751 prius
1022 1680 1365 1735 contristavit
1422 1687 1747 1734 vetustatem

145 1787 357 1828 meam.
390 1771 562 1828 Aliter
610 1791 623 1827 :
676 1782 731 1827 et
776 1783 899 1843 post
948 1771 1353 1827 tabernaculum
1397 1772 1747 1826 constitutum

146 1862 461 1919 iutroibunt
493 1863 597 1918 mei
633 1864 702 1917 ad
738 1862 908 1917 altare
960 1863 1081 1927 Dei,
1128 1864 1182 1918 id
1212 1872 1314 1929 est,
1344 1864 1413 1916 ad
1457 1863 1745 1917 Videndum

1854 688 1872 722 α
1917 670 2097 725 didisti
2122 672 2375 740 populum
2407 646 2555 726 tuum
2578 673 2693 727 sine
2719 646 2911 742 pretio,
2943 682 2995 727 et
3024 690 3127 727 non
3158 672 3255 727 fuit
3292 646 3450 728 ῐηῐιι-ἦ

1854 777 1872 812 ι
1919 760 2090 815 titudo
2130 761 2184 815 in
2232 762 2743 817 commutationibus
2790 778 2999 817 eorum.
3052 763 3284 819 Posuisti
3330 780 3429 821 nos

1851 868 1873 904 ι
1912 852 2259 922 opprobrium
2283 853 2475 908 vicinis
2502 854 2720 917 nostris,
2749 854 3226 909 subsannationem
3255 864 3310 909 et
3333 855 3428 910 de-

1854 960 1874 997 ι
1920 944 2087 1001 risum
2114 945 2197 1000 his
2226 946 2317 1015 qui
2346 954 2472 1001 sunt
2500 946 2555 1001 in
2578 947 2804 1001 circuitu
2828 956 3032 1003 nostro.
3068 948 3299 1003 Posuisti
3332 964 3431 1004 nos

1853 1050 1871 1085 ι
1914 1035 1969 1089 in
2009 1035 2414 1091 similitudinem
2462 1037 2739 1109 gentibus,
2774 1039 3190 1094 commotionem
3238 1038 3434 1111 capitis

1854 1142 1873 1178 ‹
1917 1127 1972 1181 in
2006 1128 2231 1198 populis.
2268 1126 2401 1183 Tota
2451 1130 2537 1185 die
2579 1132 2901 1186 verecundia
2954 1147 3071 1186 mea
3109 1140 3298 1186 contra
3346 1146 3433 1187 me

1853 1235 1874 1270 ι
1917 1226 2021 1285 est,
2051 1229 2107 1274 et
2136 1218 2378 1276 confusio
2410 1219 2564 1276 faciei
2605 1238 2737 1278 meae
2780 1224 3060 1294 cooperuit
3090 1239 3196 1279 me.
3227 1224 3270 1279 A
3300 1239 3435 1280 voce

1854 1326 1875 1362 ‹
1919 1311 2296 1380 exprobrantis
2340 1320 2396 1367 et
2436 1313 2811 1383 obloquentis,
2856 1331 2885 1369 a
2939 1314 3076 1371 facie
3124 1316 3328 1372 inimici
3379 1324 3435 1372 et

1854 1419 1875 1454 ε
1920 1403 2312 1473 persequentis.
2342 1405 2470 1459 Ilaec
2494 1406 2677 1460 omnia
2704 1417 2970 1462 venerunt
2990 1423 3155 1478 super
3182 1424 3301 1473 nos,
3334 1424 3435 1463 nec

1855 1510 1875 1544 ι
1918 1493 2069 1550 obliti
2111 1511 2297 1551 sumus
2330 1505 2416 1561 te,
2459 1504 2516 1552 et
2553 1498 2737 1568 inique
2780 1513 2887 1554 non
2931 1499 3140 1568 egimus
3170 1499 3223 1554 in
3270 1510 3436 1555 testa-

1855 1604 1875 1639 ι
1918 1597 2099 1643 mento
2129 1597 2238 1644 tuo.
2265 1589 2333 1643 Et
2361 1605 2466 1643 non
2512 1590 2737 1645 recessit
2760 1600 2909 1649 retro
2948 1606 3041 1647 cor
3079 1600 3347 1655 nostrum,
3382 1601 3439 1647 et

1855 1696 1874 1729 ι
1921 1677 2203 1733 declinasti
2231 1680 2452 1733 semitas
2482 1690 2696 1757 nostras
2731 1696 2761 1734 a
2782 1681 2868 1735 via
2896 1691 3006 1735 tua.
3035 1681 3299 1748 Quoniam
3336 1682 3435 1735 hu-

1856 1784 1876 1820 ‹
1921 1768 2137 1824 miliasti
2186 1784 2285 1825 nos
2320 1770 2371 1824 in
2404 1770 2523 1826 loco
2558 1772 2894 1839 aiilictionis,
2936 1782 2992 1828 et
3036 1774 3439 1843 cooperuitnos

1856 1880 1876 1914 ι
1921 1863 2114 1918 umbra
2142 1863 2352 1919 mortis.
2401 1864 2458 1920 Si
2484 1864 2634 1920 obliti
2678 1882 2864 1921 sumus
2893 1881 3086 1921 nomen
3121 1866 3212 1920 Dei
3241 1867 3435 1932 nostri,

147 1951 498 2008 altitudinem
528 1953 647 2008 Dei.
684 1951 873 2011 Bene:
910 1953 1171 2018 introiba,
1226 1954 1351 2023 quia
1405 1953 1565 2007 modo
1613 1950 1744 2007 foris
1774 1943 1818 2003 B
1852 1972 1871 2005 ‹
1918 1961 1973 2007 et
2017 1953 2064 2008 si
2092 1955 2446 2023 expandimus
2495 1971 2684 2011 manus
2728 1966 2942 2012 nostras
2989 1958 3054 2012 ad
3090 1957 3256 2012 Deum
3308 1959 3442 2012 alie-

145 2059 346 2102 sumus
374 2046 430 2100 in
470 2046 919 2117 peregrinatione.
951 2047 1032 2101 Ad
1082 2046 1207 2100 illud
1241 2046 1408 2099 altare
1460 2045 1549 2101 ille
1600 2044 1747 2104 solus

147 2137 370 2194 accedit
397 2139 488 2207 qui
520 2138 585 2193 ad
616 2138 760 2194 istud
786 2152 1012 2194 securus
1061 2137 1297 2203 accedit;
1353 2137 1461 2191 illic
1510 2137 1746 2193 inveniet

145 2231 324 2286 vitam
380 2244 536 2287 suam
594 2233 687 2303 qui
744 2232 798 2287 in
845 2233 949 2287 isto
992 2232 1253 2287 discernit
1291 2246 1513 2286 causam
1545 2244 1742 2284 suam:

148 2323 317 2393 quale
358 2323 449 2379 hic
501 2323 870 2381 sacriﬁcium?
913 2325 1162 2395 ipsequi
1224 2324 1389 2377 intrat
1442 2329 1748 2378 assumetur

148 2415 206 2469 in
242 2414 640 2470 holocaustum.
675 2413 781 2470 Sed
826 2416 1064 2478 interim,
1098 2416 1223 2469 dum
1269 2413 1394 2468 illuc
1428 2413 1611 2479 tendo,
1640 2428 1747 2469 non

147 2520 251 2560 ero
293 2505 521 2561 otiosus.
563 2505 861 2574 Conﬁtebor
902 2505 992 2559 tibi
1039 2506 1093 2559 in
1138 2505 1342 2559 cithara
1370 2546 1384 2570 ,
1434 2520 1535 2575 ego
1562 2512 1746 2573 caput,

150 2606 208 2653 et
234 2598 480 2653 membra
506 2599 559 2653 in
588 2613 695 2665 me,
722 2598 1049 2668 experiendo
1075 2599 1383 2669 passionem
1410 2606 1467 2654 et
1491 2606 1743 2653 mortem.

148 2690 212 2746 In
256 2692 416 2758 meis,
451 2690 827 2747 mortiﬁcando
863 2692 1103 2746 membra
1130 2706 1251 2762 qua:
1291 2700 1417 2747 sunt
1449 2707 1612 2762 super
1642 2699 1749 2746 ter-

153 2796 294 2846 ram,
328 2796 391 2837 ac
425 2783 493 2838 de
536 2780 881 2836 inferioribus
927 2782 1308 2847 ministrando,
1353 2791 1413 2836 ut
1462 2782 1747 2838 reddanta

152 2889 255 2928 suo
311 2874 559 2929 inferiori
595 2875 748 2930 dulce
790 2874 959 2930 melos
990 2873 1124 2931 Deo.
1160 2875 1227 2930 Et
1265 2876 1459 2931 merito
1482 2915 1498 2942 ,
1531 2875 1661 2947 quia
1691 2884 1749 2931 tu

152 2964 301 3019 Deus
344 2966 646 3031 creatione,
673 2983 815 3022 meus
846 2966 1107 3036 singulari
1137 2966 1330 3037 gratia,
1382 2980 1627 3023 meorum
1657 2981 1744 3022 re-

153 3057 461 3123 creatione,
492 3058 585 3127 qui
633 3073 721 3113 me
758 3058 1052 3113 immunem
1102 3059 1237 3113 facis
1270 3072 1301 3112 a
1336 3065 1566 3129 peccato
1590 3098 1606 3125 ,
1655 3057 1748 3128 qui

152 3161 313 3203 meos
364 3147 439 3203 ita
480 3147 709 3205 effecisti
763 3156 824 3203 ut
872 3147 1047 3203 nolint
1106 3148 1436 3205 conformari
1490 3149 1747 3205 vetustati

154 3239 312 3304 Adae,
344 3240 439 3294 sed
484 3240 636 3308 sequi
685 3239 1014 3295 voluntatem
1056 3249 1224 3297 tuam.
1249 3240 1317 3296 Et
1343 3241 1597 3311 quoniam
1628 3240 1746 3297 haec

157 3332 345 3387 omnia
389 3334 672 3388 commoda
719 3333 899 3388 futura
949 3343 1076 3390 sunt
1125 3350 1191 3391 ex
1250 3350 1370 3389 mea
1423 3335 1747 3402 afﬂictione,

153 3441 321 3495 quare
349 3426 516 3480 tristis
546 3442 601 3480 es
641 3426 819 3480 anima
844 3427 997 3481 mea?
1028 3436 1077 3481 et
1108 3443 1270 3498 quare
1314 3426 1592 3482 conturbas
1630 3424 1752 3483 me.’

154 3526 215 3571 ut
248 3534 439 3589 supra,
472 3508 581 3574 non
607 3534 674 3575 ex
708 3522 1051 3585 necessitate,
1088 3521 1183 3577 sed
1220 3536 1288 3576 ex
1318 3523 1534 3592 propria
1560 3521 1748 3578 volun-

153 3618 288 3665 tate.
338 3609 407 3665 Et
452 3612 581 3681 quia
627 3626 733 3667 non
785 3625 852 3667 ex
908 3612 1251 3678 necessitate,
1302 3628 1457 3682 spera
1502 3613 1559 3666 in
1602 3612 1745 3681 Deo,

152 3700 413 3769 quoniam
459 3701 631 3754 adhuc
660 3700 1078 3771 conﬁteborilli,
1115 3702 1167 3758 id
1208 3711 1291 3757 est
1344 3702 1750 3760 confitebuntur

155 3789 263 3844 mei
292 3789 364 3844 ad
394 3791 656 3846 honorem
685 3791 847 3848 illius.
883 3791 1132 3848 Salutare
1179 3794 1352 3849 vultus
1378 3797 1501 3862 mei,
1533 3807 1580 3850 et
1606 3795 1747 3852 Deus

154 3897 328 3946 meus,
360 3883 413 3937 id
433 3892 537 3951 est,
563 3883 812 3942 Salvator
834 3894 917 3942 est
941 3887 1180 3945 existens
1210 3888 1385 3944 vultus
1412 3889 1532 3955 mei,
1584 3890 1640 3946 id
1666 3898 1749 3947 est

156 3970 329 4027 homo
355 3982 415 4028 et
445 3973 609 4032 Deus.

683 4067 1003 4126 PSALMUS
1040 4069 1222 4126 XLIII.

377 4171 433 4210 ΙΝ
469 4172 627 4213 FINEI
666 4174 823 4215 FlLllS
858 4174 994 4216 CORE
1028 4178 1096 4215 ΑΙ)
1142 4176 1534 4217 ιΝτειιεοτυΜ.
1628 4223 1644 4240 .

232 4264 253 4297 ε
300 4247 467 4311 Deus,
496 4249 720 4307 auribus
748 4251 950 4308 nostris
996 4252 1317 4321 audivimus,
1349 4260 1533 4324 patres
1576 4256 1749 4310 nostri

160 4359 179 4392 ι
227 4341 694 4399 annuntiaverunt
740 4344 898 4401 nobis
942 4358 1078 4415 opus
1124 4345 1267 4415 quod
1309 4354 1565 4416 operatus
1596 4360 1656 4402 es
1693 4347 1747 4403 in

159 4450 177 4484 ι
224 4431 422 4490 diebus
464 4449 650 4493 eorum
701 4448 756 4493 et
804 4437 860 4492 in
902 4437 1090 4494 diebus
1121 4437 1376 4509 antiquis.
1420 4438 1614 4497 Manus
1658 4446 1750 4495 tua

157 4543 177 4576 ι
226 4535 424 4596 gentes
450 4527 767 4599 disperdidit
808 4536 863 4583 et
907 4528 1163 4600 plantasti
1208 4542 1342 4584 eos:
1376 4526 1609 4586 aﬁlixisti
1654 4546 1747 4602 po-

1854 2063 1873 2095 ι
1916 2059 2067 2100 num.
2113 2044 2299 2099 Nonne
2341 2044 2483 2101 Deus
2513 2047 2752 2116 requiret
2796 2049 2934 2103 ista?
2972 2048 3088 2118 ipse
3114 2050 3258 2103 enim
3286 2050 3439 2104 novit

1853 2154 1873 2188 ι
1917 2136 2229 2192 abscondita
2261 2137 2458 2193 cordis.
2487 2136 2752 2206 Quoniam
2797 2148 3018 2209 propter
3064 2147 3115 2194 te
3146 2140 3438 2195 mortifica-

1855 2247 1874 2282 ι
1920 2246 2044 2285 mur
2072 2238 2181 2285 tota
2212 2230 2319 2296 die,
2350 2232 2601 2286 aestimati
2632 2248 2819 2287 sumus
2852 2226 2992 2288 sicut
3036 2246 3169 2287 oves
3211 2232 3439 2287 occisio-

1855 2337 1874 2371 ι
1917 2320 2020 2378 nis.
2066 2319 2332 2391 Exsurge,
2366 2335 2534 2392 quare
2555 2322 2855 2387 obdormis,
2889 2319 3153 2377 Domine?
3184 2336 3439 2394 exsurge,

1855 2430 1874 2463 ι
1916 2421 1971 2467 et
2000 2428 2066 2467 ne
2094 2412 2326 2483 repellas
2354 2413 2407 2468 in
2440 2412 2622 2467 linem.
2654 2413 2834 2481 Quare
2877 2414 3068 2469 faciem
3103 2424 3247 2469 tuam
3286 2428 3443 2468 aver-

1854 2524 1875 2558 ‹
1921 2506 2033 2562 tis?
2081 2506 2419 2561 Oblivisceris
2466 2506 2660 2576 inopiae
2722 2514 2924 2563 nostrae
2974 2516 3028 2562 et
3076 2507 3440 2563 tribulationis

1856 2614 1875 2649 ι
1922 2599 2158 2652 nostrae?
2190 2595 2452 2665 Quoniam
2503 2598 2780 2653 humiliata
2810 2606 2895 2654 est
2921 2599 2974 2655 in
3006 2597 3229 2671 pulvere
3256 2599 3438 2657 anima

1856 2708 1874 2741 ‹
1917 2696 2126 2754 nostra,
2165 2689 2564 2760 conglutinatus
2593 2698 2678 2746 est
2725 2691 2955 2747 interra
3002 2700 3191 2747 venter
3232 2698 3441 2746 noster.

1855 2799 1876 2833 ‹
1920 2779 2185 2849 Exsurge,
2210 2781 2457 2847 Domine,
2485 2778 2681 2853 adjuva
2707 2797 2830 2851 nos,
2857 2793 2913 2841 et
2938 2782 3147 2840 redime
3187 2797 3289 2841 nos
3315 2798 3440 2854 pro-

1856 2890 1875 2923 ι
1920 2880 2040 2944 pter
2059 2885 2256 2928 nomen
2278 2880 2451 2929 tuum.
2486 2893 2505 2925 ο

2422 2960 2876 3022 ENARRATIO.

1920 3056 2021 3113 Hic
2062 3056 2332 3128 psalmus,
2362 3056 2415 3112 id
2440 3064 2554 3123 est,
2578 3058 2722 3114 bona
2749 3058 2995 3130 operatio
3042 3054 3202 3128 hujus
3244 3056 3438 3129 psalmi

1850 3151 2152 3224 perducens
2190 3148 2244 3206 in
2272 3151 2432 3206 linem
2455 3190 2471 3217 ,
2500 3150 2558 3207 id
2594 3158 2708 3218 est,
2738 3152 3286 3217 consummationem,
3316 3165 3443 3221 pro.

1814 3266 1819 3314 μ
1850 3243 2059 3314 positus
2086 3252 2170 3296 est
2209 3256 2241 3297 a
2275 3241 2399 3297 ﬁliis
2420 3239 2582 3307 Core,
2619 3242 2673 3297 id
2702 3250 2805 3308 est,
2837 3243 3200 3298 imitatoribus
3234 3242 3442 3311 passio.

1852 3333 1936 3389 nis
1964 3331 2190 3397 Christi,
2215 3330 2331 3387 aliis
2355 3331 2655 3388 minoribus
2677 3332 2800 3388 filiis
2832 3332 2970 3389 Core
3006 3333 3075 3387 ad
3107 3331 3439 3388 intellectum

1850 3424 2015 3489 hunc,
2043 3423 2250 3479 scilicet
2278 3432 2336 3477 ut
2363 3423 2695 3495 intelligant,
2722 3440 2845 3480 cum
2894 3424 3037 3480 Deus
3068 3418 3184 3479 haec
3233 3432 3441 3493 tempo-

1848 3513 1985 3569 ralia
2012 3512 2297 3577 subtrahit,
2331 3527 2432 3569 nec
2472 3528 2686 3585 semper
2727 3520 2948 3585 praestat
2972 3511 3116 3584 quod
3139 3520 3346 3583 petunt,
3382 3520 3441 3567 et

1850 3620 1992 3677 saepe
2038 3605 2229 3661 miscet
2272 3605 2444 3660 dulcia
2478 3605 2700 3672 amaris,
2743 3606 2811 3660 ad
2854 3605 3143 3661 utilitatem
3191 3619 3438 3660 meorum

1847 3695 1965 3752 haec
2010 3696 2147 3752 fleri.
2190 3695 2444 3753 Violentes
2489 3696 2672 3768 itaque
2697 3697 2799 3754 hoc
2841 3696 3121 3753 consilium
3156 3695 3255 3754 Dei
3286 3694 3439 3751 infir-

1850 3789 2111 3845 mioribus
2160 3788 2407 3860 aperire,
2457 3802 2525 3844 ne
2577 3788 2635 3843 in
2675 3787 2871 3844 talibus
2915 3790 3227 3853 tabescant,
3260 3786 3440 3843 sancti

1848 3891 2119 3953 martyres
2144 3887 2393 3950 quaerunt
2438 3878 2507 3934 ab
2542 3880 2662 3951 ipso
2693 3878 2804 3936 Deo
2835 3879 2963 3953 quid
3009 3895 3189 3936 causae
3215 3879 3318 3946 sit,
3352 3889 3434 3944 ut,

1850 3983 1973 4024 cum
2004 3977 2183 4039 patres
2210 3977 2427 4026 nostros
2454 3968 2592 4027 filios
2617 3969 2785 4027 lsrael
2808 3969 3163 4042 praesentibus
3180 3969 3408 4027 'eonsola

1850 4059 2086 4115 tionibus
2112 4059 2408 4130 expleverit
2434 4067 2493 4115 et
2535 4062 2588 4115 in
2619 4060 2801 4116 futuro
2830 4075 3017 4118 eorum
3042 4069 3290 4130 posteros
3320 4060 3406 4115 evi

1850 4152 2041 4209 denter
2082 4151 2365 4220 liberabit,
2410 4154 2570 4210 modo
2619 4168 2680 4210 se
2735 4152 2803 4208 ab
2853 4152 3095 4210 Ecclesia
3138 4169 3232 4208 sua
3281 4167 3415 4223 quas

1851 4245 2121 4301 subtrahit
2138 4256 2195 4300 ut
2219 4246 2405 4302 multis
2426 4247 2694 4317 pressaris
2718 4249 3017 4319 subjaceat,
3043 4256 3098 4301 et
3118 4246 3197 4301 sic
3218 4246 3419 4301 tanden

1852 4336 2064 4406 aperuit
2104 4337 2391 4394 consilium
2422 4338 2547 4403 Dei,
2591 4339 2697 4394 hoc
2735 4339 2941 4393 scilicet
2977 4346 3037 4393 ut
3083 4336 3325 4392 retrahat
3367 4335 3432 4390 ab

1852 4443 2035 4484 amore
2062 4429 2242 4485 saeculi
2280 4429 2421 4484 male
2445 4428 2638 4496 dulcis,
2675 4437 2731 4484 et
2760 4430 2949 4485 doceat
2979 4443 3165 4483 amare
3193 4427 3437 4483 coelestia

1851 4529 1905 4576 et
1933 4532 2133 4578 aeterna
2180 4537 2299 4592 quae
2338 4524 2419 4578 eis
2460 4521 2829 4577 laborantibus
2858 4531 2983 4577 sunt
3028 4519 3311 4592 promissa.
3337 4517 3436 4575 Vel

156 4635 177 4668 ι
224 4616 385 4686 pulos
411 4626 466 4674 et
492 4618 742 4690 expulisti
770 4635 880 4677 eos.
905 4619 1020 4675 Nec
1043 4620 1189 4675 enim
1219 4620 1273 4675 in
1298 4620 1475 4691 gladio
1498 4638 1594 4678 suo
1622 4638 1745 4693 ρος-
1770 4653 1825 4713 D
1852 4614 2151 4686 intelligant
2176 4614 2266 4669 illa
2295 4629 2416 4684 quae
2452 4611 2804 4669 historialiter
2838 4613 2978 4683 apud
3018 4612 3228 4683 priores
3253 4618 3437 4680 patres

158 4722 177 4757 ι
225 4707 488 4763 sederunt
518 4717 748 4775 terram,
778 4718 833 4766 et
857 4711 1138 4767 brachium
1163 4726 1350 4767 eorum
1379 4727 1486 4769 non
1519 4714 1745 4771 salvavit

158 4813 178 4847 ι
222 4810 345 4850 eos.
376 4794 480 4854 Sed
502 4798 727 4856 dextera
764 4809 872 4865 tua,
900 4808 956 4855 et
976 4800 1259 4858 brachium
1291 4811 1439 4857 tuum
1466 4811 1522 4858 et
1550 4801 1778 4859 illumi-'

158 4904 180 4939 ι
226 4888 383 4943 natio
404 4888 582 4946 vultus
613 4889 718 4954 tui,
752 4891 1006 4961 quoniam
1048 4892 1499 4963 complacuisti-in
1525 4894 1623 4950 eis.
1663 4895 1744 4952 Tu

158 4998 179 5032 ι
227 4994 290 5035 es
325 4979 438 5048 ipse
466 4995 560 5037 rex
605 4996 758 5038 meus
802 4990 859 5041 et
900 4982 1045 5039 Deus
1072 5000 1255 5051 meus,
1280 4984 1372 5057 qui
1400 4988 1622 5042 mandas
1653 5004 1742 5044 sa-

159 5087 180 5121 ι
229 5067 373 5125 lutes
415 5068 601 5128 Jacob.
647 5070 705 5126 In
738 5080 788 5128 te
828 5072 1076 5129 inimicos
1106 5083 1320 5134 nostros
1366 5076 1743 5138 ventilabimus

160 5176 181 5212 ι
226 5173 421 5226 cornu,
448 5171 503 5219 et
525 5163 581 5218 in
622 5164 840 5220 nomine
867 5172 960 5219 tuo
984 5179 1297 5235 spernemus
1323 5170 1659 5242 insurgentes
1688 5176 1742 5229 in

158 5269 181 5303 ι
223 5250 406 5307 nobis.
438 5250 552 5308 Non
592 5255 737 5310 enim
774 5256 829 5311 in
864 5270 994 5309 arcu
1028 5272 1147 5313 meo
1178 5259 1424 5329 sperabo,
1456 5267 1508 5314 et
1536 5260 1743 5331 gladius

158 5362 179 5395 ι
227 5358 387 5400 meus
423 5359 528 5401 non
555 5347 781 5404 salvabit
807 5361 914 5401 me.
947 5343 1176 5404 Salvasti
1208 5351 1350 5394 enim
1386 5368 1428 5378 π

158 5453 181 5480 ϐ
228 5437 481 5486 verum.“
524 5453 619 5474 νυν,
700 5451 747 5466 ρ,
837 5441 868 5446 η

1852 4704 1992 4759 facta
2039 4713 2184 4770 sunt,
2216 4704 2268 4758 id
2296 4712 2399 4769 est,
2438 4704 2719 4759 victoriam
2764 4704 2829 4758 de
2856 4703 3103 4760 hostibus
3129 4700 3438 4773 significare

1850 4794 2011 4850 istam
2038 4793 2333 4862 spiritalem
2355 4793 2637 4848 victoriam
2675 4794 2742 4849 de
2763 4793 2912 4847 vitiis
2941 4808 3060 4863 quas
3082 4807 3211 4847 vere
3236 4792 3416 4863 agitur

1848 4894 1909 4941 ut
1930 4886 2032 4940 hoc
2062 4884 2417 4958 inteUigentes
2450 4886 2623 4957 magis
2649 4886 2930 4960 magisque
2959 4884 3283 4942 mortificent
3308 4884 3408 4940 γει-ἰ

1847 4977 1901 5032 in
1939 4991 2017 5032 se.
3333 5046 3365 5052 __

1922 5068 2087 5136 Deus,
2116 5070 2329 5125 auribus
2357 5070 2547 5125 nostris
2578 5073 2898 5137 audivimus,
2926 5064 3140 5124 auribus
3165 5062 3418 5123 audiendi

1852 5163 1905 5218 id
1934 5172 2041 5231 est,
2090 5164 2365 5222 intellectu
2406 5168 2779 5236 cognovimus.
2831 5163 2997 5231 Quasi
3042 5165 3224 5219 dicant
3266 5167 3434 5218 sancu

1851 5266 2118 5304 martvrm-
2153 5276 2165 5289 ⁵
2199 5259 2424 5290 Πηιντῖηη
2506 5262 2596 5300 "Ini
2641 5261 2807 5301 multo
2858 5256 3114 5294 hannﬂnia
3140 5247 3439 5290 rnrmclilicli
