3978 6408
569 380 671 439 371

1199 381 1460 440 REMlGll
1493 377 2150 441 ANTISSIODORENSIS
2187 378 2336 438 OPP.
2375 377 2580 437 PARS.
2616 377 2658 434 Ι.
2701 409 2774 424 -
2804 376 3213 438 EXEGETICA.

3707 387 3792 446 5Ἱῖ

562 491 949 549 nuntiaverunt
987 506 1094 564 quo
1138 504 1554 565 persequeretur
1580 510 1715 551 unus
1747 495 1912 560 mille,
1945 504 2001 550 et
2040 495 2146 550 duo
2173 498 2223 558 Α
2251 510 2343 548 nos
2373 491 2656 564 confudisti
2683 493 2998 550 confusione
3022 494 3194 561 mala,
3233 499 3295 551 ut
3328 495 3510 553 dicant
3542 513 3555 550 :
3590 497 3696 555 Nos
3724 504 3788 557 in-

563 586 815 659 fugarent
853 586 1040 642 decem
1083 585 1268 642 millia.
1298 587 1370 641 Et
1399 588 1455 642 in
1480 589 1658 642 diebus
1685 589 1934 660 antiquis,
1960 587 2014 642 id
2043 599 2146 654 est,

564 679 703 751 apud
726 679 938 750 priores
959 692 1145 734 eorum
1163 719 1178 746 ,
1208 678 1416 734 scilicet
1441 678 1585 733 istud
1626 694 1782 748 opus,
1808 678 2002 733 Manus
2032 688 2147 746 tua,

584 772 617 826 d
657 779 771 840 est,
821 772 1060 842 potentia
1100 780 1192 828 tua
1237 781 1410 844 gentes
1453 772 1795 843 disperdidit,
1839 771 2145 847 Egyptios,

556 859 578 916 Ι
593 864 856 928 εὶιιιιιεεοε,
884 862 1223 920 Madianitas.
1250 859 1319 917 Et
1347 863 1600 935 plantasti
1637 881 1741 928 eos,
1771 863 1824 919 id
1851 873 1952 930 est,
1979 865 2149 920 stabi-

574 957 690 1013 iter
729 956 955 1027 posuisti
982 965 1166 1027 patres
1205 965 1422 1012 nostros
1446 957 1501 1011 in
1527 954 1645 1012 loco
1673 971 1880 1012 eorum.
1905 953 2005 1013 Vel
2031 972 2148 1013 mo-

559 1047 1012 1109 ‘;’,-‘31iter:3!anus
1052 1056 1143 1102 tua
1171 1056 1345 1120 gentes
1387 1047 1715 1117 disperdidit,
1749 1048 1802 1103 id
1844 1054 1949 1116 est,
1993 1048 2144 1116 vitia,

636 1139 888 1209 platani
916 1156 1003 1194 eos
1026 1141 1082 1194 in
1106 1140 1415 1206 virtutibus,
1440 1140 1670 1212 amisisti
1695 1141 1935 1212 populos,
1962 1141 2018 1197 id
2040 1151 2143 1211 est,

559 1231 994 1303 populositatem,
1028 1231 1084 1286 id
1112 1239 1218 1299 est,
1243 1231 1509 1287 culturam
1537 1230 1882 1300 idololatriae,
1910 1243 1958 1288 et
1983 1249 2147 1305 expu-

558 1321 666 1377 listi
694 1337 781 1376 eos
825 1338 856 1377 a
885 1322 1012 1378 tuis.
1040 1321 1249 1378 Revera
1291 1331 1352 1378 tu
1393 1323 1499 1379 hoc
1537 1321 1732 1379 fecisti.
1777 1321 1891 1380 Nec
1919 1325 2063 1380 enim
2087 1325 2147 1383 in

553 1414 735 1487 gladio
762 1430 858 1470 suo
887 1415 1229 1485 possederunt
1256 1425 1472 1483 terram,
1504 1416 1558 1471 id
1580 1424 1685 1482 est,
1710 1418 1765 1473 in
1792 1418 1995 1476 virtute
2023 1434 2139 1475 sua.

557 1501 632 1560 Et
662 1507 935 1560 brachium
961 1518 1181 1572 "eorum,
1207 1507 1263 1562 id
1303 1516 1408 1574 est,
1435 1508 1602 1563 robur
1620 1508 1858 1564 exterius
1897 1525 2002 1565 non
2030 1507 2145 1566 sal-

557 1597 698 1652 uauit
733 1611 823 1653 eos
859 1595 928 1652 ab
967 1596 1241 1662 hostibus,
1271 1597 1362 1652 sed
1402 1597 1619 1654 dextera
1647 1607 1773 1667 tua,
1801 1600 1854 1656 id
1889 1609 1991 1667 est,
2019 1597 2151 1674 pros:

556 1685 774 1756 pitiatio
795 1695 909 1753 tua,
933 1696 983 1740 et
1010 1685 1281 1740 brachium
1315 1695 1485 1754 tuum,
1517 1686 1571 1741 id
1604 1697 1712 1756 est,
1739 1696 1832 1743 tua
1856 1688 2140 1759 fortitudo,

553 1785 604 1833 et
658 1777 974 1833 illuminatio
1023 1777 1193 1833 uultus
1237 1778 1355 1845 tui,
1411 1777 1666 1847 quoniam
1726 1778 1921 1834 talibus
1974 1780 2142 1850 signis

560 1868 781 1925 adfuisti
811 1879 869 1924 ut
893 1883 1133 1939 praesens
1159 1868 1663 1941 intelligereris,vel
1689 1871 2145 1940 quomvisibiliter
2170 1853 2218 1913 Β

553 1960 663 2018 illis
687 1961 900 2018 aderas.
925 1961 994 2016 Et
1018 1963 1123 2020 hoc
1163 1977 1272 2018 non
1306 1979 1373 2018 ex
1400 1977 1588 2018 eorum
1628 1963 1860 2031 meritis,
1889 1964 1983 2019 sed
2009 1982 2144 2038 quo-

553 2055 700 2111 niam
741 2052 1102 2126 complacuisti
1147 2056 1203 2109 in
1231 2055 1307 2111 eis
1326 2094 1342 2121 ,
1373 2053 1429 2110 id
1455 2062 1568 2120 est,
1601 2070 1726 2112 cum
1756 2055 1863 2113 illis
1898 2057 2057 2130 egisti
2088 2065 2146 2116 ut

556 2148 794 2205 lauderis
835 2148 890 2203 in
935 2147 1062 2205 illis.
1091 2147 1191 2206 Vel
1232 2150 1553 2208 moraliter:
1581 2151 1790 2209 Revera
1815 2161 1873 2209 tu
1898 2154 2145 2226 expulisti

551 2237 723 2302 vitia,
770 2240 898 2310 quia
943 2240 1047 2312 ipsi
1097 2258 1202 2297 non
1249 2244 1585 2314 possederunt
1632 2254 1826 2301 terram
1873 2260 2029 2302 suam
2087 2247 2145 2304 in

556 2325 781 2383 brachio
811 2344 929 2394 suo,
957 2330 1011 2385 id
1046 2339 1149 2398 est,
1180 2332 1236 2388 in
1262 2333 1460 2392 virtute
1482 2349 1611 2401 sua,
1643 2346 1700 2393 et
1725 2338 1893 2392 robur
1916 2337 2144 2394 interius

558 2429 746 2471 eorum
769 2433 875 2473 non
909 2420 1137 2477 salvavit
1173 2437 1268 2479 eos
1302 2437 1332 2478 a
1361 2425 1525 2480 vitiis.
1564 2424 1671 2482 Sed
1703 2425 1919 2482 dextera
1939 2436 2054 2490 tua.
2087 2427 2142 2483 id

557 2518 665 2578 εει,
700 2511 869 2569 Filius
901 2522 1022 2571 tuus
1068 2517 1162 2589 qui
1209 2525 1294 2575 est
1335 2520 1606 2576 brachium
1650 2530 1821 2588 tuum,
1850 2532 1899 2578 et
1945 2522 2144 2578 illumi-

553 2603 698 2658 natio
727 2604 900 2662 vultus
920 2609 1021 2676 tui,
1045 2608 1099 2664 id
1131 2618 1236 2678 est,
1261 2612 1498 2669 visitatio
1517 2613 1704 2687 gratim
1729 2622 1833 2671 tua:
1857 2630 1955 2687 per
1977 2631 2144 2688 quam

556 2697 750 2754 dedisti
779 2702 1063 2758 consilium
1087 2713 1278 2762 contra
1307 2708 1459 2764 vitia.
1491 2708 1561 2765 Et
1590 2726 1696 2766 non
1726 2721 1947 2782 propter
1974 2711 2140 2780 aliud,

556 2787 663 2843 nisi
708 2791 853 2860 quod
883 2792 1244 2862 complacuiin
1292 2796 1386 2853 tibi
1422 2799 1479 2853 in
1522 2799 1617 2855 eis.
1671 2799 1749 2856 Tu
1797 2818 1852 2858 es
1894 2804 2006 2876 ipse
2049 2819 2144 2859 res:

552 2894 698 2935 meus
741 2890 789 2935 et
816 2881 960 2939 Deus
989 2900 1156 2941 meus.
1199 2886 1354 2956 Quid.
1381 2890 1554 2962 ergo?
1583 2889 1757 2948 Aliter
1787 2902 1942 2958 tunc.
1984 2893 2143 2951 aliter

553 2985 719 3027 nunc.
765 2970 969 3032 Mutata
1010 2984 1139 3034 sunt
1185 2987 1450 3050 tempora,
1481 2982 1577 3038 sed
1621 2999 1729 3040 non
1771 2995 1856 3042 est
1900 2997 2140 3046 mutatus

549 3057 787 3117 Greater
811 3072 1142 3137 temporum,
1171 3076 1227 3126 et
1262 3070 1388 3127 inde
1419 3073 1617 3129 mirum
1651 3076 1795 3146 quod
1829 3077 1974 3134 idem
2010 3086 2138 3139 tunc

549 3153 647 3224 qui
673 3170 817 3212 nunc
843 3175 858 3211 :
890 3157 999 3214 alia
1023 3171 1203 3218 autem
1231 3172 1383 3232 tunc,
1413 3166 1518 3222 alia
1543 3181 1708 3225 nunc.
1751 3168 1844 3226 Illa
1877 3171 2137 3231 beneﬁcia

548 3222 921 3317 transierunt,
965 3260 1023 3308 tu
1073 3253 1189 3325 ipse
1230 3256 1438 3315 scilicet
1476 3274 1583 3315 non
1630 3270 1901 3331 mutatus,
1950 3281 2006 3322 es
2045 3283 2140 3323 rea:
2164 3222 2210 3287 Ο

548 3355 718 3408 meus,
742 3338 1004 3413 quantum
1025 3347 1092 3403 ad
1122 3348 1421 3421 hominem,
1447 3362 1495 3407 et
1519 3352 1662 3410 Deus
1688 3372 1858 3425 meus,
1877 3367 2139 3428 quantum

549 3430 620 3487 ad
649 3430 907 3526 Verbum.
945 3437 1053 3506 Qui
1095 3441 1319 3498 mandas
1363 3443 1559 3502 salutes
1586 3444 1753 3504 Iacob
1773 3488 1790 3516 ,
1819 3450 1875 3507 id
1904 3460 2017 3521 est,
2044 3453 2140 3526 qui

547 3523 821 3581 mandasti
849 3542 951 3597 per
985 3529 1234 3603 angelum
1262 3533 1617 3593 salvationem
1661 3541 2013 3612 temporalem
2047 3523 2139 3600 .la-

546 3615 672 3707 cub,
699 3617 752 3672 id
790 3626 875 3674 est
916 3621 1083 3690 priori
1124 3624 1341 3694 populo.
1369 3625 1525 3685 Nunc
1567 3637 1748 3687 autem
1792 3635 2015 3692 mandas
2041 3651 2140 3707 per

550 3704 746 3763 Filium
775 3711 1127 3770 salvationem
1173 3717 1483 3774 interiorem
1510 3717 1696 3788 Iacob,
1726 3724 1780 3779 id
1812 3733 1916 3790 est,
1934 3704 2139 3796 juniori

550 3799 768 3871 populo.
805 3799 1098 3861 Novissime
1143 3810 1283 3864 enim
1328 3809 1535 3869 locutus
1574 3823 1649 3868 est
1699 3815 1847 3873 nobis
1890 3819 1947 3874 in
1993 3816 2140 3878 Filio

554 3887 744 3959 (Hebr.
782 3893 842 3963 ι).
872 3894 1038 3962 Quasi
1068 3898 1213 3955 dicat
1243 3917 1256 3955 :
1291 3901 1358 3957 Et
1385 3919 1508 3958 cum
1548 3905 1665 3963 haec
1689 3906 1763 3962 ita
1793 3923 1853 3965 se
1879 3909 2138 3979 habeant,

554 3982 725 4053 quare
757 3993 907 4040 tanta
944 3988 1081 4043 mala
1107 3991 1379 4060 patimur?
1416 3993 1542 4052 Haec
1581 3996 1646 4052 de
1672 3998 1964 4067 pneterito.
1998 4001 2139 4069 Quid

556 4081 738 4128 autem
769 4075 836 4130 de
878 4073 1095 4133 futuro?
1133 4081 1188 4134 in
1216 4090 1266 4135 te
1305 4098 1469 4136 cornu
1493 4085 1854 4142 ventilabimus
1899 4089 2136 4145 inimicos

553 4172 775 4218 nostros.
801 4163 982 4221 Cornu
1006 4168 1070 4221 de
1107 4184 1272 4226 carne
1303 4180 1406 4237 est,
1439 4174 1532 4228 sed
1559 4174 1612 4229 in
1639 4175 1891 4232 duritiam
1918 4193 2136 4238 versum

549 4253 766 4309 excedit
794 4255 935 4312 illius
972 4268 1244 4325 naturam,
1267 4261 1341 4316 ita
1372 4262 1620 4320 Christus
1647 4281 1862 4324 carnem
1892 4278 2136 4329 nostram

548 4348 820 4417 suscepit,
866 4351 959 4404 sed
1003 4350 1257 4410 immunis
1285 4370 1317 4409 a
1347 4366 1572 4426 peccato
1610 4355 1731 4414 fuit.
1760 4359 1828 4415 In
1870 4369 1921 4416 te
1947 4379 2130 4434 cornu,

548 4453 650 4509 per
674 4455 834 4510 quem
877 4445 1189 4502 excedimus
1231 4463 1446 4506 omnem
1485 4451 1886 4520 carnalitatem,
1911 4471 2134 4527 separa-

549 4527 728 4584 bimus
772 4533 986 4588 tandem
1018 4537 1224 4604 paleam
1257 4555 1286 4593 a
1315 4543 1522 4612 granis,
1558 4543 1610 4597 id
1634 4552 1736 4607 εει,
1762 4547 2132 4617 separabimus

549 4629 794 4677 extrema
833 4625 1201 4705 ventilatione
1225 4647 1255 4686 a
1300 4633 1456 4690 nobis
1501 4635 1751 4692 inimicos
1785 4647 1997 4695 nostros
2037 4641 2130 4711 qui

548 4713 710 4768 modo
739 4718 977 4772 concreti
1002 4731 1145 4776 sunt.
1173 4719 1242 4776 Et
1267 4733 1392 4780 tunc
1416 4727 1471 4781 in
1497 4728 1703 4782 nomine
1719 4737 1809 4782 tuo
1832 4746 2131 4799 spernemus

548 4803 876 4876 insurgentes
904 4807 959 4862 in
985 4810 1155 4878 nobis,
1180 4812 1236 4868 in
1278 4817 1495 4872 nomine
1526 4825 1618 4872 tuo
1643 4828 2048 4888 prmsumentes,
2076 4821 2132 4877 id

548 4905 656 4962 est,
703 4897 758 4952 in
805 4898 1147 4958 invocatione
1191 4906 1425 4963 nominis
1475 4907 1574 4962 tui.
1608 4905 1723 4974 Vel,
1757 4909 1885 4981 quia
1933 4925 2132 4972 nomen

549 4987 918 5046 Christianum
963 4993 1317 5053 retinebimus
1355 4997 1458 5056 fide
1498 5006 1555 5055 et
1593 5015 1786 5072 opere,
1828 5011 1982 5059 entes
2007 5017 2135 5060 vere

548 5079 872 5149 Christiani,
893 5099 1196 5154 speramus
1241 5090 1399 5146 modo
1437 5090 1762 5164 insurgentes
1790 5092 1845 5148 in
1873 5094 2039 5151 nobis.
2066 5093 2136 5151 Et

548 5187 737 5230 revera
763 5188 861 5245 per
881 5184 953 5232 te.
987 5175 1113 5234 Non
1134 5179 1275 5236 enim
1297 5179 1353 5238 in
1379 5197 1508 5238 arcu
1532 5199 1646 5238 meo
1673 5184 1910 5256 sperabo,
1944 5185 2000 5242 id
2028 5195 2132 5256 est,

548 5262 604 5320 ln
647 5265 1013 5324 mediocribus
1054 5270 1262 5328 meritis
1287 5272 1445 5341 meis,
1471 5272 1556 5329 vel
1579 5274 1793 5332 occulta
1816 5275 2034 5335 virtute.
2061 5277 2132 5335 Et

2157 4600 2210 4661 D

547 5356 758 5431 gladius
789 5378 956 5431 meus,
1000 5361 1058 5420 id
1098 5373 1216 5434 est,
1255 5366 1464 5439 majora
1495 5367 1711 5435 merita,
1736 5367 1824 5426 vel
1847 5370 2135 5430 manifesta

545 5451 720 5510 virtus
747 5471 852 5511 non
880 5455 1099 5514 salvabit
1123 5475 1205 5515 me
1225 5459 1312 5516 vel
1332 5474 1482 5517 meos
1504 5477 1534 5516 a
1564 5460 1991 5523 conformatione
2019 5482 2136 5524 ma-

547 5542 744 5604 lorum.
772 5546 1000 5606 Saluasti
1020 5553 1159 5608 enim
1186 5568 1280 5608 nos
1303 5554 1369 5609 de
1387 5555 1724 5626 affligentibus
1754 5573 1864 5623 nos,
1893 5557 2132 5631 loquitur

550 5637 618 5696 de
663 5637 860 5697 futuris
904 5652 1163 5718 tanquam
1211 5650 1280 5703 de
1318 5649 1642 5720 praeteritis,
1675 5650 1801 5720 quia
1847 5658 1957 5706 tam
1999 5665 2130 5708 vera

549 5737 678 5788 sunt
707 5732 986 5806 quasijam
1022 5736 1183 5797 facta.
1213 5737 1337 5797 Haec
1373 5742 1599 5798 salvatio
1624 5743 1730 5800 erit
1756 5747 1970 5816 quando
1995 5763 2129 5802 mor-

551 5822 656 5904 tale
676 5825 772 5884 hoc
794 5825 980 5888 induet
999 5828 1441 5895 immortalitatem
1466 5835 1519 5912 (Ι
1540 5835 1662 5898 Cor.
1688 5837 1800 5913 xv),
1831 5847 1879 5896 et
1907 5838 2131 5900 odienles

2247 588 2464 653 sensati,
2480 588 2631 643 vitam
2653 586 2867 642 illorum
2887 588 3277 644 cestimabamus
3295 589 3558 645 insaniam
3578 589 3791 666 (Sap.v),

2249 681 2374 750 quia
2419 689 2602 734 nostra
2651 679 2919 747 separatio
2957 680 3062 734 erit
3105 678 3321 735 illorum
3357 680 3625 738 confusio.
3658 681 3791 753 Quasi

2248 775 2394 831 dicat
2420 792 2434 829 :
2464 774 2530 829 Et
2551 774 2656 830 illis
2678 774 2932 842 confusis,
2961 789 3062 830 nos
3083 774 3461 844 gloriabimur,
3491 793 3602 834 non
3625 780 3795 838 erimus

2247 868 2405 924 otiosi
2435 868 2491 922 in
2520 866 2649 932 Deo,
2687 867 2740 923 id
2760 876 2867 933 est,
2894 867 2951 922 in
2975 867 3346 923 misericordia
3372 869 3471 925 Dei
3495 870 3649 927 nobis
3669 873 3793 928 exhi-

2244 961 2354 1015 bita
2380 960 2472 1030 qui
2509 975 2664 1016 suum
2688 976 2824 1032 opus
2857 961 2914 1016 in
2956 962 3113 1017 nobis
3139 959 3444 1031 coronabit,
3473 960 3795 1033 laudabimur,

2246 1051 2540 1107 laudabiles
2585 1052 2809 1109 erimus.
2840 1052 2958 1119 Vel,
2983 1051 3320 1107 laudabimur
3355 1053 3414 1109 in
3462 1054 3687 1111 invicem
3712 1063 3794 1111 tota

2244 1145 2346 1211 die,
2382 1146 2437 1201 id
2464 1154 2563 1212 est,
2592 1154 2702 1202 tota
2746 1146 2836 1200 illa
2874 1146 2985 1202 vita
3026 1160 3147 1218 quae
3179 1153 3412 1202 mortem
3454 1161 3564 1203 non
3589 1145 3792 1202 habebit.

2245 1234 2315 1292 Et
2356 1239 2413 1295 in
2458 1241 2664 1297 nomine
2708 1250 2800 1296 tuo
2837 1240 3044 1298 scilicet
3086 1239 3460 1312 gloriﬁcando,
3491 1255 3597 1298 nou
3625 1253 3795 1309 nostro,

2244 1329 2354 1396 vel,
2406 1331 2534 1401 quia
2577 1347 2608 1386 a
2652 1331 2871 1388 Christo
2915 1329 3215 1388 Christiani
3255 1331 3619 1400 conﬁtebimur
3642 1332 3722 1386 tibi
3753 1333 3795 1387 in

2243 1418 2516 1486 sacculum,
2542 1435 2668 1477 cum
2699 1430 2758 1476 tu
2789 1421 2901 1477 eris
2929 1420 3109 1476 omnia
3155 1421 3212 1476 in
3253 1419 3530 1476 omnibus.
3568 1418 3707 1476 Beati
3729 1422 3796 1493 qui

2243 1511 2479 1567 habitant
2507 1512 2564 1566 in
2587 1513 2745 1568 domo
2773 1523 2887 1580 tua,
2917 1512 3167 1578 Domine,
3198 1513 3258 1569 in
3287 1511 3487 1569 saecula
3522 1513 3794 1570 anicularum

2243 1602 2532 1659 laudabunt
2559 1616 2608 1659 te
2637 1602 2808 1674 (Psal.
2841 1605 3094 1676 Lxxxut).
3125 1601 3286 1660 Nunc
3311 1614 3490 1660 autem
3508 1647 3522 1670 ,
3551 1605 3735 1661 scilicet
3755 1604 3796 1659 in

2243 1696 2346 1753 hoc
2372 1697 2550 1755 medio
2573 1705 2832 1767 tempore,
2855 1706 2913 1753 tu
2934 1698 3024 1769 qui
3049 1699 3148 1754 hoc
3161 1697 3321 1754 modo
3341 1697 3503 1769 egisti
3522 1711 3639 1753 cum
3659 1695 3796 1767 priori

2241 1785 2462 1856 populo,
2494 1788 2586 1857 qui
2620 1787 2832 1841 tandem
2861 1794 3081 1842 acturus
3104 1801 3164 1842 es
3191 1798 3303 1841 tam
3330 1785 3737 1842 misericorditer
3756 1783 3795 1839 in

2247 1876 2446 1942 futuro,
2480 1878 2716 1948 repulisti
2759 1894 2884 1945 nos,
2913 1878 2967 1933 id
2994 1886 3106 1944 est,
3137 1879 3340 1934 videris
3369 1878 3631 1950 repulisse
3658 1892 3795 1948 quan-

2247 1975 2359 2026 tum
2387 1969 2454 2025 ad
2481 1969 2902 2035 tribulationem,
2933 1979 2982 2026 et
3010 1968 3297 2038 confudisti
3330 1986 3448 2036 nos,
3478 1979 3719 2040 quantum
3743 1966 3794 2021 ad

2245 2062 2667 2128 devocationem,
2692 2064 3071 2134 quorumdam,
3097 2062 3203 2130 vel,
3228 2061 3432 2133 repulsi
3468 2063 3538 2120 ab
3577 2061 3791 2117 invisibili

2245 2155 2577 2213 sublimitate
2602 2154 2828 2210 multum
2859 2154 3229 2226 provolvimur
3257 2153 3310 2208 in
3337 2167 3424 2220 re,
3456 2151 3794 2209 confundimur

2246 2260 2425 2306 autem
2469 2250 2728 2315 exterius,
2756 2263 2865 2304 non
2907 2249 2963 2304 in
3010 2246 3374 2315 conscientia;
3406 2245 3615 2302 eximus
3640 2254 3793 2302 contra

2245 2341 2512 2407 inimicos,
2555 2341 2651 2396 sed
2689 2354 2917 2411 corpore
2940 2338 3182 2394 invalidi.
3212 2337 3350 2393 Nam
3394 2355 3506 2394 non
3533 2339 3791 2410 egredieris,

2243 2433 2416 2501 Deus,
2463 2434 2522 2489 in
2566 2434 2843 2489 virtutibus
2893 2434 3107 2489 nostris.
3161 2431 3384 2487 Eximus
3439 2430 3507 2485 ad
3554 2429 3791 2492 inimicos,

2243 2524 2339 2580 sed
2389 2530 2514 2588 tua,
2541 2537 2641 2595 per
2688 2531 2741 2580 te
2787 2524 3065 2579 nobiscum
3114 2537 3221 2579 non
3266 2522 3537 2592 procedit.
3578 2519 3715 2589 Quod
3749 2520 3791 2573 in

2242 2618 2347 2674 hoc
2386 2629 2609 2690 apparet
2648 2618 2774 2690 quia
2804 2619 3036 2674 aaertisti
3091 2633 3187 2674 nos
3239 2625 3530 2672 retrorsum
3571 2622 3675 2685 post
3713 2609 3792 2665 ini-

2241 2710 2404 2766 micas
2452 2718 2681 2776 nostros,
2717 2708 2924 2767 scilicet
2948 2709 3210 2780 quosdam
3237 2722 3306 2764 ex
3347 2706 3506 2762 nobis
3534 2705 3687 2762 nimia
3711 2702 3788 2758 tri-

2241 2799 2516 2858 bulatione
2562 2802 2850 2857 devocatos
2886 2799 2984 2875 qui
3014 2797 3144 2855 laeti
3175 2805 3301 2856 sunt
3345 2810 3607 2869 sequaces
3646 2791 3790 2849 inimi-

2239 2908 2454 2952 corum.
2499 2892 2560 2950 ln
2606 2891 2853 2960 Hebraeo,
2897 2891 3101 2948 Dedisti
3152 2899 3302 2962 terga
3337 2887 3710 2952 nostra-hosti,
3730 2884 3786 2939 si-

2241 2986 2464 3058 gniﬁcat
2509 2982 2630 3041 illos
2678 2986 2771 3056 qui
2823 2992 3048 3056 urgente
3092 2981 3472 3056 persecutione
3519 2978 3787 3036 defecerunt

2240 3077 2298 3134 in
2346 3078 2483 3144 llde,
2511 3086 2573 3133 ut
2599 3085 2956 3149 sequerentur
2999 3076 3277 3142 inimicos,
3321 3073 3608 3130 redeuntes
3643 3077 3787 3126 mente

2240 3167 2297 3225 in
2338 3166 2628 3242 Egyptum
2677 3168 2746 3224 ad
2795 3167 2932 3224 ollas
2980 3167 3259 3234 carnium,
3313 3163 3560 3222 volentes
3610 3173 3786 3230 tempo—

2241 3260 2427 3319 raliter
2466 3262 2721 3334 gaudere.
2749 3257 2821 3316 Et
2854 3260 2946 3334 qui
2972 3259 3194 3316 oderunt
3221 3272 3316 3314 nos
3344 3255 3651 3327 diripiebant
3682 3249 3784 3316 sibi,

2237 3352 2627 3412 eonformando
2697 3367 2799 3408 nos
2862 3351 2986 3409 sibi.
3064 3349 3180 3407 Hoc
3249 3347 3416 3404 modo
3490 3343 3781 3416 diripiebant.

2238 3446 2443 3502 Dedisti
2493 3462 2587 3502 nos
2630 3454 2883 3516 tanquam
2931 3459 3047 3500 oues
3100 3456 3373 3509 escarum,
3431 3446 3678 3511 quantum
3730 3427 3783 3486 ad

2237 3537 2634 3609 reputationem
2659 3533 2896 3600 illorum,
2925 3532 2994 3588 ad
3022 3532 3127 3589 hoc
3149 3537 3338 3602 putant
3363 3544 3466 3586 nos
3504 3542 3620 3585 esse
3647 3531 3773 3580 natos

2236 3634 2299 3682 ut
2319 3626 2728 3682 interﬁciamur.
2747 3623 3006 3692 Quaedam
3021 3635 3151 3679 oves
3172 3629 3524 3677 reservantur
3542 3616 3606 3673 ad
3621 3613 3779 3677 fetum,

2237 3716 2356 3772 alia:
2402 3718 2470 3771 ad
2519 3713 2952 3771 interfectionem
2980 3721 3038 3770 et
3066 3711 3460 3769 comestionem
3497 3717 3558 3764 ut
3591 3707 3774 3764 arietes.

2236 3810 2321 3867 vel
2350 3819 2599 3880 tanquam
2627 3825 2741 3864 oves
2767 3807 2927 3863 facile
2948 3804 3298 3871 deducibiles,
3319 3810 3586 3875 quantum
3623 3797 3683 3853 ad
3703 3794 3778 3850 de-

2235 3913 2476 3958 vocatos.
2504 3900 2574 3956 Et
2603 3902 2658 3955 in
2698 3901 2933 3972 gentibus
2975 3899 3269 3968 dispersisti
3300 3914 3420 3966 nos,
3451 3897 3575 3967 quia
3600 3889 3780 3964 quidam

2235 3994 2487 4048 timentes
2524 3991 2930 4047 devocationem
2960 3989 3239 4058 fugiebant
3267 3990 3334 4044 de
3373 4003 3485 4044 una
3515 3987 3710 4043 civitate
3740 3980 3780 4034 in

2236 4085 2416 4140 aliam.
2459 4083 2553 4154 Vel
2582 4084 2871 4155 dispersisti
2919 4101 3033 4149 nos,
3063 4092 3124 4138 ut
3159 4083 3532 4152 unusquisque
3577 4079 3666 4136 sibi
3704 4088 3781 4132 nos

2236 4182 2452 4246 raperet
2502 4173 2556 4230 in
2607 4174 2876 4242 gentibus,
2913 4175 3018 4230 hoc
3045 4183 3126 4228 est
3173 4175 3224 4228 in
3257 4187 3514 4243 pressura
3542 4169 3774 4243 gentium;

2245 4265 2532 4323 Vendidisti
2555 4265 2808 4338 populum
2841 4278 2988 4321 tuum
3027 4267 3139 4320 sine
3162 4266 3350 4334 pretio,
3392 4265 3587 4320 multos
3614 4269 3776 4327 marty-

2235 4375 2324 4417 res
2350 4360 2417 4415 ad
2448 4371 2677 4415 mortem
2711 4360 2939 4424 dedisti,
2977 4367 3033 4415 et
3057 4373 3262 4430 paucos
3291 4356 3623 4415 convertisti.
3655 4351 3778 4408 Vide-

2233 4468 2356 4510 mus
2398 4470 2535 4524 quos
2568 4453 2783 4518 dedisti,
2814 4464 2870 4508 et
2918 4468 3024 4510 non
3075 4453 3320 4509 videmus
3361 4467 3501 4523 quos
3525 4444 3774 4517 acceperis.

2234 4545 2302 4603 Et
2331 4563 2434 4601 non
2457 4547 2559 4617 [uit
2602 4546 2881 4601 multitudo
2923 4547 2978 4601 in
3006 4546 3497 4602 commutationibus
3533 4555 3710 4602 eorum,
3734 4541 3776 4590 et

2237 4643 2284 4700 si
2310 4640 2519 4712 aliquos
2545 4638 2822 4708 accepisti,
2840 4637 2914 4692 illi
2939 4653 3046 4694 non
3076 4638 3230 4693 multi
3257 4637 3496 4692 fuerunt.
3519 4633 3646 4692 Olim
3667 4638 3775 4684 unus

2237 4735 2302 4791 de
2331 4731 2440 4789 tuis
2473 4729 2696 4802 fugabat
2726 4729 2892 4796 mille,
2923 4730 3085 4785 modo
3103 4745 3135 4785 e
3162 4743 3424 4785 converso
3445 4742 3578 4783 unus
3602 4723 3772 4780 illorum

2235 4824 2422 4880 decem
2453 4820 2621 4878 millia
2673 4835 2741 4878 ex
2773 4819 2933 4876 nobis
2963 4818 3243 4876 interficit.
3274 4816 3495 4873 Multum
3543 4823 3619 4871 est
3661 4806 3774 4881 quod

2233 4929 2505 4972 summum
2536 4922 2830 4984 martyrem
2876 4913 2971 4969 das
3001 4912 3055 4967 in
3107 4918 3361 4977 mortem,
3394 4917 3450 4966 et
3487 4907 3574 4964 illo
3600 4902 3775 4960 fortiter

2236 5017 2430 5082 agente
2451 5021 2558 5065 non
2587 5006 2725 5063 fiunt
2744 5004 2897 5062 multi
2919 5005 3234 5063 Christiani.
3260 5002 3380 5060 Non
3407 5003 3524 5067 fuit,
3544 4993 3767 5072 quomodt’

2236 5100 2412 5158 solent
2434 5100 2709 5157 immutari
2739 5113 2910 5170 pauca
2931 5098 3136 5165 multis,
3165 5098 3222 5153 in
3247 5098 3355 5153 tuis
3380 5084 3773 5154 commutationi-

2238 5192 2363 5259 bus,
2387 5190 2483 5248 sed
2521 5190 2928 5262 dissipabuntur
2954 5188 3136 5259 potius
3158 5197 3456 5245 conventus
3479 5179 3771 5242 laudantium

2235 5291 2310 5340 te.
2335 5281 2696 5355 Hieronymus
2725 5299 2738 5336 :
2771 5280 3066 5337 Vendidisti
3092 5279 3342 5351 populum
3371 5287 3518 5334 tuum
3551 5277 3652 5332 sine
3679 5283 3773 5366 prt-

2235 5378 2332 5444 tio,
2371 5374 2565 5447 quibus
2596 5373 2792 5430 dicitur
2824 5391 2838 5429 :
2875 5370 3086 5428 Venditi
3133 5370 3256 5428 estis
3281 5370 3339 5426 in
3373 5367 3590 5442 peccatis
3621 5367 3770 5418 oestm

2236 5465 2372 5539 (Isa.
2401 5466 2476 5539 ι).
2522 5463 2709 5521 Nullus
2757 5464 2832 5520 ita
2875 5464 3008 5521 emit
3037 5477 3165 5519 eum
3192 5477 3224 5519 a
3257 5468 3337 5528 te,
3369 5471 3429 5517 ut
3470 5467 3528 5516 tu
3550 5449 3771 5550 sanguine

2237 5566 2347 5615 tuo.
2367 5557 2435 5613 Et
2458 5573 2562 5614 non
2580 5557 2681 5629 fuit
2704 5555 2985 5612 multitudo
3009 5556 3064 5612 in
3078 5551 3563 5613 commutationibus
3588 5551 3766 5645 vestris.

2236 5649 2410 5707 Vilior
2432 5650 2576 5706 enim
2603 5655 2721 5706 erat
2757 5663 2988 5718 merces,
3012 5648 3070 5705 id
3093 5657 3177 5706 est
3214 5663 3322 5705 non
3344 5654 3423 5705 est
3460 5643 3768 5702 commutatio

2237 5744 2395 5802 facta.
2429 5743 2563 5798 Nam
2593 5742 2849 5800 Dominus
2873 5743 3128 5817 populum
3150 5756 3311 5817 quem
3337 5740 3485 5809 emit,
3516 5750 3615 5795 non
3641 5741 3765 5791 auro.

2238 5852 2411 5915 neque
2433 5844 2675 5912 argento,
2707 5839 2800 5898 sed
2822 5839 3039 5912 proprio
3060 5853 3182 5896 cum
3204 5838 3456 5914 sanguine
3478 5819 3768 5908 comparat“
