3978 6410
190 404 336 462 373

1352 404 1886 463 ENARRATIONES
1933 407 2000 464 ΙΝ
2044 407 2379 468 PSALMOS.

3392 410 3502 470 574

196 517 269 593 (Ι
304 517 429 573 Pet.
478 518 538 587 ι).
572 517 807 575 Posuisti
852 535 943 574 nos
986 519 1320 591 approbrium
1368 521 1550 576 vicinis
1597 522 1808 577 nostris.
1839 526 1888 587 Α
1921 533 2006 579 tus
2028 527 2129 580 fuit
2151 540 2431 599 promptus
2466 530 2855 604 (Matth.xxvr).
2900 530 3085 601 Inique
3123 532 3232 603 agit
3270 528 3361 601 qui
3398 544 3499 600 pa-

198 610 422 670 Potest
450 613 530 668 sic
564 613 690 684 legi,
716 621 776 668 ut
803 614 910 669 huc
932 628 1102 684 usque
1131 614 1197 669 de
1226 614 1474 685 gentibus
1501 616 1573 670 sit
1594 615 1818 683 dictum,

200 718 378 760 nunc
406 715 593 761 autem
623 706 837 762 dicatur
865 707 930 762 de
956 702 1185 773 Judaeis,
1219 708 1329 773 vel,
1356 717 1417 783 ut
1445 708 1823 764 universaliter

202 797 448 852 dicatur
470 799 538 853 de
564 797 765 853 Iudaeis
800 807 856 853 et
897 800 1147 869 gentibus
1173 800 1263 871 qui
1293 816 1481 857 omnes
1507 802 1671 857 vicini
1698 810 1824 858 sunt

202 896 459 958 propter
483 889 967 945 cobabitationem.
994 888 1111 955 Vel,
1129 892 1292 947 vicini
1321 892 1574 948 dicuntur
1599 894 1690 963 qui
1708 892 1824 962 iam

202 978 519 1035 voluntate
568 968 1138 1053 appropinqhaveruut
1182 985 1250 1039 ad
1302 984 1462 1041 fidem
1504 996 1744 1042 nostram
1768 994 1825 1045 et

204 1067 963 1136 oonfermitatem,videutes
983 1086 1085 1129 nos
1108 1080 1223 1127 tam
1244 1071 1465 1145 indigne
1484 1076 1710 1130 tractari
1734 1090 1824 1133 re—

203 1160 495 1231 putabant
515 1177 617 1217 nos
640 1161 756 1217 fore
783 1163 865 1219 eis
893 1163 1131 1219 maximo
1152 1166 1443 1236 opprobrio
1469 1165 1519 1221 si
1545 1176 1825 1224 converte-

205 1258 428 1307 rentur
451 1260 513 1307 ut
534 1259 591 1310 et
616 1252 691 1308 ita
722 1252 1116 1312 cruciarentur.
1156 1255 1224 1312 Et
1249 1273 1354 1314 non
1383 1266 1593 1313 tantum
1618 1259 1827 1328 vicinis,

204 1343 323 1401 sed
362 1344 535 1400 etiam
576 1347 1038 1403 subsannationem
1072 1355 1121 1403 et
1158 1349 1391 1405 derisum
1416 1351 1499 1406 Itis
1526 1352 1616 1422 qui
1640 1352 1694 1406 in
1722 1354 1828 1408 cir-

206 1434 374 1490 cuitu
409 1445 590 1492 nostra
618 1434 765 1504 sunt,
799 1437 856 1494 id
896 1448 984 1494 est
1014 1438 1175 1512 longe
1206 1456 1238 1497 a
1263 1442 1440 1507 nobis,
1472 1442 1579 1509 vel,
1606 1443 1664 1499 in
1693 1444 1830 1502 mul-

211 1523 466 1580 titudine
513 1526 658 1582 circa
690 1540 789 1581 nos
817 1541 1024 1598 paucos
1069 1530 1309 1601 undique
1336 1540 1722 1603 persequentes
1766 1544 1829 1590 ut

206 1628 504 1687 nusquam
535 1619 805 1688 possimus
854 1621 1105 1678 evadere.
1152 1620 1625 1679 Subsannationem
1655 1635 1704 1679 et
1731 1626 1828 1681 de-

209 1706 416 1775 risum,
446 1708 502 1763 id
531 1717 616 1765 est
647 1724 808 1766 omne
831 1726 1001 1781 genus
1030 1713 1323 1771 irrisionis.
1349 1714 1828 1773 Subsannationem

208 1801 310 1858 bis
333 1803 432 1874 qui
457 1802 810 1877 indignantur
825 1808 968 1876 quod
997 1821 1096 1863 nos
1121 1808 1479 1877 praedicamus
1494 1808 1679 1865 Jesum
1700 1824 1825 1867 cru-

211 1894 474 1951 ciﬁxum.
502 1896 573 1951 Et
622 1897 859 1954 derisum
884 1900 1223 1970 sapientibus
1243 1899 1446 1957 Griecis
1468 1902 1561 1972 qui
1584 1911 1827 1959 nostram

210 1987 673 2056 praedicationem
705 1988 950 2045 stultitiae
978 1990 1259 2060 deputant,
1282 1990 1436 2061 juxta
1466 1990 1781 2060 Apostolum
1807 2010 1822 2048 :

216 2076 345 2133 Nos
362 2086 540 2134 autem
560 2080 911 2150 prmdicamus
932 2079 1116 2135 Jesum
1143 2088 1191 2136 et
1217 2082 1354 2135 hunc
1376 2083 1707 2151 cruciﬁxum,
1727 2082 1829 2139 Ju-

214 2168 359 2224 dtzis
395 2170 609 2241 quidem
633 2170 969 2238 scandalum,
992 2172 1228 2242 gentibus
1250 2183 1427 2229 autem
1448 2173 1725 2230 stultitiam
1755 2175 1773 2245 (
1796 2175 1829 2231 Ι

217 2258 353 2319 Cor.
380 2261 447 2336 ι).
479 2261 716 2319 Posuisti
745 2281 839 2321 nos
888 2266 943 2320 in
982 2266 1381 2324 similitudinem
1410 2271 1665 2341 gentibus.
1703 2271 1831 2329 Haec

216 2362 310 2410 est
336 2354 433 2410 illa
458 2356 641 2412 irrisio
664 2357 717 2411 in
747 2343 1166 2427 similitudinem,
1196 2360 1250 2417 id
1270 2371 1355 2417 est
1379 2362 1435 2417 in
1457 2364 1830 2434 proverbium,

218 2438 354 2504 cum
384 2449 573 2505 verbis
600 2449 760 2505 alicui
794 2450 1165 2523 improperent
1195 2461 1257 2509 ut
1283 2455 1505 2511 dicant:
1546 2457 1680 2514 Tam
1712 2466 1830 2514 tur—

216 2538 374 2611 piter
403 2542 689 2607 moriaris,
723 2550 784 2598 ut
828 2545 1088 2615 magister
1117 2545 1207 2601 ille
1251 2547 1713 2619 Christianorum,
1748 2552 1833 2608 vel

216 2639 289 2686 ut
312 2630 653 2689 Laurentius
677 2652 692 2689 :
723 2634 810 2691 vel
828 2676 842 2702 ,
870 2636 916 2692 si
939 2638 1199 2709 cogitent,
1232 2656 1356 2697 cum
1382 2643 1619 2715 aliquem
1650 2646 1834 2703 volunt

223 2723 497 2791 cruciari,
543 2734 602 2780 ut
627 2726 695 2781 ad
743 2736 985 2784 nostram
1032 2731 1444 2790 similitudinem
1484 2734 1711 2793 faciant.
1764 2737 1836 2794 Et

223 2826 339 2868 non
365 2813 545 2869 solum
575 2814 946 2888 proverbium,
977 2821 1074 2876 sed
1116 2823 1281 2879 etiam
1324 2827 1718 2884 commotionem
1744 2845 1835 2886 ca-

223 2902 354 2973 pilis
380 2905 443 2959 in
480 2906 689 2975 populis
711 2948 725 2973 ,
755 2907 811 2963 id
856 2918 941 2966 est
971 2918 1033 2965 ut
1061 2926 1129 2967 ex
1160 2913 1322 2971 nobis
1349 2915 1588 2974 habeant
1612 2934 1836 2977 causam

227 2997 617 3053 commovendi
647 3008 829 3071 caput,
847 3016 973 3059 cum
992 3003 1233 3064 viderint
1250 3023 1350 3065 nos
1377 3009 1558 3067 taliter
1576 3014 1833 3083 cruciari,

228 3097 524 3145 moventes
566 3090 745 3162 capita
791 3108 892 3151 sua
934 3095 1116 3154 dicent
1165 3116 1179 3154 :
1220 3099 1347 3157 Heu
1380 3104 1601 3163 miseri!
1632 3116 1835 3177 quanta

229 3178 475 3238 stultitia
511 3198 609 3241 vos
634 3187 830 3243 vexat?
852 3189 994 3245 unde
1016 3190 1133 3250 hac
1166 3207 1307 3250 nova
1327 3193 1540 3254 insania
1561 3201 1703 3271 quod
1723 3218 1833 3260 non

229 3273 465 3344 parcitis
501 3274 770 3346 iuventuti
797 3288 996 3358 vestra}
1014 3322 1030 3349 ,
1055 3283 1153 3340 sed
1179 3285 1361 3355 potius
1389 3292 1658 3361 appetatis
1687 3309 1833 3351 mor-

229 3368 347 3419 tem
403 3378 572 3436 quam
617 3368 823 3426 vitam?
871 3369 1026 3428 Sicut
1066 3384 1356 3433 moverunt
1389 3390 1553 3450 caput
1593 3386 1835 3444 exterius
1868 3404 1883 3433 >

231 3462 289 3512 et
309 3456 550 3519 interius
574 3470 767 3521 contra
786 3473 860 3533 te,
908 3467 990 3525 sic
1017 3478 1209 3527 contra
1246 3487 1367 3528 nos.
1397 3471 1554 3531 Unde
1596 3492 1697 3546 pro
1735 3480 1835 3535 de-
1874 3478 1875 3481 “

231 3550 528 3608 vocatione
575 3551 667 3610 illa
719 3564 776 3612 et
822 3557 1208 3627 insultatione,
1239 3570 1350 3619 tota
1388 3564 1476 3621 die
1523 3570 1837 3628 verecundia

231 3654 352 3696 mea
377 3652 569 3698 contra
594 3662 675 3701 me
718 3653 828 3716 est,
855 3647 909 3705 id
929 3657 1034 3716 est,
1065 3661 1196 3709 ante
1215 3668 1308 3711 me
1344 3656 1585 3715 assidue.
1609 3657 1682 3715 Et
1710 3677 1838 3718 con-
1878 3688 1880 3691 ·

232 3727 381 3801 lusio
407 3731 571 3802 faciei
596 3751 726 3792 mete
765 3741 1033 3810 cooperuit
1056 3757 1159 3811 me.
1188 3742 1244 3801 id
1270 3759 1331 3803 es
1377 3755 1531 3809 totus
1548 3760 1840 3822 coopertus

235 3835 361 3877 sum
395 3822 742 3895 confusione,
772 3828 1051 3899 laborans,
1082 3842 1140 3890 et
1174 3850 1397 3907 gemens
1416 3847 1607 3898 etnon
1633 3844 1840 3901 habens

236 3910 378 4010 foris
405 3915 747 3988 adiutorem;
779 3929 835 3978 et
875 3924 924 3980 si
959 3924 1107 3983 intus
1134 3927 1387 3999 habeam,
1416 3950 1451 3989 a
1492 3951 1614 3992 uoce
1645 3954 1836 4010 expro-

238 4007 473 4077 brantis,
510 4012 566 4069 id
589 4022 676 4071 est
702 4014 1064 4089 vituperantis
1087 4032 1329 4082 nostram
1362 4034 1587 4095 sectam,
1616 4041 1666 4087 et
1694 4007 1840 4087 obto-

237 4103 475 4193 quentis,
514 4102 569 4161 id
608 4113 693 4162 est
734 4108 917 4166 verbis
954 4112 1346 4186 impugnantis,
1375 4135 1411 4173 a
1453 4120 1590 4190 facie
1616 4122 1838 4193 inimici,

239 4192 294 4251 id
344 4203 435 4251 est
464 4211 497 4253 a
544 4206 755 4256 terrore
798 4199 1052 4269 interius,
1080 4214 1130 4261 et
1177 4213 1536 4281 persequentis
1573 4214 1836 4270 exterius.

241 4288 381 4345 Hac
409 4293 587 4346 omnia
613 4305 858 4350 venerunt
903 4312 1064 4368 super
1104 4315 1219 4367 nos,
1252 4320 1345 4359 nec
1375 4304 1524 4360 obliti
1559 4323 1739 4361 sumus
1768 4316 1837 4361 te.

242 4388 390 4447 Ecce
418 4390 725 4451 intellectus
766 4395 856 4453 hic
884 4392 1127 4467 aperitur
1164 4411 1262 4452 cur
1309 4395 1452 4453 Deus
1498 4397 1616 4454 haec
1660 4399 1843 4453 omnia

243 4481 370 4539 fleri
393 4488 691 4556 permittat.
722 4487 887 4557 Quasi
910 4491 1055 4546 dicat
1080 4504 1096 4543 :
1120 4487 1200 4545 sic
1227 4486 1403 4543 fecisti
1428 4504 1551 4544 cum
1574 4489 1842 4560 patribus,

244 4574 331 4631 sic
362 4572 608 4633 facturus
632 4591 694 4635 es
716 4579 872 4635 nobis
901 4578 1244 4650 quandoque.
1267 4577 1422 4647 Quod
1444 4587 1626 4634 autem
1654 4581 1705 4634 in
1732 4594 1844 4635 me-

246 4665 343 4722 dio
369 4673 619 4739 tempore
633 4670 715 4726 sic
740 4671 1015 4726 nobiscum
1038 4669 1159 4742 agis
1177 4683 1375 4741 magno
1395 4668 1624 4725 consilio
1648 4669 1838 4737 uteris,

247 4757 465 4815 scilicet
490 4761 558 4815 ad
586 4761 695 4818 hoc
735 4762 867 4820 facis
893 4770 956 4820 ut
984 4763 1161 4820 sciant
1180 4762 1326 4832 quod
1363 4776 1395 4817 a
1436 4770 1491 4817 te
1517 4762 1691 4833 gratis
1714 4770 1842 4818 sunt

250 4848 383 4907 facti
410 4891 426 4917 ,
478 4869 507 4908 a
556 4862 611 4912 te
653 4856 825 4927 gratis
868 4856 1106 4927 reparati
1162 4872 1177 4911 :
1229 4856 1451 4912 veniant
1497 4871 1628 4928 ergo
1680 4872 1845 4928 super

252 4955 356 4997 nos
402 4942 520 5000 haec
559 4946 774 5013 omnia;
825 4947 993 5019 gratis
1029 4955 1085 5005 te
1141 4944 1409 5011 colimus,
1466 4945 1600 5002 nihil
1646 4954 1699 5003 te
1752 4961 1844 5003 co-

255 5029 418 5086 lendo
461 5034 757 5104 quaerimus
802 5036 911 5093 nisi
941 5047 1030 5106 te,
1082 5045 1141 5092 tu
1190 5037 1302 5093 eris
1336 5037 1519 5093 omnia
1569 5037 1625 5093 in
1675 5039 1847 5095 omni-

255 5120 378 5178 bus.
425 5123 539 5179 Nec
574 5126 721 5183 obliti
765 5144 948 5185 sumus
989 5139 1075 5195 te,
1117 5127 1437 5185 subauditur
1483 5143 1766 5200 quaerere,
1797 5137 1849 5187 te

258 5213 613 5286 desiderare,
657 5221 800 5277 auod
850 5220 1075 5277 forsitan
1126 5220 1471 5288 faceremus,
1517 5223 1566 5279 si
1616 5222 1849 5282 felicitas

258 5306 578 5378 temporalis
622 5310 785 5368 nullis
839 5311 1160 5370 misceretur
1206 5312 1683 5372 amaritudinibus.
1739 5314 1850 5373 Nos

260 5393 520 5455 fortiores
567 5416 674 5479 non
727 5419 908 5460 sumus
955 5405 1134 5473 obliti,
1186 5415 1246 5463 et
1296 5405 1347 5462 si
1397 5405 1600 5462 infirmi
1657 5408 1849 5465 rediis-

262 5498 391 5546 sent
429 5502 610 5549 mente
635 5495 691 5553 in
728 5495 1022 5571 Egyptum
1066 5498 1135 5555 ad
1168 5498 1310 5557 ollas
1358 5500 1606 5557 carnium
1645 5518 1660 5557 :
1703 5502 1851 5572 quod

265 5583 395 5641 inde
439 5599 705 5660 apparet,
768 5593 895 5663 quia
942 5592 1118 5663 inique
1159 5609 1270 5651 non
1335 5594 1535 5667 egimus
1581 5596 1638 5651 in
1693 5603 1853 5651 testa-

268 5688 441 5734 mento
470 5689 581 5747 tuo,
604 5682 656 5739 id
682 5692 766 5741 est
800 5686 855 5741 in
886 5687 1245 5757 promissione
1277 5702 1441 5760 quam
1472 5686 1567 5743 tibi
1603 5685 1851 5756 fecimus,

1924 626 2069 673 ctum
2093 636 2197 675 non
2224 621 2404 676 solvit.
2432 621 2607 678 Habet
2633 634 2810 680 autem
2836 625 2985 694 quasi
3010 633 3222 695 pactum
3252 633 3500 678 creatura

1924 709 2224 775 rationalis,
2252 720 2313 765 ut
2351 727 2540 767 servus
2574 714 2743 769 fidelis
2772 714 3085 769 Creatorem
3136 722 3189 769 et
3217 713 3503 769 Dominum

1922 818 2034 874 prae
2059 816 2121 859 se
2144 804 2324 868 faciat,
2351 806 2589 875 seipsum
2611 808 2712 861 sibi
2739 807 3000 877 abneget,
3032 806 3305 861 diabolum
3333 819 3509 875 quan-

1925 903 2036 951 tum
2058 897 2229 966 possit
2250 898 2609 954 abrenuntiet.
2651 898 2799 964 Dico,
2835 913 2940 952 non
2965 914 3145 953 sumus
3177 896 3344 960 obliti,
3379 909 3505 950 nam

1925 1004 2027 1043 non
2056 991 2263 1044 recessit
2290 1000 2428 1043 retro
2444 1005 2535 1043 cor
2560 1000 2797 1044 nostrum
2823 1006 2851 1045 a
2881 998 2951 1055 te,
2990 990 3198 1046 scilicet
3224 1005 3254 1043 a
3283 989 3509 1043 manda-

1924 1080 1997 1135 tis
2024 1081 2159 1143 tuis;
2190 1088 2242 1134 et
2270 1081 2315 1135 si
2344 1096 2473 1136 caro
2498 1081 2745 1147 recessit,
2778 1097 2867 1135 cor
2894 1097 3000 1136 non
3027 1082 3259 1147 recessit,
3287 1094 3394 1135 non
3424 1093 3513 1134 re-

1925 1170 2194 1226 currimus
2237 1170 2292 1225 in
2335 1171 2626 1242 Egyptum
2672 1171 2738 1226 ad
2767 1171 2899 1227 ollas
2925 1173 3191 1237 carnium,
3229 1185 3336 1226 non
3359 1177 3513 1225 retro

1927 1264 2235 1334 aspeximus
2261 1263 2328 1317 ad
2349 1277 2411 1318 ea
2435 1278 2556 1333 quae
2582 1264 2902 1319 dimisimus.
2933 1262 3222 1319 lmitamini
3253 1276 3382 1333 ergo
3415 1274 3516 1314 nos

1927 1354 2235 1421 inferiores,
2268 1354 2364 1410 filii
2388 1353 2549 1422 Core,
2576 1354 2717 1411 hanc
2743 1356 2886 1410 viam
2912 1356 3167 1411 insistite.
3206 1351 3274 1407 Et
3304 1352 3516 1409 scilicet

1926 1461 2037 1503 non
2056 1445 2333 1502 declinasti
2359 1448 2572 1503 semitas
2602 1457 2809 1503 nostras
2840 1465 2872 1502 a
2904 1449 2987 1504 via
3028 1457 3137 1511 tua,
3172 1446 3227 1501 id
3264 1453 3365 1509 est,
3402 1460 3512 1499 non

1927 1540 2224 1609 permisisti
2245 1553 2411 1608 opera
2433 1546 2618 1595 nostra
2639 1540 2891 1595 recedere
2914 1554 2942 1593 a
2966 1538 3235 1593 mandatis
3262 1537 3386 1591 tuis.
3415 1531 3515 1590 Vel

1928 1630 2053 1686 ideo
2074 1631 2605 1703 noniniqueegimus
2663 1634 2719 1687 in
2768 1636 3072 1686 testamento
3133 1640 3243 1697 tuo,
3279 1629 3403 1700 quia
3457 1636 3551 1683 tu'

1929 1720 2222 1786 declinasti,
2245 1720 2298 1775 id
2344 1730 2446 1786 est,
2483 1723 2718 1791 pendere
2763 1718 2939 1774 fecisti
2978 1720 3189 1774 semitas
3243 1728 3452 1773 nostras
3485 1733 3521 1771 a

1927 1811 2010 1864 uia
2033 1821 2145 1876 tua,
2178 1826 2299 1880 quae
2329 1808 2486 1863 nobis
2523 1817 2607 1861 est
2638 1810 2855 1871 semita,
2886 1809 2937 1860 id
2972 1818 3073 1871 est,
3100 1816 3249 1861 arcta
3270 1808 3379 1872 via,
3423 1805 3521 1861 tibi

1852 1883 1902 1948 Β
1931 1910 2017 1957 est
2036 1902 2125 1957 via
2142 1901 2249 1955 lata
2278 1906 2335 1954 et
2362 1898 2597 1969 spatiosa
2624 1915 2638 1951 :
2668 1897 2843 1952 fecisti
2866 1912 2994 1968 ergo
3016 1906 3078 1953 ut
3105 1898 3160 1953 in
3190 1897 3396 1953 semitis
3429 1911 3523 1952 no-

1929 1993 2060 2049 stris
2114 1992 2259 2047 viam
2318 1998 2465 2046 tuam
2513 1982 2875 2057 imitaremur,
2927 1991 3065 2044 sicut
3120 1988 3398 2046 aCbristo
3427 1997 3522 2047 tuo

1928 2084 2081 2154 prius
2111 2082 2213 2138 fuit
2237 2080 2595 2146 moriendum,
2621 2089 2740 2150 post
2776 2081 3164 2151 resurgendum
3200 2088 3254 2134 et
3305 2081 3523 2136 intran-

1931 2175 2058 2231 dum
2105 2175 2160 2229 in
2188 2173 2438 2245 gloriam,
2469 2172 2544 2226 ita
2588 2182 2644 2226 et
2683 2186 2782 2227 nos
2834 2170 3123 2226 maluimus
3169 2185 3235 2225 ex
3280 2170 3524 2243 tempore

1930 2265 2204 2324 humiliari
2233 2266 2417 2336 prius:
2442 2263 2591 2334 prius
2611 2264 2757 2319 enim
2792 2270 2879 2316 est
2900 2272 3113 2317 certare
3158 2276 3320 2332 quam
3369 2278 3526 2319 coro-

1930 2359 2072 2423 nari,
2111 2356 2387 2413 humiliari
2414 2370 2577 2425 quam
2598 2354 2846 2409 exaltari.
2877 2353 3121 2409 AliZBVit'B
3154 2362 3374 2418 nostrae,
3402 2352 3525 2409 alite

1933 2462 2079 2509 tuae:
2111 2459 2329 2517 nostrae,
2357 2464 2454 2520 per
2478 2442 2885 2519 prosperitates,
2928 2455 3034 2501 tute
3075 2452 3174 2517 per
3208 2445 3529 2501 amaritudi-

1932 2558 2053 2600 nes.
2083 2544 2151 2599 Et
2180 2553 2236 2599 tu
2265 2542 2549 2598 ostendisti
2605 2551 2818 2596 nostras
2866 2540 2981 2595 vias
3026 2540 3158 2596 alias
3190 2554 3311 2595 esse
3342 2555 3372 2593 a
3396 2539 3525 2607 luis,

1935 2636 2120 2693 dicens
2153 2635 2339 2691 nobis:
2396 2635 2563 2689 Latas
2587 2634 2704 2689 vias
2746 2633 3022 2688 ambulare
3057 2633 3257 2689 vultis?
3311 2632 3479 2688 nolite
3508 2649 3524 2689 :

1934 2727 2039 2783 hac
2057 2727 2165 2782 itur
2187 2728 2255 2781 ad
2277 2725 2463 2791 vitam,
2481 2725 2583 2780 hac
2598 2726 2664 2779 ad
2686 2734 2933 2780 mortem.
2957 2725 3108 2789 Quod
3130 2742 3231 2779 non
3250 2723 3527 2779 declinasti

1933 2821 2145 2877 semitas
2177 2827 2383 2875 nostras
2411 2837 2443 2874 a
2467 2821 2550 2875 uia
2581 2828 2696 2887 tua,
2744 2821 2831 2876 vel
2861 2823 3004 2891 quod
3028 2822 3264 2891 pendere
3313 2820 3532 2883 easfe-

1934 2917 2058 2973 cisti
2087 2931 2119 2972 a
2145 2917 2232 2971 via
2256 2925 2367 2982 tua,
2389 2917 2446 2971 in
2476 2918 2581 2972 hoc
2608 2924 2782 2986 patet,
2808 2919 3059 2989 quoniam
3101 2916 3394 2974 Iiumiliasti
3431 2935 3527 2976 nos

1932 3010 2123 3066 inloco
2143 3010 2453 3083 alﬂictionis.
2483 3008 2601 3065 Non
2623 3010 2945 3081 gloriabitur
2963 3011 3085 3082 quis
3120 3011 3174 3066 in
3201 3011 3319 3067 loco
3349 3010 3530 3067 exSul-

1936 3106 2162 3163 talionis
2185 3104 2287 3162 nisi
2314 3106 2629 3162 humiliatus
2657 3103 2822 3162 fuerit
2856 3106 2911 3161 in
2949 3106 3071 3162 loco
3116 3106 3442 3171 alllictionis,
3472 3105 3529 3161 id

1916 3204 2044 3266 ‘est,
2074 3199 2129 3254 in
2157 3198 2265 3254 vita
2288 3199 2539 3270 praesenti
2575 3199 2629 3254 in
2655 3213 2761 3269 qua
2801 3214 3019 3269 quoquo
3040 3206 3096 3254 te
3138 3207 3337 3263 vertas,
3384 3196 3528 3253 nulla

1937 3307 2065 3363 pax,
2097 3289 2243 3345 nulla
2263 3289 2545 3359 perfectio,
2576 3304 2752 3360 neque
2773 3298 2858 3345 est
2884 3290 3123 3361 gaudere
3152 3289 3204 3343 in
3234 3288 3527 3359 triumpho,

1936 3382 2039 3439 nisi
2061 3379 2318 3452 sategerit
2364 3378 2419 3435 in
2447 3380 2651 3450 praelio.
2708 3378 2824 3443 Vel,
2868 3382 2926 3433 in
2956 3379 3070 3433 loco
3120 3380 3432 3452 aﬁlictionis.
3475 3378 3531 3435 id

1936 3482 2041 3541 est,
2070 3476 2127 3530 in
2175 3487 2401 3544 corpore
2455 3470 2709 3527 bumilias
2759 3486 2861 3527 nos
2904 3471 2971 3526 ad
3019 3471 3412 3537 tribulandum,
3442 3468 3530 3524 vel

1937 3564 2170 3635 compati
2198 3579 2299 3619 nos
2323 3561 2501 3618 fecisti
2535 3561 2832 3618 devocatis.
2855 3559 2924 3617 Et
2975 3577 3169 3618 revera
3200 3578 3397 3635 magna
3426 3560 3531 3617 fuit

1938 3656 2155 3714 afﬂictio
2205 3656 2262 3712 in
2313 3671 2419 3727 qua
2458 3672 2553 3711 nos
2603 3655 2917 3721 humiliasti,
2950 3656 3079 3727 quia
3126 3656 3393 3726 cooperuit
3432 3671 3528 3711 nos

1938 3750 2124 3805 umbra
2153 3750 2369 3815 mortis,
2410 3748 2464 3804 id
2491 3756 2605 3814 est,
2652 3748 2967 3819 temporalis
2995 3763 3142 3804 mors
3171 3763 3271 3804 nos
3299 3747 3529 3803 multum

1938 3842 2229 3913 oppressit,
2271 3857 2393 3913 quae
2432 3841 2588 3910 quasi
2614 3842 2802 3896 umbra
2830 3850 2957 3898 sunt
2990 3842 3184 3896 futurae
3219 3850 3274 3898 et
3311 3850 3530 3898 aeternas

1938 3934 2147 3989 mortis.
2177 3931 2296 3998 Vel,
2328 3933 2514 3987 umbra
2539 3933 2745 3997 mortis,
2787 3933 2841 3988 id
2894 3940 2998 3997 est,
3028 3931 3101 3988 illi
3150 3933 3243 4005 qui
3282 3949 3383 3989 nos
3429 3947 3529 3989 sua

1939 4025 2199 4096 potentia,
2226 4024 2311 4079 vel
2330 4025 2442 4081 suis
2470 4024 2693 4091 divitiis,
2718 4024 2803 4081 vel
2827 4040 2924 4081 sua
2946 4025 3083 4081 mala
3114 4026 3530 4082 conversatione

1938 4115 2264 4169 obumbrant
2294 4113 2362 4168 ad
2390 4122 2639 4169 mortem.
2667 4112 2787 4179 Vel,
2817 4115 3003 4169 umbra
3032 4116 3215 4170 mortis
3244 4123 3370 4171 sunt
3393 4130 3531 4187 quos

1937 4205 2134 4277 premit
2162 4205 2467 4273 ignorantia
2508 4206 2773 4261 veritatis.
2808 4206 2956 4271 Dico,
3000 4224 3105 4262 non
3137 4208 3346 4262 recessit
3390 4215 3530 4263 retro

1941 4316 2032 4356 cor
2054 4308 2309 4365 nostrum,
2342 4315 2462 4354 nam
2493 4300 2538 4355 si
2579 4302 2889 4356 recessisset
2922 4309 2977 4355 tu
3014 4300 3339 4355 vindicares.
3392 4298 3529 4355 Nam

1939 4390 1987 4445 si
2007 4390 2155 4443 obliti
2172 4405 2354 4445 sumus
2374 4407 2559 4447 nomen
2580 4390 2674 4445 Dei
2693 4391 2876 4456 nostri,
2894 4391 3100 4446 scilicet
3121 4408 3226 4445 non
3252 4391 3529 4446 reddendo

1941 4482 1992 4537 ei
2009 4480 2099 4550 jus
2119 4496 2273 4538 suum
2298 4483 2352 4537 in
2375 4483 2551 4548 nobis,
2586 4484 2826 4539 timendo
2856 4498 2979 4537 cum
3001 4492 3059 4538 ut
3083 4492 3329 4539 creatura
3365 4482 3530 4540 Grca-

1944 4579 2118 4629 torem
2177 4589 2354 4639 suum,
2396 4582 2443 4628 et
2496 4575 2543 4628 si
2592 4576 2935 4643 expandimus
2970 4593 3158 4631 manus
3212 4588 3414 4632 nostras
3460 4576 3530 4633 ad

1948 4664 2115 4720 Deum
2155 4666 2405 4730 alienum,
2440 4665 2494 4720 id
2526 4674 2630 4730 est,
2660 4666 2993 4736 praetulimus
3023 4668 3270 4725 Creatori
3318 4680 3531 4728 creatu-

1949 4772 2087 4824 ram,
2115 4755 2306 4813 Nonne
2336 4759 2476 4813 Deus
2504 4761 2731 4829 requiret
2754 4761 2898 4818 ista?
2924 4762 3133 4819 scilicet
3157 4764 3223 4819 ad
3246 4765 3532 4821 vindican-

1948 4849 2074 4905 dum
2098 4852 2314 4920 require:
2352 4851 2549 4921 Jtique.
2580 4850 2714 4906 Nam
2764 4853 2875 4923 ipse
2908 4855 3049 4909 novit
3078 4854 3383 4911 abscondita
3422 4873 3534 4909 cor-

1949 4941 2051 4998 dis.
2082 4939 2246 5009 Quasi
2268 4941 2439 4996 dicat:
2464 4956 2574 4998 non
2599 4943 2771 4998 solum
2798 4946 3086 5010 exteriora,
3116 4946 3209 5002 sed
3238 4954 3293 5001 et
3320 4945 3529 5002 occulta

1949 5034 2173 5092 consilia
2213 5034 2500 5106 cujusque,
2556 5050 2665 5108 quo
2713 5037 2897 5094 animo
2950 5040 3187 5110 quidque
3240 5037 3401 5095 faciat
3448 5038 3533 5094 vel

1952 5126 2209 5197 patiatur,
2240 5125 2445 5182 scilicet
2464 5127 2573 5195 ipse
2600 5126 2739 5183 novit
2758 5142 2857 5184 cur
2892 5129 3009 5186 htee
3050 5130 3229 5185 omnia
3270 5129 3406 5184 mala
3441 5145 3535 5199 pa-

1954 5217 2175 5284 tiamur,
2205 5219 2352 5288 quia,
2376 5232 2410 5273 ο
2436 5218 2679 5284 Domino,
2708 5230 2915 5291 propter
2937 5230 2989 5277 te
3006 5222 3209 5277 scilicet
3223 5234 3536 5291 promeren-

1956 5312 2118 5377 dum,
2169 5327 2275 5366 non
2326 5312 2548 5382 propter
2580 5320 2818 5378 terrena,
2875 5313 3256 5389 mortiﬁcamur
3294 5311 3535 5369 exterius

1953 5412 2062 5459 tota
2083 5403 2187 5470 die,
2239 5404 2293 5458 id
2319 5413 2425 5469 est,
2469 5403 2701 5459 assidue.
2732 5399 2866 5457 Nam
2897 5403 3141 5458 astimati
3178 5419 3360 5458 sumus
3403 5405 3527 5459 sica.

1954 5511 2069 5551 oves
2095 5495 2388 5561 occisionis,
2420 5494 2472 5551 id
2491 5503 2595 5561 est,
2621 5493 2771 5551 stulti
2798 5502 2850 5550 et
2879 5492 3240 5559 seductibiles,
3258 5496 3538 5553 sicutoves

1953 5597 2157 5660 sponte
2172 5590 2237 5642 ad
2258 5586 2586 5643 occisionem
2614 5595 2823 5651 euntes,
2846 5586 2934 5646 vel
2974 5585 3133 5641 facile
3170 5587 3536 5658 seductibiles,

1958 5689 2220 5752 quantum
2273 5680 2339 5735 ad
2366 5680 2673 5736 devocatos.
2695 5677 2895 5734 Aliter:
2923 5678 3075 5744 Dico,
3102 5695 3207 5735 non
3232 5682 3437 5737 recessit
3458 5697 3543 5735 rs-

272 5771 617 5841 promisimus
637 5775 781 5831 enim
806 5776 901 5833 tibi
942 5779 1327 5836 abrenuntiare
1346 5777 1558 5835 diabolo
1573 5787 1628 5832 et
1648 5780 1858 5850 pompis
1959 5785 2041 5832 tro
2067 5794 2157 5832 cor
2175 5785 2442 5841 nostrum,
2474 5782 2529 5829 et
2560 5775 2663 5830 hoc
2697 5788 2823 5829 cum
2866 5775 3099 5847 quadam
3141 5773 3358 5831 fiducia.
3406 5773 3542 5828 Nam

274 5863 412 5938 ejus,
443 5875 500 5923 et
530 5874 582 5924 te
606 5867 778 5925 solum
806 5869 1069 5941 sequitet
1093 5872 1138 5929 si
1158 5886 1288 5929 caro
1310 5870 1413 5928 fuit
1440 5870 1675 5940 infirma,
1703 5859 1879 5946 spiri-J
1965 5871 2012 5926 si
2037 5870 2382 5942 expandimus
2429 5884 2618 5925 manus
2659 5878 2864 5930 nostras
2917 5870 2987 5928 ad
3024 5869 3192 5929 Deum
3245 5867 3473 5927 alienum
3516 5883 3546 5939 ρ
