3978 6398
430 306 539 368 575

1059 300 1320 360 REMlGll
1354 291 2016 357 ANTISSIODORENSIS

2152 292 2203 346 P.
2247 290 2444 349 PARS.
2487 295 2529 352 ι.
2561 324 2631 341 -
2656 295 3066 356 EXEGETICA.

3574 304 3676 361 576

430 419 577 475 obliti
604 434 782 473 sumus
812 431 997 472 nomen
1022 416 1117 471 Dei
1154 415 1338 479 nostri,
1366 412 1619 469 eveniant
1641 409 1796 464 nobis
1828 407 2007 461 omnia
2036 409 2087 469 Α
2116 405 2436 461 mirabiliter
2481 408 2702 465 dextera
2751 418 2860 466 tua.
2896 411 3116 484 Sagittae
3146 419 3251 471 tua
3275 423 3470 483 acuta,
3499 419 3684 490 populi

432 510 595 565 mala.
660 509 872 563 maeret
912 506 1159 576 aliquis:
1213 503 1400 559 Nonne
1451 503 1593 556 Deus
1645 498 1873 566 injustus
1906 504 2007 562 est,

433 616 555 656 cum
588 599 860 669 permittet
902 612 999 652 nos
1044 600 1191 651 tanta
1230 593 1377 664 pati?
1398 607 1522 648 non.
1553 587 1688 645 Nam
1736 603 1906 644 nonne
1931 602 2014 642 re-

432 694 599 765 quiret
634 707 663 745 a
697 691 853 745 malis
882 692 1022 745 hanc
1054 686 1498 744 tribulationem?
1532 682 1742 739 Revera
1765 680 2012 751 requiret,

436 788 562 855 quia
590 786 699 854 ipse
727 787 863 839 novit
900 784 1202 838 abscondita
1242 782 1434 843 cordis,
1462 779 1515 834 id
1548 786 1650 843 est,
1698 792 1804 833 non
1840 776 2015 833 solum

436 893 549 939 cor,
580 878 673 931 sed
728 876 1079 929 intentionem
1121 872 1298 929 cordis
1349 886 1468 942 quae
1514 870 1725 927 occulta
1770 869 2017 937 est;ipse

434 970 575 1022 novit
599 982 702 1035 qua
720 966 1013 1020 intentione
1033 966 1147 1018 haec
1169 964 1420 1032 patimur,
1434 963 1749 1032 quoniam,o
1766 960 2017 1027 Domine,

435 1072 647 1128 propter
669 1070 717 1110 te
751 1058 1150 1124 mortiﬁcamur.
1175 1056 1241 1111 Ει
1271 1057 1396 1125 quia
1420 1066 1629 1126 propter
1656 1063 1705 1108 te
1730 1053 2020 1123 mortiﬁca-

438 1168 578 1215 mur,
607 1164 639 1204 ο
664 1150 906 1213 Domine,
938 1164 1156 1219 exsurge
1198 1149 1284 1204 his
1325 1149 1416 1219 qui
1443 1162 1541 1203 nos
1587 1152 2015 1217 persequuntur;

439 1241 544 1296 illis
570 1243 709 1295 enim
729 1240 931 1294 dormis
956 1241 1152 1306 adhuc,
1180 1241 1270 1309 qui
1301 1250 1352 1296 te
1387 1239 1752 1295 resurrexisse
1778 1252 1885 1293 non
1907 1251 2022 1294 cre-

438 1334 594 1393 dunt,
627 1334 715 1400 qui
750 1342 801 1385 te
829 1341 1105 1387 mortuum
1141 1340 1347 1387 tantum
1389 1332 1663 1387 hominem
1716 1330 2019 1386 attendunt.

441 1426 603 1495 Ergo,
644 1440 861 1493 exsurge
890 1424 1054 1479 etiam
1107 1424 1162 1479 in
1203 1424 1449 1479 notitiam
1496 1421 1737 1493 gentium
1765 1429 1823 1476 ut
1848 1425 2024 1476 cesset

437 1516 545 1585 jam
600 1515 897 1578 devocatio,
946 1523 1124 1570 cesset
1173 1514 1467 1569 tribulatio.
1501 1512 1649 1567 Alias
1695 1527 1812 1566 oves
1860 1510 2024 1564 habeo

438 1623 555 1674 quia
588 1623 687 1660 non
716 1618 920 1661 suntex
946 1608 1045 1661 hoc
1065 1606 1205 1671 ovili,
1232 1606 1411 1677 etiillas
1434 1615 1631 1676 oportet
1665 1621 1747 1659 me
1768 1604 2027 1660 adducere

443 1706 502 1747 ut
532 1694 632 1748 fuit
657 1713 818 1749 unum
855 1696 986 1749 ovile
1022 1705 1069 1749 et
1119 1713 1253 1749 unus
1302 1706 1482 1764 pastor
1515 1694 1698 1765 (Joan.
1726 1697 1805 1763 ι).
1850 1691 2027 1758 Quare

441 1785 731 1848 obdormis,
765 1785 982 1838 Domine
1002 1786 1028 1838 .’
1048 1785 1319 1838 Exciteris
1350 1785 1402 1836 in
1431 1784 1686 1836 cordibus
1720 1796 1910 1837 eorum
1934 1781 2028 1852 qui
2058 1766 2106 1828 Β

444 1886 498 1931 te
534 1885 803 1932 mortuum
852 1876 1197 1941 conﬁtentur,
1250 1885 1305 1930 et
1354 1876 1720 1931 resurrexisse
1765 1888 1876 1929 non
1911 1888 2031 1930 cre-

442 1971 611 2037 dunt,
684 1977 743 2025 ut
793 1970 1011 2024 tandem
1066 1969 1373 2024 desinentes
1428 1980 1528 2023 nos
1574 1968 1860 2038 persequi,
1922 1982 2031 2022 non

444 2078 617 2134 usque
659 2063 713 2117 in
753 2061 914 2117 tinem
962 2070 1220 2117 extremae
1267 2062 1460 2117 mortis
1508 2062 1797 2119 intereant.
1854 2061 2035 2128 Quare

444 2154 638 2224 faciem
688 2162 835 2207 tuam
889 2152 1127 2207 avertis?
1173 2150 1339 2218 Quasi
1391 2151 1564 2207 dicat:
1617 2152 1815 2225 oblitus
1856 2150 2031 2206 nostri

444 2246 646 2303 videris
699 2258 852 2311 esse,
909 2245 1037 2300 dum
1082 2245 1175 2316 qui
1238 2245 1456 2300 timent.
1488 2260 1584 2303 eos
1630 2246 1721 2315 qui
1783 2244 2035 2301 occidunt

447 2351 646 2406 corpus
710 2336 904 2392 desunt
961 2338 1136 2395 nobis.
1201 2334 1532 2393 Oblivisceris
1572 2340 1765 2410 inopia
1819 2348 2033 2395 nostra.

519 2427 687 2496 COpia
733 2434 919 2482 nostra
965 2435 1051 2482 est
1109 2426 1397 2483 multitudo
1442 2428 1813 2495 credentium,
1855 2429 2035 2501 in0pia

454 2527 641 2574 nostra
686 2533 876 2573 eorum
911 2520 1192 2574 devocatio
1219 2527 1276 2575 et
1315 2533 1504 2575 eorum
1547 2520 1867 2588 subtractio,
1897 2534 2035 2591 quo-

453 2629 574 2668 rum
605 2612 835 2668 salutem
857 2614 1145 2668 esurimus.
1178 2613 1342 2680 Quasi
1384 2614 1531 2669 dicat
1560 2626 1575 2667 :
1605 2614 1806 2669 oblitus
1836 2612 2039 2669 videris

456 2706 652 2775 inopia:
681 2716 881 2761 nosti-te
906 2747 922 2770 ,
956 2706 1085 2760 dum
1111 2706 1363 2763 devocari
1385 2706 1572 2761 multis
1598 2704 2040 2761 tribulationibus

462 2797 739 2867 permittis
782 2804 926 2861 tuos,
972 2805 1025 2853 et
1058 2797 1111 2851 in
1138 2799 1239 2853 hoc
1270 2814 1369 2855 nos
1403 2799 1715 2869 pauperari,
1758 2798 1880 2855 illos
1911 2811 2042 2854 vero

461 2887 627 2941 ditari
654 2887 745 2956 qui
774 2902 842 2941 no
862 2896 1313 2959 giersequuntur.
1336 2888 1547 2945 Revera
1580 2889 1767 2958 inopes
1794 2887 1922 2945 facti
1953 2904 2044 2945 su-

461 2994 604 3045 mus,
627 2979 878 3049 quoniam
898 2978 1179 3034 humiliata
1205 2991 1277 3036 est
1309 2982 1365 3035 in
1394 2980 1601 3051 pulvere
1624 2983 1802 3035 anima
1839 2991 2045 3047 nostra,

463 3070 517 3125 id
555 3078 661 3138 est,
700 3069 963 3127 animales
990 3071 1134 3127 inter
1161 3086 1261 3128 nos
1292 3082 1421 3127 sunt
1456 3072 1721 3127 humiliati
1750 3073 1805 3129 in
1828 3071 2047 3129 confor-

468 3160 711 3216 matione
732 3160 951 3216 illorum
968 3161 1061 3230 qui
1101 3161 1441 3232 suntpulvis,
1468 3160 1557 3217 vel
1600 3162 1673 3216 ita
1707 3175 1895 3218 sumus
1918 3176 2049 3218 con-

469 3249 667 3306 culcati
698 3251 839 3306 sicut
872 3250 1069 3322 pulvis.
1103 3249 1505 3323 Conglutinattts
1528 3259 1603 3307 est
1631 3252 1684 3305 in
1706 3260 1849 3307 terra
1875 3260 2052 3308 venter

469 3352 668 3408 noster,
699 3342 753 3397 id
787 3350 891 3407 est,
918 3341 1245 3399 inﬁrmiores
1289 3344 1463 3399 nostri
1502 3343 1850 3401 adhaeserunt
1880 3351 2055 3399 terre-

469 3433 577 3489 nis.
608 3432 773 3503 Ergo,
802 3450 835 3489 ο
859 3432 1080 3490 Domine
1098 3474 1114 3501 ,
1150 3450 1371 3507 exsurge
1389 3476 1403 3501 ,
1430 3435 1641 3492 scilicet
1666 3436 1861 3505 adjuva
1879 3451 1974 3491 nos
1995 3435 2050 3491 in

474 3523 817 3595 persiciendo
874 3525 1218 3580 vocationem
1266 3526 1527 3597 gentium.
1586 3524 1656 3579 Et
1706 3525 1902 3581 redime
1933 3540 2051 3591 nos,

480 3614 689 3670 scilicet
729 3624 853 3670 tuos
892 3617 987 3685 qui
1031 3618 1382 3682 devocantur,
1419 3625 1630 3686 propter
1663 3632 1851 3672 nomen
1883 3625 2049 3682 tuum,

475 3709 686 3765 scilicet
710 3708 1145 3780 gloriﬁcandum.
1170 3709 1291 3776 Vel,
1325 3724 1488 3779 quare
1523 3708 1874 3779 faciemtuam
1903 3724 2055 3765 aver-

476 3800 545 3854 tis
589 3799 715 3852 dum
764 3797 1078 3854 Oblivisceris
1121 3800 1312 3869 inopia:
1349 3809 1573 3866 nostris,
1624 3808 1673 3855 et
1705 3798 2057 3855 tribulationis

479 3891 715 3947 nostris?
744 3890 796 3947 id
821 3898 923 3957 est,
953 3891 1156 3947 videris
1199 3892 1545 3961 praesentiam
1569 3900 1715 3947 tuam
1743 3890 2065 3948 subtrahere

485 3983 618 4048 illis,
646 3991 704 4037 et
722 3981 970 4039 oblivisci
998 3995 1093 4038 eos
1114 3983 1166 4037 in
1198 3997 1427 4051 quorum
1455 3981 1806 4039 tribulatione
1833 3996 1935 4038 nos
1956 3981 2061 4036 tri-

488 4075 760 4130 bulamur.
805 4074 987 4144 In0pia
1021 4080 1145 4128 sunt
1191 4073 1266 4127 illi
1312 4074 1406 4143 qui
1451 4072 1641 4129 nolunt
1691 4071 1936 4143 spoliari,
1966 4072 2064 4129 sed

489 4166 865 4237 supervestiri;
897 4166 1228 4222 abundantia
1257 4174 1437 4223 autem
1461 4174 1610 4233 sunt,
1630 4165 1723 4237 qui
1743 4165 1983 4238 gaudent
2007 4165 2065 4222 in

488 4258 946 4314 tribulationibus.
1000 4256 1265 4324 Quoniam
1320 4256 1600 4313 humiliata
1637 4266 1713 4312 est
1756 4257 1813 4313 in
1855 4256 2065 4328 pulvere

488 4351 669 4405 anima
685 4359 882 4405 nostra.
906 4348 988 4406 Ac
1013 4351 1059 4406 si
1088 4349 1264 4406 dicat:
1295 4350 1435 4406 Vere
1463 4349 1661 4420 {aciem
1678 4357 1823 4404 tuam
1850 4350 2064 4416 avertis,

490 4440 619 4510 quia
647 4440 823 4496 anima
862 4451 1063 4507 nostra,
1092 4441 1147 4497 id
1167 4449 1275 4508 est,
1303 4440 1379 4497 illi
1406 4440 1499 4511 qui
1521 4440 1781 4497 deberent
1805 4454 1905 4496 nos
1928 4439 2066 4496 vivi-

2068 3115 2121 3187 ο

2112 497 2215 553 sub
2236 507 2289 553 te
2315 499 2527 566 cadent,
2557 500 2611 555 in
2637 502 2799 557 corda
2825 502 3165 561 inimicorum
3185 507 3347 579 regis.
3377 508 3552 565 Sedes
3574 519 3683 576 tua,

2113 591 2281 659 Deus,
2318 592 2388 662 Qin
2432 593 2689 650 saeculum
2733 594 2948 663 saeculi,
2993 596 3142 671 virga
3185 599 3503 659 directionis
3538 604 3688 674 virga

2114 684 2267 757 regni
2304 686 2402 741 tui.
2430 686 2673 744 Dilexisti
2702 687 2993 760 justitiam,
3019 698 3076 745 et
3114 690 3277 748 odisti
3304 692 3685 765 iniquitatem:

2114 786 2400 848 propterea
2420 779 2575 834 unxit
2598 787 2653 836 te
2679 778 2824 837 Deus
2856 779 2998 838 Deus
3026 788 3151 839 tuus
3184 782 3307 840 oleo
3344 783 3552 842 laetitia
3576 800 3688 857 pre

2121 870 2469 927 consortibus
2493 871 2619 927 tuis.
2645 870 2889 944 Myrrha,
2911 882 2968 928 et
2996 881 3149 952 gnua
3185 881 3243 931 et
3278 875 3428 933 casia
3454 891 3491 932 a
3526 876 3693 933 vesti—

2121 959 2323 1014 mentis
2346 959 2475 1025 tuis,
2509 974 2539 1014 a
2581 960 2832 1017 domibus
2871 960 3157 1029 eburneis,
3200 977 3271 1020 ex
3310 963 3506 1034 quibus
3550 962 3693 1024 deis-

2119 1058 2407 1107 ctaverunt
2429 1060 2481 1107 te
2502 1052 2627 1109 ﬁliae
2642 1068 2829 1126 regum
2855 1055 2910 1110 in
2934 1055 3140 1113 honore
3166 1065 3278 1113 tuo.
3296 1058 3488 1114 Astitit
3507 1060 3694 1130 regina

2120 1154 2153 1195 a
2175 1140 2382 1196 dextris
2411 1141 2517 1197 tuis
2547 1142 2603 1197 in
2636 1144 2835 1200 vestitu
2854 1144 3133 1213 deaurato,
3161 1145 3496 1205 circumdata
3523 1151 3695 1208 varie-

2122 1239 2255 1287 tate.
2290 1230 2450 1301 Audi,
2485 1233 2613 1302 illia,
2657 1243 2712 1292 et
2744 1237 2888 1305 vide,
2918 1245 2974 1294 et
3013 1238 3211 1294 inclina
3243 1254 3429 1297 aurem
3456 1250 3612 1298 tuam
3644 1252 3695 1301 et

2123 1323 2444 1381 obliviscere
2482 1324 2742 1398 populum
2770 1335 2921 1384 tuum
2968 1336 3023 1385 et
3052 1329 3271 1387 domum
3301 1332 3474 1402 patris
3501 1333 3603 1388 tui.
3635 1332 3698 1391 Et

2126 1418 2475 1488 concupiscet
2510 1433 2606 1475 rex
2648 1420 2896 1477 decorem
2936 1428 3111 1489 tuum,
3161 1423 3417 1492 quoniam
3466 1422 3591 1494 ipse
3616 1433 3698 1480 est

2128 1509 2389 1565 Dominus
2418 1508 2563 1567 Deus
2584 1520 2729 1577 tuus,
2752 1519 2806 1565 et
2827 1512 3134 1568 adorabunt
3158 1526 3305 1569 eum.
3337 1512 3406 1569 Et
3424 1511 3552 1569 ﬁlia:
3575 1511 3699 1586 Tyri

2129 1601 2184 1656 in
2220 1601 2554 1669 muneribus,
2602 1603 2811 1658 vultum
2838 1612 2987 1659 tuum
3038 1603 3474 1675 deprecabuntur
3512 1619 3702 1662 omnes

2132 1695 2336 1751 devites
2363 1695 2555 1766 plebis.
2590 1694 2781 1752 Omnis
2801 1696 2971 1768 gloria
2993 1696 3109 1767 ejus
3136 1695 3260 1752 ﬁlia:
3294 1696 3436 1768 regis
3466 1697 3539 1753 ab
3562 1696 3703 1752 intus

2133 1787 2189 1842 in
2209 1786 2440 1842 ﬁmbriis
2472 1788 2652 1844 aureis
2676 1789 3080 1845 circumamicta
3120 1788 3492 1845 varietatibus.
3521 1788 3705 1846 Addu-

2131 1887 2322 1934 centur
2348 1879 2462 1950 regi
2489 1880 2726 1952 virgines
2775 1890 2897 1952 post
2943 1896 3061 1937 eam
3082 1921 3098 1947 ,
3131 1880 3392 1953 proxima:
3413 1879 3546 1952 ejus
3581 1879 3707 1939 alie-

2132 1978 2320 2024 rentur
2344 1969 2464 2024 tibi.
2486 1968 2793 2026 All‘erentur
2814 1971 2870 2026 in
2896 1970 3080 2027 laetitia
3114 1978 3169 2026 et
3190 1969 3585 2037 exsultatione,
3614 1970 3709 2026 ad-

2134 2061 2401 2116 ducentur
2446 2061 2501 2115 in
2535 2061 2795 2133 templum
2844 2062 3009 2134 regis.
3039 2061 3146 2118 Pro
3179 2063 3423 2134 patribus
3453 2062 3565 2118 tuis
3597 2058 3708 2116 nati

2132 2158 2260 2207 sunt
2281 2148 2375 2204 tibi
2405 2149 2502 2205 ﬁlii
2528 2165 2543 2205 :
2572 2152 2870 2207 constitues
2891 2166 2988 2209 eos
3008 2152 3280 2223 principes
3306 2165 3470 2224 super
3492 2165 3709 2208 omnem

2135 2249 2360 2297 terram.
2404 2238 2611 2297 Memor
2650 2255 2746 2297 ero
2794 2241 3029 2297 nominis
3064 2242 3160 2307 tui,
3204 2240 3455 2308 Domine,
3485 2241 3544 2297 in
3566 2240 3711 2297 omni

2134 2330 2480 2403 generatione
2504 2338 2559 2386 et
2581 2333 2950 2403 generatione.
2975 2330 3267 2403 Pr0pterea
3314 2329 3498 2403 populi
3539 2329 3711 2388 conti.

2137 2422 2395 2481 tebuntur
2421 2422 2518 2481 tibi
2548 2423 2604 2479 in
2627 2432 2912 2491 aeternum,
2942 2425 3078 2481 etin
3117 2424 3371 2483 saeculum
3398 2423 3611 2481 seculi.

2705 2517 3157 2577 ENARRATIO.

2208 2611 2455 2670 Psalmus
2469 2614 2571 2671 iste
2594 2621 2849 2671 cantatur
2868 2613 2936 2670 de
2956 2615 3162 2671 sanctis
3182 2612 3404 2687 nuptiis,
3428 2612 3498 2669 de
3518 2626 3721 2685 sponso

2139 2705 2391 2762 videlicet
2408 2714 2467 2761 et
2498 2720 2719 2777 sponsa,
2751 2704 2819 2763 de
2837 2716 2964 2777 rege
2989 2712 3045 2761 et
3070 2704 3245 2776 plebe,
3279 2704 3347 2759 de
3367 2703 3647 2760 salvatore
3668 2710 3721 2761 et

2143 2797 2441 2865 salvandis,
2467 2805 2524 2853 et
2546 2798 2874 2871 proponitur
2889 2794 3018 2854 filiis
3038 2795 3179 2854 Core
3204 2796 3487 2870 agentibus
3512 2795 3722 2853 scilicet

2143 2904 2244 2963 pro
2277 2889 2364 2946 his
2389 2889 2481 2961 qui
2510 2888 3008 2955 wmmutabuntur,
3042 2886 3099 2944 id
3125 2897 3232 2954 est,
3252 2901 3353 2960 pro
3372 2886 3722 2944 commutatis

2149 2982 2217 3037 ad
2242 2980 2575 3037 intellectum
2603 2979 3013 3052 recipiendum:
3042 2992 3166 3051 qua:
3201 2986 3331 3035 sunt
3353 2978 3521 3035 etiam
3552 2977 3726 3033 canti-

2147 3085 2271 3130 cum
2298 3082 2397 3142 pro
2425 3068 2641 3126 dilecto.
2668 3067 2803 3139 Vel,
2833 3077 3012 3142 potest
3046 3069 3290 3127 construi
3334 3076 3725 3143 praeposteram

2149 3161 2339 3220 ordine
2379 3167 2441 3218 ut
2467 3160 2748 3219 dicamus:
2793 3161 2911 3218 haec
2955 3161 3125 3217 verba
3158 3168 3285 3217 sunt
3320 3160 3595 3218 canticum
3633 3173 3727 3230 pro

2151 3254 2368 3320 dilecto,
2396 3252 2584 3321 verba,
2605 3254 2746 3318 dico,
2767 3253 3046 3326 proposita
3071 3251 3196 3309 ﬁliis
3219 3249 3359 3310 Core
3405 3252 3475 3308 ad
3520 3250 3729 3308 intelle-

2150 3354 2319 3403 ctum.
2345 3344 2459 3402 Hoc
2483 3358 2682 3402 nomen
2704 3343 2844 3403 Core
2869 3357 2993 3399 cum
3015 3344 3233 3400 auditur
3249 3357 3356 3399 non
3380 3342 3642 3399 debemus
3664 3339 3730 3397 ad

2154 3438 2467 3494 irrisionem
2492 3436 2761 3508 accipere,
2794 3451 2865 3492 ne
2888 3434 2943 3491 in
2965 3448 3128 3492 sensu
3152 3432 3351 3505 puerili
3388 3431 3732 3488 inveniamur

2154 3528 2549 3602 comparabiles
2576 3529 2763 3599 pueris
2790 3527 2896 3585 illis
2928 3528 3021 3599 qui
3059 3533 3247 3583 sancto
3271 3524 3367 3581 Dei
3395 3522 3577 3580 Eliseo
3611 3534 3733 3593 ιιι-οι

2154 3625 2334 3697 pheta:
2360 3632 2546 3695 typum
2586 3620 2791 3679 Christi
2824 3620 3032 3693 gerenti
3071 3619 3423 3687 insultabant,
3452 3617 3731 3673 dicentes:

2157 3715 2394 3773 Ascende
2421 3713 2585 3779 calve,
2611 3713 2834 3770 ascende
2854 3712 2995 3769 calve
3019 3710 3073 3784 (1
3088 3709 3129 3767 ν
3154 3708 3328 3784 Reg.).
3366 3708 3516 3779 Quos
3539 3719 3736 3779 pueros

2161 3808 2328 3866 stulte
2348 3805 2597 3881 garrulas
2633 3814 2692 3863 et
2719 3806 2776 3862 in
2815 3803 3115 3876 perniciem
3151 3816 3306 3859 suam
3350 3797 3737 3857 maledicentes

2160 3897 2350 3956 bestiae
2370 3906 2632 3954 exeuntes
2646 3898 2714 3954 de
2734 3896 2872 3953 silva
2894 3896 3305 3953 devoraverunt.
3330 3891 3415 3947 Ab
3437 3889 3740 3945 imitatione

2162 3996 2360 4051 horum
2404 4007 2700 4065 puerorum
2744 4006 2846 4049 nos
2875 3998 3093 4046 revocat
3136 3984 3446 4060 Apostolus,
3506 3981 3737 4038 dicens:

2164 4082 2345 4141 Nolite
2362 4084 2512 4154 pueri
2550 4081 2690 4152 efﬁci
2722 4079 2959 4137 sensibus
2990 4076 3045 4149 (Ι
3073 4074 3200 4134 Cor.
3232 4073 3367 4144 ιη),
3406 4085 3530 4128 cum
3556 4078 3739 4126 tamen

2164 4174 2426 4247 magister
2446 4174 2617 4245 ipsius
2642 4187 2741 4230 nos
2767 4172 2956 4228 invitet
2982 4170 3051 4226 ad
3075 4165 3427 4224 imitationem
3443 4160 3597 4233 pueri
3619 4173 3743 4215 cum

2168 4267 2303 4324 dixit
2333 4282 2351 4321 :
2395 4265 2518 4323 Nisi
2556 4265 2866 4337 efﬁciamini
2903 4262 3039 4319 sicut
3068 4257 3318 4333 parvulus
3354 4257 3473 4321 iste,
3522 4269 3631 4308 non
3663 4253 3745 4305 in-

2168 4359 2377 4416 trabitis
2394 4360 2453 4414 in
2473 4374 2691 4431 regnum
2714 4356 2961 4413 calorum
2981 4351 3199 4426 (Matth.
3223 4348 3401 4418 mn).
3426 4344 3747 4401 Consideret

2171 4455 2339 4528 igitur
2365 4454 2595 4525 quisque
2615 4449 2683 4505 ad
2712 4449 2843 4521 quid
2868 4446 3127 4518 magister
3154 4458 3253 4499 nos
3292 4440 3505 4503 invitet,
3541 4444 3599 4528 et
3618 4436 3748 4528 quid

493 4498 686 4595 iicare,
713 4532 977 4587 humiliati
1003 4498 1132 4591 sunt
1167 4533 1237 4589 ab
1260 4498 1373 4588 'his
1398 4498 1491 4602 qui
1534 4529 1711 4602 pulvis
1749 4538 1895 4597 sunt,
1924 4526 2047 4586 Con

2172 4498 2333 4606 ἷὲὲῖἑ
3110 4546 3270 4605 quem
3300 4498 3533 4588 delectat
3562 4498 3749 4582 imita-

498 4623 790 4694 glutinatus
830 4634 905 4679 est
946 4628 1002 4681 in
1042 4636 1182 4680 terra
1224 4636 1399 4681 venter
1429 4634 1613 4692 vester,
1653 4624 1708 4680 id
1734 4632 1841 4691 est,
1870 4622 2072 4682 inﬁrmi

503 4717 677 4774 nostri
702 4718 858 4787 quasi
879 4716 1083 4791 glutine
1101 4718 1374 4789 conjuncti
1398 4726 1527 4775 sunt
1548 4717 1799 4775 terrenis.

1018 4828 1337 4887 PSALMUS
1370 4829 1554 4887 XLIV.

501 4936 556 4979 ll
592 4936 754 4980 “NII
781 4936 884 4979 PIO
910 4937 997 4979 IIIS
1025 4938 1115 4987 QUI
1144 4937 1616 4982 οοηυτηυατωι
1650 4937 1809 4981 ιιιιιε
1837 4936 1975 4983 6011
2008 4938 2079 4982 λυ

740 5008 1137 5061 ικτιιιῑετωι,
1165 5008 1435 5057 ειμτιευι
1456 5010 1557 5052 PRO
1585 5009 1834 5053 υιιεοτο.

574 5104 858 5161 Eructavit
879 5118 974 5161 cor
1003 5119 1183 5161 meum
1211 5104 1434 5161 verbum
1451 5104 1671 5172 bonum,
1696 5105 1818 5162 dico
1830 5117 1931 5175 ego
1954 5117 2084 5176 ope-

510 5212 577 5253 ra
605 5210 730 5252 mea
769 5197 900 5268 regi.
939 5194 1145 5266 Lingua
1172 5210 1294 5254 mea
1318 5196 1561 5255 calamus
1596 5197 1792 5253 scribas
1825 5194 2087 5252 velociter

515 5286 823 5344 scribentis.
859 5288 1147 5360 Speciosus
1172 5288 1349 5347 forma
1369 5304 1481 5360 pra:
1502 5287 1627 5343 ﬁliis
1647 5288 1950 5351 hominum,
1979 5283 2086 5343 dif-

518 5375 638 5433 fusa
662 5386 748 5434 est
775 5380 948 5451 gratia
975 5380 1030 5435 in
1059 5378 1218 5435 labiis
1254 5379 1382 5445 tuis,
1415 5387 1701 5451 propterea
1723 5376 2003 5434 benedixit
2032 5386 2088 5434 te

513 5469 657 5524 Deus
680 5470 733 5525 in
756 5480 1034 5529 aeternum.
1061 5473 1365 5543 Accingere
1387 5470 1565 5541 gladio
1600 5478 1691 5525 tuo
1715 5482 1877 5539 super
1908 5466 2088 5524 femur

524 5569 699 5629 tuum,
720 5566 1111 5633 potentissime.
1147 5564 1342 5637 Specie
1376 5574 1466 5620 tua
1493 5572 1548 5620 et
1568 5562 1969 5635 pulchritudine
1994 5573 2086 5619 tua

529 5652 749 5708 intende
775 5670 1051 5724 prospere,
1081 5658 1313 5729 procede
1333 5666 1388 5714 et
1421 5672 1605 5725 regna.
1644 5654 1871 5725 Propter
1897 5655 2088 5710 verita-

521 5752 711 5804 temet
748 5751 1211 5811 mansuetudinem
1254 5761 1307 5811 et
1360 5750 1643 5820 iustitiam,
1683 5758 1737 5806 et
1772 5749 2000 5807 deducet
2038 5757 2089 5805 to

2187 4639 2265 4695 tio
2288 4634 2496 4708 parvuli
2544 4649 2652 4691 non
2686 4632 2919 4690 delectet
2937 4626 3266 4702 ignorantia,
3296 4623 3392 4680 sed
3417 4620 3750 4678 innocentia.

2177 4728 2340 4786 Pueri
2388 4734 2569 4784 autem
2607 4725 2686 4783 illi
2723 4722 2818 4797 qni
2857 4726 3047 4779 sancto
3087 4719 3184 4775 Dei
3221 4716 3374 4774 calvo
3423 4710 3757 4770 insultabant

2177 4819 2602 4895 prmﬂgurabant
2663 4816 2785 4873 illos
2823 4814 2938 4887 qui,
2964 4828 3030 4871 ex
3065 4811 3295 4869 nimium
3323 4804 3535 4881 pueruli
3568 4818 3756 4895 sensu,

2184 4894 2403 4973 stabant
2427 4919 2554 4969 ante
2578 4911 2779 4984 lignum
2821 4922 3036 4965 sacrum
3078 4903 3371 4962 Dominica:
3413 4899 3625 4963 crucis,
3684 4894 3763 4951 di-

2187 5016 2376 5065 centes
2410 5022 2426 5059 :
2457 5002 2518 5062 Si
2547 5002 2723 5059 Filius
2747 5001 2843 5058 Dei
2874 5016 2949 5067 es,
2976 4998 3228 5055 descende
3253 4997 3319 5052 de
3356 5008 3510 5050 cruce
3545 4988 3761 5063 (llattlt.

2188 5100 2384 5173 xxvii);
2408 5101 2501 5171 qui
2524 5114 2555 5155 a
2577 5098 2767 5156 bestiis
2787 5103 2913 5153 sunt
2937 5093 3202 5158 dovorati,
3226 5088 3479 5162 quoniam
3499 5100 3531 5139 a
3552 5081 3768 5139 diabolo

2189 5193 2420 5250 interius
2450 5198 2579 5249 sunt
2601 5186 2939 5251 mortificati,
2967 5185 3105 5241 vela
3131 5182 3321 5239 bestiis
3344 5174 3586 5235 devorati
3614 5178 3764 5235 sunt,

2193 5285 2249 5344 id
2271 5292 2377 5351 est,
2408 5298 2444 5341 a
2487 5282 2612 5339 Tito
2646 5290 2703 5337 et
2734 5277 3069 5350 Vespasiano
3110 5270 3294 5329 amicti
3337 5277 3393 5325 et
3421 5261 3769 5323 condemnati

2191 5379 2285 5451 qui
2325 5377 2580 5434 dicuntur
2621 5374 2811 5431 bestia:
2848 5368 3190 5443 egredientes
3226 5367 3294 5422 de
3318 5363 3492 5428 ~silva,
3518 5360 3573 5415 id
3601 5366 3706 5423 est,
3740 5372 3769 5411 a

2195 5471 2444 5546 gentibus
2464 5468 2637 5534 missi,
2665 5481 2782 5537 rpite
2806 5474 2993 5538 gentes
3020 5461 3172 5519 silvis
3203 5462 3609 5546 comparantur,
3633 5464 3771 5521 quo-

2196 5543 2343 5619 niam
2364 5559 2564 5617 nullam
2592 5558 2770 5615 adhuc
2796 5562 3116 5627 receperunt
3142 5550 3430 5606 culturam.
3459 5543 3612 5613 Quod
3634 5555 3769 5613 qua-

2200 5655 2448 5725 draginta
2469 5651 2575 5708 duo
2599 5666 2665 5707 ex
2688 5650 2792 5705 illis
2820 5647 3005 5721 pueris
3033 5644 3255 5702 fuerunt
3300 5655 3333 5698 a
3371 5637 3565 5695 bestiis
3610 5635 3774 5734 dero:

2202 5724 2326 5813 ratil
2350 5743 2733 5813 Ortaﬁgurabat
2763 5739 3119 5819 quadraginta
3162 5736 3295 5794 duos
3329 5744 3503 5807 annos
3536 5724 3628 5789 qui
3655 5724 3773 5787 ure
