3978 6490
170 449 272 509 ³77

1275 435 1804 494 ENARRATIONES
1839 438 1908 495 1N
1952 397 2334 500 tissimi”

3308 452 3412 510 578

171 574 296 628 runt
321 579 354 622 a
384 561 634 635 passione
654 554 857 616 Christi
895 570 1066 628 usque
1091 558 1156 612 ad
1194 557 1610 613 destructionem
1639 555 1729 612 Jea
1759 557 1811 619 Δ
1835 561 2087 616 cessisset
2125 564 2176 617 in
2224 563 2607 633 approbatione
2659 568 2891 623 consilil.
2952 567 3191 636 Qualiter
3233 579 3413 628 autem

170 670 426 716 rusatem.
454 651 564 708 Pro
598 652 680 706 Itis
727 651 817 721 qui
859 647 1316 702 commutabantur
1345 661 1364 700 :
1388 664 1506 719 qua:
1535 649 1606 704 sit
1630 649 1733 702 ista

166 744 520 806 commutatio
566 741 744 798 omnis
801 744 1163 796 commutatus
1220 737 1273 792 in
1320 738 1498 808 seipso
1557 743 1735 808 potest

167 852 489 912 agnoscere;
512 831 920 902 consideretqui
946 829 1128 896 fuerit,
1150 829 1279 899 quid
1304 830 1463 885 modo
1483 832 1584 897 sit;
1603 845 1732 886 con-

166 931 372 985 sideret
400 926 666 982 mundum
691 924 840 995 prius
871 921 1016 978 idola
1039 921 1380 986 adorantem,
1416 923 1577 978 modo
1606 936 1737 978 vero

163 1019 335 1075 Deum
359 1016 643 1073 colentem.
673 1014 825 1086 llam
849 1009 1325 1070 commutationem
1352 1012 1514 1066 etiam
1538 1013 1735 1083 pagani

163 1117 574 1182 recognoscunt,
592 1124 713 1165 cum
734 1107 964 1164 viderint
985 1106 1180 1179 templa
1195 1122 1290 1164 sua
1304 1108 1537 1173 deserta,
1552 1105 1736 1163 Eccle-

159 1205 265 1260 aias
299 1204 399 1258 Dei
430 1203 675 1258 refertas.
709 1203 803 1258 Vel
844 1203 914 1256 ad
955 1202 1273 1259 intellectum
1306 1210 1433 1259 sunt
1462 1203 1576 1259 hac
1611 1216 1737 1273 pro-

159 1297 344 1366 posita
373 1296 503 1365 ﬁliis
531 1295 665 1352 Core
690 1303 749 1351 ut
777 1310 885 1351 non
914 1295 1026 1353 sint
1053 1298 1210 1365 eieci,
1235 1297 1377 1352 sicut
1402 1295 1479 1352 illi
1505 1296 1572 1351 de
1610 1296 1734 1366 qui-

157 1387 254 1442 bus
277 1386 489 1442 dictum
511 1395 594 1443 est
618 1402 631 1440 :
651 1384 710 1442 Si
721 1388 858 1441 enim
878 1389 1253 1458 cognovissent,
1272 1403 1540 1459 nunquam
1561 1387 1738 1442 Domi-

158 1492 279 1530 num
313 1476 502 1546 gloria:
537 1476 939 1546 cruciﬁxissent,
977 1477 1064 1532 vel
1099 1477 1169 1531 ad
1194 1476 1530 1543 intellectum,
1562 1483 1621 1554 ut
1650 1475 1735 1530 in-

155 1565 404 1636 telligant
449 1567 517 1622 ad
563 1581 725 1637 quem
765 1567 1033 1637 pertineat
1086 1566 1202 1622 haec
1244 1568 1632 1632 commutatio,
1667 1566 1736 1622 ad

156 1655 438 1712 Christum
459 1657 734 1722 videlicet,
765 1656 1020 1714 dilectum
1055 1672 1217 1728 super
1248 1672 1437 1713 omnes
1485 1657 1732 1713 dilectos.

153 1742 438 1803 Canticum
464 1764 560 1818 pro
590 1747 797 1802 dilecto.
845 1745 1032 1802 Solent
1067 1747 1375 1802 scholastici
1410 1761 1734 1816 componere

152 1853 380 1896 carmen
428 1840 754 1894 cantandum
793 1838 847 1894 in
875 1839 1078 1908 nuptiis
1121 1839 1177 1893 in
1226 1837 1410 1894 laudes
1457 1838 1641 1908 sponsi
1679 1845 1736 1892 et

1836 664 1932 722 per
1962 650 2222 708 fabricam
2254 655 2547 725 subjectam
2589 659 2758 714 oculis
2797 658 3143 732 intelligimus
3183 677 3409 734 praeces-

1836 740 1973 796 sisse
1997 742 2278 798 consilium
2301 745 2576 814 sapientis,
2602 749 2700 813 sic,
2724 750 2769 803 si
2790 750 3006 806 oculum
3030 752 3222 808 mentis
3244 752 3310 806 ad
3331 768 3410 809 su—

1835 833 2049 902 periora
2076 845 2372 902 vertamus,
2389 837 2443 892 in
2464 838 2620 893 nobis
2644 839 2777 908 ipsis
2805 856 3093 912 possumus
3119 841 3411 915 intelligere

1837 924 2156 994 sapientiam
2179 925 2355 982 Patris
2381 930 2724 997 praecessisse
2753 930 2807 986 in
2843 933 3195 1004 disposhione
3216 943 3412 992 nostra:

1837 1015 2128 1071 creationis
2148 1035 2162 1070 :
2184 1017 2586 1075 consideremus
2597 1020 3102 1091 nosipsos,c¢elum,
3117 1032 3171 1080 et
3191 1033 3413 1093 terram,

1837 1115 1891 1163 et
1917 1121 2107 1164 omnes
2133 1118 2356 1164 ornatus
2382 1124 2591 1176 eorum,
2611 1111 2859 1169 homines
2887 1114 3132 1171 videlicet
3163 1116 3215 1171 in
3248 1125 3414 1182 terra.

1835 1199 2357 1271 Angelos,Virtutes,
2371 1202 2714 1274 Principatus
2729 1206 2783 1261 in
2808 1206 2966 1272 etelo,
2980 1216 3035 1262 et
3056 1207 3416 1279 intelligamus

1837 1289 2072 1348 Verbum
2101 1295 2432 1361 necessario,
2456 1298 2579 1365 quia
2604 1299 2780 1352 omnia
2801 1315 2893 1368 per
2911 1301 3082 1370 ipsum
3104 1300 3246 1370 facta
3268 1309 3413 1366 sunt,

1836 1389 1886 1435 et
1930 1382 2042 1436 sine
2090 1384 2203 1453 ipso
2237 1384 2434 1455 factum
2481 1396 2555 1440 est
2603 1386 2732 1441 nihil
2764 1387 2946 1458 (Joan.
3001 1390 3062 1457 ὴ.
3103 1388 3257 1456 Quod
3302 1388 3420 1459 ipse

1835 1471 1998 1529 Pater
2029 1473 2119 1531 hic
2147 1483 2376 1531 testatur
2403 1476 2500 1532 sic.
2531 1477 2660 1533 Dico
2685 1495 2776 1549 ego
2813 1495 2969 1549 opera
2992 1494 3108 1534 mea
3146 1491 3263 1536 esse
3283 1495 3414 1551 regi,

1836 1564 1892 1618 id
1939 1573 2042 1628 est,
2077 1565 2221 1636 huic]
2249 1567 2426 1623 Verbo
2487 1568 2600 1639 regi
2634 1568 2800 1634 facto,
2837 1570 3061 1640 dispono
3103 1585 3259 1640 opera
3300 1586 3418 1626 mea

1837 1656 2094 1725 regenda,
2119 1657 2244 1726 quia
2282 1658 2331 1713 ei
2363 1658 2461 1713 soli
2501 1659 2812 1723 innotesco;
2846 1674 2965 1716 mea
2994 1670 3228 1726 secreta,
3253 1666 3314 1715 ut
3348 1660 3420 1714 sit

1835 1745 2104 1814 expositio
2130 1748 2453 1816 superioris,
2488 1749 2565 1803 sic
2601 1768 2613 1802 :
2646 1747 2776 1802 Dico
2829 1766 2921 1820 ego
2965 1764 3122 1819 opera
3149 1765 3266 1804 mea
3285 1749 3418 1819 regi,

1836 1833 1892 1889 id
1937 1844 2041 1900 est,
2090 1834 2312 1890 Verbum
2355 1845 2544 1892 eructo
2589 1852 2710 1892 cum
2748 1852 2855 1907 quo
2894 1838 3077 1892 omnia
3112 1851 3270 1906 Opera
3304 1851 3423 1891 mea

148 1947 365 2002 sponsae
393 1931 539 2002 quod
565 1942 790 1988 vocatur
807 1931 1213 2002 epithalamium
1237 1944 1253 1985 :
1290 1931 1358 1985 ad
1380 1931 1520 1985 hanc
1540 1929 1731 1985 simili-
1756 1921 1806 1982 Β
1832 1930 2081 1999 dispono.
2109 1930 2185 1986 Ne
2217 1930 2439 1987 Verbum
2476 1932 2605 1988 illud
2631 1934 3005 1990 transitorium
3031 1931 3418 2003 intelligamus,

147 2023 395 2078 tudinem
426 2023 517 2078 hic
550 2020 789 2092 psalmus
827 2031 910 2078 est
940 2023 993 2077 in
1023 2021 1208 2077 laudes
1245 2022 1429 2092 sponsi
1454 2020 1654 2076 Christi
1675 2029 1730 2075 et

146 2127 364 2183 sponsa
382 2113 501 2184 ejus
529 2112 807 2169 Ecclesiae.
848 2112 1128 2168 Laudatur
1149 2113 1240 2168 hic
1265 2113 1354 2166 ille
1399 2114 1466 2167 de
1513 2127 1620 2181 quo
1673 2111 1729 2164 in

145 2203 395 2260 Canticis
453 2204 789 2261 canticorum
833 2204 1068 2260 dicitur:
1114 2203 1395 2259 Osculetur
1429 2219 1510 2258 me
1553 2202 1730 2257 osculo

143 2296 254 2349 oris
283 2295 374 2350 sui
406 2294 588 2368 (Cant.
619 2299 683 2368 ι.)
724 2295 972 2352 Gaudeat
1002 2309 1133 2366 ergo
1167 2309 1366 2366 sponsa
1404 2293 1646 2350 Ecclesia
1673 2307 1732 2348 se

143 2394 387 2441 amatam
415 2401 450 2441 a
494 2395 648 2442 tanto
677 2401 898 2458 sponso,
939 2387 1201 2456 quoniam
1245 2385 1434 2440 dilexit
1469 2399 1588 2440 eam
1631 2383 1735 2439 fte-

143 2478 261 2534 dam
294 2486 360 2534 ut
385 2476 594 2534 faceret
612 2479 912 2549 pulchram,
943 2493 1106 2549 quam
1137 2478 1400 2548 sanguine
1452 2493 1549 2531 suo
1601 2476 1732 2529 lavit

142 2579 197 2623 ut
233 2583 350 2625 non
380 2568 608 2626 haberet
628 2571 932 2635 maculam,
972 2570 1027 2624 in
1065 2584 1227 2625 cruce
1260 2569 1504 2625 extendit
1539 2577 1598 2622 ut
1623 2583 1731 2623 non

141 2658 371 2716 haberet
417 2675 624 2733 rugam.
657 2661 828 2729 Quem
864 2674 1120 2732 sponsum
1165 2661 1424 2716 Dominus
1470 2659 1631 2714 Pater
1676 2659 1731 2713 in

139 2750 240 2806 hoc
265 2751 484 2822 psalmo
520 2751 674 2807 nobis
700 2752 1075 2818 commendat,
1113 2760 1175 2807 ut
1203 2752 1423 2821 majoris
1451 2753 1520 2807 sit
1548 2761 1734 2806 aucto-

139 2841 348 2906 ritatis,
390 2841 580 2913 prius,
626 2842 920 2897 secundum
966 2839 1286 2897 ineﬁ‘abilem
1329 2841 1729 2910 generationem

137 2930 289 2987 illam
313 2946 427 3003 qua
457 2932 570 3002 ipse
597 2931 766 2988 Filius
788 2947 818 2986 a
846 2930 1010 2987 Patre
1035 2931 1247 3002 genitus
1274 2939 1358 2988 est
1376 2973 1392 2998 ,
1429 2940 1612 3002 postea
1641 2947 1732 2988 ve-

138 3024 314 3080 stiens
341 3037 471 3079 eum
500 3024 835 3079 humanitate
855 3030 916 3080 et
940 3022 1203 3079 inducens
1224 3037 1348 3079 eum
1375 3038 1499 3080 cum
1535 3037 1732 3094 magna

133 3115 418 3187 potentia,
449 3122 509 3169 ut
530 3113 724 3187 jungat
765 3111 869 3170 sibi
908 3127 1164 3186 sponsam
1202 3129 1357 3170 suam
1397 3114 1728 3182 Ecclesium,

1833 2025 2154 2093 supponitur
2206 2043 2221 2080 :
2271 2024 2453 2094 lingua
2510 2042 2625 2079 mea
2666 2026 2900 2080 calamus
2949 2026 3134 2080 scrist
3181 2023 3423 2077 velociter

1832 2117 2122 2170 scribentis.
2157 2116 2417 2185 Linguam
2440 2132 2539 2188 pro
2562 2119 2750 2184 verbo,
2781 2116 3047 2172 calamum
3068 2131 3166 2186 pro
3191 2114 3416 2184 scripto,

1833 2223 2050 2264 causam
2100 2207 2346 2263 videlicet
2395 2223 2492 2277 pro
2540 2207 2732 2262 eﬂ'ectu
2783 2207 2982 2278 posuit.
3034 2205 3317 2276 Tanquam
3372 2202 3420 2257 si

1833 2300 1996 2354 dicat.
2031 2299 2267 2355 Verbum
2299 2314 2477 2354 meum
2516 2313 2623 2352 non
2666 2308 2750 2354 est
2787 2296 3191 2361 transitorium,
3220 2294 3312 2351 sed
3338 2302 3422 2349 est

1833 2390 2069 2444 calamus
2095 2390 2388 2454 scribentis,
2418 2391 2473 2444 id
2499 2395 2601 2454 est,
2635 2389 2998 2458 comparabile
3027 2388 3192 2442 verbo
3217 2386 3421 2456 scripto

1833 2491 1888 2536 et
1913 2481 2269 2552 permanenti.
2320 2481 2538 2545 Scribat,
2583 2482 2722 2545 dico,
2768 2481 3007 2535 velociter
3032 2478 3321 2542 scribentis,
3367 2475 3422 2533 id

1833 2580 1936 2638 est,
1972 2572 2090 2627 sine
2115 2586 2266 2628 mora
2304 2571 2471 2626 multa
2495 2570 3022 2640 comprehcndentis.
3059 2568 3201 2624 Sunt
3225 2566 3420 2624 scribte

1831 2661 2052 2734 quidam
2083 2663 2175 2731 qui
2202 2676 2312 2715 uno
2338 2671 2540 2730 puncto
2569 2669 2736 2715 totam
2765 2661 3057 2715 dictionem
3102 2659 3186 2713 vel
3216 2657 3420 2713 oratio-

1832 2767 1957 2807 nem
2001 2753 2485 2820 comprehendunt,
2533 2752 2620 2804 cui
2670 2749 2940 2805 velocitati
2988 2749 3212 2804 verbum
3241 2745 3422 2802 Patris

1831 2841 2066 2912 quodam
2114 2841 2278 2896 modo
2312 2850 2679 2910 comparatur,
2719 2840 2844 2909 quia
2887 2837 3020 2893 nihil
3060 2846 3144 2892 est
3185 2835 3422 2891 velocius

1832 2945 1996 3001 quam
2016 2929 2182 2985 semel
2201 2930 2381 2985 omnia
2406 2929 2625 2984 dixisse.
2645 2926 2799 2984 Unde
2830 2926 2956 2981 illud
2983 2945 2995 2980 :
3023 2924 3195 2982 Semel
3218 2924 3422 2979 locutus

1832 3029 1907 3076 est
1929 3019 2070 3075 Deus
2093 3019 2215 3090 (Job
2245 3021 2464 3090 xxxut).
2509 3017 2647 3073 Nam
2669 3032 2945 3089 nunquam
2971 3015 3210 3073 secundo
3240 3013 3417 3085 loqui-

1835 3120 1942 3177 tur,
1990 3109 2118 3181 quia
2155 3111 2200 3165 si
2243 3110 2383 3180 perit
2409 3109 2662 3180 primum,
2703 3108 2850 3164 dicat
2893 3108 3230 3164 secundum:
3280 3113 3335 3162 et
3375 3107 3422 3163 si

135 3204 338 3261 deinde
381 3203 643 3261 inducens
682 3217 937 3277 sponsam
978 3203 1232 3262 decenter
1267 3215 1516 3262 ornatam
1555 3215 1610 3262 et
1651 3206 1733 3262 di-
1772 3271 1804 3277 _
1834 3216 1943 3257 non
1987 3200 2128 3273 perit
2157 3201 2412 3270 primum,
2464 3215 2569 3255 non
2612 3199 2853 3268 proferat
2905 3198 3222 3255 secundum.
3274 3196 3424 3252 Istud

138 3311 307 3369 gnam
338 3304 495 3352 tanto
522 3311 738 3368 sponso.

145 3428 152 3434 .
203 3386 495 3442 Eructavit
519 3404 609 3443 cor
626 3405 800 3445 meum
826 3404 1036 3446 versum
1067 3390 1282 3446 bonum.
1321 3389 1401 3446 αθ
1421 3397 1734 3460 putaremus

135 3479 435 3535 Dominum
463 3478 680 3535 Patrem
723 3480 968 3551 indigere
1006 3481 1255 3553 coniugio
1293 3482 1350 3537 in
1385 3483 1734 3554 generatione

131 3569 256 3627 Filii
291 3569 413 3639 sui),
453 3571 690 3627 ostendit
711 3571 869 3628 nobis
896 3573 1066 3642 ipsam
1104 3572 1506 3644 generationem
1531 3587 1640 3626 non
1665 3573 1732 3627 ab

132 3659 262 3728 alio,
298 3660 397 3716 sed
424 3675 454 3715 a
482 3675 543 3717 se
572 3661 689 3731 ipso
729 3659 959 3729 factam,
987 3662 1069 3718 sic
1090 3661 1306 3717 dicens:
1330 3658 1438 3716 Cor
1459 3676 1652 3727 meum,
1680 3660 1734 3716 id

128 3758 213 3805 est
259 3750 458 3805 intima
488 3751 791 3808 substantia
823 3766 942 3807 mea
980 3759 1036 3807 et
1082 3761 1291 3808 secreta
1330 3751 1566 3808 essentia
1614 3766 1733 3807 mea

127 3843 421 3908 eructavit,
459 3843 515 3898 id
559 3851 661 3908 est,
695 3841 896 3914 genuit,
926 3843 1136 3898 verbum
1181 3843 1391 3909 bonum,
1425 3843 1479 3898 id
1507 3851 1608 3909 est,
1644 3841 1735 3898 Fi-

130 3930 272 3987 lium
328 3930 462 3988 mihi
510 3933 774 4005 aqualem
824 3941 879 3989 et
925 3933 1458 3990 consubstantialem.
1514 3934 1590 3990 De
1632 3934 1735 3991 hoc

130 4023 326 4081 Verbo
349 4024 553 4080 dictum
579 4033 662 4082 est
687 4044 699 4079 :
739 4024 807 4080 In
832 4026 1088 4096 principio
1113 4035 1224 4080 erat
1258 4023 1504 4090 Verbum,
1528 4033 1575 4079 et
1614 4022 1736 4080 Ver-

131 4116 257 4169 bum
292 4124 411 4168 erat
434 4116 574 4186 apud
594 4115 787 4178 Deum,
817 4124 864 4170 et
888 4115 1032 4170 Deus
1056 4125 1169 4171 erat
1210 4115 1432 4171 Verbum
1458 4117 1638 4187 (Joan.
1669 4117 1731 4188 ι).

129 4207 202 4265 Ut
231 4216 429 4264 autem
475 4222 572 4278 per
615 4208 804 4262 bonum
851 4208 1212 4279 intelligamus
1249 4209 1484 4265 Verbum
1532 4210 1736 4279 aequale

126 4298 288 4355 Patri
320 4307 378 4354 et
404 4299 885 4366 consubstantiale,
923 4301 1099 4368 ipsum
1141 4298 1364 4356 Verbum
1385 4316 1510 4359 cato
1538 4287 1735 4371 factum

128 4391 303 4448 nobis
319 4391 560 4447 insinuat
578 4406 701 4447 cum
723 4392 885 4447 dicit:
913 4389 1055 4459 Quid
1071 4409 1151 4448 me
1165 4394 1454 4464 interrogas
1477 4395 1540 4449 de
1565 4395 1695 4449 bona
1711 4396 1737 4449 ἒ

131 4481 320 4536 Νειηο
346 4482 513 4536 bonus
532 4482 634 4536 nisi
659 4483 802 4537 solus
838 4481 980 4537 Deus
1010 4482 1222 4551 (Matth.
1255 4486 1391 4554 XIX).
1422 4484 1478 4539 In
1513 4485 1616 4542 hac
1649 4501 1734 4541 re-

130 4572 442 4643 sponsione
466 4586 574 4628 non
601 4572 783 4628 divisit
805 4587 865 4629 se
885 4587 916 4627 a
941 4572 1074 4639 Deo,
1095 4572 1188 4629 sed
1212 4575 1389 4642 potius
1411 4574 1585 4630 univit
1609 4584 1730 4630 tan-

130 4678 313 4733 quam
339 4663 388 4719 si
415 4663 656 4719 diceret:
686 4661 822 4720 Cum
854 4672 913 4719 tu
951 4663 1086 4720 dicis
1125 4664 1289 4730 mihi,
1325 4667 1571 4736 magister
1606 4666 1736 4722 bone

129 4756 343 4828 (Marc.
376 4756 461 4830 ι),
490 4757 658 4814 Deum
682 4773 769 4815 me
796 4772 917 4815 esse
943 4756 1237 4824 conﬁteris,
1259 4759 1384 4828 quia
1404 4775 1553 4814 nemo
1574 4759 1735 4814 bonus

129 4849 240 4904 nisi
280 4848 433 4904 solus
457 4847 620 4904 Deus.
651 4849 896 4919 Qualiter
936 4850 1200 4906 Dominus
1228 4849 1393 4907 Pater
1425 4861 1738 4923 generasset

127 4937 389 4997 Verbum
437 4953 596 4995 suum
639 4954 707 4996 ex
747 4940 912 4996 corde
954 4955 1072 5007 suo,
1102 4942 1389 5012 quamdam
1438 4941 1738 4999 similitudi-

128 5046 268 5088 nem
315 5032 375 5086 in
405 5030 563 5086 nobis
597 5031 728 5100 ipsis
764 5046 1050 5102 possumus
1079 5034 1554 5105 comprehendere,
1597 5036 1738 5093 sicut

128 5127 204 5182 ab
240 5123 455 5180 inﬁmis
481 5139 691 5180 summa
730 5133 960 5197 possunt
984 5129 1390 5198 comprehendi,
1428 5145 1458 5185 a
1488 5138 1736 5185 creatura

127 5216 400 5272 Creator.
443 5214 684 5288 Quisque
724 5217 870 5276 enim
909 5219 1126 5288 sapiens
1156 5220 1484 5276 architectus
1507 5222 1737 5277 aediﬁca-

129 5318 306 5364 turus
339 5305 606 5362 fabricam
648 5322 716 5364 ex
758 5309 921 5365 corde
960 5323 1060 5365 suo
1101 5320 1324 5381 generat
1359 5312 1641 5367 consilium
1681 5311 1738 5367 in

125 5416 255 5471 quo
312 5400 554 5470 disponit
609 5401 780 5471 ipsam
832 5401 1089 5458 fabricam
1142 5404 1379 5473 qualiter
1424 5403 1738 5460 aediﬁcanda

125 5496 233 5559 sit,
273 5500 332 5548 et
373 5490 486 5560 iam
525 5492 702 5564 placet
723 5493 774 5548 ei
799 5492 1027 5558 fabrica,
1059 5509 1167 5549 non
1195 5496 1248 5549 in
1277 5496 1457 5565 specie
1493 5495 1736 5562 auliﬁcii,

124 5585 242 5641 sed
281 5583 337 5639 in
369 5583 690 5652 probatione
718 5585 945 5640 consilii.
970 5584 1134 5640 Facta
1165 5594 1343 5641 autem
1364 5587 1474 5656 jam
1501 5585 1738 5653 fabrica,

120 5679 260 5749 jam
295 5691 407 5731 non
450 5675 553 5732 sibi
587 5677 686 5733 soli
719 5678 927 5748 placet,
957 5679 1052 5734 sed
1101 5679 1262 5733 etiam
1307 5679 1612 5735 videntibus
1633 5720 1646 5744 ,
1689 5689 1743 5736 et

126 5770 224 5825 sic
256 5766 516 5825 laudatur
534 5767 817 5826 consilium
842 5770 893 5825 in
912 5785 1020 5840 quo
1039 5770 1188 5839 prius
1209 5785 1327 5825 eam
1356 5771 1435 5826 sic
1460 5772 1741 5840 disposuit,

129 5863 287 5940 quia
312 5876 424 5922 non
449 5871 730 5936 appareret
763 5862 884 5924 talis
920 5863 973 5923 in
1007 5864 1184 5940 specie
1212 5864 1444 5933 aedilicii,
1473 5866 1574 5925 nisi
1611 5881 1745 5946 prte-

1759 4624 1813 4688 D

1759 3271 1808 3336 c
1834 3271 2017 3350 dicere
2039 3292 2218 3348 Patris
2245 3306 2521 3361 nunquam
2553 3291 2742 3344 habuit
2764 3292 3107 3361 principium,
3142 3303 3418 3360 nunquam

1835 3385 2026 3441 habuit
2053 3383 2215 3439 finem
2244 3405 2258 3438 :
2285 3384 2410 3454 quia
2431 3383 2640 3438 verbum
2667 3382 2800 3436 illud
2819 3384 3028 3451 attingit
3069 3399 3101 3436 a
3127 3383 3230 3451 ﬁne
3259 3396 3420 3453 usque

1835 3478 1904 3532 ad
1923 3477 2079 3546 ﬁnem
2102 3475 2326 3545 fortiter,
2348 3475 2578 3528 suaviter
2598 3473 2876 3543 disponens
2899 3473 3077 3526 omnia
3098 3470 3253 3541 (Sap.
3277 3470 3419 3540 vm).

1837 3570 1976 3625 Dicit
2013 3568 2344 3640 Augustinus
2376 3567 2429 3621 in
2456 3567 2559 3621 hoc
2587 3565 2705 3621 loco
2738 3580 2754 3619 :
2789 3584 2810 3618 ι
2845 3564 3052 3620 Vereor
3082 3579 3150 3620 ne
3192 3564 3245 3619 id
3275 3565 3421 3634 quod

1835 3662 1981 3728 dico,
2025 3677 2055 3715 a
2079 3659 2408 3716 tardioribus
2444 3659 2731 3730 aliquando
2754 3659 2925 3729 possit
2951 3656 3177 3728 intelligi
3205 3675 3218 3712 :
3245 3657 3422 3712 dicam

1835 3764 2037 3822 tamen,
2084 3763 2343 3824 sequatur
2390 3754 2480 3825 qui
2532 3762 2729 3824 potest,
2777 3769 2846 3808 ne
2896 3767 3006 3808 non
3058 3752 3259 3811 dictum
3313 3767 3421 3808 non

1835 3853 2092 3917 sequatur
2121 3845 2214 3916 qui
2239 3853 2432 3916 potest.
2478 3838 2752 3915 Speciosus
2799 3843 2970 3913 forma
3015 3859 3122 3914 pra:
3169 3843 3296 3911 [iliis
3329 3843 3423 3896 lio-

1833 3938 2051 3991 minum.
2088 3956 2106 3990 ι
2140 3936 2303 4003 Quasi
2334 3937 2515 3991 dicat:
2551 3935 2630 3990 Tu
2663 3934 2922 4000 Verbum,
2951 3943 3004 3988 tu
3035 3949 3128 3989 rex
3159 3934 3420 4004 speciosus

1835 4027 2029 4098 forma,
2060 4027 2114 4082 id
2141 4036 2242 4092 est,
2274 4026 2328 4080 in
2373 4023 2609 4081 formosa
2647 4025 2934 4081 divinitate
2959 4043 3069 4097 pne
3096 4024 3224 4094 ﬁliis
3255 4025 3422 4079 homi-

1835 4137 1978 4176 num.
2015 4119 2153 4176 Nota
2190 4120 2312 4189 quia
2333 4127 2520 4190 posset
2549 4117 2750 4185 dicere,
2777 4135 2887 4189 prae
2913 4118 3139 4189 angelis,
3171 4116 3263 4173 sed
3295 4117 3418 4185 quia

1835 4229 2024 4269 verum
2077 4215 2352 4270 hominem
2411 4228 2534 4268 eum
2583 4213 2897 4277 constituit,
2959 4213 3079 4267 ideo
3133 4227 3242 4280 pra:
3295 4208 3419 4277 ﬁliis

1833 4308 2105 4362 hominum
2125 4305 2279 4361 dixit.
2305 4305 2579 4374 Speciosus
2600 4305 2741 4370 dico,
2758 4305 2882 4374 quia
2906 4303 3104 4372 diffusa
3121 4311 3214 4365 est,
3241 4301 3294 4355 id
3319 4307 3416 4363 est,

1837 4395 2165 4455 diﬁ'undetur
2192 4396 2362 4467 gratia
2390 4397 2444 4450 in
2470 4397 2620 4450 labiis
2652 4399 2775 4461 tuis,
2801 4397 2854 4450 id
2878 4405 2981 4459 est,
3025 4395 3076 4448 in
3111 4391 3420 4461 prtecordiis

1838 4487 2062 4553 tuis,vel
2078 4487 2131 4542 in
2144 4487 2430 4557 praesentia
2451 4495 2560 4541 tua.
2585 4485 2739 4542 Unde
2762 4485 2889 4539 illud
2916 4504 2928 4538 :
2956 4484 3066 4538 Lex
3089 4501 3178 4552 per
3205 4481 3419 4552 Moysen

1837 4580 1964 4634 data
1998 4590 2092 4645 est,
2135 4582 2308 4650 gratia
2345 4589 2392 4634 et
2426 4580 2609 4640 veritas
2637 4595 2727 4649 per
2759 4576 2942 4632 Jesum
2980 4573 3248 4632 Christum
3278 4573 3423 4644 facta

1837 4680 1911 4725 est
1944 4670 2126 4741 (Joan.
2159 4670 2224 4740 ι).
2265 4669 2450 4725 Gratia
2490 4669 2702 4724 Domini
2747 4677 2827 4724 est
2860 4688 2874 4722 :
2905 4668 3031 4737 quia
3082 4666 3200 4737 ipse
3236 4664 3419 4720 omnia

1837 4761 2008 4834 gratis
2047 4760 2197 4827 fecit,
2244 4761 2484 4831 perditos
2519 4760 2786 4830 quaesivit,
2828 4760 3074 4814 inventos
3102 4758 3155 4812 in
3196 4756 3423 4812 humero

1839 4851 2160 4922 reportavit,
2208 4851 2478 4921 praeterita
2520 4851 2867 4915 condonavit,
2914 4848 3095 4904 futura
3150 4846 3421 4920 promisit.

1842 4941 2126 5013 Propterea
2166 4941 2422 4996 benedixit
2452 4950 2499 4996 te
2538 4940 2680 4996 Deus
2716 4938 2774 4994 in
2801 4952 3072 5004 aeternum,
3114 4939 3168 4996 id
3213 4946 3320 5003 est,
3362 4944 3424 4992 ut

1843 5034 2229 5090 diffunderetur
2255 5033 2427 5103 gratia
2457 5032 2511 5086 in
2543 5031 2697 5087 labiis
2731 5032 2851 5097 tuis,
2891 5030 3146 5085 benedixit
3176 5039 3223 5084 te
3257 5027 3419 5090 Deus,

1844 5128 1897 5183 id
1927 5135 2034 5194 est,
2075 5124 2447 5196 multiplicavit
2473 5132 2524 5180 te
2546 5124 2704 5189 Deus,
2729 5123 2782 5178 id
2808 5134 2911 5189 est,
2941 5136 3039 5194 ego
3071 5121 3256 5186 Pater,
3285 5118 3422 5175 mul-

1845 5218 2174 5288 tiplicatione
2203 5217 2257 5273 in
2285 5224 2547 5271 aeternum
2577 5213 2845 5269 tendente.
2877 5213 3117 5268 Primum
3148 5210 3422 5266 hominem

1841 5311 2136 5376 benedixit,
2171 5309 2263 5365 sed
2287 5323 2392 5364 non
2410 5307 2463 5364 in
2485 5315 2766 5370 aeternum,
2784 5305 2907 5375 quia
2926 5305 2979 5359 in
3003 5299 3419 5359 inobedientiam

1843 5403 2059 5467 cecidit,
2073 5401 2155 5456 vel
2169 5400 2309 5457 istud
2329 5400 2399 5455 sit
2418 5398 2641 5455 effectus
2663 5397 2730 5452 ad
2755 5397 2858 5451 hoc
2878 5395 3018 5464 quod
3032 5394 3162 5447 dixit
3179 5408 3191 5445 :
3208 5389 3421 5458 Diﬂusa

1842 5510 1915 5554 est
1944 5498 2114 5568 gratia
2153 5499 2209 5550 in
2244 5494 2395 5549 labiis
2416 5494 2537 5556 tuis,
2570 5500 2625 5548 et
2649 5490 2769 5560 quia
2793 5487 3137 5547 diffundetur,
3161 5481 3420 5538 benedixit

1845 5601 1892 5648 te
1905 5591 2067 5658 Deus,
2091 5590 2143 5645 id
2166 5597 2272 5654 est,
2303 5585 2746 5658 promissionibus
2771 5583 2876 5637 tuis
2898 5578 3153 5635 θεηεαίιᾶ
3179 5577 3231 5630 in
3261 5584 3420 5630 teter-

1847 5699 1995 5749 num,
2021 5682 2145 5753 quia
2177 5681 2295 5735 sine
2321 5678 2429 5734 line
2458 5689 2824 5747 permansura:
2855 5679 2997 5726 sunt.
3030 5668 3424 5725 Promissiones

1847 5783 2026 5830 autem
2052 5773 2214 5838 servi,
2246 5771 2448 5825 umbrae
2481 5768 2698 5823 fuerunt
2729 5773 2784 5819 et
2813 5762 3158 5827 transitoria,
3187 5758 3425 5816 carnali-

1849 5874 1932 5924 ter
1961 5865 2264 5924 intellectae.
2291 5862 2569 5930 Accingere
2593 5856 2874 5931 gladioluo
2898 5853 3416 5928 superfemttrtuum,
