3978 6400
530 436 647 503 379

1192 436 1453 496 REMIGII
1488 425 2144 501 ANTISSIODORENSIS
2182 421 2332 482 OPP.
2370 419 2549 478 PARS
2578 420 2617 476 l.
2657 452 2729 465 -
2762 420 3173 481 EXEGETICA.

3691 418 3807 479 380

536 556 912 633 potentissime,
935 552 989 612 id
1015 561 1099 613 est
1149 562 1206 610 tu
1250 555 1508 625 speciosus
1539 551 1730 622 forma,
1776 558 1838 604 ut
1887 546 2122 603 debelles
2150 551 2199 611 Α
2226 535 3051 606 omnibusconsentiens.thua
3066 530 3498 595 unctione?Oleo
3512 531 3807 598 ltetititzdd

541 651 721 706 aerias
745 655 1062 720 potestates,
1091 647 1379 717 accingere,
1410 645 1462 701 id
1492 643 1885 710 est,accinctus
1913 641 1987 696 sis
2009 638 2123 711 gla-

543 743 634 799 dio
658 751 769 807 tuo,
802 741 857 797 id
884 748 986 807 est,
1017 738 1200 795 divino
1221 734 1434 809 eloquio
1456 737 1597 807 quod
1617 746 1703 792 est
1726 736 1935 807 gladius
1965 732 2123 805 spiri-

544 842 655 899 tus,
688 842 741 890 et
769 833 868 889 hoc
889 848 1044 904 super
1058 832 1229 902 femur
1252 838 1418 892 tuum,
1444 828 1497 883 id
1516 839 1619 893 est,
1644 844 1806 898 super
1833 828 2123 882 humanam

546 933 797 981 naturam
831 934 975 979 tuam
1002 930 1250 995 potenter
1279 920 1485 976 scilicet
1515 920 1779 989 accingere
1804 915 2002 989 gladio,
2021 916 2126 971 hoc

547 1019 726 1093 gladio
748 1018 1017 1089 separavit
1049 1016 1309 1072 Dominus
1328 1013 1495 1069 ﬁlium
1521 1027 1548 1067 a
1576 1020 1750 1083 patre,
1778 1010 1941 1065 ﬁliam
1969 1023 1999 1063 a
2020 1022 2129 1065 ma.

551 1118 649 1174 tre,
681 1123 892 1163 murum
921 1121 951 1162 a
1000 1121 1159 1162 socru
1208 1120 1303 1161 sua
1341 1102 1558 1178 (Matth.
1591 1101 1670 1174 ε).
1695 1101 1857 1156 Pater
1902 1100 2005 1155 iste
2045 1103 2130 1154 est

549 1198 792 1255 diabolus
822 1212 854 1252 a
883 1211 988 1267 quo
1013 1205 1320 1267 separatum
1364 1203 1448 1250 est
1493 1194 1787 1249 humanum
1832 1204 2001 1263 genus
2032 1201 2133 1259 per

548 1288 982 1362 praedicationem
1010 1288 1241 1344 Domini.
1289 1284 1460 1342 Mater
1501 1293 1587 1342 est
1620 1284 1902 1357 Synagoga
1945 1296 1976 1336 a
2028 1293 2136 1351 qua

548 1392 800 1454 separata
822 1392 908 1439 est
930 1381 1060 1447 ﬁlia,
1089 1382 1143 1437 id
1172 1389 1277 1448 est,
1304 1379 1547 1436 Ecclesia
1564 1393 1632 1434 ex
1666 1375 1867 1433 Judaeis
1903 1386 2129 1444 congre-

550 1482 695 1545 gata.
723 1474 902 1531 Nurus
925 1485 1006 1531 est
1033 1474 1275 1532 Ecclesia
1296 1490 1361 1530 ex
1394 1473 1642 1545 gentibus
1687 1470 1981 1526 constituta
2017 1481 2137 1539 qum

550 1569 660 1625 erit
686 1569 942 1626 adversus
966 1570 1303 1643 Synagogam
1336 1584 1453 1637 qua:
1482 1580 1670 1623 socrus
1692 1563 1807 1633 ejus
1834 1572 1934 1629 est,
1964 1569 2137 1616 mater

551 1658 804 1716 videlicet
822 1661 1040 1723 Christi,
1085 1676 1153 1715 ex
1206 1674 1311 1729 qua
1367 1657 1659 1713 secundum
1709 1667 1931 1710 carnem
1978 1659 2138 1707 natus

557 1758 659 1806 est.
685 1749 863 1806 Nurus
890 1752 993 1807 ista
1020 1749 1426 1821 signiﬁcabatur
1456 1750 1525 1805 ab
1578 1747 1938 1817 EthiOpissa,
1974 1756 2138 1814 quam

555 1842 706 1897 duxit
720 1839 970 1896 Salomon
986 1841 1090 1896 sibi
1106 1842 1345 1909 reginam
1362 1840 1411 1911 (1
1420 1839 1445 1893 I
1453 1839 1480 1894 Ι
1494 1838 1615 1910 Reg.
1638 1839 1741 1910 ιιι).
1759 1838 1825 1893 Ει
1841 1838 1920 1892 εἰε
1934 1837 2038 1892 duo
2054 1836 2141 1891 ad-

2224 643 2332 701 est,
2354 632 2621 703 spirituali
2636 629 2993 699 jucunditate,
3008 637 3063 684 et
3087 628 3187 683 hoc
3204 644 3312 699 pra:
3328 629 3655 683 consortibus
3678 629 3807 694 tuis,

2224 730 2278 785 id
2301 737 2383 785 est
2403 742 2514 799 prae
2527 725 2774 781 omnibus
2796 723 3162 792 illis,quorum
3180 735 3403 777 consors
3421 735 3482 777 es
3500 719 3555 776 in
3568 720 3813 775 humana

2225 826 2443 874 natura.
2468 816 2536 883 Et
2555 815 2679 885 quia
2702 814 2837 869 dixit
2857 812 3007 868 illum
3031 827 3143 883 ιιι-ιιι
3169 812 3418 868 omnibus
3441 819 3673 868 unctum
3693 824 3818 867 esse

2226 910 2463 969 ostendit
2481 910 2792 965 unctionem
2813 906 3029 962 illorum
3041 919 3452 995 essqmagnam,
3474 911 3537 959 ut
3553 902 3687 960 inde
3700 902 3818 972 ejus

2232 1001 2546 1057 unctionem
2581 998 2948 1070 intelligamus
2968 992 3359 1060 admirabilem,
3402 1008 3527 1050 cum
3552 1008 3672 1065 prae
3713 992 3822 1049 illis

2230 1104 2427 1154 unctus
2454 1095 2546 1151 sit.
2569 1092 2737 1162 Quasi
2758 1093 2932 1149 dicat:
2960 1089 3119 1147 Unmit
3144 1102 3193 1147 te
3222 1091 3365 1147 Deus
3384 1089 3527 1146 Deus
3556 1098 3687 1143 tuus
3710 1086 3823 1141 oleo

2232 1190 2428 1247 letitice
2454 1205 2564 1260 pra:
2588 1186 2914 1243 consortibus
2932 1186 3056 1251 tuis,
3078 1184 3225 1256 quod
3247 1197 3506 1256 magnum
3546 1188 3669 1247 εει,
3700 1179 3827 1250 quia

2232 1284 2449 1357 myrrha
2476 1291 2523 1338 et
2546 1289 2695 1353 gutta
2724 1288 2773 1336 et
2824 1278 2993 1343 casia,
3022 1276 3078 1332 id
3106 1284 3212 1343 est,
3247 1274 3432 1331 omnia
3466 1273 3829 1331 odoramenta

2232 1376 2494 1431 virtutum
2531 1373 2815 1444 spirabunt
2844 1388 2876 1425 a
2896 1369 3210 1426 vestimentis
3235 1366 3361 1433 tuis,
3408 1365 3465 1421 id
3491 1371 3582 1420 est
3604 1363 3678 1418 ab
3703 1372 3829 1431 apo,

2235 1464 2387 1522 stolis
2414 1465 2521 1521 tuis
2550 1471 2605 1519 et
2639 1459 2946 1534 apostolicis
2972 1459 3127 1513 viris.
3158 1455 3314 1513 Unde
3336 1453 3468 1510 illud
3506 1468 3525 1506 :
3557 1449 3695 1505 Vico
3716 1462 3831 1519 ego,

2237 1554 2362 1609 dicit
2377 1553 2631 1608 Dominus
2647 1549 2779 1624 (Isa.
2796 1548 2964 1618 χιιι),
2979 1545 3107 1618 quia
3121 1545 3207 1601 his
3225 1541 3476 1601 omnibus
3493 1538 3649 1595 velut
3664 1536 3834 1592 vesti-

2241 1653 2446 1710 mento,
2480 1642 2742 1698 indueris.
2799 1638 3137 1695 Vestimenta
3178 1635 3277 1691 Dei
3317 1634 3576 1691 dicuntur
3624 1626 3835 1685 sancti:

2240 1738 2370 1809 quia
2405 1736 2547 1791 sicut
2569 1731 2775 1790 homini
2814 1730 2950 1787 nihil
2994 1736 3077 1785 est
3112 1727 3347 1803 vicinius
3370 1724 3728 1790 vestimento,
3760 1720 3839 1777 sic

2245 1832 2355 1887 Deo
2383 1827 2518 1884 nihil
2545 1834 2628 1883 est
2673 1822 2909 1881 vicinius
2942 1821 3165 1879 sanctis.
3214 1818 3523 1875 Adomibus
3565 1815 3835 1873 eburneis.

555 1951 745 1992 versus
770 1945 902 2002 tres,
932 1943 1085 2007 pater
1105 1944 1162 1991 et
1189 1945 1363 1990 mater
1389 1934 1647 1989 adversus
1688 1905 1857 1985 [ilium
1894 1937 1947 1984 et
1975 1928 2143 1983 ﬁliam
2169 1909 2219 1970 Β
2245 1919 2448 1974 Domus
2467 1919 2718 1972 eburnea?
2738 1920 2865 1969 sum
2884 1911 2961 2007 ξω
2982 1926 3120 2007 (1203
3146 1908 3472 2007 γθειίωθῐξξα
3492 1905 3839 2007 νοοπίιξιω·

554 2033 611 2084 ει
649 2041 866 2081 nurum.
894 2023 1029 2080 Nam
1060 2040 1248 2081 socrus
1276 2033 1331 2080 et
1360 2031 1535 2079 mater
1553 2022 1607 2078 in
1634 2022 1917 2094 Synagoga
1940 2020 2142 2075 intelli-

557 2125 771 2189 guntur.
811 2113 992 2187 Specie
1022 2126 1116 2171 tua
1160 2127 1207 2171 et
1254 2114 1642 2187 pulchritudine
1690 2124 1781 2169 tua
1828 2114 2059 2176 intende,
2091 2111 2145 2167 id

556 2215 664 2269 est,
692 2216 753 2263 tu
774 2207 1046 2263 accinctus
1068 2206 1267 2277 gladio,
1290 2208 1366 2260 sis
1398 2206 1644 2259 intensus
1676 2205 1729 2259 in
1760 2203 2002 2275 speciosa
2031 2202 2147 2273 pul-

560 2298 853 2355 chritudine
873 2309 990 2363 tua,
1015 2297 1067 2353 id
1087 2304 1189 2361 est,
1220 2298 1273 2352 in
1297 2294 1622 2352 abundantia
1639 2294 1895 2348 virtutum
1918 2293 2144 2363 positus,

560 2387 618 2443 in
642 2403 748 2459 qua
763 2388 929 2444 miser
946 2387 1120 2443 Adam
1137 2387 1365 2457 positus,
1389 2386 1762 2442 remittebatur
1785 2400 1908 2439 cum
1930 2384 2150 2440 deberet

563 2477 791 2534 intendi.
820 2478 886 2534 Et
914 2478 994 2534 sic
1018 2479 1262 2533 intensus
1292 2479 1347 2533 in
1375 2484 1429 2533 te
1466 2478 1605 2546 ipso,
1651 2492 1894 2548 prospere
1930 2477 2151 2548 procede

564 2568 634 2624 ad
663 2568 1007 2625 debellandos
1038 2570 1311 2624 inimicos:
1337 2578 1383 2624 et
1414 2586 1595 2640 regna,
1621 2568 1674 2623 id
1701 2576 1803 2634 est,
1841 2568 1997 2623 vince
2030 2583 2151 2637 pro-

567 2667 683 2732 pter
702 2662 983 2724 veritatem,
1007 2661 1216 2717 scilicet
1236 2660 1528 2732 Evangelii,
1549 2674 1670 2731 quae
1700 2661 1763 2716 de
1788 2669 1839 2715 te
1863 2658 1971 2715 ﬁet.
2002 2658 2153 2716 Unde

565 2751 891 2823 Apostolus:
922 2751 1240 2809 Exhortatio
1266 2764 1446 2809 nostra
1472 2770 1574 2809 non
1600 2755 1873 2819 deerrare,
1911 2770 2073 2825 neque
2097 2754 2154 2808 in

568 2842 709 2910 dolo,
729 2861 892 2917 neque
911 2845 975 2899 de
996 2845 1328 2901 immunditia
1343 2844 1397 2912 (1
1414 2843 1594 2901 Thess.
1612 2844 1696 2916 ιι).
1718 2844 1787 2900 Et
1810 2861 1967 2917 regna
1988 2846 2155 2901 etiam

567 2943 789 3007 propter
808 2938 1261 2993 mansuetudinem
1286 2938 1427 2994 inter
1451 2945 1720 2993 tormenta
1733 2937 1997 3004 habitam,
2027 2936 2154 3007 quia

572 3027 629 3084 in
653 3030 904 3099 passione
934 3030 1155 3086 humilis
1172 3037 1228 3085 et
1250 3039 1566 3086 mansuetus
1585 3029 1886 3100 apparebis.
1912 3027 1981 3084 Et
1996 3045 2156 3100 regna

574 3120 738 3178 etiam
764 3131 989 3194 propter
1004 3123 1279 3195 justitiam
1301 3122 1356 3178 in
1369 3132 1523 3195 parte
1536 3122 1831 3179 exhibitam
1856 3122 1982 3179 etin
2002 3129 2158 3193 parte

573 3211 953 3271 exhibendam.
997 3214 1252 3271 Exhibita
1295 3222 1401 3281 est,
1443 3221 1503 3270 ut
1548 3212 1707 3271 illud:
1749 3212 1853 3282 Qui
1873 3214 2054 3285 justus
2079 3221 2157 3269 est

568 3304 892 3380 justiﬂcetur
906 3324 922 3365 :
935 3317 982 3365 et
1001 3310 1093 3380 qui
1113 3308 1366 3366 sordidus
1385 3318 1484 3375 est,
1499 3308 1765 3364 sordescat
1781 3306 1965 3381 (Apoc.
1993 3306 2156 3381 χχιι).

648 3396 803 3467 Quod
828 3399 919 3457 hic
972 3400 1221 3458 videmus
1275 3399 1574 3470 impletum.
1627 3399 1686 3455 in
1731 3399 1916 3456 tuturo
1976 3405 2159 3455 autem

578 3488 866 3547 exhibetur
913 3489 1126 3563 justitia
1152 3532 1168 3558 ,
1218 3490 1436 3562 quando
1478 3490 1822 3561 incorruptus
1865 3490 2033 3559 iudex
2080 3488 2164 3546 di-

581 3595 687 3651 gna
728 3595 957 3655 qumque
998 3578 1191 3638 ultimo
1235 3579 1442 3652 judicio
1486 3581 1766 3652 requiret,
1816 3580 1901 3637 vel
1945 3588 2165 3652 propter

578 3671 847 3743 justitiam
891 3680 1140 3741 tuorum,
1193 3673 1399 3730 scilicet
1456 3671 1837 3742 abnegantium
1884 3671 2164 3728 saecularia

585 3764 852 3824 desideria
892 3776 949 3825 et
989 3767 1169 3825 sobrie
1219 3776 1275 3825 et
1312 3767 1459 3840 juste
1508 3767 1803 3833 viventium
1843 3782 1858 3823 :
1912 3775 1962 3823 et
2000 3766 2165 3822 dedu-

586 3867 665 3918 cet
702 3870 751 3919 te
778 3860 1090 3919 mirabiliter
1114 3863 1329 3919 dextera
1385 3872 1497 3927 tua,
1526 3860 1582 3917 id
1635 3868 1737 3928 est,
1777 3861 2013 3932 potentia
2074 3870 2166 3916 tua

589 3952 825 4024 undique
854 3955 1012 4009 ducet
1030 3961 1081 4010 te
1106 3954 1162 4009 in
1187 3953 1433 4010 notitiam
1455 3953 1753 4016 hominum.
1781 3960 1837 4009 et
1864 3953 1967 4009 hoc
1996 3951 2164 4008 mira-

590 4041 796 4110 biliter,
821 4045 947 4116 quia
977 4044 1088 4101 eris
1122 4045 1327 4102 faciens
1365 4045 1547 4100 divina
1572 4052 1627 4099 et
1674 4043 1886 4114 patiens
1907 4044 2163 4099 humana.

588 4134 656 4193 Et
683 4134 923 4208 qualiter
943 4135 1050 4194 hoc
1085 4135 1211 4191 ﬁet?
1234 4134 1369 4203 Quia
1403 4135 1607 4206 sagitta:
1634 4142 1736 4189 tua:
1773 4144 1961 4199 acutte,
1986 4131 2041 4188 id
2061 4140 2166 4200 est,

588 4227 754 4285 verba
800 4228 1199 4301 praedicationis
1229 4236 1333 4283 tua:
1354 4236 1480 4283 sunt
1503 4236 1684 4291 acuta,
1706 4226 1867 4281 corda
1891 4225 2167 4281 hominum

589 4321 843 4379 videlicet
866 4323 1265 4395 pungentia,et
1283 4334 1523 4375 amorem
1569 4319 1809 4375 divinum
1853 4318 2164 4375 excitantia.

591 4410 796 4480 Quibus
825 4412 1037 4484 sagittis
1057 4411 1239 4483 populi
1263 4411 1505 4482 percussi
1536 4410 1631 4465 sub
1655 4420 1705 4465 te
1730 4409 1938 4475 cadent,
1984 4408 2038 4465 id
2062 4416 2167 4477 est,

590 4518 651 4561 se
677 4504 774 4561 tibi
799 4506 1163 4561 humiliabunt
1182 4505 1240 4559 in
1259 4503 1421 4560 corde
1444 4503 1778 4558 inimicorum
1799 4502 1952 4573 regis,
1983 4500 2040 4556 id
2064 4508 2168 4566 est,

591 4596 650 4653 in
679 4597 788 4653 hoc
806 4598 948 4668 quod
963 4598 1059 4652 tibi
1081 4597 1194 4664 regi
1215 4612 1312 4653 cor
1338 4596 1617 4652 inimicum
1647 4595 1956 4650 habuerunt
1975 4594 2171 4650 cadent

592 4693 650 4745 et
686 4696 971 4759 resurgent
991 4688 1255 4745 habentes
1276 4702 1371 4744 cor
1398 4687 1631 4743 amicum
1658 4687 1773 4743 tibi.
1798 4686 1914 4742 llac
1974 4687 2169 4758 sagitta

593 4792 886 4851 percussus
913 4779 1109 4836 cecidit
1137 4778 1335 4835 Saulus
1357 4788 1414 4835 et
1432 4778 1670 4835 surrexit
1710 4777 1939 4834 Paulus:
1976 4777 2173 4834 cecidit

596 4880 939 4944 persecutor,
961 4873 1269 4934 etsurrexit
1296 4871 1545 4944 egregius
1567 4871 1888 4942 praedicator
1904 4871 2042 4941 (Act.
2067 4869 2173 4939 rx).

594 4963 733 5034 Etln
768 4963 949 5027 taliter
972 4965 1247 5035 percussis
1264 4963 1369 5020 erit
1394 4963 1540 5019 sedes
1562 4972 1655 5018 tua
1689 4962 1857 5030 Deus,
1907 4962 1963 5017 id
1986 4970 2091 5029 est,
2114 4962 2172 5017 in

596 5055 703 5127 illis
724 5055 935 5113 sedebis
948 5070 1056 5113 non
1068 5054 1397 5122 transitoria,
1413 5054 1508 5110 sed
1529 5055 1584 5109 in
1609 5053 1861 5110 saeculum
1889 5053 2092 5121 steculi,
2119 5052 2175 5109 id

596 5160 699 5221 est,
726 5149 1077 5217 teternaliter,
1110 5158 1168 5207 et
1196 5158 1252 5205 tu
1273 5150 1467 5206 merito
1503 5149 1559 5204 in
1589 5147 1693 5203 illis
1740 5148 2017 5219 regnabis,
2049 5148 2176 5218 quia

597 5244 745 5321 uirga
771 5244 919 5315 regni
943 5243 1047 5311 tui,
1077 5242 1131 5299 id
1153 5250 1239 5300 est
1274 5242 1514 5314 regimen
1544 5255 1653 5311 quo
1684 5240 1824 5312 regis
1866 5241 1960 5296 tibi
1998 5239 2181 5314 subje-

599 5344 737 5417 ctos,
758 5347 843 5392 est
863 5336 1009 5409 virga
1038 5351 1147 5393 non
1174 5335 1528 5401 distortionis,
1552 5333 1647 5392 sed
1675 5334 1995 5390 directionis.
2026 5331 2181 5391 Unde

602 5425 944 5501 alibi:Reges
974 5445 1061 5484 eos
1082 5429 1137 5483 in
1158 5428 1303 5499 uirga
1335 5426 1503 5486 ferrea
1530 5424 1644 5499 (Ps.
1679 5425 1767 5497 ll),
1800 5441 1922 5482 cum
1945 5426 2183 5497 regimen

605 5515 832 5593 aliorum
853 5519 928 5578 sit
944 5517 1179 5576 ﬂexibile
1199 5529 1254 5576 et
1268 5518 1622 5575 distortionis.
1643 5518 1710 5573 Et
1726 5532 1854 5574 vere
1876 5519 2022 5588 virga
2039 5517 2185 5589 regni

605 5611 684 5693 tui
710 5620 794 5668 est
818 5630 962 5687 virga
1010 5615 1332 5680 directionis,
1357 5615 1480 5685 quia
1514 5624 1570 5667 tu
1617 5613 1846 5668 dilexisti
1884 5611 2181 5683 justitiam:

605 5710 663 5775 et
690 5702 793 5762 hoc
837 5705 962 5762 inde
984 5716 1232 5779 apparet,
1262 5707 1387 5778 quia
1418 5706 1574 5763 odisti
1598 5705 1945 5775 iniquitatem,
1974 5712 2024 5758 et
2056 5717 2181 5773 pro-

605 5804 806 5872 pterea,
852 5796 1027 5866 idest,
1070 5807 1130 5856 ut
1176 5799 1427 5873 diligeres
1447 5799 1743 5869 justitiam,
1777 5798 1923 5852 unxit
1962 5806 2009 5850 te
2040 5795 2178 5850 Deus

604 5888 873 5961 “omnium,
902 5888 1040 5948 Deus
1066 5901 1206 5965 tuus,
1246 5892 1303 5949 id
1338 5900 1438 5960 est,
1486 5908 1583 5966 ego
1629 5904 1779 5964 pater
1824 5898 1945 5946 tuus
1994 5888 2088 5945 tibi
2124 5888 2179 5945 in

2242 2009 2381 2065 Nam
2406 2010 2461 2064 in
2483 2008 2563 2063 eis
2592 2006 2801 2063 habitat
2826 2002 2994 2059 etiam
3016 2000 3278 2057 Dominus
3299 2007 3357 2057 et
3380 1998 3643 2056 dicuntur
3682 1996 3845 2054 ebur-

2249 2113 2364 2155 nea:
2394 2098 2586 2154 domus
2611 2104 2833 2168 propter
2858 2092 3167 2150 castitatem
3190 2099 3246 2148 et
3270 2091 3540 2148 sermonis
3581 2090 3839 2146 nitorem.

2247 2189 2387 2246 Nam
2420 2188 2641 2259 elephas
2670 2184 2826 2257 cujus
2854 2197 2979 2240 ossa
3002 2183 3139 2239 ebur
3158 2191 3287 2238 sunt
3315 2179 3695 2255 castissimum
3724 2179 3843 2235 ani-

2246 2281 2355 2338 mal
2388 2281 2605 2337 dicitur.
2635 2279 2721 2335 Ea:
2757 2278 2943 2351 quibus
2970 2275 3355 2332 delectaverunt
3392 2285 3443 2330 te
3479 2272 3612 2344 ﬁlice
3643 2288 3845 2343 regum,

2250 2373 2303 2427 id
2320 2378 2402 2429 est
2421 2386 2487 2427 ex
2508 2369 2878 2427 odoramentis
2895 2367 3000 2424 illis
3021 2381 3141 2439 quae
3159 2365 3444 2437 spirabunt
3459 2378 3491 2420 a
3504 2361 3847 2420 vestimentis

2253 2469 2379 2534 tuis,
2410 2466 2752 2523 delectabunt
2774 2472 2827 2520 te
2854 2463 2979 2518 ﬁlim
3024 2476 3234 2533 regum,
3286 2460 3342 2516 id
3374 2466 3461 2515 εει
3500 2455 3760 2529 Apostoli
3794 2454 3849 2513 in

2251 2563 2356 2618 ﬁde
2384 2561 2625 2633 generati
2664 2559 2757 2631 qui
2771 2571 2994 2615 carnem
3013 2555 3257 2621 domant,
3276 2551 3527 2624 spiritum
3550 2551 3849 2617 roborant;

2249 2656 2435 2712 ethoc
2469 2655 2525 2708 in
2549 2653 2744 2708 honore
2764 2660 2854 2705 tuo
2878 2646 3133 2720 quoniam
3174 2644 3301 2700 licet
3325 2644 3395 2699 ab
3423 2642 3504 2698 eis
3526 2641 3586 2696 in
3620 2641 3734 2697 ﬁde
3760 2654 3850 2711 ge.

2253 2754 2533 2811 nerantur,
2553 2758 2662 2799 non
2688 2741 2756 2797 ab
2784 2753 2973 2796 eorum
2994 2736 3211 2794 nomine
3222 2734 3585 2798 vocabuntur,
3609 2730 3715 2787 sed
3740 2739 3849 2787 tuo:

2253 2839 2383 2908 quia
2409 2835 2542 2892 nulli
2571 2831 2915 2890 vocabuntur
2934 2824 3482 2891 PetrinivelPaulini,
3526 2822 3628 2880 sed
3663 2833 3853 2878 omnes

2254 2928 2571 2995 Christiani,
2592 2936 2649 2983 et
2672 2927 2753 2983 sic
2778 2938 2878 2996 per
2905 2922 3232 2979 vestimenta
3267 2928 3325 2978 et
3344 2932 3445 2992 per
3474 2918 3673 2975 domos
3698 2915 3854 2972 ebur-

2256 3035 2387 3077 neas
2417 3020 2585 3074 astitit
2612 3018 2796 3088 regina
2821 3033 2855 3071 a
2874 3013 3076 3070 dextris
3102 3011 3227 3078 tuis,
3259 3010 3316 3067 id
3342 3016 3447 3077 est,
3502 3010 3561 3065 in
3588 3006 3855 3081 propitia.

2259 3111 2405 3168 tione
2432 3119 2547 3167 tua.
2573 3106 2711 3166 Nam
2738 3121 2861 3180 quae
2899 3120 2931 3162 a
2970 3096 3206 3162 sinistris
3233 3109 3396 3159 erunt
3416 3110 3582 3157 erunt
3600 3096 3854 3159 concubi-

2260 3218 2345 3261 na:
2373 3200 2690 3274 signiﬁcatae
2708 3214 2808 3273 per
2830 3198 3108 3272 octoginta
3151 3194 3483 3260 concubinas
3518 3192 3850 3251 Salomonis.

2184 3265 2232 3334 δ
2262 3265 2534 3351 Name-rus
2582 3265 2765 3349 autem
2788 3265 3215 3348 concubinarum
3240 3282 3516 3347 excellens
3564 3298 3856 3340 numerum

2263 3384 2594 3456 reginarum,
2620 3379 2963 3455 signiﬁcabat
2989 3377 3120 3451 quia
3146 3373 3300 3431 multi
3323 3383 3446 3430 sunt
3469 3376 3666 3440 vocati,
3704 3372 3858 3445 pauci

2261 3492 2382 3533 vero
2407 3476 2556 3533 electi
2577 3472 2790 3548 (Hattlt.
2821 3470 3149 3545 xx).Begina
3169 3476 3353 3525 autem
3377 3465 3546 3524 stabit
3569 3466 3630 3521 in
3651 3467 3859 3531 restim

2264 3569 2318 3627 id
2350 3577 2454 3637 est,
2476 3568 2533 3625 in
2561 3567 2810 3625 doctrina
2830 3567 3107 3633 deaurata,
3130 3562 3186 3620 id
3208 3569 3316 3631 εει,
3360 3560 3524 3618 bonis
3570 3557 3860 3616 sententiis

2263 3660 2599 3727 conﬁrmata;
2614 3657 2944 3715 circumdata
2962 3656 3237 3722 varietate,
3253 3651 3513 3711 subaudis
3527 3651 3855 3723 linguarum,

2264 3752 2520 3824 quoniam
2546 3750 2713 3807 variis
2732 3748 2931 3821 linguis
2972 3745 3216 3804 Ecclesia
3261 3743 3466 3801 Christi
3493 3743 3735 3798 adunata
3755 3747 3855 3797 est.

2264 3842 2363 3900 Vel
2390 3844 2444 3898 in
2474 3841 2659 3898 uestitu
2695 3841 2975 3905 deaurato,
3017 3837 3074 3893 id
3106 3843 3211 3902 est,
3235 3833 3394 3891 bonis
3429 3830 3677 3891 moribus
3702 3829 3861 3886 ador-

2270 3944 2422 4000 nata,
2451 3944 2508 3991 et
2536 3933 2869 3989 circumdata
2897 3931 3169 3997 varietate,
3198 3928 3410 3985 scilicet
3444 3925 3734 3982 virtutum.
3767 3920 3858 3980 Vel

2267 4026 2327 4082 iu
2359 4027 2546 4082 vestitu
2571 4026 2846 4088 deaurato,
2887 4023 2943 4079 id
2984 4032 3069 4079 est
3109 4022 3166 4078 in
3204 4020 3468 4077 membris
3507 4016 3719 4084 solidis,
3754 4030 3856 4075 non

2267 4116 2616 4188 crepantibus
2656 4117 2711 4171 in
2745 4113 3112 4171 tribulatione.
3152 4112 3317 4178 Audi,
3368 4108 3510 4181 ﬁlia,
3541 4118 3591 4165 et
3627 4109 3783 4175 vide,
3812 4114 3858 4164 et

2265 4209 2462 4265 inclina
2485 4225 2669 4265 aurem
2710 4216 2877 4262 tuam.
2921 4206 3200 4263 Convertit
3250 4219 3311 4261 se
3343 4205 3410 4259 ad
3450 4203 3695 4276 reginam
3725 4215 3857 4273 qua-

2267 4302 2315 4359 si
2343 4302 2514 4358 dicat:
2542 4298 2622 4355 Tu
2644 4299 2827 4371 regina
2849 4299 2965 4370 jam
2985 4297 3131 4354 facta
3154 4296 3319 4352 etiam
3352 4294 3463 4350 ﬁlia
3490 4334 3508 4361 ,
3548 4293 3679 4349 audi
3732 4307 3855 4365 pro-

2268 4396 2452 4462 missa,
2476 4402 2533 4450 et
2553 4392 2792 4465 intellige
2810 4391 3064 4464 impleta:
3089 4389 3387 4461 etqualiter
3410 4387 3532 4444 dico
3546 4393 3607 4441 ut
3636 4383 3856 4441 audias?

2266 4485 2580 4545 lnclinando
2601 4500 2784 4540 aurem
2806 4494 2975 4549 tuam,
3029 4482 3087 4538 id
3123 4488 3229 4549 est,
3259 4478 3538 4537 humiliter
3562 4477 3691 4533 audi
3721 4476 3857 4546 regis

2270 4580 2349 4636 tui
2372 4578 2660 4644 mandata,
2706 4584 2756 4633 et
2794 4574 3097 4632 obliviscere
3141 4571 3392 4643 populum
3446 4580 3628 4638 tuum,
3682 4568 3741 4625 id
3780 4573 3857 4625 est

2272 4672 2513 4729 carnalia
2543 4668 2861 4734 constituta,
2887 4666 2973 4723 vel
2998 4666 3254 4739 populum
3280 4664 3612 4737 Babyloniae,
3644 4662 3737 4719 cui
3764 4675 3853 4734 po-

2268 4768 2394 4840 pulo
2436 4782 2532 4823 rex
2581 4764 2688 4821 fuit
2735 4761 3001 4819 diabolus.
3051 4759 3383 4819 Obliviscere
3424 4758 3588 4816 etiam
3646 4755 3853 4812 domum

2267 4860 2436 4931 patris
2464 4860 2563 4926 tui,
2589 4855 2807 4922 diaboli,
2844 4854 2900 4910 id
2923 4861 3028 4920 est,
3056 4851 3261 4909 nullam
3290 4851 3499 4907 habeas
3542 4848 3853 4905 societatem

2271 4964 2395 5007 cum
2424 4948 2621 5021 impiis,
2643 4955 2700 5004 et
2747 4945 2913 5004 debes
2968 4942 3215 5001 oblivisci
3260 4940 3511 5015 populum
3534 4951 3585 4995 et
3642 4940 3851 4994 domum

2278 5041 2444 5112 patris
2472 5039 2568 5105 tui,
2595 5037 2723 5110 quia
2749 5034 3073 5106 concupiscet
3093 5032 3204 5090 Res;
3216 5034 3456 5089 decorem
3474 5041 3650 5097 tum,
3680 5030 3737 5085 id
3758 5035 3852 5092 est,

2281 5136 2336 5185 te
2360 5128 2610 5185 decoram
2642 5127 2758 5183 ﬁeri
2786 5126 2880 5199 qui
2902 5133 2954 5180 te
2975 5123 3161 5181 dilexit
3185 5121 3411 5189 lmdam,
3430 5129 3493 5177 ut
3512 5118 3723 5175 faceret
3747 5114 3857 5189 puis

2283 5223 2471 5280 chram
2497 5238 2513 5289 ;
2545 5229 2602 5278 et
2621 5221 2693 5277 sit
2728 5220 2828 5276 tibi
2864 5233 3118 5291 magnum
3144 5216 3288 5287 quod
3322 5231 3417 5271 res
3440 5225 3490 5271 te
3514 5213 3853 5283 concupiscet,

2282 5316 2530 5389 quoniam
2553 5314 2685 5383 ipse,
2707 5326 2806 5369 rex
2836 5310 3109 5376 videlicet,
3133 5315 3209 5365 est
3234 5306 3493 5362 Dominus
3552 5303 3698 5360 Deus
3722 5312 3851 5357 tua.

2284 5405 2353 5461 Et
2385 5415 2438 5461 te
2459 5405 2622 5460 etiam
2649 5401 3001 5459 obliviscente
3053 5397 3305 5471 populum
3357 5405 3405 5453 et
3426 5395 3649 5451 domum
3670 5390 3851 5465 patris,

2283 5498 2579 5556 adorabunt
2596 5513 2715 5552 eum
2728 5510 2748 5554 .-
2762 5505 2811 5550 et
2834 5494 2956 5567 (pro
2974 5491 3161 5563 etiam)
3184 5490 3314 5561 ﬁlia:
3335 5487 3484 5562 Tyri,
3513 5474 3726 5545 scilicet
3745 5482 3857 5540 alia

2284 5592 2550 5663 gentium,
2589 5597 2650 5643 ut
2683 5587 2765 5644 sic
2795 5602 2894 5659 per
2915 5584 3116 5658 Tyrum
3149 5597 3271 5654 quae
3303 5580 3407 5638 fuit
3441 5579 3645 5637 civitas
3689 5573 3854 5630 vicina

2285 5686 2485 5743 Iudaeis
2518 5696 2720 5741 terram
2745 5681 2987 5755 gentium
3011 5677 3397 5748 intelligamus.
3427 5674 3559 5743 Qum
3592 5671 3714 5728 ﬁliae
3736 5663 3854 5739 Tyri

2288 5781 2586 5838 adorabunt
2633 5790 2757 5832 eum
2802 5775 2859 5829 in
2918 5772 3260 5839 muneribus,
3324 5769 3379 5826 id
3423 5776 3530 5834 est,
3595 5765 3649 5821 in
3705 5758 3856 5830 largi!

2288 5880 2640 5957 eleemosynis
2660 5892 2757 5952 per
2776 5890 2910 5951 quas
2928 5875 3110 5931 omnia
3132 5870 3331 5931 munda
3352 5869 3487 5932 ﬁunt
3502 5866 3582 5927 eis
3604 5863 3749 5942 (Luc.
3776 5856 3852 5932 tt).
