3978 6448
178 418 287 478 εει

1293 410 1824 473 ENARRATIONES
1864 415 1933 473 lN
1969 416 2306 478 PSALMOS.
2861 408 2977 416 ππ
3016 412 3039 413 ~

179 529 291 585 Has
319 528 690 599 eleemosynas
717 537 959 595 quaerere
993 523 1279 581 Dominum
1308 524 1365 580 in
1399 538 1530 581 voce
1558 541 1761 597 paupe-
1786 530 1838 591 Α
1868 547 1889 580 ι
1934 538 2122 585 rentur
2146 540 2357 588 montes
2391 532 2445 588 in
2480 547 2573 589 cor
2628 536 2817 594 maris.
2878 536 3191 595 Sonuerunt
3227 547 3284 597 et
3316 548 3440 599 tur-

179 621 257 675 ris
284 621 512 691 ipsemet
534 616 793 685 notilicat,
822 617 1037 674 dicens:
1064 615 1296 686 Esurivi,
1321 626 1371 675 et
1393 618 1609 675 dedistis
1630 621 1759 675 mihi

177 710 503 767 manducare
526 708 739 779 (Matth.
768 708 999 780 xv).‘.Vel
1023 712 1317 766 secundum
1346 710 1755 781 interpretatio-

177 818 304 859 nem
334 801 572 858 nominis
596 802 929 873 accipiamus
952 811 1140 874 gentes
1175 804 1392 859 iterum.
1421 802 1555 858 Nam
1587 803 1760 875 Tyrus

177 897 570 965 interpretatur
596 895 840 966 angustia
859 908 1077 949 eorum:
1102 896 1191 951 ubi
1218 897 1434 967 proprie
1460 904 1649 969 gentes
1677 896 1761 951 in-

176 990 516 1062 telliguntur,
567 1003 687 1060 qua:
734 988 904 1045 nimie
954 990 1404 1059 angustiabantur
1454 989 1523 1045 de
1568 986 1759 1060 pecea-

175 1084 245 1139 tis
272 1084 387 1139 suis
415 1101 430 1138 :
465 1080 679 1138 Vultum
711 1091 885 1150 tuum,
906 1081 965 1137 id
990 1091 1095 1148 est,
1116 1083 1484 1141 ecclesiastica
1515 1082 1761 1139 instituta

173 1183 264 1229 tua
292 1175 352 1230 in
380 1174 576 1245 quibus
630 1180 853 1245 apparet
900 1172 1149 1229 voluntas
1200 1181 1315 1239 tua,
1344 1173 1760 1245 deprecabuntur

172 1266 364 1322 diuites
380 1265 566 1338 plebis.
607 1266 690 1323 Ad
716 1265 854 1323 istos
902 1265 1098 1320 divites
1142 1263 1381 1335 loquitur
1408 1264 1607 1319 Paulus
1631 1264 1769 1337 ami-q

170 1371 269 1412 cus
311 1359 496 1428 sponsi
553 1358 727 1423 istius,
757 1359 944 1416 dicens
976 1359 1055 1414 sic
1082 1358 1149 1414 ad
1188 1358 1528 1414 Timotheum
1561 1376 1573 1413 :
1605 1356 1761 1414 Prte-

169 1447 283 1514 cipe
327 1446 574 1502 divitibus
613 1448 774 1518 hujus
818 1448 997 1504 διεσαιὶ
1029 1465 1132 1503 ηοη
1168 1448 1384 1519 superbe
1420 1464 1623 1518 sapere,
1670 1463 1763 1501 ne-

167 1555 270 1609 que
295 1556 511 1609 sperare
562 1541 616 1595 in
671 1541 867 1596 incerto
906 1541 1228 1607 divitiarum,
1290 1539 1382 1596 sed
1425 1541 1482 1595 in
1509 1540 1619 1595 Deo
1650 1540 1759 1615 uiuo

168 1628 255 1698 qui
301 1638 521 1698 pra'stat
564 1628 710 1684 nobis
759 1630 935 1684 omnia
967 1629 1310 1685 abundanter
1360 1629 1427 1683 ad
1478 1629 1760 1698 fruendum

168 1719 222 1789 (Ι
265 1719 407 1775 Tim.
461 1721 558 1794 vi).
620 1721 726 1777 Sed
774 1722 967 1777 divites
1019 1724 1127 1778 sint
1176 1722 1229 1777 in
1279 1723 1534 1793 operibus
1579 1722 1758 1789 bonis,

165 1811 338 1868 facile
372 1812 631 1880 tribuant,
655 1814 1075 1881 communicent,
1119 1813 1485 1869 thesaurizent
1514 1811 1617 1869 sibi
1642 1811 1759 1867 fun—

166 1905 489 1960 damentum
510 1906 732 1972 bonum,
761 1914 823 1960 ut
848 1906 1255 1977 apprehendant
1280 1905 1446 1959 vitam
1473 1912 1753 1960 aeternam.
1786 1886 1836 1948 Β

163 1996 231 2050 Ει
277 1998 539 2067 quoniam
589 1995 765 2054 solent
826 2011 1052 2053 munera
1110 1995 1585 2068 eleemosynarum
1651 1994 1754 2050 ali-

164 2088 392 2160 quando
445 2087 562 2144 ﬂeri
613 2088 683 2144 ad
730 2085 975 2143 favorem
1019 2087 1322 2153 hominum,
1372 2100 1445 2142 ne
1494 2088 1611 2142 haec
1648 2084 1759 2141 filia

164 2178 317 2249 regis
339 2180 395 2234 in
426 2193 485 2235 se
520 2179 637 2249 ipsa
664 2178 991 2249 gloriaretur
1015 2186 1072 2233 et
1108 2178 1179 2234 ab
1208 2178 1332 2234 aliis
1368 2178 1582 2233 laudem
1610 2191 1758 2247 quee-

163 2276 338 2335 reret,
391 2268 788 2340 subsequitur:
838 2266 1023 2324 Omnis
1068 2267 1238 2339 gloria
1284 2268 1400 2337 ejus
1427 2267 1556 2336 ﬁlice
1601 2268 1758 2339 regis,

163 2361 217 2417 id
254 2371 347 2418 est
391 2360 668 2429 Ecclesia,
720 2359 783 2417 ﬁt
832 2360 899 2415 ab
944 2361 1107 2427 intus,
1162 2361 1216 2417 id
1253 2369 1336 2417 est
1373 2360 1429 2416 in
1474 2361 1758 2417 conscien-

163 2454 237 2510 tia
260 2496 279 2522 ,
314 2454 441 2525 quia
463 2453 634 2526 gloria
659 2460 846 2509 nostra
885 2453 1046 2509 debet
1066 2466 1188 2509 esse
1224 2453 1598 2508 testimonium
1634 2466 1763 2517 con-

163 2546 415 2602 scientiae
456 2546 610 2602 bonae
637 2552 693 2601 et
733 2545 1172 2617 interrogationis
1220 2545 1277 2601 in
1319 2544 1510 2611 Deum,
1538 2553 1596 2601 et
1644 2545 1762 2602 haec

162 2638 342 2710 gloria
392 2640 453 2693 lit
496 2640 550 2693 in
582 2637 801 2709 fimbriis
832 2639 1027 2706 aureis,
1082 2638 1136 2696 id
1169 2645 1272 2705 est,
1327 2639 1385 2695 in
1433 2638 1542 2694 fine
1594 2637 1760 2706 bono,

162 2729 331 2786 utsic
359 2730 417 2783 in
460 2727 679 2799 ﬁmbriis
726 2728 1045 2786 ﬁnalitatem
1083 2728 1437 2801 accipiamus,
1478 2736 1537 2786 et
1584 2729 1639 2785 in
1666 2744 1765 2785 au-

163 2822 275 2877 reis
328 2820 654 2877 bonitatem.
719 2817 854 2876 Nam
908 2819 1001 2891 qui
1048 2820 1449 2891 perseuerauerit
1498 2835 1662 2889 usque
1706 2821 1764 2875 in

163 2913 353 2984 ﬁnem,
374 2912 460 2968 hic
489 2910 665 2968 saluus
690 2912 789 2967 erit
811 2910 1215 2982 (Matth.xxrv).
1239 2907 1647 2966 Circumamicta
1674 2927 1768 2965 va-

165 3001 473 3069 rietatibus,
525 3001 579 3058 id
631 3008 736 3069 est,
782 3001 952 3059 variis
1001 3000 1240 3073 populis,
1291 2999 1379 3057 vel
1407 3000 1765 3058 varietatibus

162 3096 463 3152 virtutum.
498 3093 606 3151 Per
635 3094 779 3151 hanc
807 3094 972 3150 etiam
1008 3092 1179 3151 tiliam
1204 3107 1525 3150 conversam
1559 3108 1589 3148 a
1630 3107 1763 3165 gen-

164 3187 342 3253 tibus,
366 3186 697 3242 adducentur
724 3186 834 3260 regi
865 3186 1112 3260 virgines,
1134 3187 1189 3243 id
1221 3195 1326 3255 est,
1360 3186 1466 3244 alia
1494 3185 1759 3253 Ecclesia,

167 3284 228 3332 ut
258 3276 343 3332 sic
367 3274 696 3345 accipiamus
747 3276 1047 3334 Ecclesiam
1083 3277 1385 3348 angelicam
1425 3286 1763 3348 caeterasque
1792 3266 1837 3332 C

168 3384 295 3439 quae
342 3378 473 3441 post
527 3369 861 3441 primitivum
917 3368 1217 3426 Ecclesiam
1268 3384 1547 3426 conversae
1613 3377 1757 3427 sunt.

169 3463 308 3532 Quae
336 3462 581 3534 virgines
604 3463 940 3520 adducentur
970 3472 1083 3534 post
1108 3480 1245 3531 eam,
1286 3462 1341 3520 id
1364 3471 1470 3530 est,
1496 3472 1620 3534 post
1648 3462 1760 3535 pri-

169 3552 425 3609 mitivum
453 3551 773 3621 Ecclesiam,
798 3552 874 3609 ita
899 3560 961 3609 ut
986 3554 1242 3625 proximae
1268 3554 1377 3610 sint
1410 3554 1549 3625 ejus,
1574 3552 1628 3608 id
1655 3561 1762 3619 est,

169 3643 505 3700 imitatrices
542 3637 666 3700 ﬂ'oei
694 3645 831 3715 ejus.
858 3644 927 3700 Et
968 3645 1084 3702 ista:
1133 3645 1267 3702 tales
1314 3646 1606 3717 cierentur
1646 3645 1757 3709 tibi,

170 3736 227 3792 id
268 3746 379 3802 est,
408 3737 476 3791 ad
528 3736 792 3793 honorem
838 3746 1011 3793 tuum.
1067 3736 1370 3808 Afferentur
1401 3736 1542 3804 dico,
1574 3750 1683 3792 non
1710 3736 1766 3792 in

171 3840 421 3885 maerore
434 3825 744 3896 ettristitia,
759 3827 853 3883 sed
871 3828 924 3881 in
946 3826 1132 3883 laetitia
1152 3836 1201 3883 et
1221 3827 1587 3883 exsultatione.
1611 3825 1767 3883 Unde

172 3921 314 3979 illud
340 3940 355 3978 :
386 3918 512 3978 Non
539 3922 809 3993 accepistis
839 3922 1079 3994 spiritum
1118 3921 1382 3978 servitutis
1411 3922 1598 3976 iterum
1626 3922 1682 3974 in
1702 3918 1767 3973 ti-

171 4028 327 4069 more
353 4010 534 4083 (Rom.
562 4010 702 4084 vni).
729 4010 1075 4068 Adducentur
1116 4012 1244 4082 ipsae
1275 4012 1514 4086 virgines
1560 4012 1613 4063 in
1641 4020 1769 4064 tem-

172 4106 326 4177 plum
368 4105 528 4175 regis,
551 4104 608 4162 id
630 4112 733 4170 est.
763 4103 831 4160 ad
870 4104 972 4161 hoc
1002 4113 1064 4159 ut
1087 4103 1218 4173 ipsae
1246 4103 1354 4158 sint
1389 4101 1670 4173 templum.
1701 4101 1772 4157 Et

176 4212 255 4256 ne
299 4197 427 4269 quis
478 4197 598 4255 ideo
649 4205 863 4269 putaret
916 4196 1217 4253 Ecclesiam
1259 4192 1461 4252 Christi
1500 4211 1608 4251 non
1650 4209 1770 4249 esse

177 4288 567 4356 crescendam,
600 4288 725 4359 quia
760 4301 867 4343 non
900 4294 1195 4358 supersunt
1245 4285 1474 4355 apostoli
1508 4293 1564 4341 et
1608 4284 1769 4353 primi

174 4378 591 4450 praedicatores,
637 4379 983 4450 subsequitur
1031 4394 1046 4432 :
1096 4377 1204 4432 Pro
1244 4376 1481 4447 patribus
1521 4376 1622 4430 tuis
1662 4376 1772 4430 uati

176 4478 307 4524 sunt
347 4468 440 4523 tibi
462 4468 583 4540 ﬁlii.
614 4466 782 4537 Quasi
808 4467 957 4524 dicat
985 4480 1000 4520 :
1024 4466 1177 4522 Licet
1216 4480 1324 4521 non
1361 4466 1632 4537 supersint
1677 4481 1771 4536 pa-

180 4568 296 4615 tres
328 4558 431 4623 tui,
465 4557 518 4613 id
546 4567 652 4624 est,
700 4573 732 4613 a
773 4566 828 4614 te
862 4557 1165 4623 constituti,
1211 4564 1392 4612 tamen
1434 4573 1541 4616 non
1592 4558 1771 4614 decre-

1867 637 1885 671 ‹
1930 621 2069 675 batze
2098 631 2225 677 sunt
2273 639 2427 693 aquas
2460 639 2675 692 eorum,
2706 630 3008 684 conturbati
3050 638 3177 685 sunt
3226 641 3440 693 montes

1866 727 1888 762 ι
1918 710 1973 764 in
2012 710 2327 769 fortitudine
2357 712 2494 782 eius.
2536 716 2799 775 Fluminis
2830 720 3064 791 impetus
3099 721 3336 781 laetiﬁcat
3362 726 3443 784 cio

1866 822 1887 858 t
1931 806 2152 862 vitalem
2180 808 2296 873 Dei,
2331 810 2689 867 sanetiiicavit
2729 812 3139 871 tabernaculum
3167 831 3324 873 suum
3343 818 3444 876 Al-

1866 910 1887 947 t
1930 896 2194 952 tissimus.
2223 897 2365 954 Deus
2391 899 2447 954 in
2482 901 2662 956 medio
2690 901 2808 974 ejus
2842 918 2950 958 non
2989 907 3439 975 commovebitur,

1867 1001 1888 1036 ι
1934 986 2210 1056 adjuvabit
2245 1001 2366 1045 eam
2421 989 2564 1046 Deus
2603 1005 2762 1049 mane
2806 992 3061 1051 diluculo.
3090 994 3442 1056 Conturbatat

1866 1093 1887 1132 ι
1932 1084 2058 1134 sunt
2092 1089 2278 1151 gentes
2305 1088 2359 1136 et
2389 1079 2644 1138 inclinata
2689 1091 2816 1140 sunt
2866 1099 3053 1157 regna,
3085 1086 3233 1144 dedit
3253 1100 3443 1145 vocem

1868 1188 1887 1221 ι
1930 1184 2104 1234 suam,
2138 1179 2285 1226 mota
2337 1179 2424 1228 est
2470 1180 2637 1240 terra,
2661 1173 2922 1230 Dominus
2956 1176 3217 1233 virtutum
3254 1178 3442 1235 nobis-

1868 1278 1891 1341 ιν
1933 1277 2075 1327 cum,
2117 1272 2400 1335 susceptor
2426 1274 2611 1322 noster
2634 1265 2778 1323 Deus
2819 1264 3009 1324 Iacob.
3036 1267 3252 1337 Venite,
3277 1278 3333 1327 et
3355 1272 3441 1328 vi-

1868 1371 1886 1405 ‹
1916 1353 2036 1409 dcte
2061 1367 2225 1423 opera
2254 1354 2468 1410 Domini
2502 1356 2595 1425 qui
2638 1357 2821 1426 posuit
2849 1358 3095 1429 prodigia
3125 1374 3290 1430 super
3330 1368 3441 1417 ter-

1867 1460 1888 1494 t
1936 1456 2075 1509 ram,
2101 1441 2356 1499 auferens
2376 1442 2519 1499 bella
2552 1458 2723 1515 usque
2746 1446 2811 1502 ad
2838 1445 3000 1503 finem
3030 1456 3210 1505 terrm.
3231 1449 3436 1507 Arcum

1866 1552 1886 1587 ι
1931 1543 2191 1599 conteret,
2207 1532 2578 1606 etconfringet
2598 1552 2748 1591 arma
2773 1544 2827 1593 et
2846 1546 2998 1593 scuta
3016 1540 3295 1596 comburet
3310 1540 3443 1612 igni.

1867 1644 1887 1681 t
1928 1623 2129 1681 Vacate
2164 1634 2219 1680 et
2243 1627 2423 1683 videte
2444 1627 2697 1697 quoniam
2726 1643 2823 1696 ego
2846 1644 2963 1684 sum
2982 1629 3146 1697 Deus,
3167 1630 3447 1688 exaltabor

1866 1733 1887 1768 ι
1930 1716 1986 1771 in
2011 1715 2261 1788 gentibus
2287 1722 2342 1771 et
2371 1717 2651 1773 exaltabor
2694 1719 2745 1775 in
2778 1730 2942 1774 terra.
2986 1719 3251 1777 Dominus
3275 1722 3446 1778 virtu-

1868 1799 1889 1862 ἱ
1930 1807 2671 1879 tlnnobiscum,susceptor
2708 1823 2890 1866 noster
2920 1809 3063 1867 Deus
3081 1808 3268 1869 Jacob.
3315 1829 3339 1867 ι

2428 1898 2889 1958 ΕΝΑΒΒΑΤΙΟ.

1930 1990 2047 2047 Yox
2080 1998 2164 2048 est
2199 1991 2254 2047 in
2285 1989 2390 2047 hoc
2414 1990 2623 2061 psalmo
2657 1991 2888 2047 ﬁliorum
2916 1989 3080 2060 Core,
3111 1990 3327 2049 illorum
3349 1993 3447 2066 qui

1859 2084 2189 2154 praedicante
2236 2082 2398 2139 Petro
2440 2082 2709 2155 apostolo,
2747 2090 2806 2139 ut
2858 2082 3057 2154 legitur
3113 2084 3169 2138 in
3219 2082 3449 2141 Actibus

1860 2178 2271 2250 apostolorum,
2324 2186 2760 2251 recognoverunt
2811 2191 3012 2234 arcana
3062 2175 3301 2245 Domini,
3348 2179 3447 2236 illa

1860 2270 2117 2327 videlicet
2169 2268 2405 2343 qualiter
2460 2284 2651 2327 omnes
2690 2270 2759 2327 ad
2808 2286 2947 2343 quos
2993 2272 3146 2328 venit
3203 2269 3447 2344 Spiritus

1862 2372 2087 2419 sanctus
2126 2362 2380 2419 omnibus
2427 2361 2626 2434 linguis
2680 2362 3033 2433 loquerentur
3065 2382 3077 2418 :
3114 2377 3451 2435 recognove-

1862 2466 1990 2512 runt
2012 2456 2178 2512 etiam
2208 2470 2369 2527 quam
2398 2454 2543 2513 altus
2579 2463 2637 2513 et
2682 2455 2931 2513 excelsus
2968 2456 3111 2528 apud
3150 2456 3324 2513 Deum
3364 2455 3450 2512 fa-

1864 2557 1982 2605 ctus
2012 2557 2159 2605 esset
2190 2546 2279 2604 ille
2306 2561 2467 2619 quem
2515 2546 2769 2603 manibus
2805 2547 2921 2604 suis
2949 2546 3362 2615 crucifixerunt,
3389 2555 3453 2604 ut

1864 2640 2070 2711 Spiritu
2101 2647 2292 2696 sancto
2338 2637 2533 2695 idiotas
2563 2637 2812 2709 impleret
2836 2646 2891 2694 et
2920 2637 3134 2709 linguas
3164 2637 3453 2695 infantium

1866 2732 2075 2790 faceret
2103 2732 2354 2797 disertus,
2380 2738 2435 2787 et
2457 2731 2765 2802 compuncti
2798 2731 2961 2786 corde
2987 2729 3282 2786 dixerunt:
3309 2729 3451 2798 Quid

1863 2824 2137 2895 faciemus,
2176 2822 2277 2878 uiri
2315 2820 2505 2891 fratres
2533 2819 2561 2876 7
2592 2819 2660 2875 Ει
2686 2819 2882 2876 Petrus
2914 2819 2993 2875 ait
3023 2838 3039 2875 :
3079 2816 3454 2877 Pwnitentiam

1864 2917 2023 2989 agite,
2056 2926 2105 2972 et
2142 2916 2436 2987 baptisetur
2468 2914 2825 2985 unusquisque
2876 2923 3107 2970 uestrum
3155 2912 3214 2967 in
3242 2913 3455 2968 nomine

1865 3009 2080 3065 Domini
2109 3006 2275 3064 nostri
2303 3007 2432 3063 .Iesu
2458 3004 2654 3063 Christi
2703 3006 2856 3080 (Act.
2905 3006 3006 3079 ιι).
3061 3005 3359 3069 Possumus
3396 3012 3456 3060 et

1867 3100 2169 3174 intelligere
2198 3114 2397 3156 arcana
2422 3098 2512 3154 illa
2534 3098 2602 3155 de
2627 3098 2824 3170 quibus
2848 3098 2927 3155 ait
2952 3096 3284 3170 Apostolus:
3311 3092 3457 3153 Nolo

1866 3210 1953 3252 vos
1978 3192 2254 3266 ignorare,
2288 3191 2506 3263 fratres,
2545 3191 2853 3262 mysterium
2878 3190 2978 3247 hoc
3016 3191 3141 3264 quia
3164 3191 3457 3247 cacitasea:

1866 3294 2015 3357 parte
2026 3284 2243 3355 contigit
2259 3284 2314 3338 in
2327 3280 2518 3349 Israel,
2534 3281 2697 3337 donec
2708 3281 2977 3353 plenitudo
2991 3281 3221 3354 gentium
3232 3280 3457 3336 intraret

1864 3372 2037 3449 (Rom.
2067 3373 2153 3445 ιι).
2182 3372 2254 3431 Ut
2290 3381 2471 3429 autem
2494 3371 2611 3429 haec
2634 3385 2833 3429 arcana
2861 3369 3223 3444 intelligamus
3259 3367 3457 3426 exhor-

1864 3478 2047 3525 tantur
2071 3482 2171 3525 nos
2198 3466 2291 3523 filii
2311 3465 2449 3523 Core
2469 3465 2562 3536 qui
2586 3465 2701 3522 haec
2728 3464 3044 3537 loquuntur,
3070 3463 3152 3520 sic
3171 3462 3455 3521 dicentes:

1933 3558 2075 3615 Deus
2095 3567 2270 3614 noster
2290 3555 2575 3628 refugium,
2606 3553 2663 3612 id
2685 3563 2787 3621 est,
2818 3553 2962 3613 Deus
2989 3560 3191 3611 nostra:
3238 3559 3452 3608 naturae

1865 3657 2175 3721 assumptor
2210 3654 2296 3704 est
2337 3647 2495 3703 nobis
2532 3645 2818 3719 refugium,
2849 3654 2899 3701 et
2918 3644 3108 3712 uirtus,
3144 3643 3199 3700 id
3238 3650 3326 3701 est
3347 3642 3458 3699 vir-

1866 3750 2080 3798 tuosum
2107 3735 2372 3809 refugium
2406 3755 2419 3792 :
2452 3735 2670 3808 adjutor
2688 3736 2748 3794 in
2794 3733 3241 3800 tribulationibus,
3268 3733 3326 3790 id
3351 3739 3458 3802 est,

1866 3833 1922 3890 in
1959 3829 2292 3890 conscientia
2353 3827 2518 3894 mala,
2555 3842 2674 3899 quae
2724 3827 3034 3883 invenerunt
3061 3841 3157 3881 nos
3184 3825 3364 3880 nimis.
3393 3824 3457 3881 lu

1867 3926 1971 3980 hac
1999 3919 2343 3978 tribulatione
2368 3918 2516 3975 solus
2541 3925 2625 3973 est
2652 3915 2872 3987 adiutor
2901 3917 2995 3988 qui
3041 3913 3191 3972 solus
3233 3919 3459 3987 peccata

1868 4014 2106 4073 dimittit.
2153 4010 2249 4068 lla:
2296 3998 2675 4067 tribulationes
2729 4007 3013 4064 inveniunt
3058 4019 3184 4073 nos,
3236 4004 3457 4075 quando

1869 4108 1988 4163 aliis
2023 4104 2438 4177 prmdicantibus
2461 4109 2686 4173 peccata
2710 4098 3175 4171 recognoscimus.
3223 4096 3451 4154 Inveni-

1869 4177 1988 4255 mus
2016 4212 2115 4252 nos
2140 4195 2241 4265 ipsi
2273 4192 2666 4257 tribulationes,
2710 4190 2928 4262 quando
2958 4190 3076 4247 sine
3109 4188 3457 4244 admonitore

1871 4297 2095 4361 peccata
2128 4285 2361 4342 flemus:
2410 4283 2465 4338 in
2499 4290 2735 4354 utroque
2783 4288 2969 4337 tamen
3001 4279 3217 4349 adjutor
3274 4283 3460 4332 noster

1869 4384 2034 4449 Deus,
2063 4388 2120 4438 et
2144 4388 2416 4451 propterea
2438 4416 2454 4444 ,
2490 4376 2545 4432 id
2574 4383 2676 4439 est,
2703 4373 2827 4445 quia
2849 4387 2916 4429 eo
2944 4372 3233 4443 adjuvante
3273 4364 3461 4421 exclu-

1870 4490 1964 4531 sus
2008 4479 2091 4529 est
2122 4469 2388 4525 tumultus
2419 4465 2783 4526 conscientiae,
2837 4476 2943 4517 non
2982 4459 3279 4516 timebimus
3327 4454 3456 4510 dum

1875 4564 2169 4621 turbabitur
2196 4570 2357 4625 terra,
2390 4558 2446 4614 id
2482 4564 2587 4622 est,
2616 4569 2750 4628 gens
2778 4553 3021 4627 iudicata
3051 4550 3109 4606 in
3141 4547 3461 4606 terrenitate

178 4656 299 4705 δοεῑ
323 4646 575 4704 Εεοιθεῖει
603 4655 712 4712 tua:
740 4647 869 4718 quia
890 4647 1004 4702 "ali
1034 4654 1162 4702 sum
1212 4646 1307 4703 tibi
1356 4646 1471 4713 ﬁlii»
1504 4648 1629 4717 illiia
1671 4640 2195 4728 PFODperdurans.
2259 4650 2329 4707 Et
2379 4668 2484 4705 non
2528 4647 2827 4704 timebimus
2890 4645 3018 4702 dum
3074 4640 3462 4712 transferentur

181 4742 455 4814 apostolis
494 4741 609 4797 nati
638 4750 767 4798 sunt
805 4740 1122 4811 Gregorius,
1154 4740 1487 4812 Augustinus
1515 4749 1570 4797 et
1587 4742 1772 4797 caeteri

178 4834 394 4906 plures,
416 4847 555 4904 quos
573 4834 853 4891 constitues
871 4834 1127 4904 principes
1153 4849 1307 4905 super
1329 4850 1532 4890 omnem
1556 4842 1771 4901 terram,

179 4935 239 4980 et
266 4925 354 4983 sic
376 4938 473 4997 per
507 4922 629 4982 illos
679 4940 879 4982 memor
910 4940 998 4982 ero
1023 4925 1251 4982 nominis
1289 4926 1391 4993 tui,
1423 4925 1477 4981 id
1504 4934 1606 4991 est,
1635 4924 1776 4982 cele-

180 5014 355 5070 brare
404 5013 606 5071 faciam
655 5028 855 5072 nomen
901 5024 1055 5072 tuum
1082 5015 1141 5071 in
1184 5016 1329 5072 omni
1372 5016 1703 5087 generatione
1724 5026 1775 5073 et

184 5108 606 5182 generationem.
633 5107 702 5166 Et
733 5122 867 5167 vere
900 5123 1001 5181 per
1043 5109 1164 5168 illos
1199 5111 1304 5167 hoc
1346 5110 1459 5177 ﬂet,
1489 5110 1617 5181 quia
1654 5125 1777 5182 pro-

181 5206 392 5269 pterea,
421 5198 478 5256 id
516 5206 623 5267 est,
657 5200 784 5272 quia
821 5199 1093 5258 suﬂlciunt
1135 5201 1539 5273 praedicatores,
1570 5200 1780 5271 conﬁte-

187 5290 505 5349 bunturtibi
542 5292 744 5363 populi,
767 5292 822 5350 id
844 5300 952 5361 est,
982 5292 1250 5350 suﬁicient
1276 5306 1648 5364 consequaces
1680 5310 1692 5348 :
1722 5303 1778 5348 et

184 5381 299 5443 hoc
327 5383 435 5441 erit
461 5383 519 5440 in
544 5392 816 5453 teternum,
842 5386 986 5456 quod
1005 5392 1108 5451 est,
1138 5386 1197 5442 in
1222 5384 1477 5444 siccatum
1498 5385 1705 5444 seculi.

732 5475 1054 5536 PSALMUS
1087 5473 1250 5536 XLV.

226 5584 285 5627 ΠΙ
322 5583 487 5627 “REI
527 5582 687 5626 PlLllS
719 5582 856 5627 (ἒοη
891 5584 993 5627 PRO
1030 5585 1254 5629 ARCLMS
1289 5584 1523 5630 PSALKUS
1558 5584 1739 5629 DAVID.

272 5677 297 5714 ι
342 5660 488 5718 Deus
524 5668 708 5718 noster
750 5658 1021 5734 refugium
1041 5669 1098 5719 et
1126 5662 1321 5730 virtus,
1351 5662 1566 5734 adiutor
1603 5663 1656 5719 in
1683 5660 1781 5718 tri-

199 5770 223 5807 ι
256 5752 630 5811 bulationibus
656 5767 775 5825 quae
800 5753 1124 5813 invenerunt
1144 5768 1245 5814 nos
1273 5755 1454 5814 nimis.
1487 5755 1780 5830 Propterea

202 5865 224 5905 ι
256 5860 368 5909 non
408 5847 717 5906 timebimus
741 5848 871 5906 dum
895 5849 1200 5911 turbabitur
1239 5857 1402 5922 terra,
1443 5856 1499 5908 et
1549 5849 1778 5911 transie-
1812 5902 1815 5903 ν

1874 4758 2074 4805 montes
2092 4747 2147 4801 in
2171 4760 2260 4800 cor
2282 4743 2462 4806 maris,
2488 4741 2541 4796 id
2560 4748 2665 4805 est,
2690 4739 2818 4795 dum
2837 4736 3068 4809 apostoli
3094 4731 3462 4792 transferendi

1874 4850 2001 4897 sunt
2030 4853 2063 4894 a
2096 4835 2296 4893 Judaeis
2340 4834 2396 4889 in
2419 4831 2584 4889 corda
2610 4829 2893 4903 gentilium
2918 4830 3011 4901 qui
3058 4826 3199 4884 mari
3232 4838 3457 4896 compa-
3489 4877 3493 4881 .

1876 4938 2085 4997 rantur,
2107 4924 2362 4998 quoniam
2390 4920 2708 4979 idololatriae
2731 4920 3093 4978 amaritudine
3116 4917 3457 4990 tegebantur,

1876 5020 1944 5076 ad
1972 5031 2201 5093 quorum
2255 5012 2718 5085 comparationem
2773 5024 2909 5084 gens
2956 5008 3267 5067 Judmorum
3315 5015 3462 5067 terra

1878 5112 2098 5178 dicitur,
2141 5108 2269 5180 quia
2315 5104 2678 5163 amaritudine
2719 5102 2961 5176 gentium
3014 5110 3275 5172 tanquam
3322 5094 3461 5154 mari

1879 5202 2319 5261 circumdabatur
2356 5199 2443 5256 his
2484 5198 2782 5265 montibus,
2814 5195 2867 5254 id
2897 5203 3003 5259 est,
3029 5191 3289 5265 apostolis
3324 5187 3463 5247 dixit

1878 5296 2139 5353 Dominus
2171 5293 2223 5348 in
2253 5290 2546 5363 Evangelia
2577 5307 2591 5346 :
2623 5287 2686 5347 Si
2712 5286 2998 5345 habueritis
3019 5285 3178 5355 ﬁdem
3206 5290 3462 5353 tanquam

1878 5400 2121 5459 granum,
2139 5383 2338 5452 sinapis
2360 5380 2541 5436 dicetis
2564 5380 2687 5436 huic
2712 5378 2876 5435 monti
2901 5394 2918 5434 :
2938 5373 3150 5432 Tollere
3169 5381 3225 5437 et
3245 5370 3462 5430 mittere

1879 5478 1936 5534 in
1959 5491 2126 5543 mare,
2157 5481 2212 5532 et
2234 5472 2325 5544 ﬁet
2358 5470 2489 5529 illud
2517 5469 2733 5552 (Matth.
2757 5484 2871 5525 xvii
2900 5475 2949 5523 et
2982 5464 3110 5535 ιιι)
3155 5462 3235 5518 De
3262 5474 3323 5517 se
3344 5459 3466 5531 ipso

1881 5570 2018 5627 dixit
2040 5568 2168 5626 huic
2192 5566 2360 5623 monti
2390 5564 2483 5635 qui
2504 5561 2950 5635 praedicatoribus
2979 5555 3238 5631 apostolis
3263 5552 3463 5612 missus

1881 5670 1964 5719 est
1988 5662 2042 5717 in
2064 5674 2235 5726 mare,
2283 5657 2337 5713 id
2362 5665 2463 5723 est,
2494 5655 2547 5710 in
2588 5653 2835 5710 notitiam
2877 5651 3139 5727 gentium.
3163 5647 3464 5706 Sonuerunt

1882 5764 1929 5812 et
1958 5753 2178 5815 turbatae
2202 5759 2321 5809 sunt
2370 5764 2519 5823 aqua:
2557 5762 2756 5803 eorum.
2784 5744 2925 5802 Ecce
2952 5743 3188 5801 ostendit
3231 5740 3467 5815 qualiter

1883 5859 2096 5913 montes
2137 5842 2499 5907 transferendi
2545 5848 2671 5899 sunt
2697 5839 2752 5897 in
2783 5854 2880 5898 cor
2909 5839 3116 5901 maris:
3154 5838 3281 5915 quia
3308 5849 3468 5892 sona-
