3930 5518
526 449 635 508 385

1169 445 1430 504 numen
1465 407 2523 502 surtsstooom‘s‘is’oﬁiﬁitus
2559 439 2602 496 ι.
2643 469 2712 481 -
2750 435 3159 496 EXEGETICA.

3689 433 3794 491 ω’

526 559 686 626 bunt,
709 557 766 615 id
800 567 907 626 est,
929 573 1090 616 voces
1113 559 1363 614 emittent
1392 558 1494 628 ipsi
1529 565 1741 612 montes
1776 565 1867 612 :et
1887 563 2107 611 contur-
2131 552 2186 614 Α
2216 570 2234 604 ι
2275 551 2468 616 ribilis,
2492 565 2584 606 rex
2615 565 2842 620 magnus
2864 563 3025 620 super
3050 561 3264 604 omnem
3291 555 3517 604 terram.
3549 545 3788 618 Subiecit

523 649 666 706 bata:
709 659 834 706 sunt
870 667 1019 721 aqua:
1056 665 1258 714 eorum,
1295 649 1348 703 id
1385 656 1467 703 est
1498 647 1744 702 doctores
1764 647 2022 717 gentium,
2048 652 2104 700 et

527 757 635 798 non
687 743 784 813 ipsi
835 742 1086 797 doctores
1145 749 1353 796 tantum
1404 739 1776 803 destruentur,
1806 737 1900 792 sed
1937 737 2100 792 etiam

526 841 746 897 montes,
781 832 832 886 id
865 841 970 898 est,
1009 832 1280 903 principes
1321 832 1521 887 terreni
1550 829 2016 886 conturbabuntur
2043 829 2102 883 in

527 921 833 992 fortitudine
858 924 974 995 ejus
1017 925 1109 992 qui
1153 925 1258 979 erit
1297 931 1542 978 nostrum
1575 923 1838 993 refugium
1873 943 1885 977 :
1919 932 1975 979 et
1998 924 2103 978 hoc

539 1028 631 1070 )on
657 1014 875 1083 mirum,
898 1016 1021 1086 quia
1049 1017 1282 1086 ﬂuminis
1307 1018 1529 1088 impetus
1575 1016 1811 1086 lmtiﬁcat
1841 1018 2101 1071 civitatem

529 1103 643 1170 Dei,
675 1104 727 1160 id
749 1115 850 1173 est,
883 1108 1164 1164 abundans
1200 1109 1373 1179 gratia
1422 1109 1659 1181 Spiritus
1687 1110 1860 1165 sancti
1890 1108 2102 1164 confor-

531 1199 658 1255 .abit
679 1201 1047 1259 collectionem
1079 1213 1388 1260 sanctorum
1413 1222 1425 1256 :
1452 1214 1500 1258 et
1521 1205 1632 1274 ipse
1651 1204 1951 1260 Altissimus
1975 1221 2100 1258 san—

529 1290 762 1360 rtiﬁcavit
814 1293 1210 1349 tabernaculum
1235 1312 1411 1362 suum,
1450 1295 1503 1350 id
1523 1304 1628 1362 est,
1658 1296 1758 1351 sibi
1783 1297 2102 1352 tabernacu-

520 1389 698 1438 .antes
725 1400 738 1439 :
770 1382 855 1438 vel
882 1384 985 1451 sic,
1016 1383 1085 1438 Et
1120 1386 1504 1456 transferentur
1537 1397 1736 1442 montes
1764 1389 1818 1442 in
1859 1404 1950 1442 cor
1988 1405 2104 1442 ma-

517 1472 623 1538 ris,
676 1481 732 1528 et
778 1481 906 1531 tunc
952 1476 1008 1530 in
1052 1476 1169 1547 ipsa
1208 1476 1581 1544 translatione,
1625 1479 1678 1534 id
1731 1487 1836 1546 est,
1888 1480 1943 1534 in
1986 1479 2102 1550 ipsa

517 1566 902 1635 praedicatione
928 1567 1202 1642 Evangelii
1247 1573 1516 1628 sonabunt
1541 1572 1670 1642 ipsae
1694 1583 1880 1644 gentes
1907 1581 1960 1628 et
1990 1583 2102 1628 tur-

517 1653 790 1710 babuntur
851 1656 1096 1713 doctores
1138 1673 1354 1726 eorum,
1386 1661 1630 1718 dicentes
1665 1680 1679 1715 :
1715 1661 1849 1730 Quis
1876 1673 1960 1720 est
1997 1679 2098 1718 an-

519 1744 800 1801 nuntiator
837 1761 1099 1804 uovorum
1129 1749 1554 1806 daemoniorum?
1592 1754 1731 1823 (Act.
1791 1755 1951 1827 xvn.)
1999 1756 2102 1811 hoc

517 1835 721 1892 dictum
745 1847 826 1895 est
846 1841 987 1910 apud
1011 1841 1393 1899 Athenienses.
1429 1844 1629 1915 Ephesi
1656 1855 1840 1904 autem
1862 1848 1918 1902 in
1945 1849 2096 1904 thea-

515 1932 600 1981 tro
628 1940 727 1981 suo
751 1935 958 1985 tantum
986 1933 1272 2003 strepitum
1316 1933 1566 1990 fecerunt
1596 1950 1694 2006 pro
1720 1936 1890 1993 Diana
1913 1953 2010 1992 sua
2041 1948 2100 1994 ut

516 2014 816 2074 clamarent
869 2022 1028 2090 quasi
1086 2037 1183 2093 per
1239 2025 1371 2080 duas
1422 2025 1627 2082 horas:
1671 2026 1869 2098 Magna
1919 2029 2099 2085 Diana

515 2103 863 2177 Ephesiorum
887 2111 1027 2182 (Act.
1055 2113 1194 2180 xu).
1233 2114 1300 2168 Et
1327 2117 1620 2170 conturbati
1643 2127 1764 2172 sunt
1792 2129 2012 2185 montes,
2044 2119 2100 2174 id

513 2206 615 2265 est,
643 2201 916 2273 principes
929 2204 1140 2273 terreni
1169 2205 1359 2262 conﬁsi
1382 2207 1435 2261 in
1459 2208 1770 2277 fortitudine
1789 2211 1923 2280 ejus,
1953 2212 2098 2267 scili-

512 2298 602 2346 cet
634 2292 818 2348 maris.
873 2293 978 2351 Sed
1011 2297 1139 2367 quid
1176 2298 1304 2354 fecit
1334 2300 1526 2356 civitas
1545 2300 1678 2356 Dei?
1702 2300 1967 2359 Fluminis
1993 2306 2096 2359 im-

513 2387 661 2448 petus
685 2379 969 2450 laeti/ienuit
987 2401 1124 2452 eam,
1143 2387 1488 2457 sanctiﬁcavit
1521 2391 1915 2447 tabernaculum
1942 2410 2095 2449 suum

512 2470 830 2530 Altissimus.
862 2475 929 2531 Et
970 2479 1239 2548 quomodo
1270 2481 1654 2550 sancti/ienuit?
1679 2483 1816 2551 Quia
1845 2484 1984 2541 Deus
2013 2495 2098 2543 est

513 2559 570 2615 in
607 2564 797 2631 medio,
845 2565 899 2620 id
944 2577 1048 2636 est,
1093 2569 1147 2624 in
1192 2571 1448 2627 ﬁrmitate
1485 2574 1664 2630 cordis
1703 2575 1840 2647 ejus,
1882 2587 1936 2632 et
1973 2578 2094 2633 ideo

517 2647 643 2706 licet
695 2653 883 2708 saeviat
915 2670 1087 2724 mare,
1129 2657 1256 2715 licet
1293 2671 1505 2716 montes
1550 2663 1964 2732 conturbentur,
1989 2683 2095 2722 non

521 2745 928 2801 commovebitur
953 2747 1144 2806 civitas
1168 2751 1283 2821 ipsa
1311 2767 1341 2807 a
1371 2754 1754 2825 praedicatione
1785 2756 2091 2827 Evangelii,

511 2833 637 2904 quia
665 2833 808 2893 Deus
836 2839 1103 2910 adjuvabit
1133 2859 1248 2898 eam
1287 2859 1464 2912 mane,
1496 2845 1549 2901 id
1579 2855 1682 2914 est,
1715 2848 1966 2917 indilate;
2012 2852 2094 2906 di-

513 2923 712 2993 luculo,
741 2928 794 2984 id
822 2937 927 2994 est,
956 2931 1010 2986 in
1043 2933 1442 2991 resurrectione
1470 2952 1565 2993 sua
1586 2939 1641 2993 in
1671 2938 1904 2996 diluculo
1925 2940 2090 3009 facta;

512 3016 600 3072 vel
638 3016 895 3089 diluculo,
931 3021 987 3079 id
1011 3033 1114 3092 est,
1145 3035 1291 3084 metu
1333 3030 1525 3085 mortis
1562 3042 1902 3103 consumpto,
1933 3042 1988 3090 et
2014 3035 2095 3091 sic

510 3113 838 3168 conturbatus
880 3125 1003 3172 sunt
1031 3129 1207 3188 gentes
1251 3129 1303 3176 et
1346 3121 1603 3178 inclinata
1649 3133 1771 3179 sunt
1823 3141 2004 3196 regna,
2037 3127 2092 3182 id

508 3209 613 3268 est,
645 3203 917 3277 principes
945 3210 1166 3265 terreni.
1188 3209 1258 3267 Et
1283 3226 1391 3283 quo
1420 3214 1610 3272 ordine
1629 3216 1773 3273 istud
1799 3217 1932 3275 ﬁet?
1954 3217 2088 3274 Nam

507 3289 767 3349 Dominus
797 3295 1064 3364 uirtutum,
1110 3300 1165 3356 id
1213 3282 1316 3369 est,
1348 3303 1588 3361 virtuose
1633 3309 1815 3364 omnia
1863 3308 2087 3378 faciens,
2118 3282 2164 3347 Ο

508 3384 778 3441 nobiscum
821 3403 938 3446 ens.
1001 3390 1155 3460 Quod
1201 3395 1342 3452 alius
1383 3398 1649 3468 propheta
1696 3399 1846 3468 dicit,
1877 3403 2091 3459 Emma-

506 3475 630 3532 n'uel
655 3477 789 3550 (Isa.
820 3482 955 3555 vn):
988 3496 1258 3558 susceptor
1283 3499 1477 3556 noster,
1524 3493 1576 3547 id
1603 3502 1711 3560 est,
1749 3503 1951 3551 nostrae
1988 3512 2088 3552 na-

505 3575 642 3659 tura:
696 3583 1027 3646 assumptor,
1068 3577 1209 3634 Deus
1263 3581 1454 3648 Iacob,
1510 3582 1564 3638 id
1608 3593 1710 3649 est,
1743 3587 1941 3657 prioris
1988 3605 2088 3659 po-

502 3657 636 3727 puli,
679 3660 822 3715 dedit
871 3680 1044 3719 uocem
1082 3681 1270 3735 suam,
1323 3679 1380 3725 et
1434 3670 1559 3727 inde
1602 3683 1744 3728 mota
1785 3685 1860 3730 est
1906 3657 2082 3744 terra,

503 3746 712 3804 scilicet
754 3752 1017 3819 gentium.
1066 3753 1137 3812 Et
1173 3757 1300 3828 quia
1351 3757 1610 3816 Dominus
1646 3762 1832 3818 visitat
1879 3780 1994 3829 vos,
2052 3781 2087 3823 ο

501 3846 709 3906 gentes,
736 3842 906 3898 uenite
933 3859 1086 3915 ergo,
1131 3861 1238 3904 non
1286 3850 1536 3919 passibus
1572 3852 1792 3920 pedum,
1835 3857 1929 3912 sed
1956 3870 2084 3926 pas-

505 3928 657 3986 sibus
703 3932 850 4002 ﬁdei,
893 3947 942 3991 et
979 3939 1165 4005 videte,
1204 3941 1258 3997 id
1302 3953 1407 4008 est,
1454 3943 1735 4015 intelligite
1779 3963 1934 4018 apera
1972 3949 2082 4004 Do-

501 4019 656 4087 mini,
691 4040 808 4093 quu:
853 4026 969 4096 ipse
1010 4026 1269 4086 Dominus
1317 4035 1571 4088 uirtutum
1608 4037 1880 4093 nobiscum
1908 4057 2082 4098 susce-

496 4117 614 4180 ptor
638 4124 816 4169 noster
839 4115 981 4172 Deus
999 4119 1189 4188 Iacob,
1216 4124 1390 4193 posuit
1416 4126 1677 4197 prodigia,
1701 4129 1754 4184 id
1783 4139 1886 4196 est,
1908 4133 2080 4188 admi-

496 4203 665 4259 randa
694 4223 851 4278 super
891 4219 1111 4280 terram,
1143 4213 1196 4268 id
1243 4224 1345 4280 est,
1375 4216 1512 4271 infra
1561 4227 1822 4278 terrenos.
1852 4223 1918 4277 Et
1959 4239 2080 4294 qua

493 4302 622 4351 sunt
659 4299 864 4368 opera?
914 4301 1171 4372 Aufercns
1216 4304 1350 4360 bella
1393 4323 1555 4378 usque
1609 4310 1675 4364 1d
1718 4311 2072 4381 ﬁnemterrte,

493 4385 637 4455 quod
665 4387 802 4446 alius
836 4393 1098 4466 prepheta
1146 4395 1297 4463 dicit,
1353 4408 1672 4467 convertat.
1700 4403 1901 4472 gladios
1951 4421 2073 4460 suos

491 4475 548 4528 in
572 4492 816 4546 vomeres,
842 4491 890 4537 et
920 4481 1131 4540 lanceas
1158 4502 1282 4541 suas
1323 4487 1378 4542 in
1404 4487 1564 4556 falces
1605 4489 1648 4560 (ι
1694 4506 1737 4547 't.
1764 4491 1848 4563 ιι).
1880 4495 2073 4550 Arcum

492 4576 719 4624 conteret
773 4582 822 4626 et
859 4575 1147 4647 confringet
1173 4595 1343 4634 arma.
1375 4580 1516 4637 Ecce
1555 4581 1715 4654 qualit,
1738 4597 1786 4637 ir
1821 4583 1954 4641 bella
1977 4601 2068 4642 au-

491 4655 652 4713 feret.
683 4658 818 4717 Nam
845 4681 1051 4734 arcum,
1075 4669 1128 4724 id
1157 4681 1265 4738 est,
1294 4673 1561 4729 occultam
1586 4675 2068 4750 impugnationem,

491 4755 541 4800 et
572 4758 742 4841 scuta,
786 4751 842 4808 id
883 4764 969 4810 est
1011 4761 1405 4827 protectionem
1437 4779 1590 4820 vanae
1639 4771 2076 4841 praesumptionis

495 4838 755 4940 comburet
791 4843 918 4914 igni.
949 4847 1028 4903 De
1068 4865 1177 4921 quo
1207 4853 1331 4923 igne
1373 4855 1574 4911 dictum
1603 4868 1688 4914 est
1716 4876 1732 4916 :
1757 4838 1939 4931 Ignem
1963 4863 2077 4917 ueni

491 4932 709 5022 mittere
724 4932 782 4987 in
819 4942 1038 5006 terram,
1063 4949 1112 4994 et
1141 4943 1268 5012 quid
1304 4943 1414 4999 volo
1451 4947 1553 5001 nisi
1577 4957 1634 5000 ut
1663 4949 1886 5004 ardeat?
1920 4950 2073 5022 (Luc.

489 5021 617 5088 xu.)
663 5018 778 5080 Hoc
807 5025 931 5100 igne
947 5031 1230 5088 comburet
1254 5035 1511 5091 Dominus
1529 5047 1676 5093 scuta
1702 5039 1886 5097 dicens
1920 5018 1938 5097 ξ
1967 5039 2074 5095 Va-

490 5123 625 5181 cate,
656 5117 707 5174 id
729 5128 831 5186 est,
863 5124 1018 5179 vacui
1043 5134 1214 5184 estote
1241 5129 1381 5184 unde
1413 5129 1553 5199 pleni
1590 5131 1742 5196 estis,
1775 5131 2069 5204 implemini

489 5207 632 5264 unde
654 5211 810 5266 vacui
834 5215 986 5269 estis.
1013 5215 1177 5283 Quasi
1209 5217 1354 5272 dicat
1397 5235 1410 5270 :
1450 5218 1722 5274 Evacuate
1752 5235 1941 5278 saccos
1976 5236 2067 5276 ve-

487 5306 632 5355 SII'OS
659 5301 809 5354 Dalea
854 5314 907 5359 et
938 5305 1154 5360 imnlete
1185 5323 1278 5356 ens
1310 5309 1516 5372 granis.
1547 5319 1597 5362 et
1637 5312 1715 5360 sic
1740 5311 1907 5360 videte
1937 5329 2067 5358 nun-

2167 680 2173 688 .
2208 660 2226 694 ι
2259 641 2483 712 populos
2517 641 2672 696 nobis
2696 648 2750 696 et
2776 647 2964 712 gentes
2989 639 3091 694 sub
3112 639 3337 708 pedibus
3360 638 3592 694 nostris.
3617 636 3789 708 Elegit

2207 753 2226 787 ι
2259 734 2412 790 nobis
2437 732 2805 788 hiereditatem
2849 746 3025 796 suam,
3069 728 3300 799 speciem
3321 725 3490 783 Iacob
3519 742 3690 798 quam
3712 727 3786 782 di-

2207 847 2226 882 e
2254 828 2406 884 lexit.
2424 826 2682 883 Ascendit
2707 824 3113 895 Deusinjubilo,
3132 823 3460 880 etDominus
3485 822 3542 876 in
3559 835 3697 876 voce
3717 826 3789 874 tu-

2208 938 2228 973 (
2257 921 2359 976 bas.
2375 919 2592 975 Psallite
2609 921 2719 974 Deo
2734 927 2941 983 nostro,
2954 915 3168 988 psallite
3182 933 3196 972 :
3209 914 3420 985 psallite
3435 913 3556 986 regi
3581 919 3787 974 nostro,

2207 1033 2226 1067 ‹
2259 1013 2492 1085 psallite.
2523 1012 2787 1080 Quoniam
2815 1026 2908 1068 rex
2941 1009 3119 1066 omnis
3162 1016 3322 1063 terra:
3368 1007 3540 1068 Deus,
3582 1001 3824 1075 psallite;

2207 1124 2226 1157 α
2263 1105 2555 1175 sapienter.
2583 1102 2851 1174 Regnabit
2877 1102 3017 1156 Deus
3045 1113 3205 1170 super
3233 1106 3446 1170 gentes,
3471 1095 3623 1151 Deus
3647 1094 3792 1148 sedet

2207 1215 2228 1250 ι
2267 1211 2431 1266 super
2461 1197 2641 1251 sedem
2672 1204 2914 1251 sanctam
2947 1207 3120 1248 suam.
3146 1192 3426 1262 Principes
3467 1187 3790 1261 populorum

2208 1306 2226 1340 ι
2259 1287 2570 1358 congregati
2609 1294 2734 1341 sunt
2779 1301 2902 1341 cum
2933 1285 3042 1339 Deo
3074 1282 3343 1338 Abraham
3363 1321 3379 1347 ,
3420 1279 3690 1350 quoniam
3724 1276 3773 1332 di

2209 1399 2227 1432 ι
2266 1379 2432 1436 fortes
2459 1387 2616 1435 terrae
2638 1379 2984 1434 vehementer
3003 1373 3196 1431 elevati
3222 1380 3368 1430 sunt.

2755 1486 3206 1546 ENARRATIO.

2273 1585 2408 1655 Quia
2439 1585 2506 1640 ad
2534 1598 2652 1649 vos,
2677 1599 2710 1640 ο
2733 1591 2927 1653 gentes,
2965 1579 3135 1650 gratia
3167 1576 3262 1634 Dei
3300 1574 3576 1648 pervenit,
3617 1586 3792 1626 omnes

2199 1680 2433 1752 plaudite
2457 1677 2719 1741 manibus,
2754 1676 2805 1731 id
2829 1683 2934 1740 est,
2973 1674 3112 1729 bene
3160 1669 3501 1741 operamini:
3560 1664 3794 1722 Iubilate

2203 1772 2310 1827 Deo
2326 1773 2380 1826 in
2407 1786 2527 1825 voce
2548 1767 2932 1832 exsultationis,
2965 1766 3018 1820 id
3039 1772 3144 1831 est,
3174 1763 3229 1819 in
3254 1777 3388 1818 voce
3441 1758 3791 1817 exsultativa.

2205 1861 2342 1918 Nota
2373 1861 2497 1932 quia
2522 1861 2795 1936 utrinque,
2825 1868 3030 1931 etvoce
3048 1868 3104 1913 et
3122 1857 3393 1919 manibus,
3420 1863 3506 1909 est
3533 1851 3795 1922 plauden-

2205 1953 2332 2008 dum
2365 1952 2500 2017 Deo,
2530 1951 2782 2020 quoniam
2809 1949 2856 2004 si
2881 1958 3089 2003 tantum
3115 1961 3247 2002 voce
3272 1945 3397 2014 quis
3415 1941 3669 2014 plaudat,
3693 1953 3794 1994 non

2202 2041 2358 2107 bene,
2391 2040 2516 2112 quia
2537 2041 2704 2112 pigrae
2726 2048 2851 2094 sunt
2871 2053 3095 2103 manus;
3130 2037 3176 2092 si
3228 2043 3443 2092 tantum
3491 2032 3792 2093 manibus,

2202 2146 2309 2206 non
2331 2131 2495 2197 bene,
2533 2130 2660 2201 quia
2681 2139 2834 2185 muta
2871 2136 2954 2184 est
2985 2128 3190 2198 lingua,
3229 2136 3292 2182 et
3315 2126 3436 2180 ideo
3458 2121 3794 2179 concordent

2201 2239 2395 2280 manus
2417 2233 2474 2278 et
2504 2223 2705 2294 lingua,
2729 2223 2816 2277 illa
2842 2221 3180 2286 conﬁteatur,
3211 2218 3314 2276 illae
3338 2224 3656 2288 operentur.
3701 2212 3792 2268 Ju-

2199 2315 2363 2371 bilate
2389 2315 2498 2372 Deo
2524 2315 2577 2369 in
2604 2330 2735 2370 voce
2786 2311 3185 2377 exsultationis,
3229 2311 3479 2381 quoniam
3529 2307 3794 2362 Dominus

2198 2405 2430 2462 excelsus
2461 2405 2554 2476 qui
2574 2405 2662 2460 hic
2692 2403 2978 2460 videbatur
2999 2401 3236 2468 inﬁmus,
3253 2397 3503 2455 terribilis
3526 2396 3624 2468 qui
3651 2397 3794 2452 inter

2196 2496 2410 2554 Iudaeos
2436 2496 2536 2551 fuit
2571 2495 2959 2566 despectibilis,
2986 2509 3079 2549 rex
3106 2507 3349 2564 magnus,
3377 2490 3474 2561 qui
3507 2489 3602 2544 hic
3627 2501 3794 2558 ψειε-

2196 2589 2306 2644 ruit
2327 2589 2546 2644 humilis
2575 2597 2630 2643 et
2658 2602 2880 2658 parvus,
2912 2601 3071 2656 super
3093 2598 3297 2639 omnem
3323 2591 3519 2635 terram
3547 2577 3792 2652 gentium

2196 2689 2251 2737 et
2288 2681 2615 2736 Judaeorum.
2663 2679 2899 2751 Subjecit
2944 2674 3164 2748 populos
3207 2674 3379 2739 nobis,
3403 2671 3458 2727 id
3483 2679 3596 2736 est,
3628 2669 3790 2725 nobis

2192 2770 2613 2842 praedicantibus
2634 2768 2748 2840 subj
2758 2767 2936 2840 ugavit
2954 2764 3168 2824 Iudaeos
3187 2773 3236 2820 et
3262 2772 3439 2836 gentes
3455 2761 3555 2816 sub
3570 2761 3792 2832 pedibus

2195 2863 2405 2919 nostris.
2438 2863 2508 2918 Et
2532 2862 2682 2934 elegit
2744 2861 2891 2917 nobis
2935 2858 3380 2918 conformandam
3426 2856 3793 2912 hwreditatent

2193 2969 2368 3019 suam,
2399 2952 2539 3010 hanc
2557 2952 2828 3019 videlicet,
2856 2951 3076 3022 speciem
3103 2948 3274 3004 Iacob
3293 2963 3457 3020 quam
3489 2945 3711 3012 dilexit,
3745 2944 3792 3000 id

2193 3050 2298 3108 est,
2321 3042 2440 3098 illos
2465 3043 2558 3114 qui
2603 3031 2770 3098 Iacob
2815 3040 3013 3097 imitati
3066 3047 3213 3095 sunt.
3257 3036 3328 3092 Et
3388 3035 3634 3107 psallite,
3663 3034 3792 3106 quia

2196 3133 2336 3188 Deus
2359 3135 2595 3189 ascendit
2614 3135 2672 3189 in
2688 3133 2886 3206 jubilo,
2915 3132 2970 3188 id
2998 3140 3103 3199 est,
3137 3131 3190 3186 in
3215 3144 3412 3202 magno
3434 3129 3641 3201 gaudio
3663 3142 3795 3200 apo-

2193 3224 2478 3281 stolorum.
2507 3223 2642 3281 Nam
2684 3239 2938 3298 magnum
2976 3223 3230 3296 gaudium
3266 3229 3388 3278 erat
3433 3221 3519 3278 eis
3568 3220 3792 3292 quando

2193 3323 2440 3370 naturam
2463 3329 2618 3371 suam
2639 3315 2695 3370 in
2724 3323 2935 3370 tantum
2957 3313 3216 3371 videbant
3237 3311 3490 3370 exaltari.
3525 3310 3791 3366 Dominus

2193 3409 2248 3462 in
2291 3425 2412 3465 uoce
2433 3410 2592 3476 tubae,
2614 3409 2671 3464 id
2695 3416 2780 3464 est
2812 3409 2869 3464 in
2892 3408 3137 3480 angelica
3166 3421 3302 3463 voce
3356 3405 3616 3462 ascendit
3667 3419 3789 3461 cum

2193 3500 2295 3571 ipsi
2318 3500 2606 3556 dixerunt:
2639 3497 2754 3555 Viri
2774 3498 3010 3563 Galiltei,
3033 3500 3160 3571 quid
3200 3499 3352 3555 statis
3384 3498 3713 3568 aspicientes
3739 3496 3790 3550 in

2191 3591 2414 3646 calum?
2436 3592 2572 3663 (Act.
2602 3595 2667 3664 l.)
2690 3593 2768 3647 Ac
2794 3591 2840 3647 si
2862 3591 3044 3647 dicant
3075 3610 3088 3644 :
3118 3589 3310 3647 Videte
3351 3591 3748 3647 ascendentem
3773 3628 3788 3655 ,

2191 3682 2394 3737 credite
2416 3683 2472 3737 in
2498 3683 2802 3748 absentem,
2829 3692 3042 3754 sperate
3054 3681 3381 3748 venientem,
3411 3689 3467 3735 et
3493 3696 3598 3752 per
3629 3681 3791 3736 mise-

2189 3773 2482 3828 ricordiam
2511 3775 2629 3845 ejus
2659 3788 2877 3845 semper
2901 3773 3054 3840 vobis
3075 3771 3272 3828 sentite
3315 3783 3678 3842 prmsentem.
3725 3769 3788 3826 Et

2187 3865 2314 3935 quia
2347 3866 2487 3921 Deus
2517 3866 2570 3921 in
2610 3874 2761 3922 tanto
2787 3865 2962 3938 jubilo
2985 3865 3254 3921 ascendit:
3279 3879 3410 3936 ergo
3435 3863 3657 3935 psallite
3681 3863 3789 3923 Deo

2187 3968 2387 4026 nostra,
2405 3959 2636 4030 psallite,
2652 3959 2794 4031 patri
2809 3959 3058 4016 videlicet
3086 3959 3291 4030 psallite
3315 3958 3427 4029 regi
3449 3967 3640 4012 nostra
3657 3957 3788 4025 ﬁlio,

2184 4049 2394 4121 psallite
2423 4050 2945 4122 Spirituisancto,et
2967 4051 3182 4117 merito,
3214 4049 3466 4120 quoniam
3489 4065 3589 4105 rex
3619 4049 3788 4103 omnis

2185 4148 2336 4194 terra:
2386 4139 2526 4196 Deus
2555 4148 2665 4208 est,
2698 4150 2751 4195 et
2778 4142 2902 4198 inde
2930 4140 3138 4212 psallite
3187 4142 3474 4211 sapienter,
3503 4139 3564 4195 id
3596 4148 3708 4205 est,
3737 4140 3788 4194 in

2183 4229 2440 4285 cordibus
2461 4233 2679 4300 vestris,
2707 4233 2832 4302 quia
2862 4247 2968 4288 non
2995 4232 3266 4302 sapienter
3286 4229 3475 4300 psallit
3510 4230 3608 4300 qui
3657 4244 3789 4286 voce

2183 4325 2388 4373 tantum
2403 4319 2554 4390 psalli
2565 4328 2603 4386 t,
2620 4323 2846 4391 psallite,
2864 4323 2988 4393 quia
3000 4322 3144 4378 Deus
3156 4321 3389 4393 regnabit
3405 4335 3573 4390 super
3583 4331 3785 4391 gentes,

2173 4407 2322 4464 .Deus
2335 4410 2476 4465 sedet
2498 4427 2654 4481 super
2681 4413 2855 4468 sedem
2883 4422 3118 4468 sanctam
3144 4429 3316 4480 suam,
3338 4411 3424 4468 vel
3450 4411 3786 4468 Ecclesiam.

2176 4494 2250 4556 Ut
2271 4509 2453 4558 autem
2481 4513 2770 4573 regnaret,
2810 4505 3066 4576 principes
3099 4504 3411 4576 populorum
3468 4511 3786 4577 congregat!

2175 4601 2297 4646 sunt
2326 4608 2443 4646 cum
2460 4591 2572 4648 Deo
2595 4594 2890 4662 Abraham,
2910 4595 2962 4651 id
2987 4604 3089 4662 est,
3112 4597 3396 4654 credentes
3429 4596 3785 4652 adhaeserunt.

2175 4684 2300 4741 sibi.
2324 4683 2392 4740 Et
2414 4686 2519 4742 hoc
2541 4686 2723 4743 unde?
2751 4685 3012 4754 Quoniam
3035 4689 3111 4742 dii
3137 4689 3328 4758 fortes,
3355 4689 3411 4744 id
3437 4698 3524 4746 est
3545 4688 3786 4760 apostoli

2177 4786 2491 4836 constantes
2510 4820 2526 4849 ,
2568 4789 2743 4847 teme,
2771 4780 2827 4837 id
2847 4788 2951 4846 est,
2975 4781 3043 4837 de
3069 4782 3271 4838 mundo
3296 4779 3475 4846 electi,
3502 4781 3787 4836 uehemen-

2177 4878 2256 4926 ter
2298 4870 2501 4940 elevati,
2553 4871 2609 4927 id
2655 4881 2758 4940 est,
2811 4872 2982 4945 signis
3027 4871 3313 4943 gloriﬁcati
3361 4881 3486 4929 sunt
3504 4880 3590 4955 .ut
3643 4888 3782 4930 con-

2177 4972 2533 5033 gregarentur
2584 4965 2861 5037 principes
2911 4981 3035 5023 cum
3088 4965 3218 5024 Deo.
3276 4963 3433 5023 Unde
3476 4966 3782 5039 Apostolus

2179 5049 2519 5122 Evangelium
2546 5064 2784 5110 nostrum
2813 5072 2916 5111 non
2939 5057 3038 5126 fuit
3066 5057 3135 5111 ad
3160 5073 3249 5114 vos
3277 5057 3335 5111 in
3367 5072 3610 5112 sermone
3658 5067 3781 5111 tan-

2177 5152 2308 5209 tum,
2332 5145 2422 5198 sed
2469 5147 2524 5202 in
2553 5146 2760 5218 Spiritu
2810 5158 2993 5204 sancto
3039 5162 3087 5205 et
3124 5151 3181 5205 in
3223 5150 3551 5220 plenitudine
3599 5151 3780 5205 multa

2176 5232 2229 5304 (1
2251 5232 2497 5308 Thes“):
2513 5238 2596 5293 vel
2613 5239 2692 5295 sic
2702 5241 2960 5310 princines
2981 5240 3307 5292 nonulnﬂlml
3325 5241 3378 5282 ίά
3400 5249 3507 5292 est.
3519 5243 3778 5298 centium
