3978 6462
159 480 262 539 385

683 590 1000 648 PSALMUS
1034 590 1238 648 XLVII.

257 697 494 742 γελιιίυε
519 698 731 741 CANTICI
767 702 926 742 ιἰιιιε
957 702 1092 744 COBE
1123 702 1358 744 SECUNDA
1384 703 1625 744 SABIA'I‘I.

225 797 246 832 ι
295 778 519 850 Magnus
550 778 809 834 Dominus
833 788 887 834 et
907 778 1194 835 laudabilis
1223 781 1383 836 nimis
1420 782 1472 835 in
1513 782 1734 836 civitate

158 890 176 924 σ
217 870 318 925 Dei
347 870 538 937 nostri,
567 870 621 925 in
655 879 835 927 monte
873 880 1059 927 sancto
1093 873 1226 941 ejus.
1258 873 1532 927 Fundatur
1552 873 1734 928 exsul-

158 979 176 1014 ι
219 963 432 1017 tatione
471 962 738 1019 universae
770 973 929 1020 terrae
967 980 1122 1021 mons
1155 966 1306 1032 Sion,
1336 965 1504 1020 latera
1527 965 1736 1036 aquilo-

156 1072 174 1107 I
215 1055 308 1109 nis
333 1094 347 1118 ,
384 1054 581 1110 civitas
620 1057 763 1126 regis
806 1058 1007 1127 magni.
1039 1057 1179 1112 Deus
1229 1058 1284 1112 in
1323 1057 1572 1113 domibus
1617 1057 1731 1127 ejus

155 1166 173 1200 ε
215 1155 596 1216 cognoscetur,
643 1162 770 1203 cum
817 1148 1076 1219 suscipiet
1115 1163 1251 1204 eam.
1303 1147 1567 1215 Quoniam
1605 1162 1733 1203 ecce

155 1256 173 1290 r
212 1252 376 1310 reges
393 1245 552 1293 terrae
569 1240 880 1310 congregati
910 1251 1053 1307 sunt,
1081 1247 1452 1295 convenerunt
1471 1240 1526 1294 in
1542 1253 1727 1293 unum.

155 1345 171 1377 ε
215 1325 330 1397 Ipsi
355 1328 602 1383 videntes
641 1328 719 1383 sic
745 1329 998 1383 admirati
1026 1339 1185 1394 sunt,
1235 1329 1543 1385 conturbati
1582 1337 1726 1394 sunt,

151 1435 169 1469 s
212 1419 478 1474 commoti
519 1428 674 1487 sunt;
722 1430 927 1476 tremor
972 1422 1327 1492 apprehendit
1364 1435 1478 1477 eos.
1527 1422 1603 1477 lbi
1629 1421 1729 1476 do-

150 1530 166 1556 ι
212 1509 366 1566 iores
386 1520 446 1565 ut
467 1515 841 1582 parturientis,
866 1515 920 1569 in
945 1515 1137 1585 spiritu
1152 1515 1457 1570 vehementi
1485 1522 1731 1569 conteres

149 1618 167 1652 ι
209 1617 388 1658 naves
429 1601 674 1661 Tharsis.
709 1605 865 1662 Sicut
907 1606 1242 1672 audivimus,
1285 1607 1364 1662 sic
1399 1606 1632 1661 vidimus
1673 1605 1732 1660 in

147 1712 166 1746 ι
209 1696 441 1752 civitate
491 1698 704 1754 Domini
748 1700 1006 1753 virtutum
1028 1739 1043 1765 ,
1070 1700 1124 1753 in
1156 1699 1376 1754 civitate
1408 1698 1504 1754 Dei
1533 1696 1728 1763 nostri,

145 1806 165 1840 ‹
209 1787 361 1844 Deus
385 1788 630 1846 fundavit
646 1805 764 1846 eam
788 1792 841 1846 in
861 1800 1144 1847 aeternum.
1169 1790 1536 1861 Suscepimus,
1561 1789 1728 1856 Deus,

144 1898 163 1931 s
207 1881 647 1938 misericordiam
691 1890 861 1949 tuam,
891 1883 946 1936 in
976 1883 1154 1939 medio
1181 1882 1365 1953 templi
1389 1881 1485 1938 tui.
1519 1881 1727 1938 Secun-

1282 477 1814 539 ENARRATIONES
1852 480 1918 536 IN
1958 482 2298 547 PSALMOS.

1762 598 2089 668 Aaquilone
2133 601 2269 657 solet
2325 602 2508 658 venire
2557 605 2727 676 majus
2773 605 2943 680 frigus
2984 607 3115 666 :vel
3164 608 3406 683 legamus

3304 497 3409 557 386

1836 699 2045 744 montes
2102 691 2263 757 Sion,
2317 694 2396 748 sic
2443 693 2703 764 fundatur
2758 698 3108 755 exsultatione
3155 700 3404 757 universa

1832 786 1998 846 terra,
2029 781 2084 836 id
2116 792 2219 849 est,
2254 783 2305 837 in
2335 786 2479 840 omni
2510 794 2650 842 terra
2689 798 3031 845 construetur
3058 790 3173 846 hmc
3197 792 3407 847 civitas.

1832 865 1966 921 Nam
1991 878 2200 927 montes
2223 869 2374 937 Sion,
2406 874 2457 929 id
2483 883 2567 929 est
2613 874 2868 934 Judaicus
2889 879 3136 950 populus,
3159 889 3214 936 et
3239 879 3409 934 latera

1831 961 2109 1031 aquilonis,
2137 964 2190 1020 id
2215 973 2296 1019 est
2336 967 2627 1036 gentilitas,
2661 979 2786 1024 sunt
2814 971 2995 1025 civitas
3027 973 3161 1042 regis
3209 972 3405 1042 magni.

1828 1049 1972 1105 Deus
2007 1061 2187 1109 autem
2229 1057 2284 1109 in
2335 1056 2574 1114 domibus
2615 1059 2760 1129 ejus,
2792 1060 3002 1118 scilicet
3030 1063 3287 1128 civitatis,
3319 1077 3407 1116 co-

1828 1152 2124 1210 gnoscetur,
2153 1161 2270 1197 cum
2298 1147 2540 1216 suscipiet
2557 1164 2694 1214 eam,
2723 1149 2930 1204 scilicet
2951 1150 3225 1207 civitatem
3256 1160 3415 1206 tuen-

1829 1230 1977 1285 dam.
2030 1229 2099 1285 Et
2146 1242 2333 1288 contra
2383 1236 2726 1304 quos‘lEcce
2760 1247 2886 1307 puta
2927 1254 2945 1293 :
2988 1238 3252 1306 Quoniam
3291 1254 3407 1293 ecce

1830 1337 1973 1392 reges
2000 1331 2154 1378 terra:
2175 1329 2474 1398 congregati
2496 1339 2616 1383 sunt
2641 1331 2694 1384 in
2723 1331 3031 1398 concilium,
3063 1339 3410 1388 convenerunt

1829 1412 1885 1466 in
1916 1430 2110 1481 unum,
2159 1416 2213 1472 id
2245 1426 2358 1484 est,
2389 1420 2456 1472 ad
2484 1434 2648 1476 unam
2692 1421 3051 1486 voluntatem,
3085 1430 3146 1478 ut
3171 1423 3412 1477 destrue-

1830 1515 1953 1562 rent
1978 1509 2150 1578 ipsam
2180 1509 2501 1566 Ecclesiam.
2527 1513 2633 1568 Sed
2665 1514 2878 1569 tandem
2906 1515 3006 1583 ipsi
3031 1529 3203 1588 reges,
3230 1514 3411 1569 volen-

1830 1605 1915 1654 tes
1941 1614 2060 1654 eam
2092 1601 2391 1668 destruere,
2415 1603 2666 1658 admirati
2691 1617 2836 1670 sunt,
2873 1605 2927 1659 id
2955 1613 3038 1660 est
3062 1605 3407 1660 admirabun-

1831 1695 1961 1756 tur,
2007 1691 2236 1747 uidentes
2288 1695 2403 1758 sic,
2462 1695 2515 1748 id
2563 1703 2677 1760 est,
2717 1695 3014 1752 Ecclesiam
3065 1704 3148 1752 tot
3196 1695 3408 1752 fundari

1829 1780 2144 1849 miraculis,
2190 1783 2655 1840 conturbabuntur
2705 1787 2774 1841 de
2812 1788 3050 1857 peccatis
3083 1789 3217 1854 suis,
3265 1803 3417 1843 com-

1831 1872 2191 1928 movebuntur
2241 1875 2308 1929 ad
2366 1875 2742 1944 paenitentiam
2795 1891 2811 1931 :
2874 1888 3070 1933 tremor
3117 1879 3265 1933 enim
3321 1878 3407 1932 fu-

143 1987 161 2021 t
205 1970 343 2026 dum
391 1984 590 2028 nomen
619 1980 772 2027 tuum
817 1973 959 2029 Deus
987 2014 1002 2040 ,
1035 1974 1114 2030 sic
1155 1981 1210 2030 et
1237 1973 1356 2029 laus
1385 1981 1476 2028 tua
1503 1974 1558 2029 in
1591 1973 1726 2028 ﬁnes
1753 1956 1801 2020 B
1828 1963 1938 2017 turi
2009 1961 2194 2031 iudicii
2259 1966 2597 2036 apprehendit
2645 1983 2755 2023 eos.
2809 1966 2910 2022 Vel
2978 1969 3058 2024 sic
3109 1986 3123 2022 :
3159 1968 3302 2023 Deus
3355 1970 3410 2022 in

143 2079 160 2114 ε
205 2070 371 2117 εει-ηε
404 2061 657 2131 :justitia
713 2064 874 2135 plena
925 2074 1011 2121 est
1057 2065 1281 2121 dextera
1335 2075 1446 2120 tua.
1493 2065 1730 2122 Lastetur

143 2171 161 2204 r
203 2170 370 2210 mons
402 2155 552 2223 Sion,
581 2166 638 2214 et
659 2159 931 2214 exsultent
961 2158 1082 2214 ﬁliae
1109 2157 1258 2214 Iudae
1284 2165 1507 2229 propter
1525 2156 1728 2227 judicia

142 2263 159 2295 ‹
201 2255 320 2310 tua,
346 2243 594 2303 Domine.
625 2247 970 2305 Circumdate
997 2250 1155 2313 Sion,
1206 2258 1261 2305 et
1307 2246 1727 2318 complectimini

142 2357 158 2388 r
201 2353 357 2405 eam,
390 2348 613 2396 narrate
641 2341 696 2396 in
721 2343 962 2398 turribus
987 2344 1120 2413 ejus.
1149 2342 1338 2398 Ponite
1362 2343 1526 2397 corda
1549 2349 1728 2396 vestra

140 2446 156 2478 ι
199 2429 256 2482 in
286 2430 494 2486 virtute
518 2429 667 2499 ejus;
694 2441 751 2488 et
771 2433 1080 2489 distribuite
1106 2434 1294 2490 domos
1323 2433 1461 2503 ejus,
1489 2441 1547 2487 ut
1570 2447 1728 2487 enar-

138 2535 156 2570 ι
199 2518 340 2573 retis
384 2519 441 2574 in
469 2522 726 2592 progenie
765 2521 955 2578 altera.
1003 2524 1268 2590 Quoniam
1318 2524 1408 2580 hic
1455 2531 1542 2580 est
1584 2523 1727 2578 Deus

139 2627 156 2661 α
199 2611 354 2666 Deus
391 2620 578 2667 uoster
616 2613 672 2668 in
718 2622 985 2670 aeternum
1021 2623 1076 2672 et
1113 2615 1168 2671 in
1207 2613 1462 2673 saeculum
1504 2613 1724 2681 seculi;

140 2718 156 2752 ι
199 2701 323 2759 ipse
346 2709 502 2772 reget
528 2715 632 2758 nos
656 2703 710 2759 in
745 2704 938 2760 saecula
976 2720 1024 2759 ι.

695 2791 1148 2859 ΕΝΑΒΒΑΤΙΟ.

196 2874 530 2938 AudivimUs
559 2883 611 2937 in
634 2884 1002 2954 superioribus
1025 2885 1153 2955 quid
1175 2898 1412 2956 congrue
1439 2892 1624 2957 posset
1644 2885 1727 2940 in-

131 2971 302 3042 telligi
333 2985 434 3041 per
475 2972 707 3042 primam
750 2973 994 3039 Sabbati,
1042 2975 1327 3031 audiamus
1375 2984 1431 3031 et
1459 2976 1551 3032 hic
1595 2974 1728 3046 quid

129 3061 387 3120 conferat
409 3065 666 3120 secunda.
698 3064 814 3121 Non
830 3059 973 3121 'latet
1000 3065 1185 3137 plures
1212 3067 1266 3122 in
1298 3067 1404 3123 ﬁde
1432 3081 1723 3138 regenera-

128 3164 230 3219 tos,
261 3165 438 3210 totam
466 3157 824 3228 septimanam
852 3158 991 3228 apud
1013 3156 1270 3215 Hebraeos
1293 3159 1568 3230 quondam
1591 3157 1724 3214 Sab-

127 3242 319 3298 batum
343 3245 548 3309 vocari,
572 3254 626 3300 et
651 3245 880 3316 primam
913 3245 1102 3302 feriam
1122 3256 1176 3302 et
1201 3247 1500 3304 secundam
1529 3247 1720 3303 feriam

125 3333 370 3401 primam
402 3331 624 3389 Sabbati
651 3310 716 3389 "et
747 3335 1036 3391 secundam
1073 3335 1298 3392 Sabbati
1325 3351 1446 3394 esse
1489 3336 1722 3408 appella-
1751 3310 1796 3372 Ο

129 3431 238 3489 tas,
280 3431 339 3478 et
362 3423 492 3494 quia
520 3424 576 3479 in
618 3423 795 3495 prima
821 3424 957 3482 feria
981 3427 1231 3482 conditor
1259 3426 1481 3482 humani
1509 3426 1723 3497 generis

124 3517 311 3575 lucem
333 3518 520 3577 divisit
541 3534 572 3574 a
589 3520 846 3587 tenebris,
877 3519 993 3589 ejus
1018 3521 1350 3577 resurrectio
1373 3535 1474 3591 per
1489 3519 1722 3590 primam

126 3608 362 3667 Sahbati
400 3623 638 3680 congrue
667 3619 844 3681 potest
887 3611 1133 3667 denotari
1164 3629 1179 3666 :
1207 3611 1333 3682 quia
1376 3619 1507 3668 tunc
1534 3624 1723 3668 revera

124 3702 219 3763 lux
248 3716 283 3756 a
305 3701 548 3758 tenebris
572 3712 654 3760 est
668 3701 862 3769 divisa,
885 3703 1098 3773 quando
1119 3701 1498 3759 immortalitas
1520 3717 1552 3757 a
1580 3716 1724 3758 mor-

125 3792 350 3846 talitate
382 3799 467 3846 est
498 3789 691 3846 divisa.
726 3790 975 3850 Secunda
1001 3800 1182 3847 autem
1213 3789 1462 3858 Sabbati,
1491 3806 1599 3862 qua
1637 3790 1722 3846 di-

126 3892 284 3939 ctum
314 3889 420 3947 est,
450 3882 736 3940 Dominum
786 3882 982 3941 fecisse
1023 3883 1449 3951 ﬁrmamentum,
1488 3899 1597 3940 non
1635 3884 1722 3938 in—

125 3989 378 4046 congrue
415 3973 713 4031 Ecclesiam
746 3977 1000 4043 denotat,
1038 3978 1164 4048 quia
1195 3979 1310 4049 ipsa
1337 3993 1435 4049 pro
1465 3977 1725 4032 membris

125 4068 245 4122 suis
302 4065 679 4137 dignioribus,
718 4082 839 4138 quas
881 4067 1039 4139 hujus
1095 4069 1279 4125 mundi
1336 4067 1723 4124 tentationibus

126 4172 414 4227 nunquam
441 4158 661 4224 cedunt,
687 4161 908 4215 nomine
934 4159 1260 4216 ﬁrmamenti
1290 4161 1454 4233 digne
1479 4169 1720 4217 notatur.

126 4245 288 4303 Unde
308 4247 635 4316 Apostolus:
661 4247 912 4303 Debemus
937 4266 1028 4304 nos
1052 4249 1193 4304 ﬁrmi
1218 4251 1561 4305 inﬁrmitates
1574 4248 1723 4318 inﬁr-

123 4351 341 4391 uorum
393 4338 646 4392 sustinere
681 4336 854 4403 (Rom.
887 4341 1001 4409 xv).
1036 4341 1185 4396 Hanc
1211 4342 1507 4397 Ecclesiam
1532 4341 1722 4396 videns

121 4425 406 4498 Propheta
434 4443 501 4484 ex
529 4431 674 4485 omni
697 4445 896 4502 genere
931 4434 1369 4497 construendam,
1401 4433 1722 4488 exhortatur

120 4529 385 4591 posteros
413 4535 562 4586 suos,
591 4537 660 4577 ne
685 4535 744 4579 se
783 4523 852 4578 ab
875 4521 1103 4578 aediﬁcio
1131 4522 1288 4591 hujus
1313 4523 1567 4579 Ecclesiae
1590 4520 1720 4577 sub-

122 4613 385 4676 trahant,
441 4613 534 4668 sed
576 4615 827 4669 studeant
869 4623 928 4669 ut
962 4616 1034 4670 ibi
1070 4616 1178 4669 sint
1207 4629 1464 4686 gemmae,
1513 4614 1719 4685 lapides

121 4703 258 4768 vivi,
291 4702 542 4773 angulari
569 4704 753 4774 lapidi,
785 4704 1002 4761 Christo
1031 4705 1308 4771 videlicet,
1350 4705 1641 4775 conjuncti.

197 4792 437 4864 Magnus
486 4793 764 4862 Dominus,
795 4793 976 4862 Pater,
1007 4807 1052 4850 et
1079 4795 1360 4850 laudabilis
1385 4797 1539 4851 nimis
1561 4797 1615 4851 in
1641 4797 1714 4851 ci-

121 4885 287 4938 vitate
319 4883 420 4938 Dei
449 4886 633 4951 nostri,
662 4886 716 4940 id
759 4894 865 4952 est,
902 4887 956 4941 in
984 4886 1220 4942 Ecclesia
1245 4901 1342 4958 per
1365 4887 1535 4942 Deum
1566 4887 1712 4943 vide-

126 4977 256 5031 ﬁcet
283 4983 602 5031 constructa
635 4994 648 5030 :
681 4976 967 5032 laudabilis
993 4987 1047 5033 et
1073 4979 1131 5033 in
1164 4989 1337 5034 mo'nte
1361 4990 1542 5036 sancto
1564 4979 1706 5051 ejus,

122 5065 174 5120 id
199 5074 308 5131 est,
338 5065 394 5120 in
422 5065 641 5123 Christo
670 5084 686 5124 :
717 5077 773 5124 et
801 5069 927 5139 quia
952 5070 1130 5141 magni
1164 5071 1306 5141 regis
1336 5087 1588 5142 magnam
1624 5073 1718 5128 de-

117 5169 211 5215 cet
241 5174 370 5215 esse
398 5159 698 5227 civitatem,
732 5161 857 5218 audi
884 5169 1084 5231 quanta
1111 5161 1180 5217 sit
1207 5163 1319 5218 haec
1344 5164 1555 5229 civitas,
1597 5177 1718 5234 quae

114 5252 396 5320 fuiser
419 5253 771 5307 exsultatione
792 5253 1042 5309 universa
1076 5254 1131 5308 in
1160 5263 1342 5310 monte
1364 5252 1513 5322 Sion,
1537 5255 1589 5310 id
1610 5265 1712 5323 est,

112 5342 191 5397 ab
220 5340 622 5400 exsultantibus
645 5344 804 5399 totius
824 5342 1040 5410 Judwze,
1064 5359 1182 5414 qme
1203 5359 1300 5415 per
1328 5355 1563 5401 montem
1590 5346 1720 5404 Sion

113 5435 452 5506 intelligitur
485 5455 496 5490 :
529 5435 696 5492 latera
725 5437 1012 5509 aquilonis,
1051 5438 1229 5493 civitas
1257 5440 1389 5509 regis
1417 5441 1621 5511 magni,
1664 5441 1716 5496 id

111 5534 230 5590 est,
261 5524 341 5580 illi
380 5526 827 5596 desperatissimi,
862 5528 913 5583 in
942 5529 1138 5599 quibus
1184 5529 1396 5585 refrixit
1437 5532 1710 5589 charitas:

112 5615 214 5671 vel
236 5616 409 5670 latera
440 5617 720 5687 aquilonis,
748 5619 801 5675 id
827 5629 932 5686 est,
961 5619 1032 5675 illi
1055 5621 1148 5692 qui
1173 5621 1452 5679 adhmrent
1472 5622 1670 5680 dicenti
1695 5645 1708 5680 :

112 5703 340 5761 Ponant
368 5708 550 5763 sedem
581 5724 755 5764 meam
782 5711 847 5764 ad
874 5709 1272 5781 aquilonem,et
1293 5728 1382 5768 ero
1412 5713 1600 5770 similis
1622 5715 1716 5770 Al-

113 5797 336 5851 tissimo
366 5797 500 5867 (Isa.
529 5799 664 5870 xiv),
695 5808 822 5856 sunt
849 5802 1031 5855 civitas
1057 5803 1190 5872 regis
1215 5806 1411 5874 magni.
1443 5803 1545 5861 Per
1566 5808 1717 5879 aqui-

115 5885 315 5946 lonem
359 5889 710 5964 intelligimus
755 5892 922 5966 frigus
968 5895 1282 5967 charitatis,
1335 5902 1588 5972 quoniam
1651 5923 1713 5962 ex

1742 4665 1795 4726 D

1825 2050 2073 2106 domibus
2118 2053 2231 2121 ejus
2278 2064 2637 2124 cognoscetur,
2698 2073 2818 2110 cum
2861 2058 3106 2128 suscipiet
3148 2073 3263 2112 eam
3301 2056 3406 2112 sibi

1825 2141 2182 2211 personaliter
2234 2144 2539 2200 uniendam.
2579 2145 2646 2200 Et
2681 2146 2878 2216 quibus
2925 2149 3093 2218 signis
3129 2163 3408 2218 cognosce-

1825 2238 1913 2284 tur
1957 2230 2098 2286 Deus
2151 2234 2205 2286 in
2244 2232 2535 2288 domibus?
2587 2249 2734 2302 ecce,
2779 2238 2921 2292 vide.
2957 2236 3218 2304 Quoniam
3270 2254 3413 2308 reges

1825 2331 1978 2379 terra
2022 2327 2317 2396 congregati
2355 2336 2496 2392 sunt,
2521 2338 2865 2384 convenerunt
2897 2331 2952 2382 in
2983 2346 3170 2396 unum,
3208 2330 3262 2386 id
3304 2337 3411 2394 est,

1826 2417 1883 2472 in
1920 2417 2231 2490 angularem
2269 2418 2524 2490 lapidem,
2557 2419 2834 2475 Christum
2876 2419 3163 2487 videlicet,
3205 2429 3264 2475 ut
3307 2420 3414 2475 sibi

1811 2519 1922 2578 ‘per
1966 2506 2126 2563 ﬁdem
2161 2507 2480 2579 iungantur.
2534 2507 2602 2562 Et
2650 2511 2918 2577 quomodo
2962 2509 3065 2564 hoc
3101 2509 3230 2564 ﬁet?
3276 2509 3411 2575 Quia

1824 2597 1925 2668 ipsi
1963 2598 2190 2653 uidentes
2236 2599 2310 2653 sic
2364 2598 2582 2654 fundari
2623 2598 2946 2666 Ecclesiam,
2977 2593 3410 2663 admirati'sunt,

1824 2689 2128 2744 conturbati
2156 2699 2300 2756 sunt,
2345 2692 2590 2744 commoti
2631 2702 2786 2757 sunt,
2836 2699 3032 2745 tremor
3074 2687 3413 2760 apprehendit

1825 2797 1934 2836 eos.
1965 2781 2092 2838 Haec
2119 2798 2228 2839 non
2254 2792 2535 2838 mutantur
2557 2798 2588 2837 a
2605 2783 2874 2852 superiori
2897 2782 3165 2838 sententia
3190 2799 3204 2835 :
3228 2781 3300 2834 ibi
3315 2781 3411 2835 doc

1825 2872 1961 2930 tores
1983 2883 2039 2928 ut
2061 2875 2425 2944 parturientis,
2453 2875 2506 2930 id
2531 2882 2634 2940 est,
2669 2875 2723 2929 in
2766 2874 2856 2928 illa
2890 2874 3250 2928 commotione
3275 2881 3330 2927 et
3355 2872 3409 2926 in

1827 2965 1920 3022 illo
1952 2975 2189 3023 tremore
2213 2976 2340 3022 sunt
2367 2966 2582 3023 dolores
2605 2981 2713 3022 non
2744 2966 3083 3034 infructuosi,
3125 2967 3221 3022 sed
3246 2967 3301 3020 in
3325 2965 3410 3020 la:-

1829 3059 2009 3115 titiam
2048 3059 2328 3128 vertendi,
2369 3061 2496 3131 quia
2562 3068 2691 3115 sunt
2743 3058 2957 3116 dolores
3009 3057 3410 3131 poenitentium,

1827 3150 2046 3206 tandem
2079 3149 2308 3207 salutem
2342 3151 2695 3222 parientium,
2735 3151 2878 3208 unde
2919 3150 3085 3207 lsaias
3110 3168 3124 3204 :
3152 3150 3196 3203 Α
3227 3150 3412 3202 timore

1825 3250 1936 3306 tuo,
1984 3241 2226 3308 Domine,
2266 3245 2619 3312 concepimus,
2655 3253 2702 3296 et
2743 3243 3119 3313 parturivimus
3164 3242 3408 3311 spiritum

1827 3332 2020 3389 salutis
2053 3333 2191 3404 (Isa.
2221 3334 2394 3406 xxvi.)
2435 3335 2534 3390 llic
2562 3336 2808 3406 concepit
2845 3344 2998 3392 vetus
3019 3375 3036 3402 ,
3077 3344 3132 3389 et
3172 3335 3412 3390 nascitur

1827 3421 1992 3478 homo
2048 3430 2224 3478 vetus.
2279 3422 2350 3477 In
2402 3424 2592 3493 spiritu
2641 3425 2926 3479 vehementi
2972 3431 3206 3479 conteres
3251 3439 3408 3477 naues

1828 3511 2046 3570 Tharsis
2071 3555 2086 3580 ,
2114 3515 2170 3570 id
2195 3524 2307 3581 est,
2339 3515 2646 3585 superbiam
2676 3516 2913 3586 gentium
2941 3558 2955 3582 ,
2990 3523 3405 3585 praesumentem

1825 3607 1894 3663 de
1914 3607 2272 3678 prosperitate
2293 3605 2452 3675 hujus
2490 3606 2702 3671 saeculi,
2735 3616 2790 3662 ct
2820 3608 2871 3662 in
2910 3622 2974 3662 ea
3029 3606 3186 3676 quasi
3242 3614 3407 3662 vento

1826 3697 2164 3768 deportatam
2186 3698 2364 3754 valido
2395 3699 2590 3754 timore
2646 3698 2812 3753 futuri
2868 3699 2946 3754 tui
2995 3697 3210 3768 judicii.
3265 3696 3405 3765 Quid

1823 3800 1923 3858 per
1945 3786 2159 3843 Tharsis
2206 3787 2612 3859 intelligendum
2663 3789 2772 3855 sit,
2831 3788 3028 3845 diversi
3067 3789 3278 3844 diversa
3329 3787 3408 3843 di-

1825 3889 1974 3936 cunt.
2015 3881 2147 3936 Nam
2179 3882 2395 3951 quidam
2423 3880 2613 3936 volunt
2666 3880 2885 3947 Tarsis,
2912 3880 3215 3953 intelligere
3261 3878 3407 3936 Cici-

1823 3970 1982 4038 liam,
2013 3988 2078 4029 eo
2106 3975 2248 4043 quod
2272 3973 2388 4044 ejus
2414 3972 2734 4045 metropolis
2758 3974 3002 4030 Tharsus
3043 3975 3243 4030 dicitur
3271 4015 3286 4040 ,
3337 3974 3406 4028 de

1825 4078 1930 4134 qua
1963 4063 2281 4121 fuitPaulus
2309 4065 2582 4136 apostolus
2609 4083 2621 4119 :
2654 4050 2799 4121 etin
2840 4065 2945 4122 hac
2979 4065 3198 4120 civitate
3240 4079 3406 4135 nego-

1823 4154 2075 4210 tiationes
2126 4155 2345 4210 navium
2409 4156 2645 4210 maxime
2718 4155 3134 4211 exercebantur.
3205 4152 3407 4209 Volunt

1823 4247 1984 4306 etiam
2041 4249 2260 4318 quidam
2313 4247 2627 4320 :intelligere
2679 4246 3097 4319 Carthaginem,
3148 4244 3405 4317 quoniam

1822 4341 1941 4412 ejus
1991 4341 2291 4413 primordia
2353 4343 2655 4398 ﬂoruerunt
2729 4342 3185 4411 navigationibus.
3268 4337 3402 4393 Nam

1824 4432 2038 4504 quando
2075 4434 2209 4488 Dido
2237 4433 2626 4504 Carthaginem
2655 4434 2895 4489 condidit
2919 4473 2932 4497 ,
2967 4447 3134 4488 naves
3160 4445 3281 4501 quae
3310 4443 3402 4500 pa-

1823 4538 1956 4583 ratas
1978 4537 2134 4583 erant
2160 4530 2226 4583 ad
2260 4529 2642 4584 mercationem
2671 4529 2723 4582 in
2755 4527 2976 4598 regione
2998 4541 3028 4580 a
3055 4540 3161 4597 qua
3190 4524 3400 4580 disces-

1823 4620 1932 4687 sit,
1963 4621 2257 4692 assumpsit
2312 4625 2380 4677 ad
2427 4622 2641 4692 fugam,
2687 4619 3154 4676 consentientibus
3192 4615 3398 4689 princi-

1817 4711 1978 4782 pibus
1998 4709 2142 4766 illius
2172 4711 2449 4782 regionis:
2489 4726 2607 4780 qua:
2660 4710 2876 4765 condita
2907 4706 3238 4779 Carthagine
3263 4745 3277 4772 ,
3333 4704 3397 4759 ad

1815 4801 2197 4873 negotiandum
2253 4817 2361 4858 non
2413 4801 2727 4857 defecerunt
2771 4819 2784 4854 ε
2829 4800 2972 4855 unde
3022 4798 3248 4854 nimium
3291 4796 3397 4866 ipsa

1815 4893 2008 4950 civitas
2031 4895 2260 4965 superba
2293 4894 2433 4950 facta
2458 4904 2570 4961 est;
2625 4903 2682 4950 et
2716 4894 2837 4949 ideo
2874 4908 2970 4964 per
3003 4909 3156 4947 naves
3183 4889 3396 4944 Tharsis

1816 4988 2069 5059 superbia
2115 4988 2350 5060 gentium
2379 5003 2484 5042 non
2514 4987 2807 5058 incongrue
2844 4986 3159 5049 denotatur,
3201 4997 3402 5054 praasw

1822 5094 2041 5135 sumens
2080 5079 2131 5135 in
2159 5079 2380 5134 incertis
2409 5079 2751 5145 divitiarum,
2792 5086 3047 5148 tanquam
3089 5079 3143 5132 in
3186 5075 3401 5129 flatibus

1821 5180 2104 5226 ventorum
2131 5186 2146 5226 :
2174 5170 2258 5225 vel
2288 5185 2354 5226 ex
2380 5171 2826 5242 interpretatione
2855 5169 3090 5226 nominis
3115 5177 3402 5238 possumus

1822 5260 2024 5318 habere
2050 5263 2296 5319 eamdem
2322 5264 2666 5320 sententiam.
2697 5261 2921 5318 Tharsis
2959 5260 3103 5315 enim
3134 5259 3401 5326 interpre‘

1828 5358 1976 5407 tatur
2032 5353 2322 5424 exploratio
2372 5355 2583 5425 gaudii,
2642 5355 2732 5409 ubi
2791 5352 3161 5423 intelliguntur
3213 5353 3399 5417 gentes

1824 5457 1943 5514 quae
1969 5445 2221 5515 gaudium
2262 5461 2419 5502 suum
2443 5447 2494 5500 in
2539 5445 2986 5502 veliﬁcationibus
3012 5439 3171 5510 hujus
3218 5437 3399 5493 saeculi

1821 5537 2195 5609 explorabant.
2266 5538 2483 5593 Tremor
2539 5537 2876 5608 apprehendit
2930 5549 3046 5596 eos,
3110 5529 3396 5585 dicentes:

1825 5626 1976 5685 Sicut
2037 5630 2332 5684 audiuimus
2396 5628 2775 5700 prophetatum
2804 5665 2818 5690 ,
2862 5624 2937 5678 sic
2987 5620 3211 5676 uidimus
3254 5633 3401 5674 com-

1823 5719 2025 5790 pletum
2055 5721 2110 5774 in
2137 5721 2342 5776 civitate
2402 5719 2502 5775 Dei
2556 5717 2722 5773 nostri
2746 5758 2761 5782 ,
2796 5715 2849 5771 id
2875 5721 2989 5779 est,
3036 5711 3090 5766 in
3120 5709 3353 5768 ecclesia
3386 5726 3401 5762 :

1825 5825 1883 5869 ut
1911 5815 2045 5868 sicut
2078 5813 2374 5867 audivimus
2412 5813 2465 5866 in
2503 5807 2952 5880 promissionibus
2985 5845 3000 5870 ,
3047 5804 3122 5859 sic
3176 5802 3398 5857 vidimus

1827 5909 1879 5965 in
1928 5905 2348 5963 cxhibitionibus
2383 5907 2438 5960 in
2483 5903 2687 5961 ciuitate
2743 5901 2837 5960 Dei
2886 5899 3072 5959 nostri.
3119 5897 3188 5956 Et
3232 5905 3405 5968 quare
