3918 6410
581 466 687 527 507

1209 446 1472 512 REMIGII
1508 433 2166 506 ANTISSIODORENSIS
2202 430 2357 492 ουν.
2395 426 2577 486 PARS
2617 426 2659 485 l.
2696 412 2767 471 -Ᾰ-
2802 420 3217 485 EXEGETICA.

3716 423 3796 481 388

585 591 723 639 voco
749 586 872 634 eam
894 565 993 630 Dei
1023 565 1047 626 2
1074 562 1214 637 Quia
1241 566 1379 623 Deus
1408 560 1646 632 fundavit
1674 570 1789 612 eam
1810 554 1867 608 in
1888 558 2165 608 aeternum.
2194 556 2245 615 Α
2270 559 2366 599 ore
2394 548 2604 597 tantum
2630 539 2866 625 narretis
2885 577 2900 602 ,
2941 535 3037 594 sed
3057 535 3117 592 in
3145 535 3330 590 uirtute
3356 571 3373 601 ,
3398 531 3455 590 id
3480 540 3561 589 est
3583 569 3598 600 ,
3638 532 3685 591 in
3704 538 3796 594 cha-

588 670 1024 730 Fundamentum
1070 660 1230 718 istius
1283 654 1519 714 civitatis
1571 649 1821 707 Christus
1867 652 1979 711 est,
2028 639 2170 696 unde

590 761 722 819 illud
748 776 763 814 :
792 754 1222 817 Fundamentum
1255 744 1405 803 aliud
1443 757 1593 800 nemo
1632 746 1796 811 potest
1823 750 2013 807 ponere
2036 747 2173 803 prte-

590 852 755 911 terid
786 849 926 923 quod
970 847 1199 919 positum
1241 848 1318 899 est
1370 837 1423 911 (Ι
1446 835 1570 892 Cor.
1624 833 1731 905 ιιι).
1795 828 2172 923 Suscepimus,

592 946 771 1014 Deus,
798 918 1216 999 misericordiam
1252 941 1398 989 tuam
1418 931 1474 986 in
1527 927 1698 985 medio
1755 922 1931 993 templi
1961 921 2067 984 tui,
2120 918 2175 974 id

591 1046 710 1105 est,
738 1009 796 1093 in
826 1032 933 1092 illis
948 1029 1119 1104 quiin
1151 1025 1353 1098 templo
1405 1032 1497 1079 tuo
1555 1016 1721 1075 medii
1767 1024 1936 1105 sunt,
1991 1009 2174 1105 ﬁrmi,

592 1103 733 1185 bene
756 1103 972 1185 scilicet
989 1119 1234 1186 fundati,
1272 1130 1342 1174 ne
1371 1114 1428 1172 in
1453 1113 1562 1169 ﬁde
1602 1110 1858 1166 titubent.
1889 1103 2177 1173 Templum

593 1228 860 1276 vocantur
885 1215 1106 1279 nomine
1141 1220 1300 1269 tenus
1359 1219 1551 1263 omnes
1594 1199 1797 1258 initiati
1837 1200 2180 1253 sacramento

593 1311 759 1368 ﬁdei:
807 1311 864 1367 in
904 1309 1029 1367 istis
1062 1305 1229 1363 medii
1276 1302 1559 1368 dicuntur,
1606 1298 1699 1369 qui
1743 1306 1938 1351 nomen
1978 1305 2135 1348 suum
2160 1328 2175 1357 ,

592 1407 700 1463 hoc
723 1405 978 1463 videlicet
1025 1401 1172 1474 quod
1209 1406 1295 1456 est
1343 1394 1601 1467 templum
1625 1433 1640 1460 ,
1692 1405 1793 1463 per
1825 1389 1968 1446 bona
2012 1398 2179 1455 opera

590 1495 874 1568 possident
899 1512 913 1550 :
946 1502 1003 1550 et
1029 1508 1099 1549 ne
1110 1491 1233 1562 quis
1245 1490 1346 1547 hos
1366 1486 1597 1553 medios,
1614 1482 1811 1554 quibus
1832 1477 2075 1536 exhibita
2097 1482 2183 1568 est

594 1567 973 1643 misericordia
1020 1581 1277 1649 Domini,
1327 1591 1531 1651 paucos
1586 1581 1831 1647 putatet,
1896 1567 2183 1639 subsequi-

595 1684 688 1732 tur
714 1691 731 1731 :
760 1674 1063 1734 Secundum
1079 1688 1269 1731 nomen
1290 1680 1461 1737 tuum,
1488 1666 1657 1733 Deus,
1684 1666 1761 1721 sic
1785 1671 1833 1719 et
1862 1661 1978 1717 laus
2010 1668 2102 1715 tua
2126 1658 2183 1714 in

596 1767 951 1837 δεηθεῖσι-τω,
980 1765 1032 1823 id
1068 1773 1191 1831 est,
1248 1762 1367 1817 laus
1420 1769 1509 1815 tua
1550 1755 1879 1814 dill'undetur
1935 1753 1991 1808 in
2034 1749 2181 1807 omni

2271 638 2452 701 ritate,
2475 649 2597 704 quae
2614 622 2745 689 facit
2766 645 2958 688 omnes
2977 631 3269 697 virtuosos,
3282 637 3330 687 et
3354 629 3644 685 distribuite
3658 631 3798 690 domos

2271 732 2403 802 ejus,
2420 729 2478 785 id
2499 736 2602 793 est,
2629 727 2920 783 discernite
2940 739 3059 796 quae
3097 725 3287 781 domus
3311 723 3386 779 sit
3418 723 3616 779 munda
3637 733 3685 779 et
3710 740 3801 796 quae

2272 835 2412 879 non:
2431 819 2517 878 vel
2527 819 2825 875 distribuite
2845 818 3029 872 domos
3042 816 3183 888 ejus,
3195 814 3605 873 considerantes
3623 816 3696 872 cui
3709 816 3800 873 data

2275 916 2592 987 sintgenera
2608 912 2935 983 linguarum,
2954 910 3042 967 cui
3059 908 3439 982 interpretatio
3453 918 3799 974 sermonum,et

2276 1017 2471 1066 caetera
2508 1014 2571 1061 ut
2595 1020 2663 1061 ex
2684 1018 3014 1074 unoquoque
3039 1003 3182 1074 quod
3231 1001 3395 1060 nobis
3419 1001 3555 1059 utile
3576 1009 3672 1069 est,
3697 1016 3801 1073 que-

2277 1098 2412 1153 ratis
2436 1098 2503 1152 ad
2536 1097 2858 1153 imitandum
2884 1105 2940 1151 et
2969 1095 3275 1154 sciendum.
3329 1094 3404 1154 Et
3429 1108 3594 1166 quare
3629 1095 3730 1151 dico
3760 1106 3801 1152 ut

2278 1190 2666 1248 distribuatis?
2714 1200 2771 1245 ut
2801 1191 3056 1247 enarretis
3081 1234 3095 1259 ,
3125 1189 3184 1248 id
3224 1199 3311 1247 est
3340 1230 3356 1257 ,
3420 1196 3601 1245 notum
3621 1185 3801 1257 [faciatis

2277 1296 2378 1353 per
2405 1283 2548 1339 bona
2575 1297 2743 1354 opera
2789 1292 2971 1340 vestra
3036 1296 3144 1339 non
3200 1290 3415 1340 tantum
3463 1278 3800 1339 convictoribus

2278 1377 2480 1433 vestris
2501 1417 2516 1444 ,
2545 1377 2643 1434 sed
2669 1377 2725 1432 in
2743 1380 2990 1449 progenie
3016 1377 3232 1435 altera?
3273 1379 3330 1434 id
3359 1386 3445 1434 est
3469 1417 3485 1445 ,
3514 1389 3609 1449 per
3652 1388 3802 1447 cogna-

2280 1465 2455 1521 tiones
2490 1475 2722 1523 vestras.
2754 1465 2821 1522 Et
2845 1468 2975 1538 quid
3008 1468 3289 1533 narretis.‘l
3320 1466 3581 1536 Quoniam
3601 1465 3676 1521 hic
3714 1480 3801 1522 sns-

2282 1568 2470 1629 ceptus
2514 1560 2568 1616 in
2598 1560 2778 1617 medio
2812 1560 3044 1633 templi,
3072 1562 3162 1618 vel
3213 1559 3303 1617 hic
3339 1566 3669 1618 constructor
3709 1556 3802 1614 civi.

2284 1652 2415 1710 tatis
2441 1661 2517 1709 est
2552 1652 2694 1711 Deus
2740 1654 2885 1711 Deus
2910 1662 3090 1710 noster
3114 1696 3130 1724 ,
3190 1669 3354 1727 quem
3402 1654 3664 1710 hominem
3698 1650 3802 1707 vide-

2283 1758 2407 1800 mus
2427 1760 2447 1799 :
2487 1743 2632 1801 Deus
2659 1745 2783 1803 dico
2804 1786 2821 1813 ,
2849 1747 2907 1801 in
2936 1755 3190 1803 wternum
3218 1786 3233 1815 ,
3276 1745 3425 1817 quod
3445 1752 3547 1812 est,
3590 1745 3641 1798 in
3683 1758 3804 1797 secs-

596 1831 767 1927 terra,
795 1831 943 1916 sicut
978 1856 1231 1916 diﬂusum
1272 1861 1358 1911 est
1402 1865 1601 1908 nomen
1651 1858 1801 1904 tuum
1837 1863 1850 1899 :
1888 1843 2015 1916 quia
2046 1842 2186 1899 sicut
2209 1911 2258 1927 ﬁ
2288 1833 2399 1889 lum
2434 1836 2620 1892 sweuli
2641 1849 2661 1891 :
2684 1846 2735 1893 et
2758 1838 2886 1910 ipse,
2914 1853 3026 1895 non
3056 1837 3195 1895 alius
3214 1878 3229 1906 ,
3260 1835 3487 1911 angelus
3510 1831 3730 1893 videlicet
3747 1831 3803 1891 vel

594 1965 705 2008 non
729 1961 814 2009 est
834 1958 980 2007 terra
1005 1950 1061 2004 in
1084 1962 1191 2018 qua
1216 1960 1324 2002 non
1352 1944 1423 2002 sit
1449 1941 1767 2000 exauditum
1784 1949 1984 1995 nomen
2008 1942 2182 2001 tuum,
2209 1911 2260 1977 Β
2287 1929 2651 2002 archangelus
2675 1971 2690 2001 ,
2723 1941 2863 2003 reget
2911 1948 3007 1989 nos
3029 1932 3087 1989 in
3114 1930 3338 1989 saecula.

598 2041 682 2099 sic
713 2042 860 2099 nulla
889 2042 996 2100 erit
1021 2042 1078 2096 in
1107 2053 1212 2111 qua
1240 2053 1350 2093 non
1374 2034 1704 2092 laudaberis.
1738 2032 1806 2086 Et
1856 2030 1935 2085 sic
1976 2026 2188 2099 justitia

598 2133 758 2204 plena
807 2144 882 2191 est
939 2134 1156 2190 dextera
1205 2138 1333 2196 tua,
1376 2128 1431 2184 id
1482 2136 1598 2192 est,
1651 2123 1806 2179 multi
1856 2128 2015 2178 erunt
2055 2118 2187 2191 justi

596 2232 808 2281 stantes
829 2225 885 2280 in
904 2231 999 2280 tua
1026 2226 1248 2280 dextera
1270 2260 1284 2288 ,
1321 2219 1450 2275 licet
1474 2218 1626 2273 multi
1655 2223 1774 2271 sunt
1799 2212 1971 2268 vocati
1992 2252 2007 2279 ,
2031 2210 2189 2281 pauci

599 2314 750 2370 electi
771 2313 966 2385 (Math.
992 2312 1071 2385 χ).
1095 2311 1194 2368 Vel
1224 2311 1331 2377 sic,
1386 2309 1728 2379 suscepimus,
1767 2303 1907 2361 Deus
1933 2343 1947 2370 ,
1992 2298 2190 2355 miseri-

600 2406 837 2462 cordiam
861 2416 1003 2462 tuam
1025 2445 1041 2471 ,
1072 2403 1126 2461 id
1152 2412 1256 2471 est,
1289 2400 1694 2458 misericordem
1719 2398 1993 2453 Christum
2016 2403 2187 2461 tuum,

601 2499 661 2552 in
708 2500 879 2554 medio
921 2496 1104 2569 templi
1148 2496 1269 2560 tui,
1340 2495 1394 2550 id
1436 2501 1551 2561 est,
1606 2493 1661 2547 in
1703 2489 1921 2559 judaico
1959 2485 2188 2559 populo,

603 2589 698 2660 qui
724 2588 923 2645 dicitur
946 2585 1202 2659 templum
1226 2592 1374 2639 tuum
1404 2582 1663 2646 medium,
1689 2597 1716 2634 a
1741 2579 1990 2651 gentibus
2009 2574 2193 2631 videli"

604 2685 695 2734 cet
719 2678 959 2749 undique
985 2676 1486 2744 circumscriptum;
1514 2672 1608 2727 sed
1631 2686 1737 2725 non
1763 2678 1944 2724 tamen
1970 2665 2041 2721 ibi
2068 2675 2191 2720 tan-

605 2777 722 2823 tum
742 2776 904 2823 notus
921 2806 936 2831 ,
960 2764 1215 2835 quoniam
1234 2762 1524 2818 secundum
1554 2777 1741 2816 nomen
1770 2768 1940 2821 tuum,
1965 2772 1998 2811 ο
2026 2757 2192 2822 Deus,

607 2855 938 2914 diﬂ'undetur
960 2853 1081 2908 laus
1113 2864 1203 2906 tua
1232 2852 1290 2905 in
1318 2852 1447 2921 ﬁnes
1472 2860 1648 2915 teme,
1683 2847 1768 2904 vel
1796 2848 1993 2916 ubique
2025 2845 2109 2901 vel
2139 2846 2195 2899 in

607 2946 733 3002 illos
769 2944 861 3016 qui
890 2944 947 3000 in
972 2942 1132 2998 ﬁnem
1154 2940 1495 2996 terrenitatis
1523 2954 1633 2994 suae
1675 2938 2056 3008 disposuerunt
2083 2953 2095 2989 :
2142 2943 2198 2989 et

609 3033 691 3089 sic
717 3033 823 3089 erit
844 3034 1061 3090 dextera
1090 3043 1183 3087 tua
1205 3031 1359 3101 plena
1374 3031 1585 3101 justitia
1610 3069 1626 3094 ,
1652 3028 1706 3087 id
1734 3036 1854 3093 est,
1899 3026 2023 3080 ﬁliis
2048 3024 2193 3080 tuis:

611 3123 813 3180 multos
841 3124 1063 3180 habebit
1090 3124 1424 3185 imitatores,
1460 3122 1605 3175 unde
1632 3120 1839 3173 la’tetur
1858 3133 2009 3171 mons
2041 3114 2192 3181 Sion,

610 3215 667 3273 id
696 3224 801 3285 est,
827 3216 1042 3285 Iudaea,
1072 3224 1128 3270 et
1157 3215 1413 3269 exsultent
1435 3211 1562 3281 ﬁlia:
1588 3208 1772 3275 Judre,
1799 3210 1851 3264 id
1878 3216 1963 3264 est
1986 3214 2194 3277 gentes.

610 3305 752 3366 Iuda
770 3307 967 3365 dicitur
1005 3306 1295 3377 confessus.
1327 3303 1639 3360 Secundum
1659 3314 1823 3371 quam
1861 3300 2192 3369 interpreta-

611 3395 816 3453 tionem
843 3394 1095 3453 convenit
1114 3395 1366 3466 gentibus
1389 3432 1405 3459 ,
1446 3400 1508 3446 ut
1529 3391 1779 3447 dicantur
1823 3388 1946 3443 ﬁliae
2004 3386 2157 3442 Iudae
2181 3425 2197 3452 ,

614 3503 738 3560 quae
762 3486 1041 3546 exsultent
1065 3499 1277 3560 propter
1320 3484 1531 3557 judicia
1558 3488 1682 3549 tua},
1716 3481 1935 3537 Domine
1962 3498 1974 3532 :
2004 3479 2202 3547 quibus

613 3578 906 3649 aliquando
932 3578 1227 3648 separandi
1256 3586 1385 3632 sunt
1414 3576 1659 3632 localiter
1684 3573 1753 3629 ab
1776 3572 1884 3637 his,
1927 3586 1958 3624 a
2006 3570 2203 3639 quibus

615 3670 853 3740 separati
907 3675 1034 3726 sunt
1078 3667 1374 3725 moraliter.
1420 3664 1521 3722 Vel
1567 3673 1778 3735 prapter
1815 3662 2024 3732 judicia
2065 3671 2160 3714 tua
2186 3699 2200 3726 ,

616 3760 841 3818 Domine
859 3800 875 3828 ,
902 3760 1051 3831 quod
1079 3760 1180 3831 ipsi
1200 3774 1300 3831 per
1328 3757 1563 3830 gratiam
1590 3765 1736 3811 tuam
1760 3755 1828 3810 de
1859 3768 2037 3809 massa
2058 3764 2203 3823 prte-

619 3851 855 3909 ditorum
881 3851 1145 3923 assumpti
1172 3857 1337 3915 sunt,
1366 3848 1456 3904 vel
1479 3850 1623 3918 quod
1644 3862 1714 3902 ex
1743 3845 1943 3903 delicto
1987 3842 2203 3901 Judaeo-

617 3956 741 3999 rum
789 3943 939 4000 salus
984 3942 1238 4014 gentibus
1284 3940 1551 4010 pervenit.
1595 3936 1931 3993 Circumdate
1985 3936 2119 3991 Sion
2157 3942 2208 3990 et

620 4036 1021 4093 contectimini
1069 4051 1205 4090 eam.
1257 4033 1528 4090 Admonet
1572 4032 1817 4087 initiatos
1864 4036 2209 4087 sacramento

617 4120 783 4193 (ωδε,
813 4139 950 4197 quos
974 4126 1223 4197 superius
1249 4124 1506 4194 templum
1551 4123 1798 4189 vocavit,
1824 4122 1891 4178 ad
1941 4120 2209 4177 imitatio-

624 4232 749 4277 nem
772 4217 984 4275 illorum
1008 4233 1146 4288 quos
1169 4216 1245 4274 ibi
1275 4217 1484 4273 medios
1509 4216 1665 4272 dixit.
1698 4216 1866 4283 Quasi
1896 4214 1979 4269 sic
2019 4213 2164 4267 dicat
2190 4229 2205 4266 :

623 4309 733 4370 Vos
756 4312 851 4385 qui
874 4327 974 4384 per
994 4321 1397 4368 sacramentum
1419 4310 1544 4365 ﬁdei
1575 4310 1832 4381 templum
1882 4306 2016 4363 estis
2036 4346 2051 4373 ,
2103 4305 2211 4358 cir—

623 4404 867 4458 cumdate
892 4401 1026 4459 Sion
1052 4442 1072 4469 ,
1111 4402 1307 4467 idest,
1339 4400 1529 4455 ﬁrmos
1577 4400 1631 4455 in
1665 4399 1771 4453 ﬁde
1796 4438 1811 4464 ,
1853 4406 1909 4452 et
1956 4397 2059 4450 hoc
2102 4407 2212 4450 non

625 4493 694 4548 ad
719 4494 1167 4559 destructionem,
1192 4490 1288 4549 sed
1316 4490 1716 4562 complectimini
1745 4504 1881 4554 eam,
1911 4486 1964 4542 id
1986 4494 2070 4541 cst
2094 4485 2217 4540 imi-

627 4582 820 4637 tamini
854 4599 868 4636 :
926 4592 981 4638 et
1005 4597 1125 4652 quae
1148 4583 1417 4648 narratis,
1458 4590 1674 4637 narrate
1712 4582 1769 4634 in
1806 4580 2042 4634 turribus
2066 4579 2213 4648 ejus,

628 4671 684 4727 in
720 4671 827 4735 ﬁde
864 4671 1229 4743 apostolorum
1253 4714 1268 4740 ,
1300 4672 1393 4743 qui
1423 4680 1601 4729 turres
1634 4670 1888 4727 dicuntur
1926 4682 2027 4740 pro
2083 4667 2217 4724 emi-

629 4762 815 4819 nentia
840 4764 1099 4820 virtutum
1122 4804 1137 4831 ,
1171 4765 1225 4821 id
1262 4772 1347 4821 est
1369 4765 1496 4835 quia
1516 4771 1641 4819 sunt
1668 4759 2119 4834 inexpugnabiles
2160 4766 2217 4815 et

629 4854 874 4913 defensio
900 4858 1078 4914 minus
1104 4857 1467 4929 perfectorum
1488 4898 1502 4923 ,
1534 4865 1663 4913 sunt
1687 4863 1743 4911 et
1793 4856 1846 4910 in
1877 4863 2031 4924 porta
2051 4893 2066 4921 ,
2100 4866 2219 4923 .pel'

635 4965 771 5021 quos
799 4950 1029 5020 quisque
1048 4948 1257 5021 ingredi
1283 4958 1465 5021 potest
1484 4949 1551 5004 ad
1577 4949 1765 5003 vitam.
1794 4945 1872 5002 Ex
1914 4946 2000 5002 his
2044 4944 2218 5000 tribus

636 5039 740 5099 fuit
766 5039 964 5098 Paulus
993 5041 1380 5099 commendans
1421 5041 1503 5097 sic
1532 5038 1974 5111 praedicationem
2019 5048 2214 5091 suam:

636 5130 779 5193 Licet
805 5132 1023 5203 angelus
1059 5132 1125 5188 de
1161 5130 1287 5187 coelo
1340 5130 1489 5185 aliud
1538 5124 1851 5196 evangelizet
1877 5124 2015 5179 vobis
2060 5136 2220 5194 quam

640 5239 741 5280 nos
761 5223 1229 5296 euangelizavimus
1259 5263 1276 5288 ,
1321 5221 1599 5275 anathema
1621 5220 1687 5274 sit
1715 5214 1858 5282 (Gal.
1885 5214 1947 5285 ι).
1975 5214 2033 5272 Si
2056 5227 2219 5284 supe-

640 5316 757 5375 rius
822 5315 1051 5389 legimus
1077 5355 1094 5384 ,
1163 5313 1499 5384 Suscepimus
1526 5351 1542 5378 ,
1591 5310 1763 5379 Deus,
1809 5309 2223 5366 misericordiam

639 5415 789 5466 tuam
814 5410 881 5466 de
904 5408 1146 5474 Christo,
1174 5408 1280 5463 erit
1332 5406 1424 5462 hic
1465 5404 1763 5461 admonitio
1803 5404 1872 5459 ad
1926 5402 2225 5458 Ecclesiam

641 5502 881 5574 gentium
908 5543 924 5569 ,
968 5509 1031 5557 ut
1067 5498 1408 5556 circumdent
1437 5494 1568 5552 Sion
1599 5535 1613 5562 ,
1662 5496 1717 5551 id
1744 5504 1869 5559 est,
1931 5506 2226 5549 conversos

642 5609 714 5654 ex
733 5592 969 5663 ludatis,
1008 5595 1185 5651 dictos
1231 5590 1364 5647 Sion
1416 5592 1707 5662 praesentia
1771 5596 2182 5644 contemnentes
2210 5628 2224 5652 ,

646 5685 827 5746 futura
861 5695 1260 5760 exspectantes.
1302 5683 1372 5741 Et
1410 5684 1492 5739 sic
1518 5683 1682 5748 dicit,
1749 5679 2082 5736 Circumdate
2104 5677 2230 5733 Sion

647 5789 696 5836 et
729 5781 1130 5851 complectimini
1160 5796 1299 5847 eam,
1351 5788 1569 5834 narrate
1598 5777 1653 5830 in
1694 5775 1926 5829 turribus
1956 5774 2090 5843 ejus.
2126 5770 2232 5825 Ρο·

653 5874 757 5931 nite
778 5874 940 5939 corda
970 5884 1137 5932 vestra
1180 5874 1237 5930 in
1275 5873 1461 5928 virtute
1481 5872 1596 5942 ejus
1629 5868 1797 5937 Sion,
1850 5866 1904 5923 id
1945 5874 2060 5932 est,
2121 5876 2225 5921 non

2242 4619 2295 4683 Ι)
2323 4650 2355 4690 α
2394 4630 2475 4689 Ne
2499 4631 2747 4689 timueris
2792 4642 2919 4686 cum
2965 4626 3116 4683 dives
3154 4623 3334 4681 factus
3384 4614 3540 4677 fuerit
3578 4610 3733 4690 homg

2775 2018 3100 2082 PSALMUS
3132 2022 3370 2081 XLVIII.

2464 2128 2519 2170 1N
2544 2128 2709 2172 “NE!
2729 2130 2834 2173 PRO
2863 2132 3024 2175 FlLllS
3068 2132 3205 2176 CORE
3230 2130 3472 2176 Ρειιιωε
3510 2128 3674 2175 υλνῐυ.

2368 2223 2387 2258 ι
2434 2207 2635 2263 Audite
2670 2208 2823 2275 haec,
2859 2223 3051 2267 omnes
3094 2219 3319 2281 gentes;
3346 2208 3565 2266 auribus
3605 2202 3803 2279 percipite

2294 2314 2315 2349 ‹
2357 2310 2581 2363 omnes,
2612 2300 2704 2368 qui
2749 2300 3007 2359 habitatis
3054 2303 3263 2360 orbem.
3290 2300 3505 2375 Quique
3552 2300 3802 2368 terrigena,

2283 2407 2315 2442 -r
2361 2400 2418 2445 et
2442 2389 2539 2446 lilii
2571 2393 2853 2451 hominum
2879 2412 2892 2449 :
2925 2396 3088 2451 simul
3115 2397 3169 2453 in
3196 2413 3364 2453 unum
3395 2397 3542 2453 dives
3562 2404 3611 2451 et
3635 2408 3802 2465 pauper-

2297 2495 2317 2529 ‹
2360 2475 2434 2533 Os
2458 2494 2635 2537 meum
2657 2482 2910 2555 loquetur
2935 2486 3255 2557 sapientiam
3282 2495 3343 2543 et
3379 2486 3643 2543 meditatio
3675 2482 3803 2540 cordis

2300 2588 2321 2622 ι
2367 2574 2863 2644 mei'prudentiam.
2897 2577 3178 2637 lnclinabo
3227 2582 3280 2636 in
3336 2580 3627 2653 parabolam
3670 2588 3804 2632 aurem

2300 2679 2319 2712 ι
2368 2668 2566 2730 meam,
2598 2669 2841 2735 aperiam
2867 2669 2922 2724 in
2941 2670 3200 2741 psalterio
3223 2672 3635 2745 propositionem
3656 2680 3801 2724 meam.

2301 2770 2320 2805 ε
2365 2755 2475 2811 Cur
2503 2758 2705 2815 timebo
2733 2762 2785 2815 in
2829 2763 2918 2819 die
2954 2765 3097 2820 mala
3122 2766 3149 2819 7
3176 2767 3438 2837 iniquitas
3486 2763 3698 2822 calcanei
3731 2759 3804 2817 mei

2301 2861 2323 2894 ‹
2367 2844 2727 2905 circumdabit
2756 2866 2861 2909 me.
2879 2850 2992 2921 Qui
3039 2856 3326 2913 conﬁdunt
3348 2857 3403 2913 in
3434 2856 3620 2911 virtute
3645 2856 3802 2918 sua,et

2300 2948 2325 2984 ι
2366 2934 2422 2989 in
2446 2937 2793 2997 multitudine
2817 2943 3129 3000 divitiarum
3152 2961 3374 3002 suarum
3404 2945 3691 3019 gloriantur.
3713 2938 3803 2995 Fra-

2303 3040 2334 3075 α
2375 3034 2458 3079 ter
2483 3042 2589 3083 non
2618 3031 2867 3101 redimit,
2898 3035 3132 3092 redimet
3180 3036 3346 3094 homo
3373 3037 3519 3093 inon
3560 3031 3689 3089 dabit
3729 3029 3802 3084 Deo

2305 3140 2325 3173 ι
2368 3121 2730 3192 placationem
2757 3142 2931 3182 suam.
2955 3128 3023 3185 Et
3050 3130 3284 3200 pretium
3341 3124 3695 3201 redemptionis
3726 3119 3804 3176 ani-

2306 3231 2337 3268 «
2374 3227 2476 3270 mae
2497 3231 2607 3273 suae
2630 3259 2643 3286 ,
2677 3228 2731 3274 ut
2757 3219 3027 3277 laborabit
3054 3221 3109 3277 in
3134 3231 3422 3289 aeternum,
3453 3228 3506 3277 et
3534 3218 3658 3274 vivet
3678 3212 3804 3269 adhuc

2307 3330 2337 3367 α
2378 3312 2431 3368 ἱη
2462 3312 2643 3370 ﬁnem.
2668 3311 2787 3369 Non
2816 3310 3017 3369 videbit
3043 3312 3323 3370 interitum
3342 3354 3358 3381 ,
3417 3325 3534 3370 cum
3559 3303 3723 3364 viderit
3749 3314 3805 3356 sa-

2309 3426 2328 3459 ι
2372 3408 2584 3478 pientes
2603 3406 2902 3462 morientes
2931 3422 2943 3460 :
2976 3405 3139 3463 simul
3159 3405 3424 3477 insipiens
3444 3410 3497 3461 et
3519 3397 3688 3459 stultus
3708 3388 3805 3464 peri-

2310 3520 2340 3558 «
2377 3505 2532 3559 bunt.
2560 3502 2631 3557 Et
2658 3501 2967 3571 relinquent
2992 3500 3184 3557 alienis
3207 3498 3428 3555 divitias
3453 3509 3587 3562 suas,
3613 3498 3660 3548 et
3678 3480 3804 3557 50W

2309 3618 2334 3655 ς
2375 3614 2469 3656 cra
2491 3613 2679 3655 eorum
2702 3598 2894 3654 domus
2907 3595 3124 3654 illorum
3144 3596 3201 3650 in
3222 3574 3806 3653 aaternum.Tabernacnll

2312 3708 2333 3742 ι
2376 3704 2563 3749 eorum
2588 3691 2642 3745 in
2662 3691 2920 3766 progenie
2939 3698 2997 3746 et
3014 3688 3311 3763 progenie;
3336 3685 3639 3744 vocaverunt
3651 3668 3807 3766 nomine

2310 3803 2341 3841 α
2382 3802 2481 3843 sua
2509 3787 2563 3841 in
2587 3762 2748 3844 terris
2769 3762 2921 3842 suis.
2945 3784 3014 3841 Et
3037 3785 3200 3840 homo
3216 3819 3233 3849 ,
3262 3795 3388 3838 cum
3415 3778 3470 3834 in
3494 3776 3673 3832 honore
3691 3762 3805 3860 casei.

2312 3903 2343 3942 α
2386 3900 2492 3943 non
2516 3883 2780 3941 intellexit
2804 3887 3182 3950 :comparatus
3206 3884 3291 3933 est
3310 3867 3560 3944 iumentis
3589 3856 3809 3928 insipiean

2315 4000 2336 4036 ι
2376 3984 2512 4048 bus,
2542 3989 2598 4035 et
2628 3976 2824 4035 similis
2866 3974 3043 4031 factus
3085 3979 3171 4029 est
3215 3968 3347 4027 illis.
3391 3966 3511 4023 Haec
3544 3958 3620 4014 via
3653 3950 3807 4048 illorum

2314 4096 2347 4135 ε
2388 4072 2701 4131 scandalum
2728 4069 2897 4143 ipsis,
2922 4076 2979 4126 et
3006 4073 3198 4139 postea
3218 4063 3275 4121 in
3317 4074 3415 4121 ore
3440 4069 3534 4114 suo
3579 4041 3806 4143 compleve-

2319 4194 2339 4230 ι
2383 4175 2541 4231 bunt.
2574 4167 2728 4225 Sicut
2751 4178 2881 4222 oves
2910 4162 2966 4218 in
2992 4159 3206 4217 inferno
3230 4156 3394 4231 positi
3415 4158 3569 4215 sunt,
3592 4151 3713 4201 mors
3743 4131 3807 4186 ἀθ-

2322 4286 2343 4321 t
2386 4271 2574 4338 pascet
2601 4276 2715 4318 eos.
2746 4259 2816 4314 Et
2841 4254 3265 4313 dominabuntur
3287 4261 3474 4309 eorum
3514 4236 3631 4315 iusti
3656 4233 3807 4338 inrui:

2320 4379 2341 4412 ι
2390 4320 2599 4421 iutino,
2628 4364 2684 4409 et
2710 4350 2976 4408 auxilium
3014 4360 3208 4405 eorum
3238 4345 3532 4402 veterascet
3573 4334 3621 4389 in
3660 4320 3806 4415 inferio

2324 4468 2344 4503 ι
2390 4464 2421 4504 a
2440 4447 2612 4520 gloria
2633 4459 2842 4501 eorum.
2893 4440 3283 4499 Verumtamen
3307 4436 3451 4493 Deus
3494 4424 3705 4520 redimi

2327 4556 2347 4592 ι
2388 4507 2531 4595 mam
2555 4552 2734 4595 meam
2761 4536 2830 4591 de
2856 4548 3022 4590 manu
3050 4530 3252 4597 inferi,
3302 4541 3429 4585 cum
3480 4507 3711 4586 acceperit
3735 4509 3808 4644 In;

2394 4630 2441 4644 -.
2506 4633 2537 4644 _.
2702 4631 2713 4643 .
3154 4623 3332 4644 .__.___
3384 4614 3537 4644 λψς,
3578 4610 3733 4644 mm

2327 4684 2355 4785 ξ
2394 4684 2894 4795 anatinam
2921 4717 3090 4777 fuerit
3114 4716 3287 4789 gloria
3325 4713 3513 4770 domus
3554 4702 3670 4772 eius-
3716 4684 3808 4795 (ἒξ

2326 4841 2346 4876 ‹
2390 4822 2536 4878 niam
2564 4834 2689 4877 cum
2720 4814 3029 4884 interierit,
3073 4825 3185 4868 non
3238 4813 3416 4868 sumet
3451 4795 3648 4859 omnia,

2325 4931 2345 4966 ι
2388 4910 2685 4968 descendet
2712 4923 2837 4965 cum
2864 4921 2932 4964 eo
2957 4876 3130 4978 gloria
3151 4902 3288 4976 ejus-
3316 4897 3452 4968 Quia
3474 4876 3808 4982 animae)”:

2327 5022 2359 5062 tt
2397 4967 2538 5061 vita
2565 5002 2736 5075 ipsius
2792 4967 3197 5064 benedicetur;
3232 4967 3566 5051 conﬁtebitur

2330 5060 2361 5163 li
2400 5060 2733 5162 benefaceris
2754 5097 2826 5153 ei.
2882 5091 3137 5150 lntroibit
3168 5060 3356 5159 usque
3384 5084 3441 5140 in
3478 5060 3807 5163 PMQiff-if

2334 5140 2361 5163 ι.
2400 5140 2733 5162 sensuve...
2755 5140 2826 5153 ....
2882 5140 3135 5150 ...-------
3188 5140 3349 5159 ην--
3479 5140 3497 5150 ,
3571 5140 3592 5144 ,

2334 5223 2355 5259 ‹
2395 5210 2540 5258 trum
2587 5205 2843 5258 suorum,
2881 5200 3054 5258 usque
3082 5184 3139 5240 in
3171 5191 3431 5239 aeternum
3448 5185 3548 5230 non

2338 5315 2357 5350 ι
2400 5309 2547 5351 men.
2576 5289 2779 5354 Homo,
2811 5297 2957 5341 cmm
3017 5281 3072 5337 in
3109 5279 3319 5336 honore
3364 5273 3540 5329 esset.

2338 5325 2357 5350 ι
2402 5325 2547 5351 ulc".
2576 5325 2779 5354 uvmu,
2812 5325 2957 5341 νιν...
3017 5325 3072 5337 ...
3110 5325 3315 5336 .--..-η
3372 5325 3418 5329 η
3527 5325 3535 5329 ν
3704 5336 3714 5348 ι
3758 5325 3791 5339 '-

2336 5411 2367 5448 α
2405 5394 2749 5458 comparatus
2772 5389 2857 5437 est
2874 5374 3142 5451 iumentis
3168 5364 3563 5443 insipientibus,
3601 5354 3647 5406 ei
3679 5325 3812 5396 ειω¹¹¹⁵

2340 5507 2359 5542 ς
2401 5486 2581 5542 factus
2613 5485 2697 5533 est
2721 5474 2846 5531 illis.
2881 5490 2901 5525 ι

2893 5553 3349 5621 ENARRATIO.

2406 5671 2595 5741 Magna
2620 5674 2679 5722 et
2731 5660 2988 5718 inlisitata
3033 5652 3279 5726 nequitia
3321 5639 3501 5729 est-in

2337 5768 2463 5839 quia
2491 5737 2612 5821 cum
2638 5760 2739 5831 ipsi
2764 5758 2995 5813 debeant
3018 5752 3203 5807 vivere
3236 5737 3518 5839 secundum

2336 5828 2471 5926 ὑεῖ,
2524 5828 2716 5912 volunt
2774 5850 2945 5906 Deum
3000 5843 3188 5900 vivere
3248 5828 3525 5897 secundum

3545 5611 3786 5689 hominibus
3802 5613 3810 5648 τ

3565 5704 3812 5777 voluntatem

3566 5795 3811 5873 voluntaltm
