3930 5780
1231 331 1766 394 ENARRATlONES
1803 332 1872 392 ΙΝ
1913 332 2248 393 PSALMOS.

3259 345 3365 406 590

74 461 288 510 suam:
336 451 536 506 etcum
580 443 685 520 ipsi
729 444 920 503 nolunt
969 446 1206 518 corrigi,
1264 449 1452 504 volunt
1501 449 1674 504 Deum
1702 457 1751 514 Α
1779 445 1975 501 Mulier
2001 459 2227 504 conteret
2250 457 2406 521 caput
2427 456 2596 517 luunt,
2618 459 2665 506 et
2690 451 3096 510 tuinsidtaoeris
3117 454 3366 519 calcaneo

74 543 542 614 depravari,non
575 541 1129 614 arbitrantesjustum
1176 557 1299 599 esse
1349 544 1491 614 quod
1532 543 1674 599 Deus

70 632 235 698 vult,
264 633 364 689 sed
403 648 511 689 non
533 633 675 704 quod
707 632 810 704 ipsi
866 632 1070 688 volunt.
1111 631 1262 700 Quod
1293 633 1498 688 faciunt
1545 634 1620 688 illi
1659 674 1674 700 ,

71 725 286 794 quibus
311 739 476 796 grave
497 733 583 780 est
628 725 733 781 hoc
775 725 919 796 quod
977 726 1164 782 vident
1220 727 1390 782 malos
1433 725 1628 784 ﬂorere
1656 767 1674 795 ,

65 817 257 874 bonos
278 817 572 874 laborare:
605 818 698 889 qui
740 818 877 876 tales
904 819 1153 876 nolentes
1186 821 1295 877 Deo
1325 822 1534 877 servire
1574 836 1675 892 pro

65 907 306 978 futuris,
325 909 423 966 sed
451 917 664 966 tantum
694 907 762 965 ad
785 907 909 978 hoc,
938 920 999 967 ut
1018 913 1157 969 bene
1209 913 1281 969 sit
1324 913 1404 970 eis
1445 914 1499 969 in
1540 930 1678 986 pra:-

66 1003 250 1070 senti,
279 1010 622 1058 murmurant
642 1011 831 1058 contra
858 1004 1162 1060 Dominum.
1188 1005 1327 1061 Dicit
1348 1015 1527 1061 autem
1553 1009 1633 1064 sic
1656 1025 1672 1063 :

140 1092 349 1149 Audite
397 1094 536 1162 hcc,
582 1109 759 1150 omnes
799 1107 997 1167 gentes,
1053 1096 1107 1153 id
1158 1107 1263 1165 est,
1297 1105 1408 1154 tam
1453 1099 1677 1171 gentiles

63 1197 244 1254 quam
269 1180 447 1241 Judaei
483 1185 746 1242 :auribus
788 1187 1035 1257 percipite
1069 1204 1268 1255 omnes,
1314 1191 1402 1260 qui
1427 1191 1674 1246 habitatis

63 1277 282 1344 orbant,
309 1278 364 1335 id
391 1287 500 1348 est,
528 1293 628 1351 per
655 1296 792 1352 quos
826 1281 972 1352 ipsos
997 1282 1326 1340 orbiculatos
1350 1284 1550 1340 virtute
1599 1283 1675 1340 fe-

62 1369 251 1428 cistis.
306 1370 447 1429 Nota
504 1374 649 1444 quod
672 1373 828 1442 dixit,
874 1376 1090 1433 auribus
1123 1378 1388 1448 percipite,
1425 1377 1676 1435 omnibus

62 1460 230 1527 dixit,
261 1463 443 1520 audite
468 1480 484 1519 :
513 1465 607 1522 sed
628 1467 887 1538 quoniam
913 1469 1163 1540 praevidit
1186 1470 1445 1540 quosdam
1469 1470 1549 1528 sic
1573 1484 1674 1526 au-

63 1552 314 1622 ditat-os,
344 1562 406 1610 ut
439 1555 604 1614 etiam
632 1568 946 1629 operentur,
982 1562 1247 1632 quosdam
1268 1577 1398 1629 non,
1423 1563 1676 1636 praedixit

62 1645 216 1714 quod
243 1644 487 1704 futurum
500 1651 771 1720 praevidit.
790 1653 1028 1710 Auribus
1053 1655 1198 1711 enim
1227 1656 1475 1721 audiunt,
1506 1656 1596 1728 qui
1620 1657 1674 1713 id

61 1736 219 1804 quod
245 1738 496 1808 audiunt,
527 1741 585 1797 in
613 1742 949 1804 exhibitione
976 1747 1160 1817 operis
1187 1748 1502 1804 ostendunt.
1542 1749 1673 1814 Qui-

1775 552 1873 593 suo
1901 535 2050 610 (Gen.
2080 540 2183 609 tu).
2213 538 2480 598 Calcaneo
2506 542 2793 598 insidiatur
2819 559 3062 615 serpens,
3089 547 3212 618 quia
3263 547 3364 608 ﬁnl

1774 631 1904 688 boni
1931 635 2109 704 operis
2133 637 2441 704 superbiam
2478 637 2776 694 admiscere
2805 639 2986 696 studet
3019 657 3032 694 :
3070 640 3155 697 vel
3183 652 3363 714 potest

1777 740 1898 782 esse
1949 726 2229 796 responsio
2275 728 2574 797 superioris
2598 768 2613 796 ,
2659 730 2740 786 sic
2779 747 2793 784 :
2831 727 2942 784 Cur
2981 729 3170 786 timebo
3199 733 3256 787 in
3281 732 3368 790 die

1777 815 1918 872 mala
1951 837 1962 870 :
1995 819 2129 886 Quia
2155 819 2401 890 iniquitas
2425 819 2658 876 calcanei
2710 820 2809 876 mei
2848 820 3198 878 circumdabit
3245 838 3360 890 me,

1777 907 1824 962 si
1859 909 2108 963 timucro.
2144 907 2248 974 Qui
2275 909 2544 974 conﬁdunt
2583 910 2638 964 in
2661 909 2848 965 virtute
2885 927 3005 978 sua,
3037 919 3144 968 etc.
3191 911 3270 967 Ac
3315 911 3364 968 si

1777 1000 1925 1054 dicat
1973 1017 1986 1054 :
2029 999 2138 1054 lllis
2166 1010 2248 1055 est
2273 1001 2567 1057 timendum
2598 1001 2654 1057 in
2677 1001 2762 1058 die
2781 1000 2944 1069 mala,
2971 1002 3062 1074 qui
3094 1001 3365 1073 conﬁdunt

1773 1095 1831 1148 in
1859 1093 2048 1149 virtute
2075 1109 2196 1161 sua,
2228 1093 2280 1150 id
2305 1104 2407 1162 est,
2432 1094 2524 1165 qui
2553 1095 2620 1152 de
2647 1095 2840 1151 merito
2872 1094 2976 1150 sibi
2999 1103 3356 1167 praesumunt.

1778 1183 1846 1240 Et
1879 1189 1934 1242 in
1969 1187 2306 1243 multitudine
2343 1188 2646 1244 divitiarum
2690 1205 2908 1244 suarum
2947 1188 3262 1260 gloriantur,
3306 1197 3364 1245 et

1778 1277 1832 1333 in
1868 1278 2145 1334 nobilitate
2188 1279 2486 1334 amicorum
2520 1295 2742 1336 suorum
2787 1288 3026 1351 sperant.
3074 1279 3223 1336 Istud
3253 1287 3367 1336 ter-

1777 1371 1910 1424 tium
1937 1385 2042 1424 non
2083 1369 2319 1439 ponitur,
2367 1372 2462 1426 sed
2505 1370 2821 1442 intelligitur
2845 1385 2947 1442 per
2983 1370 3359 1441 probationem

1774 1462 2191 1532 subsequentem
2225 1459 2459 1516 :Frater
2487 1478 2591 1518 non
2616 1463 2822 1519 redimit
2847 1501 2863 1529 ,
2901 1461 3119 1518 redimet
3167 1460 3367 1518 homo!

1776 1549 1941 1619 Quasi
1962 1551 2115 1606 'dicat
2157 1569 2169 1604 :
2213 1549 2330 1607 Non
2359 1561 2442 1607 est
2482 1551 2862 1608 confidendum
2893 1549 2946 1606 in
2976 1548 3177 1606 virtute
3212 1557 3268 1606 et
3306 1547 3366 1606 in

1776 1641 2140 1711 multitudine,
2166 1644 2294 1715 quia
2313 1658 2422 1700 non
2452 1642 2702 1701 redimet.
2724 1641 2793 1698 Et
2811 1642 2953 1713 quod
2983 1656 3089 1698 non
3113 1640 3366 1710 redimet,

1775 1737 2035 1809 probatur
2055 1754 2082 1793 a
2103 1738 2314 1810 majori,
2343 1739 2474 1811 quia
2497 1755 2606 1796 non
2631 1737 2861 1797 redimet
2881 1737 3121 1806 amicus;
3145 1747 3199 1796 et
3220 1737 3366 1811 quod

60 1843 169 1897 (με
197 1829 502 1902 terrigena,
603 1845 709 1900 est,
854 1836 1198 1896 haereditales
1227 1849 1470 1896 terrenas
1485 1841 1664 1912 requi-
1693 1835 1741 1898 Β
1767 1828 1978 1885 amicus
2019 1844 2126 1886 l'lOll
2158 1829 2406 1896 redimet,
2453 1830 2536 1888 SlC
2562 1829 2887 1887 ostenditur.
2918 1827 3139 1895 Frater,
3271 1837 3363 1886 θεῖ

61 1922 233 1980 ritis:
270 1935 321 1980 et
355 1925 460 1994 filii
497 1928 802 1998 hominum,
832 1933 886 1988 id
918 1943 1019 2001 εει,
1052 1935 1354 1992 imitatores
1377 1937 1669 2007 propheta-

60 2028 192 2068 rum
225 2032 240 2068 :
274 2015 418 2074 dives
439 2029 488 2074 et
531 2037 730 2092 pauper
756 2023 812 2078 in
843 2039 1030 2090 unum,
1076 2026 1130 2082 id
1158 2037 1274 2092 est,
1325 2028 1379 2082 in
1423 2029 1668 2084 eamdem

60 2103 230 2160 ﬁdem
263 2108 545 2165 venientes
566 2149 581 2176 ,
624 2112 826 2168 audite.
853 2113 988 2170 Nam
1012 2132 1070 2170 os
1097 2133 1269 2173 meum
1317 2116 1556 2187 loquetur
1579 2135 1668 2174 sa-

1772 1919 2040 1984 Christus,
2070 1917 2226 1989 cujus
2254 1918 2452 1976 fratres
2482 1934 2691 1987 sumus,
2718 1918 2844 1990 quia
2872 1917 2991 1989 eius
3019 1917 3363 1986 cohaeredcs,

1771 2028 1874 2067 non
1909 2013 2138 2078 redimit,
2183 2022 2236 2068 ct
2264 2013 2386 2084 quia
2427 2013 2544 2083 ipse
2580 2027 2689 2068 non
2715 2010 2975 2078 redemit,
3002 2011 3219 2066 redimet
3257 2025 3362 2067 au-

1769 2111 1875 2159 tem
1906 2104 2061 2158 homo
2085 2104 2111 2160 1'
2136 2121 2241 2160 non
2273 2122 2288 2159 :
2320 2115 2377 2161 et
2397 2105 2522 2175 quia
2548 2104 2797 2161 Christus
2827 2118 2934 2159 non
2957 2103 3210 2171 redemit,
3234 2099 3366 2160 sub-

58 2193 344 2261 pientiam.
368 2196 436 2252 Et
466 2200 594 2268 quia
620 2201 774 2257 multi
804 2218 971 2260 unum
993 2206 1194 2261 habent
1219 2208 1272 2262 in
1297 2222 1416 2275 ore,
1441 2217 1498 2264 et
1520 2208 1668 2265 aliud

1771 2193 2006 2266 iungitur
2031 2236 2044 2252 .
2085 2213 2188 2252 non
2217 2196 2361 2250 dabit
2391 2197 2741 2266 placation’em
2783 2212 2961 2262 suam,
2990 2193 3044 2250 id
3082 2204 3197 2262 est,
3244 2207 3364 2251 non

61 2281 119 2337 in
149 2285 360 2352 corde,
393 2294 451 2341 ut
477 2290 737 2348 attentius
776 2306 870 2351 eos
897 2295 1088 2352 reddat
1115 2298 1183 2352 ad
1209 2299 1558 2369 audiendum,
1587 2299 1668 2355 di-

61 2370 141 2426 cit
173 2389 190 2426 :
225 2373 302 2429 Et
334 2377 604 2434 meditatio
641 2382 818 2437 cordis
866 2385 970 2440 mei
1013 2387 1350 2455 prudentiam
1391 2387 1662 2459 loquetur.

61 2462 240 2531 Quasi
273 2468 420 2525 dicat
445 2487 461 2524 :
490 2470 608 2527 Non
634 2473 820 2532 dolose
842 2477 998 2533 vobis
1025 2480 1260 2548 praedico
1307 2497 1320 2534 :
1364 2482 1492 2551 quia
1522 2481 1667 2553 quod

59 2555 120 2612 in
143 2571 250 2615 ore
282 2570 460 2628 sonat,
489 2577 560 2620 ex
592 2566 760 2623 cordo
793 2570 1079 2638 processit.
1108 2569 1384 2627 Inclinabo
1404 2573 1460 2627 in
1502 2589 1664 2639 para-

62 2650 246 2706 bolam
284 2667 464 2708 aurem
500 2672 691 2724 meam,
717 2658 775 2714 id
802 2669 908 2726 est,
935 2670 996 2717 ut
1019 2675 1115 2718 cor
1139 2677 1318 2718 meum
1343 2661 1666 2733 sapientiam

61 2741 396 2810 meditetur,
441 2763 625 2803 aurem
659 2765 829 2806 meam
872 2751 1186 2810 interiorem
1229 2738 1527 2809 humiliabo
1576 2754 1653 2809 illi

55 2835 156 2904 qui
195 2835 429 2893 interius
469 2840 689 2896 tandem
721 2841 870 2898 videt
911 2853 967 2899 et
1005 2842 1250 2911 instruit,
1297 2855 1354 2903 et
1391 2855 1569 2903 tamen
1608 2848 1666 2902 in

57 2924 380 2994 parabolam
408 2940 428 2980 :
452 2929 579 2999 quia
616 2937 1094 3004 quantumcunque
1140 2933 1229 2990 hic
1259 2935 1380 3006 quis
1409 2933 1664 2990 humilia-

58 3019 156 3067 tur
189 3015 263 3069 ad
288 3017 637 3085 audiendum,
659 3027 714 3075 et
736 3030 1216 3093 quantumcunque
1239 3024 1478 3094 perfecte
1507 3025 1667 3080 intel-

55 3100 198 3174 ligat
220 3117 324 3173 per
353 3106 692 3175 parabolam,
720 3110 862 3165 idem
889 3113 1044 3182 quasi
1075 3129 1172 3184 per
1197 3113 1428 3184 aenigma
1458 3113 1661 3170 intelli-

1768 2286 2031 2344 satisfecit
2071 2289 2180 2344 Deo
2204 2303 2302 2359 pro
2327 2289 2444 2344 suis
2467 2288 2738 2358 peccatis,
2777 2293 2838 2343 ut
2870 2286 3063 2357 dignus
3096 2295 3243 2342 esset
3270 2301 3360 2343 re-

1770 2378 1898 2434 dimi
1949 2395 1980 2434 a
2027 2378 2216 2435 fratre.
2269 2379 2407 2435 Nam
2440 2395 2547 2436 non
2590 2387 2677 2437 est
2716 2377 3038 2448 dispositum
3068 2393 3098 2432 a
3124 2377 3270 2443 Deo,
3299 2385 3361 2433 ut

1769 2471 1888 2527 aliis
1922 2472 2094 2542 prosit
2149 2471 2239 2526 illa
2290 2471 2628 2542 redemptio,
2683 2469 2789 2526 nisi
2844 2467 2952 2525 illis
2999 2467 3091 2539 qui
3141 2468 3367 2523 student

1766 2558 2045 2614 Christum
2076 2559 2278 2615 imitari
2325 2575 2339 2613 :
2382 2560 2527 2630 quod
2564 2574 2671 2615 non
2718 2554 2927 2613 faciunt
2969 2555 3070 2624 illi,
3121 2557 3216 2628 qui
3250 2554 3367 2613 Deo

1769 2664 1876 2706 non
1932 2651 2062 2706 dant
2115 2651 2471 2721 placationem
2525 2664 2679 2705 suam
2767 2663 2867 2718 pro
2930 2647 3171 2719 peccatis
3222 2646 3360 2703 suis.

1766 2741 2130 2798 Placationem
2172 2743 2300 2797 dare
2372 2743 2484 2798 Deo
2517 2757 2617 2813 pro
2661 2740 2904 2814 peccatis
2955 2749 3041 2797 est
3089 2739 3364 2812 lacrymas

1767 2831 2064 2901 effundere,
2092 2832 2462 2907 cleemosynas
2491 2833 2620 2890 dare
2644 2872 2658 2900 ,
2691 2841 2799 2890 etc.
2833 2831 2903 2886 Et
2949 2832 3054 2887 bac
3095 2829 3165 2887 de
3195 2843 3361 2887 causa

1766 2924 1930 2981 etiam
1986 2939 2093 2980 non
2129 2926 2357 2980 redemit
2413 2923 2582 2980 frater
2637 2938 2805 2992 eum,
2865 2921 2992 2994 quia
3046 2936 3154 2978 non
3212 2920 3363 2979 dedit

1766 3013 1996 3084 pretium
2020 3015 2386 3083 redemptionis
2413 3013 2604 3068 anima:
2629 3030 2763 3081 suta,
2793 3012 2848 3068 id
2867 3020 2973 3078 est,
3000 3026 3108 3068 non
3135 3011 3358 3069 confes-

1767 3117 1861 3158 sus
1884 3103 2052 3157 estad
2077 3101 2302 3157 salutem
2346 3102 2539 3157 animae
2586 3117 2721 3169 suae,
2765 3108 2820 3156 ct
2863 3101 2988 3157 ideo
3015 3100 3277 3156 laborabit
3299 3101 3358 3158 in

59 3190 187 3262 git;
223 3193 355 3264 quia
383 3196 623 3266 quandiu
648 3197 702 3252 in
724 3198 828 3254 hoc
859 3201 1208 3259 tabernaculo
1233 3203 1662 3274 ingemiscimus,
1689 3194 1737 3258 C
1767 3204 2041 3258 (sternunt,
2074 3194 2127 3248 id
2167 3201 2253 3248 est
2289 3193 2491 3261 duplici
2544 3193 2872 3250 contritione
2922 3202 3233 3249 conteretur
3261 3211 3277 3250 :
3308 3203 3360 3250 et

56 3281 223 3350 quasi
253 3281 310 3336 in
337 3280 745 3353 imperfectione
778 3289 1134 3357 suspiramus.
1164 3292 1414 3360 Aperiam
1442 3291 1498 3344 in
1524 3290 1669 3361 psal-

57 3372 197 3426 terio
249 3375 664 3444 propositionem
703 3394 914 3446 nteant,
967 3381 1021 3438 id
1052 3391 1174 3451 est,
1225 3383 1281 3438 in
1332 3397 1498 3454 opere
1547 3399 1667 3442 meo

54 3464 218 3535 prius
245 3468 528 3522 ostendam
555 3469 698 3540 quod
724 3472 978 3541 praedico.
1011 3473 1145 3529 Nam
1179 3475 1272 3546 qui
1306 3487 1458 3532 recto
1488 3477 1666 3534 ordini

55 3555 480 3625 praedicationis
507 3559 623 3614 vult
649 3561 920 3629 insistere,
943 3566 1271 3622 conveniens
1309 3575 1394 3622 est
1420 3576 1479 3622 ut
1522 3567 1666 3638 quod

57 3647 188 3703 aliis
218 3649 500 3718 praedicat,
531 3651 586 3706 in
607 3652 790 3722 seipse
819 3668 916 3724 per
935 3657 1076 3711 bona
1097 3671 1263 3727 opera
1286 3667 1660 3729 recognoscat.

56 3736 222 3795 Unde
247 3739 414 3794 illud:
452 3741 584 3807 Qua:
607 3746 755 3813 erepit
775 3742 931 3801 Iesus
959 3746 1134 3816 facere
1151 3758 1198 3802 et
1228 3749 1410 3804 docere
1428 3749 1568 3821 (Act.
1595 3751 1664 3822 ι),

56 3839 113 3886 et
165 3833 278 3888 hoc
305 3842 389 3889 est
416 3834 561 3904 quod
613 3836 764 3902 dicit,
799 3837 850 3892 id
889 3846 998 3904 cst,
1055 3839 1157 3898 iste
1201 3841 1290 3896 hic
1328 3851 1502 3910 notat,
1542 3858 1664 3899 cum

59 3923 195 3978 dicit
220 3938 286 3979 se
307 3924 574 3981 inclinare
600 3941 787 3982 aurem
816 3928 871 3983 in
898 3931 1232 3998 parabolam,
1277 3941 1331 3987 et
1365 3934 1580 4002 aperire
1609 3934 1664 3988 in

58 4014 334 4084 psalterio
370 4017 795 4087 propositionem
828 4034 1002 4085 suam,
1033 4030 1093 4076 ut
1123 4021 1240 4077 aliis
1276 4025 1448 4090 possit
1474 4026 1665 4095 praedi-

58 4120 238 4163 care:
279 4114 337 4162 et
391 4121 520 4164 ecce
570 4111 906 4180 propositum
934 4150 950 4178 ,
995 4114 1138 4182 quod
1193 4115 1304 4169 vult
1355 4116 1567 4185 aperire
1612 4116 1666 4171 in

59 4198 352 4269 psalterio.
378 4197 488 4256 Cur
507 4201 696 4255 timebo
717 4201 772 4258 in
799 4203 885 4257 die
905 4205 1047 4258 mala
1073 4205 1097 4258 ?
1121 4203 1218 4261 Hic
1241 4207 1294 4261 in
1325 4221 1382 4262 se
1411 4207 1669 4263 transfert

59 4308 366 4364 personam
419 4294 475 4349 in
522 4293 742 4351 Christo
791 4298 878 4367 pie
915 4297 1098 4354 vivere
1136 4298 1450 4355 volentium.
1499 4300 1668 4367 Quasi

62 4386 215 4442 dicat
244 4404 260 4440 :
293 4384 404 4442 Cur
431 4401 533 4458 ego
563 4396 618 4442 et
646 4387 737 4442 alii
766 4389 1074 4446 timebimus
1103 4391 1157 4445 iu
1179 4389 1508 4462 dicjudicii;
1541 4406 1666 4448 cum

62 4475 116 4530 in
149 4475 299 4532 libro
322 4487 510 4532 nostro
533 4477 828 4534 habeamus
859 4477 1011 4546 illud,
1037 4494 1132 4551 per
1154 4482 1296 4552 quod
1313 4483 1485 4537 vitare
1509 4483 1666 4540 timo-

1770 3292 1950 3339 tamen
1976 3284 2122 3349 vivet,
2156 3283 2208 3338 id
2231 3291 2314 3339 est
2349 3281 2528 3350 ﬂoret,
2557 3285 2753 3350 adhuc,
2807 3283 2861 3339 id
2888 3291 2971 3339 est
2997 3298 3061 3339 ex
3093 3291 3359 3354 tempore,

1767 3375 1821 3429 in
1845 3375 2000 3444 ﬁnem
2029 3383 2230 3429 tamen.
2256 3371 2391 3428 Nam
2424 3373 2515 3444 qui
2545 3375 2601 3430 in
2633 3375 2738 3430 hac
2775 3374 2886 3429 vita
2920 3372 3135 3442 ﬂorent,
3167 3390 3356 3431 eorum

1767 3467 1921 3524 labor
1956 3469 2061 3524 erit
2096 3469 2151 3523 in
2188 3477 2470 3524 aeternum.
2511 3467 2612 3537 Qui
2651 3477 2832 3526 autem
2869 3467 3137 3536 laborant,
3167 3483 3358 3526 eorum

1766 3560 1875 3614 vita
1896 3561 2000 3614 erit
2035 3559 2089 3615 in
2117 3570 2404 3616 teternum.
2426 3557 2549 3614 Non
2589 3561 2779 3615 videbit
2812 3560 3103 3626 interitum,
3130 3575 3248 3614 cum
3274 3559 3352 3615 vi-

1767 3649 1898 3704 derit
1929 3651 2186 3719 sapientes
2232 3651 2530 3715 morientes,
2585 3649 2745 3704 simul
2787 3650 3038 3719 insipiens
3077 3657 3127 3704 et
3163 3647 3360 3704 stultus

1765 3743 2023 3814 peribunt.
2058 3743 2195 3799 Ecce
2239 3758 2405 3813 quare
2453 3745 2506 3797 in
2552 3741 2709 3811 ﬁnem
2762 3743 2914 3808 vivet,
2955 3740 3212 3812 quoniam
3245 3755 3352 3797 non

1768 3840 1998 3896 attendit
2025 3839 2294 3894 interitum
2326 3853 2506 3906 suum,
2555 3838 2611 3893 id
2649 3845 2734 3894 est
2773 3846 3003 3893 mortem
3034 3836 3351 3893 interiorem

1767 3947 1918 3987 suam
1947 3948 2062 3986 cum
2087 3931 2270 3986 viderit
2288 3931 2544 4002 sapientes
2573 3929 2710 3984 mori
2742 3929 3015 3985 exterius:
3036 3937 3190 4000 putat
3214 3928 3357 3984 enim

1770 4037 1878 4078 non
1909 4037 2106 4078 nocere
2130 4021 2230 4077 sibi
2269 4022 2373 4078 boc
2394 4022 2536 4092 quod
2581 4021 2719 4076 male
2743 4022 2895 4086 vivit,
2922 4034 3043 4076 cum
3072 4033 3362 4076 commune

1767 4113 1837 4170 sit
1855 4114 1906 4168 ei
1927 4127 2052 4170 cum
2073 4113 2230 4167 bonis
2259 4111 2396 4168 mori
2420 4111 2679 4176 exterius,
2697 4119 2753 4166 et
2775 4110 2897 4165 ideo
2921 4107 3081 4164 simul
3111 4107 3178 4163 ad
3203 4116 3362 4163 teter-

1768 4221 1894 4261 num
1934 4205 2210 4260 interitum
2254 4202 2532 4274 insipiens,
2563 4201 2656 4272 qui
2697 4200 2873 4258 nescit
2924 4199 3028 4255 sibi
3071 4213 3268 4254 cavere
3302 4198 3358 4252 in

1767 4305 2060 4366 posterum,
2097 4304 2151 4349 et
2180 4291 2371 4349 stultus
2417 4293 2508 4362 qui
2561 4307 2668 4347 non
2715 4288 2944 4345 attendit
2985 4287 3121 4343 nihil
3152 4301 3274 4342 esse
3303 4286 3358 4342 in

1767 4388 1870 4442 hac
1903 4386 2013 4439 vita
2063 4393 2257 4454 praeter
2302 4381 2602 4446 miseriam,
2651 4380 2930 4448 peribunt:
2963 4385 3014 4433 et
3068 4376 3361 4447 relinquent

1769 4475 1954 4530 alienis
1980 4475 2188 4529 divitias
2230 4488 2357 4526 suas
2394 4490 2406 4524 :
2440 4471 2564 4540 quia
2604 4467 2730 4523 licet
2761 4466 2886 4523 {iliis
2927 4466 3253 4538 relinquant,
3279 4473 3364 4521 ta-

61 4579 185 4620 rem
227 4580 518 4635 possumus
539 4567 565 4621 ?
609 4567 743 4623 Nam
767 4569 857 4625 ubi
907 4550 1070 4626 homo
1105 4550 1213 4627 no'n
1243 4571 1535 4629 offenditur
1561 4573 1666 4630 nisi
1694 4550 1746 4610 D
1773 4580 1896 4620 men
1927 4563 2139 4627 alienis,
2171 4576 2293 4617 cum
2315 4560 2382 4615 ad
2404 4559 2629 4616 salutem
2653 4572 2843 4614 eorum
2868 4571 2962 4613 eas
2990 4572 3101 4614 non
3132 4556 3356 4628 dispen-

61 4657 326 4724 voluerit,
357 4671 454 4713 cur
484 4659 558 4715 ibi
590 4661 839 4717 timebit:
871 4660 1132 4734 Iniquitas
1168 4666 1403 4721 calcanei
1435 4667 1534 4721 ntei
1563 4668 1667 4721 cir-

62 4749 341 4804 cumdnbit
387 4767 488 4806 me.
519 4752 598 4808 Ac
641 4753 686 4808 si
718 4753 899 4810 dicat:
929 4754 1025 4809 Est
1064 4757 1431 4813 necessarium
1459 4767 1519 4812 ut
1567 4773 1668 4830 ego

60 4850 119 4894 et
168 4840 266 4896 alii
310 4842 522 4898 carnali
579 4843 865 4914 iniquitate
904 4844 1322 4902 circumdemur.
1372 4846 1671 4904 Calcaneus

62 4933 275 4988 dicitur
311 4949 443 5005 pars
471 4933 562 4990 illa
606 4936 874 5008 corporis,
907 4951 1028 5006 qum
1056 4945 1211 4994 terra!
1240 4954 1455 5010 semper
1485 4939 1672 4994 adhae-

62 5033 174 5091 ret,
203 5023 297 5081 ubi
311 5025 507 5082 merito
535 5027 758 5084 ambitio
777 5037 834 5083 et
857 5036 1066 5084 caeteree
1087 5029 1336 5086 carnales
1358 5029 1672 5102 iniquitates

61 5113 476 5188 inteiguntur,
505 5118 632 5189 quia
662 5134 880 5191 semper
911 5119 1059 5175 circa
1097 5129 1312 5178 terrena
1341 5132 1629 5178 versantur
1654 5139 1667 5177 :

60 5208 153 5263 vel
202 5209 460 5279 iniquitas
491 5209 722 5269 calcanei
767 5211 873 5268 mei
910 5211 1258 5270 circumdabit
1298 5232 1411 5282 me,
1462 5215 1515 5270 id
1546 5226 1663 5286 est,

65 5297 250 5357 ﬁnalis
274 5299 555 5372 iniquitas,
585 5317 701 5375 qua:
730 5305 787 5361 in
821 5303 1124 5360 benefactis
1146 5309 1386 5364 cavenda
1413 5315 1527 5374 est,
1559 5310 1663 5364 cir-

66 5393 340 5448 cumdabit
376 5408 458 5449 me
499 5409 568 5451 ex
606 5397 956 5457 necessitate.
1018 5395 1143 5454 Haec
1184 5378 1444 5471 iniquitds
1491 5411 1668 5470 potest

65 5480 302 5554 intelligi
340 5486 618 5556 superbia,
645 5491 767 5548 sine
794 5499 904 5559 qua
937 5488 1096 5556 pauci
1135 5492 1504 5563 reperiuntur.
1533 5490 1668 5548 Nam

65 5588 180 5630 non
210 5584 343 5632 sunt
370 5575 548 5646 plures
584 5583 671 5651 qui
705 5583 761 5636 in
797 5577 1099 5634 benefactis
1125 5581 1238 5638 suis
1262 5582 1315 5637 in
1341 5595 1400 5636 se
1427 5594 1532 5634 non
1556 5581 1674 5653 glo-

66 5665 287 5723 riantur
316 5685 329 5722 :
363 5669 484 5740 quia
518 5671 630 5729 haec
663 5681 750 5731 est
784 5669 1045 5738 iniquitas
1068 5686 1187 5741 qua:
1218 5689 1275 5730 se
1307 5673 1543 5745 primum
1586 5675 1670 5730 in-

73 5767 239 5780 ..Α--ῘΔ
283 5767 488 5780 ..ΑΑΑΙ..
517 5767 568 5780 Α“Ι
725 5767 763 5780 ἢ

1775 4656 1924 4710 dunt.
1952 4653 2058 4708 Sed
2098 4651 2226 4708 licet
2254 4651 2413 4722 quasi
2453 4648 2616 4706 alieni
2648 4648 2778 4716 sint,
2811 4647 2939 4717 quia
2975 4647 3042 4704 de
3068 4645 3244 4703 salute
3265 4657 3364 4718 pa-

1775 4754 1917 4802 trum
1946 4760 2054 4801 non
2084 4742 2296 4799 solliciti
2343 4748 2488 4807 sunt,
2541 4748 2724 4798 tamen
2763 4741 2818 4796 in
2865 4739 2966 4796 hoc
2997 4753 3056 4796 se
3107 4737 3248 4795 filios
3274 4751 3364 4794 vo:

1771 4837 1895 4894 lunt
1940 4835 2249 4900 ostendere,
2306 4833 2432 4903 quia
2474 4832 2717 4902 sepulcra
2770 4847 2953 4886 eorum
3009 4836 3203 4900 putant
3242 4837 3365 4884 esse

1773 4929 1961 4986 domos
1983 4926 2197 4983 illorum
2217 4925 2272 4980 in
2296 4934 2571 4989 azternum,
2603 4922 2748 4995 quod
2777 4930 2956 4976 tamen
2978 4935 3084 4975 non
3109 4925 3212 4983 est,
3237 4914 3365 4988 quia

1773 5024 1819 5080 si
1851 5024 1908 5080 in
1953 5021 2219 5092 sepulcris
2259 5019 2423 5076 homo
2452 5031 2670 5089 semper
2695 5021 2963 5079 maneret,
2992 5011 3168 5067 anima
3194 5007 3251 5063 in
3281 5006 3362 5061 in-

1775 5114 1930 5172 ferno
1959 5114 2257 5170 cruciatum
2307 5125 2418 5168 non
2460 5109 2714 5166 sentiret.
2779 5103 2905 5160 Ilaec
2949 5103 3074 5158 talia
3116 5095 3363 5168 sepulcra

1775 5213 2080 5262 vocaverunt
2105 5205 2319 5258 nomina
2346 5217 2471 5265 sua,
2497 5199 2550 5253 id
2572 5208 2661 5256 est
2680 5208 2881 5253 vocare
2902 5191 3107 5248 faciunt
3129 5186 3184 5238 in
3215 5183 3370 5238 terris

1774 5301 1907 5362 suis,
1940 5299 1992 5353 id
2014 5304 2097 5352 est
2125 5297 2177 5351 in
2200 5295 2415 5367 praediis
2447 5292 2578 5348 suis.
2633 5285 2909 5348 lnvocatio
2961 5276 3194 5337 nominis
3229 5272 3373 5332 solo-

1773 5388 1869 5444 bat
1896 5389 2011 5445 fieri
2063 5389 2115 5443 in
2163 5388 2429 5460 sepulcro,
2474 5383 2605 5453 quia
2646 5379 2894 5438 solebant
2936 5369 3095 5426 amici
3123 5374 3368 5460 mortuo-

1776 5500 1898 5540 rum
1927 5483 2171 5552 accipcre
2226 5495 2422 5555 panem
2450 5485 2505 5531 et
2541 5476 2774 5535 vinum;
2814 5475 2872 5520 et
2902 5463 3153 5520 sedentes
3182 5454 3241 5515 ln
3286 5471 3373 5562 se:

1775 5579 1985 5649 pulcro,
2035 5578 2290 5634 invocare
2345 5560 2565 5628 nomina
2619 5569 2960 5623 mortuorum
2987 5595 3004 5624 ,
3047 5567 3147 5649 suo
3188 5558 3372 5649 ventri

1779 5643 2096 5737 servientes,
2123 5685 2227 5725 non
2281 5660 2564 5736 spiritibus
2615 5661 2957 5714 mortuorum
2981 5663 2995 5702 :
3024 5645 3150 5719 quia
3179 5643 3226 5699 si
3249 5653 3374 5715 pro-

2231 5761 2294 5780 .o-
2343 5749 2626 5780 l-nm:nllm
2671 5751 2722 5780 :n
2771 5741 3034 5780 gannitu-1c
3065 5739 3220 5780 tanta.
3268 5749 3376 5780 non
