3918 6416
1092 466 1353 530 REMlGll
1397 444 2050 520 ANTISSIODORENSIS
2098 441 2250 502 OPP.
2291 433 2471 492 PARS
2505 429 2545 486 l.
2587 453 2656 467 --
2693 415 3097 482 EXEGETICA.
3617 403 3732 460 59‘!

2341 550 2599 613 nstitutis,
2631 544 2724 600 sed
2752 550 2932 597 tamen
2961 533 3177 588 redimet
3205 525 3437 582 animam
3468 535 3638 576 meam
3668 521 3740 575 de

1393 614 1601 644 lnicnlv
1629 621 1642 634 ο
1679 614 1806 648 quin
1827 614 1894 630 υ..
1925 614 2035 625 ...η
2067 614 2122 630 ο,
2144 614 2174 620 ,,
2192 614 2202 615 ,

1393 694 1496 735 nec
1545 690 1653 730 una
1680 679 1834 740 gutta
1883 675 2046 731 super
2145 667 2310 708 manu
2342 644 2500 716 inferi
2536 655 2654 695 cum
2685 632 2934 703 acceperit
2975 642 3077 690 me,
3110 623 3164 679 id
3193 628 3321 687 est,,
3349 632 3472 675 cum
3494 614 3737 670 Verbum

2779 717 3107 740 ’λ-ε-Α-λλ-νε
3145 708 3488 740 “summm-il
3561 703 3634 740 nr.
3668 702 3737 740 si.

2149 754 2324 799 meam
2354 745 2606 791 naturam
2645 726 2745 783 sibi
2777 702 3110 778 invisendam
3143 708 3516 779 assumpserit.
3552 703 3634 758 Ne
3667 702 3740 755 ti:

2150 829 2342 887 mueris
2372 840 2490 880 cum
2519 821 2661 876 dives
2686 817 2856 887 {actus
2883 809 3040 881 fuerit
3067 807 3246 867 homo,
3266 810 3314 855 et
3337 815 3455 854 cum
3483 793 3719 863 multipli

2150 933 2270 979 cata
2311 918 2470 990 fuerit
2516 885 2696 985 gloria
2733 907 2920 962 domus
2962 901 3096 971 ejus.
3147 895 3310 964 Quasi
3358 893 3506 948 dicat
3548 908 3564 942 :
3603 885 3737 953 Qui:

2150 1013 2407 1069 ﬂorentes
2431 1008 2486 1062 in
2512 984 2615 1059 hoc
2633 998 2835 1056 mundo
2856 997 2912 1050 in
2939 991 3150 1048 inferno
3174 987 3244 1042 ad
3267 984 3516 1040 ultimum
3539 991 3722 1050 ponen

2153 1114 2264 1170 tur,
2293 1110 2350 1158 et
2374 1109 2432 1154 tu
2451 1088 2838 1153 dominaberis,
2865 1084 2958 1156 qui
2986 1082 3074 1137 hic
3097 1079 3382 1148 despectus
3404 1069 3631 1126 videris.
3663 1063 3720 1121 Ν

2152 1194 2391 1250 timueris
2411 1202 2542 1258 ergo
2561 1195 2783 1254 sperare
2807 1177 2988 1233 futura
3006 1182 3061 1229 et
3084 1176 3411 1243 postponere
3433 1156 3728 1234 praesentia

2154 1304 2274 1344 cum
2292 1287 2434 1341 diues
2459 1282 2632 1351 factus
2658 1274 2814 1347 fuerit
2827 1272 3004 1334 homo,
3019 1275 3067 1322 et
3088 1278 3206 1319 cum
3219 1255 3574 1328 multiplicata
3589 1249 3752 1321 fuerit

2154 1341 2325 1452 pars.
2361 1341 2548 1430 si...
2592 1341 2746 1440 ejus,
2790 1365 2846 1421 id
2881 1370 2999 1427 est,
3042 1355 3151 1414 noli
3185 1349 3427 1410 aemulari
3472 1348 3531 1403 in
3559 1359 3629 1400 eo
3661 1341 3754 1412 qui

2154 1474 2506 1542 prosperatur
2531 1461 2587 1516 in
2616 1459 2703 1512 via
2750 1468 2870 1519 sua,
2897 1447 3144 1521 quoniam
3169 1458 3288 1498 cum
3321 1434 3606 1501 interierit,
3650 1445 3756 1485 non

2157 1531 2324 1617 iamet
2351 1554 2550 1615 omnia,
2593 1547 2718 1619 quia
2748 1541 2882 1600 nihil
2908 1553 3094 1597 secum
3126 1531 3368 1605 portabit
3393 1533 3596 1598 praeter
3639 1537 3758 1578 oec-

2132 1649 2309 1718 'cata,
2335 1662 2498 1719 neque
2525 1614 2797 1699 descendet
2822 1651 2943 1692 cum
2981 1649 3042 1689 eo
3068 1628 3237 1702 gloria
3270 1625 3408 1696 ejus,
3447 1631 3572 1691 qua:
3614 1614 3759 1670 facta

2957 1725 3024 1782 Et
3063 1734 3235 1794 quare
3279 1733 3384 1773 non
3429 1709 3714 1769 descendet
3736 1706 3761 1758 .’

470 489 570 546 391

474 616 555 674 sic
575 607 797 670 arsisset
840 601 1024 674 lingua
1063 595 1245 654 divitis
1293 593 1348 647 in
1388 586 1601 644 inferno
1626 598 1642 634 :
1679 577 1806 648 quia
1826 587 1894 630 ex
1915 571 2041 625 vino
2067 571 2122 630 Α
2142 563 2247 620 bus
2272 573 2337 613 co

473 708 530 764 in
572 718 674 760 suo
715 697 964 770 sepulcro
1006 694 1348 755 consumpto,

473 753 937 868 ipsius—ardentem
961 784 1198 852 linguam
1213 753 1572 830 descendebat
1590 762 1740 834 (Luc.
1763 755 1898 828 xvr).
1923 753 2046 807 Haec

475 846 672 868 'r'-—"
1042 846 1067 852 -

475 885 745 944 invocatio
773 895 882 937 non
911 885 1117 933 tantum
1160 870 1219 923 ﬁt
1256 867 1310 921 in
1346 858 1626 933 sepulcris,
1652 851 1746 909 sed
1793 850 1847 904 in
1882 846 2051 900 laber-

477 977 687 1042 nacula,
716 975 771 1030 id
792 981 876 1027 est
908 969 1097 1024 domos
1138 963 1196 1015 in
1223 957 1418 1030 quibus
1439 945 1809 1018 temporaliter
1831 939 2049 994 fuerunt

475 1075 532 1129 in
549 1068 792 1143 progenie
839 1065 942 1120 hac
991 1053 1272 1131 praesenti,
1321 1057 1377 1105 et
1429 1041 1741 1117 progeniem
1789 1032 2048 1095 futuram,

475 1165 805 1221 socauerunt,
842 1154 897 1208 id
925 1158 1011 1206 est
1045 1157 1241 1202 vocare
1289 1140 1493 1196 faciunt
1531 1132 1742 1188 nomina
1763 1142 1890 1183 sua.
1923 1124 2051 1194 quia

480 1255 534 1312 ii
561 1244 946 1308 anniversariis
975 1239 1222 1298 solebant
1248 1229 1538 1290 convenire
1565 1224 1632 1279 ad
1649 1222 1860 1283 domos,
1886 1223 1947 1270 ut
1974 1213 2051 1268 ibi

481 1339 731 1402 mebriati
753 1335 973 1394 nomina
995 1338 1334 1387 mortuorum
1357 1321 1690 1377 invocarent.
1713 1310 1911 1374 Homo,
1934 1321 2052 1359 cum

481 1438 536 1492 in
583 1435 779 1488 honore
829 1433 983 1492 esset,
1020 1438 1124 1478 non
1159 1414 1432 1473 intellexit.
1479 1409 1619 1465 Ecce
1670 1415 1833 1459 causa
1882 1407 2054 1467 quare

480 1522 677 1581 stultus
701 1527 757 1576 et
777 1488 1036 1587 insipiens
1060 1508 1282 1582 peribit,
1320 1502 1445 1573 quia
1494 1510 1620 1554 cum
1661 1499 1842 1549 essent
1869 1489 1925 1542 in
1953 1488 2053 1540 ho-

481 1631 628 1681 nore,
655 1613 710 1669 id
725 1618 811 1668 est
839 1580 908 1664 ad
933 1580 1220 1674 imaginem
1240 1595 1335 1654 Dei
1361 1591 1549 1655 creati,
1579 1602 1687 1644 non
1715 1580 2057 1640 intellectua-

479 1705 604 1762 liter
627 1720 686 1761 se
717 1669 1070 1757 habuerunt:-
1083 1701 1139 1750 et
1178 1690 1300 1746 ideo
1325 1691 1657 1749 comparatus
1702 1684 1779 1732 est
1799 1669 2057 1744 jumentis

481 1732 604 1762 nter
627 1732 686 1761 ac
718 1732 909 1757 Ilauucs
925 1732 1051 1752 υιιι.
1084 1732 1139 1750 υ.
1178 1732 1298 1746 ...εν
1326 1732 1521 1749 --..-,.---
1541 1732 1565 1735 ν-
1599 1732 1607 1734 .
1799 1732 1818 1744 ν

479 1791 881 1865 insipientibus:
910 1795 958 1842 et
988 1785 1094 1840 hoc
1134 1795 1242 1837 non
1285 1777 1339 1834 in
1387 1771 1694 1842 majoritate
1731 1763 1933 1834 aliqua,
1960 1755 2058 1816 sed
2159 1755 2244 1803 est
2276 1743 2379 1801 sibi
2421 1749 2680 1811 pomposo
2717 1732 2926 1787 funere.

1738 1853 1793 1865 ..-
1833 1853 1865 1865 ο.
1992 1848 2056 1865 n.
2164 1836 2301 1865 n...°..
2332 1833 2506 1865 nni-nn
2543 1829 2658 1865 ρὸηι
2688 1826 2744 1865 ί.
2772 1823 2878 1865 ςτὶιιι
2919 1838 2926 1865 1

479 1848 666 1940 similis
687 1879 858 1949 factus
880 1884 956 1931 est
975 1871 1103 1938 illis,
1132 1870 1199 1928 de
1227 1873 1420 1923 ventre
1442 1869 1654 1917 tantum
1675 1853 1958 1913 sollicitus.
1991 1848 2061 1905 Et

483 1973 612 2046 quid
640 1941 708 2028 at
729 1969 846 2024 eis?
872 1965 1006 2020 Hine
1031 1962 1118 2018 eia
1143 1958 1359 2015 illorum
1387 1949 1699 2010 scandalum
1728 1944 1877 2015 ipsis,
1903 1941 1960 1997 id
1979 1947 2064 1998 est

483 2033 699 2122 tantum
725 2061 897 2116 Deum
936 2059 1228 2118 honorant,
1251 2058 1312 2106 nt
1332 2049 1443 2104 sint
1458 2045 1528 2100 de
1549 2041 1674 2107 illis,
1703 2036 1900 2110 quibus
1926 2033 2062 2090 dicio

483 2163 618 2211 tur:
652 2150 890 2221 Populus
933 2149 1017 2202 hic
1055 2145 1208 2198 labiis
1251 2155 1333 2195 me
1369 2139 1614 2199 honorat,
1655 2144 1746 2186 cor
1780 2136 1956 2182 autem
1976 2138 2065 2177 eo-

484 2265 603 2305 rum
641 2216 792 2317 longe
819 2251 895 2299 est
920 2259 953 2297 a
979 2256 1061 2295 me
1081 2238 1217 2311 (ira.
1260 2249 1425 2299 nix;
1475 2225 1671 2284 Matth.
1699 2221 1791 2286 xv)
1818 2236 1838 2278 :
1882 2226 1940 2276 et
1985 2216 2066 2273 sic

486 2341 603 2412 ejus
627 2337 930 2410 posteriora
983 2329 1170 2404 pejora
1219 2335 1348 2383 sunt
1393 2321 1667 2395 prioribus
1706 2331 1722 2370 :
1766 2312 1896 2385 quia
1941 2321 2067 2366 cum

485 2433 638 2503 prius
667 2436 786 2486 erat
835 2435 1056 2497 apertus
1104 2432 1368 2492 paganus,
1419 2414 1581 2471 modo
1610 2411 1710 2467 sub
1737 2404 1958 2463 nomine
1983 2413 2068 2457 re-

486 2522 702 2596 ligionis
724 2517 969 2576 occultus
997 2522 1082 2571 est
1098 2522 1154 2568 et
1176 2510 1450 2572 deterior;
1496 2515 1545 2560 et
1580 2509 1759 2573 postea
1783 2499 1842 2552 in
1861 2510 1952 2551 ore
1974 2506 2070 2548 suo

488 2609 919 2683 eomplacebunt:
948 2605 1074 2677 quia
1115 2604 1163 2660 si
1213 2600 1410 2670 aliquis
1458 2588 1868 2665 reprehenderit
1903 2585 2073 2640 vitam

491 2715 702 2768 eorum,
727 2704 785 2753 et
806 2674 1005 2753 dixerit
1032 2695 1148 2748 haec
1180 2700 1400 2746 terrena
1429 2700 1538 2741 non
1568 2696 1690 2738 esse
1722 2674 2071 2740 attendenda,

492 2792 596 2864 ipsi
625 2791 682 2846 in
709 2803 807 2844 ore
846 2801 948 2843 suo
968 2782 1299 2840 conﬁtentur
1317 2791 1513 2833 verum
1541 2788 1683 2839 esse,
1711 2769 1875 2826 corde
1897 2775 2077 2820 tamen

491 2861 600 2938 non
624 2880 925 2934 imitantur.
949 2873 1132 2944 Usque
1160 2872 1266 2927 huc
1285 2865 1574 2937 descripsit
1593 2861 1831 2932 Spiritus
1856 2862 2080 2912 sanctus

493 2972 635 3038 illos,
677 2970 773 3040 qui
814 2967 1150 3022 arbitrantur
1203 2976 1313 3017 non
1352 2949 1475 3015 esse
1523 2952 1837 3010 felicitatem
1883 2951 2080 3016 praeter

491 3038 756 3120 honorem
783 3057 1006 3124 saeculi;
1058 3065 1116 3110 et
1163 3059 1291 3124 post
1333 3050 1542 3106 obitum
1579 3059 1687 3100 non
1715 3038 2079 3097 attendentes,

497 3153 604 3210 nisi
662 3145 1118 3220 quemadmodum
1170 3141 1278 3196 illis
1324 3141 1685 3210 procurentur
1711 3130 1902 3185 funera
1929 3137 2083 3196 pom-

495 3259 652 3316 posa,
673 3251 731 3298 et
757 3240 830 3298 ibi
859 3251 1047 3296 eorum
1095 3233 1316 3291 nomina
1352 3232 1691 3287 invocentur.
1720 3221 1875 3278 Nunc
1903 3226 2085 3274 autem
2180 3213 2183 3217 ί

2163 1836 2302 1904 Quia
2329 1806 2508 1888 anima
2542 1806 2658 1900 ejus
2688 1826 2746 1881 in
2772 1823 2878 1878 vita
2919 1817 3116 1890 ipsius,
3155 1812 3210 1868 id
3233 1817 3342 1875 est,
3370 1807 3426 1862 in
3464 1806 3572 1861 hac
3620 1812 3763 1873 ιη·

2089 1930 2138 1994 Β
2164 1890 2323 1990 senti,
2357 1935 2521 1995 quam
2543 1890 2660 1991 ipse
2685 1921 2894 1971 tantum
2921 1906 3094 1966 credit
3112 1905 3302 1969 vitam,
3327 1896 3670 1954 benedicatur
3694 1890 3764 1946 ab

2163 1989 2579 2076 adulatoribus,
2617 2009 2746 2080 quia
2785 2005 2853 2060 ad
2893 1997 3166 2058 cumulum
3211 1989 3444 2049 miseriae
3489 2000 3609 2042 sua
3657 1996 3764 2038 non

2164 2074 2360 2168 desunt
2396 2104 2501 2162 sibi
2542 2074 2867 2161 adulatores,
2903 2101 2960 2148 et
2995 2091 3109 2160 ipse
3137 2082 3468 2153 conﬁtebitur
3515 2074 3613 2130 tibi
3645 2086 3763 2127 cum

2166 2197 2474 2268 benefaceris
2501 2193 2569 2256 ei,
2614 2190 2671 2246 id
2711 2196 2830 2252 est,
2859 2197 2982 2240 cum
3012 2181 3068 2236 in
3104 2173 3463 2249 prnsperitate
3491 2173 3598 2230 est,
3638 2173 3766 2218 tunc

2168 2257 2380 2347 tantum
2402 2281 2644 2340 laudabit
2666 2289 2738 2336 te.
2764 2277 2833 2333 Et
2859 2273 2961 2330 sibi
2983 2268 3112 2341 quid
3137 2263 3294 2322 inde?
3319 2257 3568 2316 Inlroibit
3599 2267 3766 2322 usque

2166 2346 2226 2440 in
2262 2379 2530 2454 progenies
2564 2383 2769 2444 patrum
2799 2380 3036 2431 suorum,
3071 2361 3127 2418 id
3165 2365 3269 2422 est,
3306 2355 3375 2409 ad
3419 2351 3569 2407 illam
3603 2346 3768 2402 mise-

2171 2443 2308 2532 riam
2331 2443 2630 2543 perveniet,
2665 2464 2736 2520 ad
2759 2474 2921 2532 quam
2948 2451 3194 2527 pervenit
3235 2443 3526 2519 progenies
3551 2447 3769 2512 patrum

2169 2580 2418 2630 suorum,
2463 2562 2597 2618 Cain
2627 2556 2878 2613 videlicet
2916 2525 2972 2606 et
3003 2544 3216 2607 caeteri,
3246 2548 3302 2595 et
3331 2537 3406 2592 ibi
3442 2549 3550 2588 non
3583 2525 3770 2586 videbit

2173 2659 2350 2713 lumen
2389 2668 2552 2724 usque
2597 2651 2656 2704 in
2695 2655 2950 2702 internum
2975 2678 2994 2706 ,
3044 2635 3100 2691 id
3145 2639 3230 2688 est
3273 2623 3515 2698 quandiu
3555 2615 3773 2674 durabit

2174 2709 2478 2805 aeternitas:
2502 2741 2570 2797 Et
2603 2739 2710 2795 hoc
2740 2731 2943 2804 quare?
2975 2725 3113 2794 Quia
3142 2735 3260 2776 cum
3289 2718 3404 2788 ipse
3445 2720 3581 2768 esset
3622 2709 3772 2762 homo

2175 2843 2232 2896 in
2255 2841 2451 2894 honore
2486 2832 2718 2905 positus,
2747 2798 2854 2881 non
2893 2816 3188 2876 intellexit:
3216 2815 3554 2878 comparatus
3579 2808 3661 2856 est
3682 2798 3770 2867 ju-

2177 2892 2378 2985 mentis
2404 2892 2786 2994 insipientibus,
2814 2922 2864 2969 et
2891 2906 3079 2966 similis
3116 2903 3287 2974 {actus
3320 2903 3396 2953 est
3425 2892 3566 2960 illis,
3591 2897 3658 2945 ut
3684 2901 3770 2943 su-

2180 3020 2388 3090 perius.

2702 3088 3025 3155 PSALMUS
3061 3082 3249 3143 XLIX.

2752 3217 2988 3264 νεΑυωε
3023 3210 3210 3256 Αεηιι.

500 3290 652 3316 ι’ν--ν
679 3290 731 3298 π
757 3290 830 3298 ---
865 3290 1046 3296 -ν-νσγ
1145 3290 1150 3291 γ

500 3335 630 3407 quid
663 3333 732 3391 de
783 3332 868 3390 eis
911 3336 1233 3388 “multum
1287 3323 1358 3380 δὴ
1401 3320 1649 3395 praedic“
1677 3317 1756 3372 δίο
1791 3332 1806 3368 ³
1850 3311 1981 3367 H‘“
1999 3310 2083 3407 ’ἶία
2107 3296 2156 3361 c
2261 3352 2284 3388 α
2317 3333 2459 3389 Deus
2499 3337 2722 3384 deorum
2761 3317 3025 3375 Dominus
3065 3310 3279 3366 locutus
3315 3309 3422 3367 est,
3459 3306 3519 3355 et
3561 3290 3782 3351 vocavit

3173 3398 3189 3407 “
3457 3404 3470 3407 -
3552 3401 3613 3407 Α-
3656 3384 3779 3407 ΕΞΑΑ

504 3430 720 3484 illorum
743 3422 1056 3483 scandalum
1079 3421 1226 3491 ipsis,
1258 3428 1304 3474 et
1341 3424 1520 3488 postea
1547 3413 1604 3466 in
1625 3425 1714 3466 ore
1740 3423 1835 3463 suo
1855 3400 2086 3471 compla-

502 3519 688 3575 cebunt
716 3535 730 3572 :
757 3524 813 3580 et
836 3513 962 3574 ideo
995 3513 1128 3569 sicut
1155 3525 1273 3568 oues
1315 3504 1577 3569 devorati,
1606 3509 1664 3556 et
1698 3498 1832 3555 nulli
1863 3493 2086 3551 tribula-

505 3615 640 3671 tioni
660 3611 999 3676 resistentes,
1027 3604 1182 3679 positi
1219 3611 1339 3659 sunt
1365 3602 1420 3655 in
1462 3598 1688 3668 inferno,
1719 3592 1773 3649 id
1806 3596 1890 3648 est
1915 3590 1971 3644 in
1994 3601 2088 3642 ex«

507 3705 804 3764 caecatione
832 3678 1054 3772 mentis,
1080 3703 1139 3754 et
1187 3711 1326 3750 mors
1362 3693 1602 3762 deposcet
1634 3702 1744 3751 eos,
1773 3684 1828 3738 id
1850 3688 1933 3738 est
1970 3678 2087 3734 dia-

508 3795 664 3854 bolus
703 3790 795 3863 qui
824 3790 1072 3846 minister
1097 3786 1285 3842 mortis
1324 3791 1431 3848 est,
1462 3780 1570 3836 erit
1593 3784 1778 3848 pastor
1804 3783 2017 3833 eorum,
2041 3775 2088 3819 et

510 3886 728 3942 tandem
748 3879 1158 3937 dominabuntur
1181 3889 1360 3930 eorum
1393 3868 1527 3940 justi
1555 3868 1612 3921 in
1631 3862 1907 3924 matutino,
1939 3857 2092 3911 idest

511 3979 566 4035 in
587 3977 679 4032 illo
714 3989 844 4031 vero
877 3986 1055 4036 mane,
1100 3970 1246 4040 quod
1295 3979 1403 4020 non
1445 3958 1664 4016 habebit
1714 3952 2090 4009 succedentem

510 4077 746 4125 noctem.
786 4065 920 4120 Nam
968 4072 1100 4117 tunc
1131 4056 1452 4127 judicabunt
1492 4049 1666 4106 sancti
1729 4043 1995 4104 nationes,
2036 4045 2093 4092 et

514 4157 933 4218 dominabuntur
953 4149 1180 4222 p0pulis,
1208 4144 1296 4201 vel
1328 4143 1406 4198 sic
1423 4180 1440 4208 ,
1467 4153 1608 4194 mors
1631 4136 1868 4204 depascet
1895 4145 2004 4193 eos,
2039 4126 2092 4179 id

513 4261 598 4310 est
623 4248 838 4306 diabolo
860 4250 1021 4301 erunt
1055 4238 1298 4302 refectio,
1327 4235 1418 4304 qui
1450 4234 1507 4287 in
1535 4226 1881 4285 devoratione
1902 4232 2092 4277 eorum

513 4345 668 4416 quasi
687 4344 740 4398 in
761 4341 884 4396 cibo
925 4336 1241 4392 delectatur.
1285 4329 1439 4385 Unde
1476 4325 1677 4381 dictum
1703 4330 1784 4375 est
1811 4315 2090 4386 serpenti:

521 4436 692 4506 Super
738 4441 918 4504 pectus
978 4438 1127 4482 tuum
1165 4421 1453 4496 gradieris,
1508 4428 1553 4472 et
1611 4427 1805 4470 terram
1860 4409 2094 4465 comedas

525 4503 674 4598 ‘Gen.
707 4503 816 4592 ut),
839 4531 895 4577 et
929 4522 1007 4576 sic
1024 4519 1157 4587 justi
1188 4517 1277 4586 qui
1312 4509 1586 4580 despectui
1632 4509 1721 4562 hic
1761 4503 2096 4557 habebantur

526 4615 588 4669 ab
606 4614 704 4676 eis,
723 4610 1133 4665 dominabuntur
1145 4619 1335 4660 eorum
1356 4603 1412 4654 in
1449 4599 1727 4660 matutino,
1761 4604 1809 4647 et
1836 4591 2094 4647 auxilium

526 4719 704 4760 eorum
743 4714 974 4770 quorum
1020 4712 1168 4753 mors
1197 4704 1281 4751 est
1308 4703 1515 4764 pastor,
1566 4696 1864 4751 veterascet,
1920 4684 1976 4738 id
2016 4689 2100 4736 est

527 4798 775 4852 interisse
813 4792 1016 4865 patebit
1039 4808 1054 4858 ;
1089 4789 1347 4844 auxilium
1373 4787 1494 4840 dico
1517 4789 1903 4854 praesumptum
1927 4795 1958 4830 a
1983 4775 2097 4845 glo-

532 4892 609 4945 ria
635 4905 837 4951 eorum,
859 4887 912 4941 iil
934 4895 1016 4940 est
1044 4900 1073 4937 a
1095 4883 1225 4938 ﬂore
1247 4895 1409 4950 quem
1436 4879 1741 4932 habuerunt
1766 4874 1817 4926 in
1842 4872 1942 4926 hac
1968 4868 2101 4932 vita,

535 4981 612 5038 vel
683 4978 941 5033 auxilium
1003 4989 1180 5029 eorum
1246 4978 1524 5026 veterascet
1600 4982 1629 5019 a
1693 4963 1864 5034 gloria
1917 4972 2104 5014 eorum

530 5083 903 5141 remotorum,
947 5069 1031 5125 vel
1078 5073 1297 5139 propter
1325 5062 1555 5136 gloriam
1593 5071 1756 5128 quam
1787 5055 1876 5109 hic
1904 5051 2109 5106 habue-

535 5177 690 5234 runt,
719 5166 844 5236 quia
873 5169 1094 5219 eatenus
1123 5166 1283 5214 erunt
1315 5153 1544 5224 inglorii,
1576 5157 1841 5219 quatenus
1880 5142 1968 5197 hic
1996 5140 2112 5195 fue-

536 5272 663 5318 runt
725 5257 982 5332 gloriosi,
1032 5261 1377 5308 uerumtamen
1430 5246 1570 5298 Deus
1619 5240 1832 5296 redimet
1881 5237 2112 5289 animam

537 5329 916 5417 meamsQuasi
939 5346 1116 5401 dicat:
1145 5341 1285 5396 Justi
1313 5339 1367 5392 in
1392 5335 1571 5388 futuro
1595 5329 2033 5390 dominabuntur,
2057 5332 2113 5379 et

539 5445 752 5502 interim
783 5438 946 5511 quid?
974 5433 1272 5490 Tribulatio
1304 5437 1362 5484 et
1400 5426 1575 5484 omnis
1603 5424 1817 5479 miseria
1855 5420 1961 5476 erit
1984 5434 2111 5473 san-

544 5536 661 5590 ctis.
703 5532 812 5587 Sed
845 5543 967 5600 quae
997 5522 1160 5580 cura?
1190 5520 1326 5587 Quia
1362 5518 1487 5572 licet
1525 5515 1844 5570 tribulentur
1873 5512 1994 5575 hic,
2034 5518 2113 5563 ta-

545 5636 669 5681 men
695 5621 906 5674 redimet
932 5631 1027 5672 eos
1052 5614 1114 5667 de
1151 5627 1309 5666 manu
1333 5607 1510 5677 inferi,
1555 5606 1604 5659 id
1631 5612 1732 5670 est,
1764 5604 1828 5658 de
1855 5607 2120 5672 potestate

550 5714 910 5774 tenebrarum,
940 5725 1058 5763 cum
1089 5705 1338 5774 acceperit
1366 5718 1463 5765 me,
1498 5699 1595 5753 sibi
1625 5696 1952 5751 conformem
1985 5694 2128 5746 fece-

551 5811 640 5865 rit.
691 5805 784 5860 Vel
825 5802 1229 5857 dominabuntur
1260 5799 1391 5867 justi
1437 5797 1490 5847 in
1530 5795 1806 5853 matutino,
1851 5799 1906 5841 ct
1947 5798 2124 5839 tamen

554 5919 658 5963 non
682 5903 785 5958 erit
813 5902 866 5959 in
907 5897 1102 5962 medio,
1140 5894 1326 5951 nonin
1363 5893 1551 5950 umbra
1591 5887 1833 5944 videlicet
1858 5894 1911 5938 et
1949 5881 2129 5953 leguli-

2125 4642 2176 4702 D

2189 3445 2208 3482 ι
2245 3435 2470 3482 terram.
2508 3419 2555 3473 Α
2591 3415 2721 3472 solis
2752 3418 2876 3466 ortu
2907 3415 3082 3473 usque
3125 3398 3192 3454 ad
3225 3404 3512 3455 occasum,
3545 3401 3617 3443 ex
3656 3384 3781 3439 Sion

2192 3535 2211 3570 ι
2247 3513 2456 3585 species
2484 3504 2695 3564 decoris
2727 3499 2866 3572 ejus.
2896 3495 3040 3551 Deus
3067 3483 3350 3546 manifeste
3385 3478 3592 3540 veniet,
3645 3474 3784 3529 Deus

2192 3627 2211 3662 ι
2243 3568 2428 3663 noster
2454 3610 2512 3658 et
2536 3613 2645 3655 non
2674 3568 2874 3650 silebit.
2905 3586 3052 3658 Ignis
3074 3582 3130 3637 in
3153 3581 3450 3646 conspectu
3480 3568 3602 3638 ejus
3631 3577 3784 3620 exar—

2193 3718 2213 3753 s
2245 3702 2450 3761 descet,
2477 3700 2538 3747 et
2565 3693 2620 3746 in
2651 3683 2881 3744 circuitu
2908 3657 3028 3752 ejus
3061 3679 3357 3742 tempestas
3380 3663 3578 3718 valida.
3612 3657 3785 3713 Adro-

2195 3811 2213 3844 ι
2246 3789 2391 3846 cavit
2411 3757 2608 3841 cmlum
2637 3780 2943 3836 desursum,
2967 3777 3024 3825 et
3049 3775 3253 3821 terram
3281 3757 3599 3827 discernere
3620 3760 3787 3820 popu-

2194 3836 2213 3934 i
2599 3869 2939 3939 Congregate
2977 3858 3056 3914 illi
3092 3861 3312 3911 sanctos
3338 3846 3477 3916 ejus,
3508 3843 3607 3913 qui
3645 3836 3786 3894 ordi-

2197 3989 2216 4024 e
2247 3979 2383 4025 nant
2403 3934 2790 4022 testamentum
2820 3934 2951 4025 ejus
2976 3962 3139 4020 super
3164 3939 3455 3999 sacriﬁcia.
3485 3934 3555 3989 Et
3580 3942 3788 3986 annun—

2197 4079 2216 4114 ς
2251 4060 2464 4115 tiabunt
2500 4053 2625 4110 εωιί
2655 4021 2922 4121 justitiam
2964 4042 3104 4111 ejus,
3141 4033 3398 4106 quoniam
3436 4026 3584 4081 Deus
3625 4021 3786 4090 judex

2197 4170 2218 4206 ‹
2249 4156 2352 4206 est.
2389 4145 2550 4210 Audi,
2579 4110 2806 4213 populus
2833 4110 3006 4198 meus,
3033 4138 3090 4186 et
3114 4128 3310 4196 loquar
3336 4116 3528 4182 lsrael,
3555 4123 3613 4170 et
3647 4110 3788 4167 testi-

2199 4260 2218 4295 ς
2248 4239 2452 4296 ﬁcabor
2479 4205 2596 4291 tibi-
2615 4205 2791 4296 Deus,
2818 4226 2962 4282 Deus
2993 4231 3118 4276 tuus
3147 4231 3248 4287 ego
3284 4226 3422 4269 sum.
3455 4206 3576 4262 Non
3617 4205 3674 4258 in
3710 4215 3788 4256 sa-

2200 4351 2219 4386 ‹
2255 4329 2478 4387 criﬁciis
2521 4325 2630 4380 tuis
2660 4293 2884 4391 arguam
2933 4324 3006 4380 te,
3037 4310 3353 4367 holocausta
3383 4308 3569 4357 autem
3601 4307 3696 4351 tua
3740 4293 3786 4345 in

2200 4441 2220 4476 ‹
2254 4424 2543 4490 conspectu
2563 4427 2684 4468 meo
2709 4417 2837 4466 sunt
2857 4417 3092 4473 semper.
3121 4397 3236 4453 Non
3259 4391 3522 4460 accipiam
3545 4389 3615 4441 de
3636 4383 3787 4439 domo

2201 4531 2220 4568 ι
2257 4522 2344 4568 tua
2365 4475 2582 4572 vitulos,
2607 4515 2782 4573 neque
2807 4501 2872 4554 de
2893 4495 3144 4569 gregibus
3171 4488 3276 4544 tuis
3298 4485 3501 4541 hircos.
3526 4475 3787 4546 Quoniam

2205 4623 2226 4658 ι
2254 4618 2389 4662 meae
2416 4608 2540 4657 sunt
2575 4572 2764 4653 omnes
2789 4591 2917 4646 fera:
2957 4587 3238 4646 silvarum,
3258 4578 3508 4648 juntenta
3547 4572 3602 4625 in
3646 4581 3789 4624 mon-

2207 4716 2228 4751 s
2260 4697 2404 4752 tibus
2450 4701 2504 4747 et
2548 4690 2734 4744 boves.
2771 4679 3011 4754 Cognovi
3058 4674 3239 4732 omnia
3274 4665 3514 4724 volatilia
3554 4661 3704 4725 caeli,
3741 4666 3790 4710 et

2217 4985 2236 5020 ι
2267 4963 2519 5034 Nunquid
2543 4955 2877 5015 manducabo
2902 4964 3095 5009 carnes
3117 4957 3420 5007 taurorum,
3461 4946 3558 4993 aut
3582 4930 3789 5003 sangui-

2221 5074 2241 5109 ι
2274 5071 2394 5112 nem
2443 5054 2714 5108 hircorum
2764 5042 2994 5116 polabo‘l
3042 5034 3260 5095 immola
3306 5032 3418 5086 Deo
3467 5023 3788 5084 sacriﬁcium

2222 5168 2242 5202 ι
2274 5146 2463 5210 laudis,
2492 5153 2548 5199 et
2591 5141 2755 5198 redde
2783 5136 3061 5193 Altissimo
3086 5139 3210 5188 vota
3245 5135 3356 5184 tua.
3387 5122 3454 5179 Et
3486 5121 3698 5210 invoca:
3716 5125 3792 5167 me

2225 5256 2244 5291 ι
2277 5240 2331 5296 in
2363 5238 2448 5292 die
2480 5229 2861 5293 tribulationis,
2894 5240 3078 5282 eruam
3108 5231 3160 5276 te
3183 5227 3238 5274 et
3264 5191 3792 5272 honoriﬁcabis‘ine.

2223 5350 2244 5385 ι
2275 5328 2553 5386 Peccatori
2593 5332 2770 5379 autem
2801 5319 2934 5375 dixit
2964 5317 3103 5372 Deus
3132 5311 3347 5377 :Quare
3371 5315 3428 5360 tu
3465 5313 3697 5360 enarras
3718 5296 3794 5366 ju-

2226 5441 2243 5474 ι
2277 5421 2450 5478 stitias
2479 5431 2646 5482 meas,
2676 5421 2731 5468 et
2753 5408 2987 5468 assumis
3013 5407 3393 5461 testamentum
3417 5408 3602 5450 meum
3623 5403 3718 5461 per
3742 5396 3796 5438 os

2224 5533 2245 5568 ι
2278 5510 2470 5567 tuum?
2511 5509 2590 5564 'l‘u
2641 5519 2770 5562 vero
2817 5499 2980 5559 odisti
3023 5493 3395 5564 disciplinam,
3432 5495 3487 5542 et
3530 5471 3797 5556 projecisﬁ

2225 5624 2246 5660 ι
2281 5615 2558 5659 sermones
2585 5612 2738 5654 meos
2759 5604 3078 5652 retrorsum.
3114 5587 3170 5641 Si
3199 5584 3421 5640 videbas
3449 5578 3645 5638 furem,
3679 5586 3796 5628 cur-

2231 5717 2249 5748 ‹
2286 5696 2442 5750 rebus
2475 5708 2596 5748 cum
2636 5705 2734 5754 eo,
2773 5698 2828 5743 et
2863 5699 2984 5741 cum
3022 5676 3282 5735 adulteris
3319 5671 3623 5745 portionem
3661 5673 3798 5719 tuam

2233 5806 2251 5841 ε
2289 5790 2542 5856 ponebas.
2574 5782 2647 5836 Os
2677 5791 2826 5834 tuum
2854 5772 3147 5830 abundavit
3175 5765 3397 5828 malitia,
3430 5769 3486 5820 ct
3514 5760 3693 5828 lingua
3719 5764 3799 5807 tua

2238 5899 2255 5932 ι
2289 5855 2649 5936 concinnabat
2679 5871 2846 5929 dolos.
2880 5868 3086 5928 Sedens
3115 5862 3372 5919 adversus
3403 5855 3626 5912 fratrem
3656 5855 3795 5904 tuum
