3884 5360
83 405 181 460 ’593

1189 398 1319 451 ENA
1332 393 1721 452 “RATIONES
1761 393 1825 447 IN
1867 394 2195 449 PSALMOS.

3220 401 3329 465 .595

89 529 107 559 ι
140 504 453 577 loquebaris,
484 513 536 558 et
564 505 819 558 adversus
848 504 1013 557 tilium
1052 505 1238 557 matris
1281 513 1382 557 tua:
1414 504 1645 571 ponebas
1676 508 1718 564 Α
1750 511 1830 555 est
1853 542 1868 566 ,
1920 502 2198 571 ﬂagrantia
2240 504 2519 560 cliaritatis
2567 508 2859 562 incendens
2906 516 2955 561 te
2996 518 3163 563 totum
3192 551 3205 573 ,
3250 522 3332 577 est

90 620 106 649 ι
136 595 433 653 scandalum
462 614 472 646 :
507 596 619 649 haec
649 594 818 649 fecisti
848 604 902 650 et
929 595 1087 649 tacui.
1119 595 1448 653 Existimasti
1472 595 1651 662 inique

60 690 105 735 ῖε
137 683 274 757 quod
296 699 394 738 ero
418 684 491 736 tui
522 684 749 738 similis:
778 700 996 755 arguam
1023 693 1094 743 te.
1125 693 1179 736 et
1199 694 1430 739 statuam
1462 691 1648 735 contra

90 794 104 823 ι
139 773 324 827 faciem
344 782 506 826 tuam.
522 772 810 846 lntelligite
826 774 939 827 inec
955 774 1045 843 qui
1064 772 1438 831 obliviscimini
1458 770 1648 837 Deum,

90 884 103 913 ι
135 864 412 932 nequando
444 864 614 933 rapiat
643 873 696 917 et
724 880 828 918 non
857 866 927 917 sit
950 864 1039 933 qui
1066 863 1277 936 eripiat.
1313 861 1648 923 Sacriﬁcium

89 973 105 1003 ι
142 954 308 1007 laudis
337 953 713 1009 bonorilicabit
757 969 864 1019 me,
897 962 952 1008 et
982 954 1194 1007 illiciter
1224 968 1329 1024 quo
1370 952 1648 1005 ostendam

86 1064 105 1098 ι
134 1046 204 1099 illi
242 1046 475 1101 salutare
506 1045 618 1101 Dei.
654 1064 675 1097 ι

134 1150 139 1155 ’
635 1134 1084 1193 ΕΝΑΠΠΑΤΙΟ.

147 1227 404 1294 Quoniam
447 1242 550 1285 non
589 1226 873 1280 defuerunt
906 1228 957 1280 in
990 1226 1153 1298 priori
1190 1224 1411 1299 populo,
1444 1225 1533 1294 qui
1568 1226 1649 1280 in-

84 1318 372 1391 telligerent
412 1318 734 1371 sacriﬁcium
772 1318 1126 1371 constitutum
1175 1316 1466 1369 secundum
1508 1316 1652 1368 ordi-

84 1424 195 1468 nem
220 1408 421 1473 Aaron,
453 1422 570 1463 esse
602 1409 989 1463 immutandum
1019 1408 1072 1462 iu
1104 1406 1427 1460 sacriﬁcium
1463 1422 1655 1459 secun—

86 1500 197 1553 dum
248 1498 495 1552 ordinent
548 1498 931 1553 Melchisedech
992 1498 1341 1552 constitutum
1395 1515 1407 1548 :
1454 1495 1652 1565 placuit

84 1586 291 1657 Spiritui
326 1598 516 1647 sancto
538 1629 552 1653 ,
597 1589 648 1642 in
678 1604 908 1660 persona
952 1588 1161 1643 illorum
1204 1602 1302 1658 per
1329 1586 1651 1654 Pr0pbctam

87 1677 213 1735 hunc
242 1677 527 1745 praenotari
559 1676 847 1746 psalmum,
878 1686 937 1730 ut
971 1677 1022 1729 in
1062 1678 1161 1731 hoc
1199 1676 1408 1747 psalmo
1440 1674 1653 1743 collige-

86 1777 192 1823 rent
222 1782 404 1825 secum
430 1783 557 1823 suos
587 1780 1064 1838 centcmporaneos
1098 1778 1151 1823 et
1184 1783 1431 1847 posteros
1463 1769 1528 1822 ad
1560 1768 1655 1825 in?

1755 591 1882 643 mihi
1918 591 2213 659 placabilis.
2249 593 2555 649 lncenditur
2598 596 2760 651 homo
2796 605 2957 663 totus,
2994 602 3207 668 quando
3246 602 3327 653 in?

1754 681 1922 735 terior
1950 682 2109 737 homo
2152 682 2427 753 ﬂagrantia
2456 688 2737 742 cliaritatis
2784 688 3052 756 incensus,
3090 693 3330 752 membra

1752 773 1993 841 corporis
2016 780 2085 829 ad
2117 790 2272 828 usum
2303 790 2456 830 suum
2490 778 2567 829 sic
2598 778 2753 845 rapit,
2792 787 2847 831 ut
2877 780 2941 833 ad
2976 779 3157 840 illicita
3190 798 3327 835 nun?

1752 876 1913 928 quam
1960 871 2266 933 resurgant.
2301 864 2409 917 Nec
2436 866 2682 934 accipiam
2719 868 2782 919 de
2812 868 2965 922 domo
3005 880 3095 922 tua
3124 872 3328 931 vitulos,

1751 950 1914 1022 Quasi
1954 971 1965 1006 :
2007 953 2146 1008 Ecce
2192 955 2456 1009 sacriﬁcia
2499 956 2563 1011 de
2601 958 2794 1025 quibus
2836 975 2939 1012 non
2984 976 3201 1028 arguam
3244 971 3330 1028 te,

1751 1058 1876 1096 nam
1910 1044 2093 1100 vitulos
2129 1045 2192 1099 de
2226 1046 2380 1101 domo
2425 1057 2533 1112 tua,
2565 1057 2610 1102 et
2642 1050 2813 1102 hircos
2854 1050 2917 1104 de
2952 1052 3190 1123 gregibus
3228 1068 3331 1105 non

1752 1132 2023 1203 requiram
2054 1150 2095 1189 .a
2130 1143 2218 1200 te;
2258 1138 2509 1211 quoniam
2544 1140 2587 1192 si
2626 1139 2812 1193 vellem
2865 1141 3013 1208 talia,
3050 1159 3078 1196 a
3126 1152 3182 1197 te
3228 1160 3330 1197 nOn

1754 1226 2111 1294 requirerem,
2153 1244 2275 1283 cum
2320 1244 2447 1283 metr
2474 1230 2585 1283 sint
2624 1246 2797 1291 omnes
2834 1231 3254 1299 ferwsilvarum,
3287 1246 3333 1287 et

1742 1314 1985 1385 jumenta
2029 1316 2083 1369 in
2124 1318 2383 1371 montibus
2413 1328 2460 1371 et
2497 1317 2665 1371 boves.
2708 1320 2774 1381 Et
2821 1321 3033 1383 ne'jstis
3072 1324 3293 1376 remotis
3318 1365 3332 1385 ,

1754 1406 1946 1475 aliquis
1984 1406 2146 1460 vellet
2188 1407 2287 1462 sibi
2319 1406 2512 1463 olferre
2546 1409 2785 1463 volatilia
2835 1419 2887 1466 et
2935 1411 3138 1467 fructus
3186 1415 3334 1489 agri,

1753 1506 1993 1552 removet
2022 1506 2077 1552 et
2101 1498 2224 1563 ista,
2250 1499 2327 1553 sic
2356 1518 2368 1552 :
2400 1499 2626 1569 Cognovi
2660 1502 2833 1563 omnia
2864 1501 3093 1563 volatilia
3123 1504 3254 1567 coeli,
3288 1517 3336 1558 et

1751 1587 2081 1656 pulchritudo
2115 1591 2230 1659 agri
2258 1606 2458 1652 mecum
2481 1600 2555 1645 est
2567 1609 2590 1658 ,'
2625 1603 2679 1645 et
2706 1592 2823 1647 ideo
2851 1593 2929 1647 :si
2955 1596 3205 1660 esuriem,
3235 1613 3337 1658 nou

1752 1679 1923 1735 dcam
1949 1679 2062 1745 tibi,
2086 1682 2210 1751 quia
2237 1698 2381 1735 meus
2402 1693 2474 1736 est
2503 1684 2641 1742 orbis
2666 1693 2823 1738 terra'
2840 1695 2891 1741 (et
2911 1685 3175 1754 plenitudo
3199 1688 3334 1757 ejus.

1756 1767 1861 1822 Sed
1894 1770 2125 1840 nunquid
2168 1773 2495 1827 manducabo
2537 1791 2719 1829 carnes
2747 1786 3042 1842 taurorum,
3088 1789 3177 1832 aut
3209 1796 3338 1832 san.

87 1857 415 1927 telligendum
442 1859 583 1935 quod
609 1860 841 1914 carnalis
870 1859 1211 1915 obsorvantia
1241 1861 1291 1914 in
1324 1860 1654 1933 spiritualem
1691 1856 1730 1914 Β
1758 1860 1967 1929 guinem
2008 1863 2271 1916 hircorum
2314 1866 2543 1941 potabo?
2580 1865 2696 1921 Non
2726 1886 2737 1920 :
2771 1868 2983 1923 immola
3015 1869 3134 1932 ,Deo
3174 1873 3340 1926 sacri.-

88 1951 401 2009 intellectum
431 1962 572 2013 esset
617 1952 984 2017 immutanda,
1017 1963 1069 2006 ct
1099 1953 1239 2028 quod
1270 1952 1383 2007 bace
1432 1952 1655 2005 mutatio

87 2050 213 2096 esset
260 2042 444 2097 futura
493 2059 591 2114 per
648 2044 821 2113 ipsum
876 2045 1161 2103 Dominum
1220 2053 1483 2102 nostrum.
1544 2044 1655 2100 Hoc

88 2136 230 2191 etiam
257 2136 343 2192 hic
372 2147 609 2203 nomtur,
636 2154 703 2192 ne
728 2136 925 2195 Judaeis
956 2138 1088 2193 mira
1118 2138 1362 2191 videatur
1388 2136 1519 2206 legis
1544 2153 1655 2191 suae

88 2230 360 2285 destruetio
396 2248 408 2284 :
441 2232 566 2301 quia
607 2231 720 2303 ipse
748 2232 1006 2290 Dominus
1040 2230 1216 2296 venit,
1250 2239 1306 2284 et
1348 2244 1539 2285 novam
1570 2239 1651 2286 at—

90 2322 207 2379 tulit.
245 2323 384 2382 Dicit
410 2334 586 2380 autem
617 2325 697 2379 sic
722 2324 902 2393 Asapb
930 2342 942 2378 :

146 2412 277 2468 Deus
307 2414 527 2469 deorum
558 2414 813 2469 Dominus
851 2416 1055 2471 locutus
1087 2424 1185 2480 est,
1220 2415 1275 2470 id
1309 2424 1422 2479 est,
1458 2415 1595 2468 Deus
1624 2429 1654 2477 a

89 2518 181 2577 quo
205 2518 394 2560 omnes
420 2507 512 2576 qui
544 2507 615 2559 dii
645 2517 791 2571 sunt,
819 2508 1049 2561 deilicati
1076 2514 1216 2570 sunt,
1245 2522 1349 2559 non
1376 2522 1439 2559 ex
1463 2520 1653 2579 super-

90 2592 163 2646 bia
192 2595 377 2665 geniti,
408 2596 499 2649 sed
524 2610 624 2665 per
653 2598 883 2666 gratiam
912 2598 1028 2668 ejus
1053 2596 1356 2672 jusliliCati,
1392 2604 1446 2656 et
1472 2596 1555 2651 sic
1581 2594 1650 2647 dii

89 2680 201 2741 iacti
228 2703 241 2737 :
272 2686 387 2755 ipse
415 2687 557 2751 dico,
587 2687 676 2759 qui
720 2689 873 2765 nobis
904 2705 998 2757 per
1034 2687 1247 2767 Moysen
1288 2686 1456 2755 legem
1486 2686 1655 2752 dedit,

94 2775 168 2843 qui
202 2776 248 2828 in
276 2778 551 2844 prioribus
595 2779 922 2847 temporibus
945 2794 1044 2851 per
1086 2793 1271 2836 servos
1309 2778 1523 2832 locutus
1551 2786 1653 2838 est,

90 2865 190 2935 ipse
233 2884 375 2924 nunc
400 2869 616 2927 loeutus
642 2881 726 2926 est
766 2871 917 2929 nobis
941 2912 955 2934 ,
1002 2887 1106 2929 non
1134 2886 1233 2943 per
1280 2869 1524 2939 angelum
1572 2869 1654 2922 vel

92 2976 175 3027 per
209 2964 549 3036 prophetam,
593 2965 686 3018 sed
726 2981 827 3033 per
872 2965 1106 3032 seipsum
1139 2962 1325 3035 (Hebr.
1364 2963 1467 3033 it);
1516 2963 1657 3016 unde

94 3050 243 3107 illud:
274 3053 410 3107 Ecce
437 3071 530 3126 ego
570 3057 658 3124 qui
697 3055 964 3132 loquebar,
1014 3056 1123 3123 ipse
1154 3055 1339 3107 adsum
1366 3052 1498 3133 (Isa.
1534 3053 1651 3124 ιιι).

95 3141 151 3203 Et
176 3146 440 3216 loquendo
470 3147 596 3216 quid
633 3148 829 3219 elegit?
870 3148 1064 3201 rocavit
1099 3158 1290 3200 terram
1322 3164 1353 3199 a
1384 3146 1507 3201 solis
1537 3158 1652 3199 ortu

93 3253 233 3299 usque
263 3239 327 3291 ad
360 3256 636 3302 occasum,
668 3256 771 3299 non
820 3239 991 3294 solum
1036 3237 1292 3300 Africam,
1338 3248 1395 3291 ut
1436 3239 1652 3306 quidam

92 3327 274 3398 dicunt,
308 3331 526 3393 vocavit,
564 3332 656 3393 sed
683 3339 893 3389 tantam
934 3331 1161 3393 vocavit,
1199 3339 1454 3399 quantam
1489 3328 1654 3384 fabri-

90 3419 237 3472 cavit.
263 3421 315 3473 ln
338 3422 445 3481 bac
471 3430 647 3477 tamen
673 3423 951 3483 vocatione
977 3437 1080 3477 non
1106 3422 1376 3493 separavit
1398 3421 1652 3481 Africam.

94 3506 312 3565 Gaudeat
348 3524 481 3582 ergo
516 3509 696 3564 Africa
732 3510 801 3564 de
842 3510 1078 3575 unitate,
1126 3520 1230 3566 nbn
1279 3511 1553 3587 superbiat
1593 3511 1659 3575 de

98 3600 351 3655 divisione.
390 3599 475 3655 Ea:
500 3599 627 3655 Sion
660 3601 851 3671 species
880 3601 1078 3654 decoris
1108 3600 1239 3675 ejus.
1284 3600 1445 3675 Quasi
1476 3601 1655 3659 dicat:

96 3685 227 3745 Licet
270 3697 412 3743 terra
450 3688 522 3743 ab
559 3699 678 3743 ortu
710 3689 839 3746 solis
878 3704 1045 3767 usque
1072 3690 1136 3743 ad
1184 3704 1434 3747 occasum
1472 3699 1659 3747 vocata

96 3776 177 3840 sit,
211 3789 385 3839 tamen
420 3782 610 3848 species
641 3782 843 3842 decoris
866 3781 1005 3849 ejus,
1039 3782 1091 3836 id
1127 3791 1227 3845 est,
1259 3783 1349 3851 qui
1382 3782 1660 3852 Evangelii

94 3865 196 3933 ejus
220 3870 559 3937 pulchritudo
584 3870 856 3937 dicuntur,
889 3870 1101 3927 venient
1127 3885 1193 3924 ex
1224 3870 1372 3935 Sion,
1402 3871 1453 3924 id
1482 3881 1567 3925 est
1594 3887 1658 3927 ex

96 3958 305 4024 iudicis,
354 3961 484 4033 quia
525 3961 784 4029 apostoli,
820 3960 911 4031 qui
944 3961 1148 4031 species
1192 3961 1443 4021 dicuntur
1486 3961 1666 4023 Evan-

100 4052 224 4119 gelii,
266 4055 552 4109 reddentes
589 4056 760 4124 ipsum
797 4055 1144 4125 Evangelium
1175 4056 1294 4110 aliis
1337 4058 1660 4129 speciosum,

102 4158 158 4193 ex
178 4142 370 4199 Jndmis
400 4145 511 4198 nati
540 4154 680 4199 sunt.
712 4145 805 4199 Vel
836 4147 913 4201 sic
941 4163 953 4199 :
988 4145 1029 4201 Α
1058 4146 1181 4200 solis
1216 4157 1356 4212 ortu,
1388 4148 1438 4201 id
1460 4157 1567 4213 est,
1599 4150 1666 4213 ab

100 4233 192 4287 illis
214 4235 261 4287 in
284 4236 482 4315 quibus
508 4237 686 4307 aliquo
727 4239 885 4293 modo
908 4254 1001 4308 per
1030 4241 1390 4311 cognitionem
1423 4242 1556 4311 legis
1588 4242 1665 4296 sol

104 4338 243 4378 verus
278 4327 626 4402 rcsplenduit,
661 4328 933 4405 usquead
970 4329 1087 4385 illos
1130 4331 1185 4387 in
1217 4331 1411 4401 quibus
1454 4333 1669 4400 penitus

106 4417 279 4475 cecidit
311 4419 411 4475 sol.
456 4418 665 4477 Vocavit
697 4430 918 4485 terram,
951 4421 1043 4475 sed
1073 4429 1249 4475 tamen
1293 4438 1356 4474 ex
1396 4420 1523 4475 Sion
1546 4439 1668 4490 pro-

103 4508 249 4561 cessit
264 4511 629 4579 priusspccies
650 4510 851 4564 decoris
874 4511 1017 4582 ejus;
1047 4513 1188 4570 unde
1208 4512 1333 4576 illud
1361 4532 1373 4565 :
1402 4513 1669 4582 Couﬁrma

106 4595 206 4659 hoc,
238 4598 394 4664 Deus,
426 4601 564 4669 quod
589 4610 831 4669 operatus
854 4619 906 4655 es
937 4602 990 4655 in
1018 4604 1181 4667 nobis,
1209 4621 1239 4655 a
1279 4604 1465 4677 templo
1493 4618 1671 4660 sancto

107 4693 186 4744 tuo
210 4688 341 4757 quod
368 4700 442 4743 est
469 4690 524 4742 in
543 4689 838 4748 Jerusalem
867 4689 1036 4762 (l’sal.
1062 4694 1251 4762 van).
1291 4692 1430 4749 Deus
1455 4695 1671 4759 deorum

113 4774 345 4835 Dominus
388 4782 611 4849 locutus,
642 4784 839 4839 uocauit
879 4794 1094 4849 terram,
1129 4786 1311 4841 dicens
1341 4804 1352 4837 :
1388 4787 1545 4850 Audi,
1574 4804 1670 4855 po-

114 4870 248 4935 pulus
274 4889 449 4938 meus,
492 4875 965 4946 et-l0.quar1srael,
997 4878 1122 4949 quia
1152 4878 1194 4931 si
1227 4894 1332 4931 non
1358 4880 1529 4943 audis,
1571 4880 1673 4940 etsi

109 4959 302 5030 loquar,
335 4966 428 5020 tibi
457 4982 560 5020 non
599 4967 808 5037 loquar,
837 4979 882 5023 et
927 4969 1241 5037 testiﬁcabor
1266 4970 1381 5034 tibi,
1415 4971 1554 5040 quod
1584 4988 1676 5039 ego

114 5049 238 5106 Deus
264 5054 534 5113 Abraham
559 5066 612 5111 et
633 5058 812 5121 lsaac,
856 5057 995 5113 Deus
1026 5071 1144 5115 tuus
1178 5077 1313 5123 sum,
1342 5062 1386 5115 si
1419 5062 1595 5124 audis.
1622 5069 1677 5115 et

116 5142 153 5193 si
182 5159 278 5199 non
305 5147 477 5212 audis,
522 5165 619 5219 ego
640 5149 791 5207 ,bono
818 5166 938 5204 meo
967 5150 1107 5206 Deus
1144 5168 1286 5214 sum,
1314 5152 1455 5207 malo
1496 5161 1675 5213 autem

112 5240 200 5289 tuo
231 5235 367 5291 Deus
393 5248 514 5292 tuus
556 5256 657 5292 It0n
695 5256 841 5288 siam.
893 5240 1006 5280 Nnn
1037 5244 1090 5280 ευ

1133 5242 1404 5278 curri-£1041:-
1443 5246 1541 5278 lu;-
1584 5261 1659 5278 nr,

1759 1950 1937 2019 ﬁcium
1966 1951 2161 2007 laudis.
2200 1954 2277 2009 Ne
2317 1956 2415 2025 ipsi
2461 1958 2654 2029 quibus
2679 1961 3038 2025 contradixit,
3084 1962 3338 2034 deinceps

1757 2042 1955 2096 vellent
1980 2044 2133 2097 vacui
2164 2060 2423 2117 apparere
2453 2048 2505 2107 in
2533 2058 2819 2123 conspectu
2849 2066 2966 2115 suo,
2993 2053 3236 2113 ostendet
3260 2056 3339 2113 eis

1757 2132 2082 2188 sacriﬁcium
2124 2152 2229 2205 quo
2260 2137 2375 2205 ipse
2410 2138 2676 2209 placatur,
2726 2140 2806 2199 sic
2840 2160 2850 2193 :
2882 2140 3107 2200 Immola
3145 2144 3270 2205 Deo,
3307 2165 3337 2201 a

1757 2236 1863 2291 quo
1908 2224 2072 2279 babes
2103 2228 2360 2305 quidquid
2398 2230 2525 2287 boni
2558 2232 2748 2296 babes,
2794 2235 3110 2302 sacri/icium
3142 2236 3336 2302 laudis,

1756 2313 1895 2374 bona
1925 2331 2088 2384 opera
2119 2326 2227 2383 tua,
2260 2320 2529 2386 videlicet,
2559 2331 2614 2375 ut
2642 2324 2743 2377 hoc
2769 2324 3012 2382 videntes
3048 2326 3135 2379 alii
3175 2327 3337 2396 glori-

1756 2404 1909 2471 ﬁcent
1940 2405 2154 2460 Patrem
2190 2420 2415 2470 vestrum
2442 2412 2530 2479 qui
2562 2412 2612 2464 in
2649 2412 2788 2468 cwlis
2820 2424 2891 2467 est
2924 2413 3137 2483 (Matth.
3165 2419 3217 2489 ν)
3254 2435 3266 2470 :
3292 2429 3341 2481 et

1760 2495 1913 2551 redde
1933 2495 2201 2553 Altissimo
2218 2509 2331 2552 vota
2355 2510 2466 2563 tua,
2515 2502 2743 2571 teipsum
2768 2502 3034 2562 Videlicet.
3051 2504 3187 2567 Nam
3207 2508 3327 2574 quis

1758 2583 1879 2651 quis
1902 2584 2038 2643 bene
2074 2588 2275 2660 cogitat
2302 2590 2430 2664 quid
2460 2592 2759 2644 vovendum
2806 2592 2876 2646 sit
2906 2593 3034 2661 Deo,
3071 2595 3199 2648 nihil
3235 2596 3342 2653 Deo

1758 2678 2139 2749 acceptabilius
2154 2689 2333 2749 potest
2356 2682 2618 2746 invenire,
2637 2700 2796 2753 quam
2820 2695 2876 2745 ut
2896 2687 3130 2754 seipsum
3152 2701 3344 2751 voveat

1757 2779 1810 2821 et
1830 2770 2037 2822 reddat.
2070 2770 2137 2824 Et
2165 2772 2345 2826 invoca
2372 2790 2450 2826 me
2478 2774 2531 2826 in
2558 2774 2642 2835 die
2669 2758 3040 2832 tribulationis.
3075 2778 3236 2844 Quasi
3266 2782 3345 2833 di-

1758 2868 1889 2911 cat:
1930 2858 2045 2913 Hoc
2075 2860 2251 2924 fructu
2297 2862 2419 2917 dico
2459 2872 2515 2923 ut
2555 2865 2686 2917 mihi
2733 2866 2979 2920 immoles
3016 2851 3343 2932 sacriﬁcium

1758 2952 1953 3017 laudis,
1996 2955 2119 3023 quia
2170 2956 2214 3015 si
2258 2955 2639 3020 innno‘lavcris,
2684 2967 2739 3011 et
2785 2968 2964 3027 postea
3007 2961 3345 3021 invocaveris

1758 3060 1845 3098 me
1877 3045 1928 3103 in
1958 3045 2043 3099 die
2075 3046 2456 3111 tribulationis,
2502 3062 2600 3115 ego
2627 3063 2806 3099 eruum
2851 3059 2899 3100 te
2935 3050 3001 3109 ab
3034 3050 3142 3118 ipsa
3178 3050 3348 3103 tribu.-

1758 3137 1983 3200 latione,
2006 3147 2053 3191 et
2083 3137 2453 3213 Iiouoriﬁcabis
2481 3155 2579 3199 me,
2612 3140 2742 3193 nihil
2762 3142 3149 3217 praesumendo
3180 3144 3242 3196 de
3271 3153 3342 3225 ιε.

1760 3229 2033 3283 Peccatori
2071 3240 2244 3283 autem
2274 3232 2403 3283 dixit
2435 3230 2574 3293 Deus
2598 3248 2617 3291 q:
2651 3230 2827 3305 Quare
2858 3242 2914 3284 tu
2939 3249 3153 3291 enarras
3179 3234 3345 3303 justi—

1758 3320 1856 3377 tias
1892 3318 2081 3371 meas?
2119 3318 2281 3384 Quasi
2332 3319 2477 3373 dicat
2520 3338 2532 3373 :
2577 3320 2667 3374 Sic
2712 3321 2920 3379 locutus
2959 3332 3042 3376 est
3090 3324 3349 3383 Dominus

1756 3408 1952 3477 populo
1974 3424 2090 3471 suo,
2119 3425 2223 3462 non
2251 3424 2349 3464 suo
2374 3420 2575 3473 autem,
2610 3411 2861 3465 videlicet
2890 3414 3169 3479 peccatori,
3201 3414 3338 3466 dixit

1762 3502 1947 3561 Deus:
1979 3500 2155 3577 Quare
2195 3512 2250 3555 tu
2292 3519 2508 3563 euarras
2540 3503 2777 3578 justitias
2828 3519 2989 3567 meas,
3031 3514 3077 3557 et
3121 3518 3345 3567 assumis

1760 3604 2122 3654 testamentum
2144 3611 2313 3648 meum
2328 3612 2423 3665 per
2450 3596 2864 3659 os_tuum?Cum
2897 3614 2997 3651 non
3025 3598 3094 3651 sit
3114 3600 3349 3667 speciosa

1761 3682 1877 3737 laus
1910 3685 1964 3737 in
1987 3700 2081 3737 ore
2106 3668 2391 3754 peccatoris
2422 3685 2610 3756 (Eccli.
2635 3690 2747 3756 xv),
2778 3687 2866 3755 qui
2893 3686 2980 3741 hic
3010 3687 3156 3741 audit
3179 3687 3346 3752 Deum

1761 3776 2221 3831 contradicentem
2248 3780 2517 3847 peccatori
2544 3795 2609 3834 ne
2639 3781 2913 3850 praedicet,
2944 3780 3203 3849 intelligat
3226 3797 3349 3835 eum

1758 3866 1888 3923 alibi
1921 3868 2187 3922 dicentem
2230 3886 2244 3926 :
2281 3870 2406 3936 Qure
2436 3871 2649 3933 dicunt,
2694 3870 2857 3925 facile
2896 3889 2911 3925 :
2951 3886 3068 3939 qua:
3111 3871 3352 3949 facium],
3400 3936 3409 3943 _

1765 3957 1928 4012 nolite
1965 3958 2141 4013 facere
2172 3959 2384 4029 (Matth.
2420 3964 2601 4034 χχιιι).
2630 3962 2894 4034 lntelligat
2922 3972 2977 4016 et
3013 3962 3237 4016 Paulum
3266 3963 3355 4015 di-

1764 4056 2007 4103 centem:
2039 4048 2160 4111 Sive
2188 4051 2430 4117 veritate,
2456 4053 2561 4113 sive
2576 4054 2860 4115 occasione
2877 4052 3116 4113 Christus
3147 4071 3351 4106 animu-

1768 4142 1924 4197 tjetur
1954 4137 2175 4211 (Philip.
2208 4141 2269 4213 ι),
2301 4151 2358 4205 et
2380 4152 2592 4203 caetera.
2624 4144 2728 4199 Sed
2769 4145 2882 4201 haec
2907 4145 3049 4203 dicta
3089 4154 3248 4207 sunt,
3283 4162 3350 4198 ne

1771 4231 1995 4290 timeant
2032 4234 2123 4303 qui
2151 4234 2395 4300 audiunt,
2426 4249 2496 4294 ne
2527 4236 2631 4289 vile
2670 4237 2742 4298 sit
2773 4239 2992 4298 verbum
3022 4237 3115 4290 Dei
3155 4252 3185 4289 a
3226 4250 3364 4304 quo-

1769 4336 1980 4390 cunque
2007 4322 2254 4383 audiunt.
2277 4324 2557 4388 Peccatori
2583 4337 2760 4380 autem
2786 4327 3123 4386 interdicitur
3146 4340 3212 4380 ne
3234 4342 3363 4394 pne-

1771 4410 1933 4476 dicet,
1957 4413 2117 4471 utsic
2143 4427 2247 4466 non
2277 4414 2385 4467 sint
2412 4416 2588 4469 securi
2626 4416 2715 4492 qui
2753 4417 2890 4476 bona
2916 4416 3103 4477 dicunt
3132 4426 3186 4469 et
3218 4402 3362 4468 mala

1777 4500 1996 4556 iaciunt.
2024 4500 2155 4556 Nam
2183 4512 2308 4564 sunt
2334 4505 2424 4573 qui
2453 4504 2640 4558 dicunt
2674 4520 2687 4557 :
2720 4505 2835 4557 Non
2852 4506 3048 4582 perdet
3068 4518 3170 4567 nos
3192 4504 3358 4564 Deus,

1776 4608 1871 4661 per
1897 4608 2126 4661 quorum
2166 4609 2228 4648 os
2274 4601 2420 4647 tanta
2465 4595 2603 4649 bona
2652 4595 2819 4648 voluit
2864 4595 2968 4649 dici
3000 4593 3192 4663 populo
3235 4608 3358 4654 suo,

1777 4666 1911 4750 quos
1935 4683 2074 4739 tales
2096 4684 2271 4753 arguit
2298 4684 2579 4749 Dominus,
2608 4686 2690 4739 sic
2714 4700 2725 4737 :
2767 4683 2941 4757 Quare
2966 4701 3181 4738 enarras
3201 4684 3363 4751 justi-

1777 4773 1878 4826 tias
1900 4789 2063 4837 meas,
2092 4783 2139 4826 et
2167 4775 2389 4826 assumis
2418 4784 2776 4828 testamentum
2800 4790 2970 4835 meum
2994 4791 3086 4845 per
3106 4792 3161 4826 os
3183 4773 3370 4824 tuum?

1782 4864 1859 4918 Tu
1885 4881 2001 4917 vero
2032 4865 2187 4917 odisti
2226 4865 2578 4933 disciplinam.
2618 4867 2780 4933 Quasi
2828 4867 3006 4928 dicat:
3051 4864 3168 4919 Non
3206 4864 3369 4916 debes

1781 4970 2057 5011 assumere
2096 4965 2477 5016 testamentum
2516 4940 2700 5017 meum
2726 4972 2825 5033 per
2847 4972 2907 5011 os
2931 4966 3085 5011 tuum
3106 4999 3120 5021 ,
3161 4955 3284 5023 quia
3314 4964 3369 5003 tu

1781 5046 1938 5103 odisti
1958 5046 2309 5116 disciplinam,
2337 5048 2387 5101 id
2412 5057 2517 5111 est,
2537 5048 2894 5109 eruditionem
2920 5056 3223 5119 paternam,
3243 5040 3370 5108 quia

1782 5137 2192 5209 quandoparco,
2210 5148 2396 5199 cantas
2417 5144 2470 5192 et
2501 5138 2716 5201 laudas:
2742 5136 2958 5203 quando
2978 5135 3203 5201 castigo,
3231 5143 3373 5181 mur-

1788 5246 1986 5274 lllllras,
2019 5230 2169 5274 (Iliaci
2203 5246 2341 5270 nnnn
2368 5239 2572 5270 [mulum
2605 5245 2777 5268 accmn
2806 5229 2946 5266 “tum
2969 5242 3088 5266 mtm
3115 5234 3278 5264 nnl‘t‘n
3320 5227 3375 5260 at
