3918 6416
533 420 636 480 395

1157 421 1412 478 REMIGII
1449 415 2100 476 ANTISSIODOHENSIS
2143 412 2292 471 ΟΡΡ.
2334 412 2514 471 PARS
2554 410 2589 468 I.
2629 444 2696 455 —
2733 408 3137 470 EXIiGETlCA.

3673 405 3771 472 306

532 549 680 594 suam
709 541 954 607 ponebas,
1001 535 1382 592 consentiendo
1431 537 1621 592 iterum
1680 535 1780 596 eis,
1827 542 1880 588 et
1903 539 2098 602 pra3ter
2127 532 2171 591 A
2202 531 2255 584 in
2286 531 2416 600 ipsis
2437 528 2686 599 populum
2711 545 2862 583 suum
2891 543 2919 582 a
2952 528 3144 598 populo
3169 540 3272 580 non
3301 537 3417 581 suo.
3449 523 3515 580 Et
3539 529 3660 596 quia
3686 547 3773 587 vos

533 640 634 686 Ista
662 637 907 700 peccata,
940 644 996 682 os
1032 638 1177 680 tuum
1221 628 1502 682 abundavit
1547 627 1772 689 malitia,
1815 625 1867 681 id
1896 632 1980 678 est
2007 622 2099 677 de-

533 721 801 774 tractione
841 717 1093 788 proximi,
1146 729 1192 770 et
1228 716 1406 787 lingua
1447 727 1536 771 tua
1564 713 2096 778 concinnabatdolos,

533 811 586 865 id
627 818 731 876 est,
757 810 963 865 ornatis
989 807 1169 863 verbis
1197 807 1420 878 protulit
1443 807 1591 862 dolos
1615 821 1739 878 erga
1766 806 2094 876 proximum.

533 901 601 954 Et
637 897 938 967 quomodo?
971 897 1105 964 Quia
1132 897 1346 960 sedens,
1386 897 1436 950 id
1469 907 1573 960 est,
1605 897 1920 951 immoratus
1943 911 2001 950 es
2045 897 2098 950 in

533 989 918 1044 deliberatione
969 987 1082 1054 illa,
1144 988 1286 1058 quod
1341 997 1560 1042 notatur
1606 989 1918 1058 persedens.
1966 987 2097 1044 Nam

531 1080 620 1147 qui
647 1088 796 1136 stans
820 1078 903 1133 vel
933 1078 1200 1133 transiens
1225 1078 1355 1134 facit
1384 1078 1606 1148 aliquid,
1635 1095 1739 1135 non
1767 1079 1982 1133 videtur
2003 1079 2098 1133 ad-

533 1169 716 1223 hibere
763 1167 1087 1224 voluntatem
1137 1167 1299 1234 facto,
1352 1170 1442 1240 qui
1501 1179 1678 1223 autem
1708 1156 1891 1233 sedet,
1929 1169 2097 1224 otium

528 1261 723 1329 quatrit
773 1269 833 1314 ut
880 1259 1061 1315 faciat.
1099 1259 1249 1328 Quod
1295 1261 1383 1315 hic
1419 1260 1588 1314 dicit:
1629 1259 1827 1315 Sedens
1853 1261 2100 1316 adversus

525 1350 741 1416 fratrem
763 1358 908 1402 tuum
935 1348 1246 1419 loquebaris,
1296 1349 1624 1404 detrahendo
1671 1350 1773 1405 sibi
1807 1358 1861 1404 et
1902 1351 1978 1405 sic
2012 1352 2102 1403 ad-

524 1455 698 1493 versus
724 1440 891 1508 ﬁlium
914 1440 1096 1494 matris
1123 1450 1228 1494 tua:
1254 1440 1479 1510 ponebas
1527 1439 1854 1495 scandalum.
1883 1440 2102 1496 Fratres

525 1531 781 1587 dicuntur
825 1529 1173 1602 perfectiores
1208 1533 1258 1586 in
1293 1531 1416 1596 ﬁde,
1441 1534 1531 1601 qui
1571 1537 1695 1586 sunt
1740 1530 1832 1585 ﬁlii
1863 1540 2096 1602 patrum,

521 1621 730 1678 habiles
772 1623 942 1679 solido
984 1623 1105 1677 cibo
1151 1623 1319 1686 reﬁci,
1368 1622 1562 1692 quibus
1599 1637 1720 1677 cum
1775 1621 2094 1686 detrahitur,

523 1714 962 1768 scandalizantur
988 1713 1083 1768 ﬁlii
1132 1714 1338 1776 matris,
1367 1713 1456 1782 qui
1483 1713 1657 1768 adhuc
1684 1711 1838 1782 quasi
1881 1711 2018 1766 lacte
2044 1721 2100 1767 et

522 1818 627 1857 non
654 1803 825 1858 solido
853 1803 974 1858 cibo
1003 1803 1334 1857 nutriuntur.
1368 1801 1502 1858 Nam
1537 1817 1658 1857 cum
1706 1817 1737 1856 a
1771 1802 2094 1871 quibusdam

2202 622 2322 678 εαξη
2354 619 2574 676 vocandi
2613 621 2742 675 estis
2768 621 2835 674 ad
2874 621 2974 674 hoc
3003 629 3060 673 ut
3081 619 3352 688 judicctis,
3390 627 3444 673 et
3485 621 3625 673 nunc
3652 639 3771 676 con-

2199 721 2404 782 gregate
2449 711 2528 763 illi
2569 720 2775 764 sanrtos
2815 709 2958 779 ejus,
3007 710 3094 780 qui
3133 710 3378 764 ordinant
3420 720 3773 766 testamentum

2199 802 2312 870 ejus
2364 817 2518 871 super
2551 799 2848 868 sacriﬁcia,
2892 800 2942 854 id
2978 809 3086 864 est,
3120 801 3210 869 qui
3244 801 3628 872 promissioncs
3664 803 3774 870 ejus

2201 891 2472 962 digniores
2513 888 2718 945 faciunt
2756 890 3037 946 sacriﬁciis
3081 884 3213 956 suis,
3259 892 3632 968 existimantes
3675 910 3773 949 non

2201 995 2320 1036 esse
2346 981 2639 1051 condignas
2666 982 2943 1050 passiones
2972 980 3128 1050 hujus
3167 983 3419 1052 temporis
3449 986 3515 1038 ad
3547 984 3772 1038 futuram

2203 1072 2425 1144 gloriam
2464 1072 2641 1141 (Rom.
2672 1074 2816 1140 vin),
2851 1073 2933 1128 vel
2976 1075 3064 1144 qui
3111 1075 3359 1129 ordinant
3400 1083 3774 1132 testamenttun

2204 1163 2320 1233 ejus
2367 1179 2528 1234 super
2575 1164 2862 1228 sacriﬁcia,
2906 1164 2956 1218 id
2985 1173 3083 1227 est,
3117 1165 3207 1234 qui
3253 1174 3459 1235 ponunt
3499 1164 3618 1234 ejus
3662 1181 3776 1236 pro-

2204 1254 2484 1309 tnissiones
2511 1270 2671 1324 super
2707 1256 2844 1310 bona
2877 1270 3040 1325 opera
3072 1270 3192 1320 sua,
3222 1255 3290 1309 de
3312 1256 3508 1310 virtute
3539 1257 3591 1310 in
3620 1258 3778 1310 virtu-

2201 1354 2307 1398 tem
2344 1353 2534 1399 ettntes
2570 1342 2741 1415 (Psal.
2771 1346 3022 1416 Lxxxm),
3053 1355 3100 1399 et
3145 1346 3298 1401 vobis
3331 1348 3778 1416 congregantibus

2201 1437 2582 1490 annuntiabunt
2632 1436 2744 1490 (teli
2791 1437 3057 1506 justitiam
3105 1437 3246 1508 ejus,
3304 1438 3443 1493 banc
3496 1439 3775 1502 videlicet,

2198 1527 2447 1598 quoniam
2489 1527 2630 1584 Deus
2676 1528 2841 1596 iudex
2881 1537 2978 1593 est,
3015 1537 3069 1583 et
3109 1530 3337 1584 reddens
3376 1530 3667 1599 unicuique
3700 1544 3779 1586 se-

2200 1619 2433 1672 cundum
2470 1631 2633 1686 opera
2663 1631 2786 1671 sua.
2812 1615 2905 1671 Vel
2942 1617 3020 1671 sic
3055 1617 3320 1673 advocavit
3360 1629 3563 1673 terram
3594 1620 3778 1674 discer-

2201 1723 2319 1760 nere
2344 1707 2592 1777 populunt
2631 1723 2807 1772 suum,
2850 1717 2906 1762 et
2946 1707 3086 1761 bene
3115 1715 3312 1776 potest,
3352 1711 3603 1778 quoniam
3645 1709 3776 1764 Deus

2193 1800 2360 1870 judex
2388 1811 2488 1865 est,
2512 1800 2692 1854 omnia
2727 1799 2781 1872 in
2811 1799 3035 1854 veritate
3061 1798 3390 1854 discernens.
3439 1797 3503 1853 Et
3538 1801 3774 1869 quamle-

519 1893 719 1949 Paulus
771 1894 1170 1960 detrahebatur,
1215 1894 1514 1949 dicentibus
1545 1910 1560 1949 :
1615 1891 1868 1962 Epistolte
1889 1892 2096 1963 quidem
2127 1889 2172 1950 Β
2200 1890 2415 1962 quidem
2454 1889 2593 1944 Deus
2627 1871 2868 1944 occultus
2898 1889 2952 1943 in
2988 1889 3164 1958 primo
3193 1889 3422 1944 adventu
3453 1891 3642 1954 veniet,
3675 1906 3777 1942 ma-

517 2001 702 2055 graves
734 1981 854 2039 sunt
877 1994 927 2039 et
969 1985 1150 2054 fortes,
1181 1987 1457 2052 praesentia
1488 1994 1662 2038 autem
1687 1985 1919 2054 corporis
1947 1983 2096 2053 inﬁr-

517 2093 626 2142 ma,
657 2087 705 2132 et
735 2092 902 2131 sermo
946 2077 1347 2145 contemptibilis
1374 2075 1456 2147 (ll
1488 2073 1610 2130 Cor.
1654 2075 1710 2141 ιι)
1741 2093 1752 2127 :
1780 2074 1852 2130 illi
1877 2075 1967 2145 qui
1997 2075 2096 2129 mi-

517 2180 617 2219 nus
645 2163 866 2235 perfecti
907 2173 1063 2219 erant
1113 2163 1166 2218 in
1213 2163 1340 2231 ﬁde,
1389 2163 1916 2220 scandalizabantur.
1966 2161 2096 2241 Haec

519 2259 710 2328 fecisti,
735 2257 983 2313 videlicet
1019 2256 1304 2312 cucurristi
1335 2271 1458 2312 cum
1496 2255 1637 2321 fure,
1669 2255 1972 2324 portionem
1992 2269 2094 2324 po-

519 2351 685 2405 nebas
713 2365 834 2404 cum
869 2349 1132 2415 adultero,
1159 2359 1206 2404 et
1239 2344 1404 2414 tacui,
1437 2361 1469 2402 a
1514 2346 1801 2403 severitate
1831 2360 1972 2408 mea,
1995 2342 2096 2399 dif-

520 2439 742 2496 ferendo
772 2441 1064 2496 vindictam
1116 2450 1175 2496 ut
1210 2441 1420 2496 faceres
1450 2437 1846 2509 paenitentiam,
1877 2444 1932 2492 et
1974 2435 2095 2491 ideo

517 2532 826 2586 existimasti
879 2531 1054 2601 inique
1086 2531 1226 2602 quod
1278 2547 1364 2584 ero
1407 2528 1502 2584 tibi
1540 2527 1747 2582 similis.
1777 2523 2096 2580 dimittendo

517 2623 771 2678 videlicet
817 2631 1099 2693 peccatum
1141 2631 1286 2675 tuum
1344 2620 1679 2690 impunitum.
1731 2626 1784 2670 et
1831 2616 1950 2669 ideo
2003 2631 2091 2668 ar-

516 2730 674 2783 guam
719 2725 767 2767 te
817 2713 882 2768 de
914 2723 1137 2782 peccato
1179 2723 1287 2775 tuo,
1327 2723 1374 2765 et
1415 2723 1644 2764 statuam
1697 2716 1876 2762 contra
1906 2704 2096 2777 faciem

517 2818 687 2870 tuam,
719 2814 777 2862 ut
809 2807 1020 2862 tandem
1063 2805 1141 2862 sic
1171 2817 1464 2877 cognoscas
1514 2800 1736 2858 multum
1769 2815 1890 2856 esse
1909 2814 2097 2870 pecca-

519 2907 636 2951 tum
665 2907 833 2959 tunm,
863 2899 1004 2966 quod
1054 2913 1161 2951 non
1204 2882 1458 2960 facerem,
1492 2894 1536 2949 si
1566 2894 1659 2947 tibi
1690 2893 1915 2948 multum
1943 2890 2096 2959 prius

512 2997 680 3061 esset.
735 2987 869 3042 Nam
934 2989 1020 3041 cui
1084 2987 1307 3040 multum
1349 2993 1433 3039 est
1488 2991 1792 3053 peccatum,
1849 2981 1898 3037 ei
1949 2979 2095 3052 igno-

517 3081 620 3133 scit
663 3079 822 3132 Deus.
871 3077 1025 3133 Uude
1065 3078 1233 3132 illud:
1285 3077 1346 3132 Si
1392 3076 1728 3144 nosmetipsos
1767 3072 2094 3142 dijudicare-

518 3185 654 3232 mus,
680 3185 781 3222 non
805 3169 976 3237 utique
996 3185 1028 3221 a
1048 3166 1156 3221 Deo
1181 3166 1596 3236 dijudicaremur
1615 3163 1665 3233 (ι
1684 3161 1807 3217 Cor.
1826 3161 1926 3233 ιιι).
1956 3159 2096 3216 [Iuc-

2195 1982 2422 2038 nifestus
2450 1982 2503 2036 in
2530 1983 2785 2046 secundo,
2816 1979 3086 2052 intelligite
3113 1982 3225 2037 Iuec
3251 1983 3414 2038 verba
3444 1982 3677 2045 Domini,
3697 1984 3774 2053 qui

2194 2071 2553 2128 obliviscimini
2591 2070 2758 2126 Deum
2785 2070 3052 2127 dicentem
3087 2089 3100 2125 :
3135 2069 3464 2140 Sacriﬁcium
3495 2072 3693 2137 laudis,
3726 2071 3771 2125 id

2192 2171 2299 2226 est,
2327 2176 2493 2231 opera
2522 2161 2660 2217 bona
2689 2177 2793 2216 non
2827 2168 3271 2231 przesumptuose,
3299 2160 3391 2215 sed
3421 2159 3476 2214 in
3505 2159 3664 2214 laude
3691 2160 3774 2214 Dei

2195 2251 2354 2315 facta,
2398 2251 2764 2324 honoriﬁcabit
2810 2269 2910 2319 me,
2955 2261 3003 2308 et
3037 2251 3162 2316 illic.
3196 2251 3246 2308 id
3287 2261 3388 2315 est,
3422 2253 3477 2308 in
3517 2253 3775 2308 sacriﬁcio

2195 2343 2388 2412 laudis,
2416 2359 2499 2401 est
2528 2348 2626 2400 iter
2669 2363 2769 2414 quo
2797 2347 3066 2401 ostendam
3093 2345 3174 2399 illi
3202 2344 3435 2399 salutare
3465 2344 3583 2405 Dei,
3620 2347 3670 2400 id
3697 2357 3772 2399 est

2191 2431 2376 2491 Jesum
2403 2437 2699 2493 Christum.
2733 2436 2829 2492 Vel
2854 2437 3124 2491 ostendam
3148 2435 3229 2489 illi
3253 2435 3486 2491 salutare
3508 2436 3626 2500 Dei,
3657 2437 3772 2507 quia

2193 2526 2411 2600 diligam
2437 2542 2578 2592 eum,
2605 2537 2659 2583 et
2687 2528 3043 2584 manifestabo
3068 2528 3328 2596 meipsnm
3356 2527 3428 2592 ei,
3450 2536 3504 2581 et
3534 2527 3654 2581 ideo
3674 2526 3773 2580 hac

2194 2620 2482 2689 intelligite,
2524 2637 2586 2673 ne
2626 2621 2836 2690 quando
2880 2620 3049 2690 rapiat
3081 2635 3196 2684 vos,
3236 2619 3497 2674 mittendo
3541 2619 3594 2672 in
3630 2628 3769 2674 tene-

2193 2710 2318 2765 bras
2341 2710 2661 2775 exteriores,
2696 2719 2744 2764 et
2787 2726 2888 2764 non
2927 2712 2995 2764 sit
3033 2710 3124 2781 qui
3165 2710 3374 2780 eripiat,
3404 2711 3530 2780 quia
3560 2726 3666 2766 non
3696 2718 3771 2766 est

2188 2799 2449 2870 judicium
2479 2809 2671 2855 contra
2699 2798 3008 2854 Dominum.

2773 2911 3090 2967 PSALMUS
3127 2912 3170 2966 L

2196 3023 2246 3077 lN
2271 3021 2431 3077 FINEI
2463 3020 2696 3062 ΡεΑιιιιιε
2719 3021 2898 3067 ῺΔνΙΙ),
2920 3019 3128 3068 QUANDO
3149 3020 3308 3059 VENIT
3335 3019 3400 3058 AD
3427 3019 3540 3059 EUI
3566 3020 3767 3060 NATHA.‘

2356 3092 2649 3138 PROPIIETA,
2678 3091 2885 3139 QUANDO
2913 3090 3167 3129 INTBAV'IT
3195 3089 3262 3127 AD
3293 3090 3615 3129 BETHSABEB.

2273 3185 2292 3218 ι
2325 3165 2578 3221 Miserere
2609 3167 2713 3221 mei
2751 3166 2915 3232 Deus,
2945 3167 3238 3220 secundum
3282 3181 3530 3237 magnam
3571 3167 3769 3222 miseri-

517 3275 689 3329 nsque
719 3267 1100 3330 praeposteram
1145 3259 1333 3313 ordine
1362 3256 1659 3311 introduxit
1702 3255 1886 3323 Asaph
1941 3252 2094 3308 Chri~
2123 3238 2166 3301 C
2205 3274 2223 3308 ς
2256 3257 2495 3312 cordiam
2526 3267 2692 3310 tuam.
2718 3257 2784 3311 Et
2811 3254 3103 3311 secundum
3133 3255 3530 3311 multitudinem
3559 3258 3771 3312 misera-

511 3362 679 3416 stum,
719 3354 1024 3423 loquentem
1068 3367 1172 3407 non
1216 3349 1524 3415 manifeste,
1555 3349 1650 3404 sed
1671 3347 1884 3402 occulte
1917 3365 1929 3400 :
1968 3346 2095 3416 quia

520 3427 638 3514 ipse
686 3461 807 3500 cum
839 3446 891 3499 in
934 3461 994 3499 se
1041 3453 1186 3500 esset
1218 3441 1669 3506 furtis,inﬁrmns
1711 3441 1762 3494 in
1804 3454 1971 3494 carne
2001 3453 2096 3510 ap-

518 3537 713 3606 paruit.
758 3535 888 3590 Nam
918 3536 1197 3605 oportebat
1220 3550 1342 3589 eum
1372 3532 1561 3595 videri,
1590 3539 1648 3585 ut
1680 3545 1785 3586 non
1829 3530 2095 3600 intellige-

510 3637 667 3683 retur
699 3643 712 3681 :
746 3628 1038 3691 contemni,
1085 3635 1145 3682 ut
1188 3626 1566 3690 occideretur;
1615 3632 1670 3679 et
1721 3624 1799 3678 sic
1844 3622 2094 3678 occultus

511 3701 662 3775 inter
689 3719 903 3775 Judzeos
927 3718 1242 3785 ambulavit,
1269 3719 1406 3772 mira
1435 3717 1659 3783 faciens,
1684 3715 1826 3769 mala
1857 3715 2092 3785 patiens,

509 3811 691 3865 donec
712 3810 764 3864 in
785 3809 934 3880 ligno
960 3810 1398 3879 suspenderetur.
1422 3808 1490 3864 Et
1525 3807 1663 3862 Deus
1691 3816 1886 3874 noster,
1916 3807 2008 3876 qui
2040 3806 2092 3860 in

516 3902 694 3972 primo
737 3906 966 3957 adventu
1009 3903 1087 3958 sic
1126 3902 1372 3958 occultus
1401 3902 1567 3965 venit.
1618 3901 1784 3956 ueniet
1819 3900 2096 3969 manifeste

510 4004 565 4065 et
589 4010 690 4048 non
713 3993 879 4048 silebit
901 3992 1192 4060 judicando
1213 3992 1300 4062 qui
1345 4002 1471 4047 tunc
1495 4006 1601 4046 non
1631 3990 1780 4046 siluit
1807 3990 2091 4052 monendo,

519 4093 576 4140 et
608 4099 712 4138 non
737 4083 913 4138 silebit
935 4083 988 4137 in
1014 4082 1237 4152 judicio,
1260 4082 1351 4153 qui
1389 4089 1516 4136 tunc
1564 4096 1670 4135 non
1698 4081 1845 4135 siluit
1871 4080 1923 4134 in
1956 4094 2096 4148 prae.

517 4183 694 4244 cepto.
724 4173 866 4244 Ignis
908 4175 963 4228 in
1009 4184 1280 4242 conspectu
1309 4172 1424 4242 ejus
1451 4172 1678 4250 ardebit.
1704 4169 1848 4242 Ignis
1870 4172 1969 4226 iste
2002 4185 2100 4242 pa-

517 4265 657 4318 leam
713 4263 1010 4328 incinerat,
1061 4279 1250 4318 aurum
1311 4271 1522 4334 purgat,
1561 4261 1653 4318 sed
1702 4270 1971 4317 mutemus
2025 4261 2100 4316 vi-

514 4365 646 4420 tam,
681 4362 740 4409 ut
767 4368 875 4410 non
923 4354 1210 4409 timeamus
1266 4368 1501 4424 pmnam,
1528 4361 1583 4407 et
1619 4353 1671 4406 in
1724 4352 1826 4407 hoc
1865 4352 2095 4422 quisque

520 4444 756 4510 studeat,
780 4445 903 4515 quia
939 4455 996 4500 et
1033 4445 1077 4500 si
1121 4443 1240 4499 ﬁeri
1291 4453 1474 4516 posset
1511 4452 1572 4499 ut
1616 4444 1732 4498 dies
1769 4441 1956 4511 judicii
1991 4457 2095 4496 non

516 4538 690 4602 ﬁeret,
743 4546 917 4590 tamen
974 4551 1079 4589 non
1133 4544 1276 4590 esset
1330 4535 1470 4589 male
1517 4533 1845 4588 vivendum:
1895 4532 2018 4602 quia
2051 4533 2094 4587 si

512 4626 658 4678 nulla
689 4625 790 4679 alia
819 4639 977 4696 pmna
1014 4625 1320 4680 immineret
1343 4624 1717 4694 peccatoribus
1743 4623 1846 4678 nisi
1879 4637 2095 4692 separa-

517 4717 592 4771 tio
625 4731 653 4768 a
683 4715 816 4770 faeie
843 4715 958 4780 Dei,
995 4724 1174 4770 tamen
1209 4715 1262 4770 in
1288 4715 1621 4784 quantalibet
1647 4725 1831 4771 essent
1871 4713 2092 4769 allluen-

517 4809 589 4862 tia
615 4808 946 4871 divitiarum,
974 4823 1082 4862 non
1105 4808 1347 4863 videntes
1372 4823 1400 4862 a
1432 4823 1539 4878 quo
1561 4807 1729 4863 creati
1753 4815 1901 4873 sunt,
1926 4815 1981 4861 et
2011 4822 2098 4861 se-

515 4897 686 4968 parati
734 4896 801 4952 ab
849 4897 940 4951 illa
985 4887 1541 4952 dulcedine'veritatis
1584 4897 1719 4968 ejus,
1747 4913 1805 4953 se
1831 4899 2094 4966 plangere

515 4988 805 5042 deberent:
832 4986 973 5056 quod
1003 4995 1267 5042 noverunt
1288 4987 1387 5052 illi,
1417 4987 1508 5056 qui
1540 4995 1815 5056 utcunque
1839 4986 2086 5040 veritatis

489 5077 663 5147 ,illius
709 5076 1046 5132 dulcedinem
1113 5077 1314 5131 sentire
1389 5085 1689 5146 cmperunt.
1739 5075 1840 5143 Qui
1902 5084 2081 5130 autem

512 5188 617 5228 non
646 5171 915 5226 desiderat
965 5171 1181 5236 faciem,
1224 5171 1416 5224 timeat
1452 5169 1534 5224 vel
1581 5169 1781 5239 ignem,
1822 5176 1878 5222 et
1923 5183 2083 5238 quem

516 5281 620 5320 non
664 5264 894 5320 invitant
938 5264 1159 5333 praemia
1191 5302 1205 5324 ,
1261 5269 1496 5316 terreant
1533 5259 1813 5328 supplicia.
1852 5259 1967 5313 Vile
2004 5268 2086 5312 est

514 5356 608 5410 tibi
638 5355 778 5425 quod
832 5353 1148 5425 pollicetur?
1188 5351 1542 5407 contremisce
1592 5349 1782 5404 saltem
1810 5349 1952 5420 quod
1986 5348 2086 5402 mi-

515 5452 689 5497 natur.
715 5443 781 5496 Et
806 5445 861 5496 in
879 5443 1105 5496 circuitu
1128 5440 1242 5510 ejus
1269 5447 1540 5507 tempestas
1563 5436 1762 5503 valida,
1789 5452 1909 5506 qua}
1931 5451 2084 5506 sepa-

486 5519 490 5524 ’
514 5532 659 5586 rabit
695 5546 862 5602 agnos
891 5532 960 5586 ab
988 5531 1178 5594 hzedis,
1208 5544 1327 5598 qua:
1363 5525 1641 5580 ventilabit
1670 5542 1829 5581 omne
1858 5541 2084 5595 granum

512 5636 543 5674 a
583 5619 750 5688 paleis
774 5621 1072 5689 separando
1098 5617 1310 5688 (Matth.
1342 5632 1467 5681 xxv,
1499 5616 1606 5685 ιιι).
1635 5615 1700 5670 Et
1727 5615 1959 5685 qualiter
1984 5616 2088 5670 hoc

514 5709 638 5763 ﬁet?
674 5708 952 5762 Advocavit
979 5707 1160 5763 caelum
1190 5711 1494 5771 desursum,
1531 5707 1582 5760 id
1611 5715 1725 5772 est,
1761 5704 2088 5774 judicatores

514 5819 640 5860 suos
668 5823 680 5860 :
713 5813 762 5858 et
787 5814 999 5868 terram,
1035 5803 1086 5856 id
1115 5812 1195 5857 est
1215 5843 1228 5866 ,
1269 5803 1408 5872 ipsos
1434 5800 1770 5870 judicandus,
1799 5801 2087 5855 discernere

2201 3364 2219 3398 ι
2259 3346 2460 3401 tionum
2494 3354 2740 3410 tuarum,
2777 3344 2893 3401 dele
2924 3345 3261 3416 iniquitatem
3303 3361 3496 3402 meam.
3539 3346 3771 3417 Amplius

2201 3434 2375 3490 ilava
2420 3451 2506 3490 me
2559 3435 2625 3489 ab
2676 3434 2959 3504 iniquitate
3005 3451 3158 3500 mea,
3209 3445 3264 3490 et
3307 3451 3338 3490 a
3391 3445 3614 3506 peccato
3661 3452 3772 3490 meo

2201 3543 2222 3577 ί
2255 3525 2454 3581 munda
2501 3541 2606 3580 me.
2638 3525 2913 3592 ‘Quoniam
2959 3527 3296 3596 iniquitatem
3344 3544 3522 3584 meam
3566 3545 3773 3601 egoco-

2203 3637 2221 3672 t
2257 3634 2477 3690 gnosco,
2507 3627 2562 3675 et
2588 3628 2866 3688 peccaturo
2899 3635 3076 3675 meum
3105 3629 3291 3676 contra
3319 3637 3404 3676 me
3431 3631 3516 3677 est
3547 3635 3766 3693 semper.

2201 3728 2219 3761 ι
2255 3709 2375 3765 Tibi
2405 3709 2501 3764 soli
2526 3710 2764 3778 peccavi,
2793 3719 2847 3764 et
2871 3709 3068 3764 malum
3095 3726 3276 3766 coram
3304 3722 3358 3767 te
3387 3711 3512 3778 feci,
3543 3724 3601 3767 ut
3624 3711 3770 3780 justi-

2202 3821 2222 3855 ι
2260 3803 2438 3859 ﬁceris
2464 3803 2517 3873 in
2551 3805 2891 3859 sermonibus
2919 3805 3040 3868 tuis,
3067 3814 3120 3860 et
3141 3807 3327 3861 vincas
3354 3821 3475 3860 cum
3497 3804 3768 3874 judicaris.

2202 3914 2220 3947 ι
2258 3895 2395 3951 Ecce
2423 3895 2566 3950 enim
2615 3895 2668 3949 in
2709 3895 3079 3966 iniquitatibus
3120 3907 3407 3967 conceptus
3441 3913 3584 3961 sum,
3629 3908 3680 3953 et
3722 3899 3768 3949 in

2202 4001 2221 4036 ι
2261 3985 2500 4054 peccatis
2533 3986 2783 4054 concepit
2813 4001 2898 4040 me
2929 3995 3099 4041 mater
3125 4001 3263 4040 mea.
3299 3985 3435 4040 Ecce
3468 3987 3615 4040 enim
3647 3985 3771 4038 veri-

2204 4093 2223 4128 t
2261 4086 2424 4131 tatem
2463 4075 2721 4142 dilexisti,
2765 4076 2966 4131 incerta
3013 4085 3068 4133 et
3110 4077 3319 4133 occulta
3364 4077 3644 4148 sapientia:
3679 4087 3771 4129 tua:

2204 4183 2222 4217 ι
2259 4164 2611 4220 manifestasti
2643 4165 2794 4220 mihi.
2825 4167 3090 4238 Asperges
3115 4181 3220 4232 me,
3249 4166 3496 4232 Domine,
3526 4168 3768 4238 hyssopo,

2203 4274 2222 4308 ι
2257 4265 2312 4310 et
2337 4255 2654 4322 mundabor,
2677 4255 2880 4312 lavabis
2905 4272 2990 4311 me
3010 4265 3063 4311 et
3081 4272 3241 4326 super
3262 4257 3439 4313 nivem
3463 4255 3765 4313 dealbabor.

2205 4365 2224 4398 ε
2259 4348 2475 4402 Auditui
2505 4363 2626 4403 meo
2648 4349 2799 4404 dabis
2822 4348 3070 4419 gaudium
3099 4358 3153 4404 et
3180 4349 3443 4412 laetitiam,
3466 4359 3521 4404 et
3545 4351 3771 4406 exsulta-

2205 4456 2224 4490 t
2261 4440 2392 4493 bunt
2414 4453 2535 4494 ossa
2563 4438 2861 4493 humiliata.
2889 4439 3084 4494 Averte
3108 4437 3294 4494 faciem
3319 4447 3464 4493 tuam
3488 4435 3517 4492 a
3546 4440 3769 4509 peccatis

2206 4545 2225 4579 ι
2263 4527 2416 4594 meis,
2444 4536 2499 4582 et
2517 4543 2703 4583 omnes
2727 4529 3033 4599 iniquitates
3058 4543 3205 4584 meas
3227 4528 3364 4584 dele.
3388 4527 3494 4584 Cor
3523 4532 3767 4584 mundum

2207 4639 2224 4670 ι
2263 4633 2388 4674 crea
2435 4620 2486 4673 in
2533 4635 2618 4673 me
2663 4618 2824 4683 Deus,
2855 4627 2908 4675 et
2949 4620 3195 4689 spiritum
3237 4627 3443 4675 rectum
3489 4619 3683 4674 innova
3718 4619 3766 4674 in

2207 4729 2225 4761 σ
2261 4710 2560 4766 visceribus
2604 4710 2753 4765 meis.
2804 4709 2882 4764 Ne
2920 4708 3174 4778 projicias
3205 4724 3292 4765 me
3328 4725 3360 4764 a
3388 4708 3528 4764 facie
3566 4719 3686 4774 tua,
3720 4717 3770 4764 et

2204 4820 2222 4851 ‹
2260 4799 2519 4870 Spiritum
2564 4810 2806 4856 sanctum
2835 4811 2981 4855 tuum
3014 4817 3080 4856 ne
3119 4801 3332 4855 auferas
3375 4817 3404 4854 a
3448 4816 3557 4857 me.
3597 4801 3766 4858 Redde

2202 4892 2388 4946 «mihi
2449 4890 2686 4946 laetitiam
2749 4889 3000 4948 salutaris
3060 4891 3169 4957 tui,
3217 4901 3274 4946 et
3318 4891 3509 4962 spiritu
3579 4891 3766 4962 princi-

2199 5000 2217 5033 ι
2255 4981 2358 5051 pali
2386 4982 2642 5036 conﬁrma
2680 4997 2787 5037 me.
2851 4983 3060 5038 Docebo
3095 4983 3323 5054 ‘iniquos
3372 4984 3488 5038 vias
3545 4994 3685 5048 tuas,
3719 4992 3767 5037 et

2203 5089 2220 5121 ι
2259 5072 2404 5140 impii
2457 5072 2522 5125 ad
2559 5081 2608 5126 te
2637 5082 3034 5128 convertentur.
3068 5073 3262 5128 Libera
3311 5090 3398 5127 me
3446 5074 3514 5127 de
3565 5075 3766 5144 sangui-

2199 5181 2218 5214 ι
2255 5161 2431 5226 nibus,
2461 5161 2602 5218 Deus
2625 5162 2767 5219 Deus
2796 5164 2986 5218 salutis
3017 5179 3167 5229 mea},
3196 5173 3252 5218 et
3275 5163 3570 5217 eXsttllabit
3600 5164 3763 5234 lingua

2199 5274 2217 5304 ι
2258 5268 2373 5308 mea
2408 5250 2673 5321 justitiam
2703 5263 2867 5308 tuam.
2898 5255 3119 5310 Domine
3145 5255 3282 5308 labia
3317 5268 3433 5308 mea
3464 5256 3692 5322 aperies,
3718 5261 3764 5305 et

2199 5363 2218 5395 ‹
2257 5359 2318 5399 os
2361 5360 2537 5398 memn
2571 5345 2912 5399 annuntiabit
2952 5344 3162 5399 laudem
3207 5353 3371 5398 tuam.
3416 5344 3682 5411 Quoniam
3722 5341 3760 5396 si

2196 5453 2215 5486 ε
2253 5433 2512 5488 voluisses
2534 5434 2883 5497 sacriﬁcium,
2905 5434 3166 5488 dedissem
3192 5449 3205 5485 :
3231 5433 3417 5500 utique
3447 5431 3760 5487 holocaustis

2198 5547 2215 5578 ι
2255 5542 2356 5581 non
2386 5526 2757 5581 delectabcris.
2805 5525 3140 5580 Sacriﬁcium
3170 5525 3288 5578 Deo
3319 5525 3541 5592 spiritus
3578 5525 3761 5580 contri-

2197 5639 2215 5671 ι
2256 5619 2489 5683 bulatus,
2534 5634 2630 5672 cor
2672 5619 2962 5673 contritum
3007 5626 3062 5672 et
3102 5615 3440 5670 humiliatnm
3487 5615 3630 5670 Deus
3668 5633 3758 5668 non

2199 5730 2215 5760 ι
2256 5710 2536 5778 despicies.
2569 5707 2934 5778 Benignc.fae,
2970 5707 3210 5767 Domine,
3249 5706 3299 5760 in
3337 5707 3474 5759 bona
3501 5708 3760 5760 voluntate

2200 5820 2217 5851 ι
2257 5810 2342 5854 ta
2396 5801 2554 5866 Sion,
2605 5810 2659 5852 ut
2705 5801 3040 5855 :L-diliccntur
3084 5800 3217 5852 muri
3263 5797 3578 5855 Jerusalem.
3623 5797 3758 5850 Tuus
