3918 6414
142 379 231 435 597

1234 328 1764 439 ENA—RRATIONES
1799 373 1867 428 1N
1908 373 2243 430 PSALMOS.

3254 382 3359 443 598

145 511 158 540 t
188 486 476 556 acceptabis
510 486 831 542 sacriﬁcium
858 487 1098 557 justititc,
1125 486 1422 543 oblationes
1450 496 1506 542 et
1539 485 1686 543 holo—
1714 488 1764 547 Α
1792 492 1849 538 ut
1877 494 2064 541 cautos
2110 485 2238 541 facit
2279 486 2369 555 qui
2419 501 2523 540 non
2573 487 2898 553 ceciderunt,
2939 491 3010 544 ita
3057 494 3369 564 desperatos

144 603 157 635 ι
188 592 374 646 eausta,
402 590 528 635 tunc
556 581 829 652 imponent
860 597 1022 650 super
1046 581 1213 637 altare
1239 590 1387 638 tuum
1412 583 1623 638 vitulos.
1658 602 1679 633 ο

674 731 1125 788 ΕΝΑΠΗΑΤΙΟ.

116 837 131 907 l
194 844 505 913 Proponitur
532 844 780 903 omnibus
810 844 1055 899 lidelibus
1097 846 1148 900 in
1191 844 1291 901 hoc
1325 846 1531 915 psalmo
1556 862 1682 917 pec—

135 946 293 991 catum
323 934 490 990 David
533 949 638 989 non
682 934 736 989 in
773 934 1132 1004 patrocinium
1173 936 1451 1005 peccandi,
1494 935 1587 991 sed
1633 935 1684 990 in

135 1026 407 1096 exemplum
448 1026 764 1097 resurgendi
795 1045 807 1079 :
838 1035 895 1081 ut
921 1025 1011 1094 qui
1051 1036 1409 1096 peccaverunt
1435 1041 1555 1081 cum
1584 1025 1688 1079 Da-

136 1120 236 1183 vid,
276 1118 481 1173 discant
529 1132 811 1187 resurgere
851 1132 971 1173 cum
1020 1117 1205 1171 David.
1246 1110 1397 1183 QuOd
1443 1103 1523 1171 siti
1560 1116 1685 1172 illud

134 1219 403 1279 peccatum,
431 1208 619 1263 titulus
644 1209 833 1278 psalmi
854 1209 1028 1279 aperit
1050 1226 1063 1263 :
1090 1207 1335 1263 Psalmus
1359 1208 1544 1273 David,
1567 1225 1685 1261 cum

136 1304 323 1357 senisset
359 1301 427 1355 ad
466 1318 586 1355 eum
633 1299 848 1355 Nat/tan
890 1300 1159 1370 propheta,
1200 1300 1323 1369 quia
1366 1300 1575 1352 intravit
1617 1298 1685 1352 ad

136 1392 408 1447 Betltsabee.
425 1391 525 1446 Hic
548 1391 733 1447 titulus
756 1399 998 1461 sumptus
1019 1400 1100 1445 est
1121 1391 1186 1445 de
1210 1390 1432 1444 historia
1453 1388 1537 1460 (II
1555 1389 1681 1460 Reg.

134 1481 216 1550 ιι).
244 1480 534 1536 Bethsabee
562 1497 701 1537 uxor
723 1491 841 1535 erat
863 1481 1058 1545 aliena,
1090 1480 1295 1535 scilicet
1322 1478 1465 1534 Uriae
1492 1478 1681 1534 Etbaci.

137 1575 261 1629 llanc
286 1591 403 1629 cum
434 1576 659 1631 vidisset
684 1574 870 1640 David,
892 1573 1242 1630 deambulans
1271 1574 1322 1628 in
1349 1574 1546 1630 solario
1567 1583 1685 1643 post

137 1666 412 1733 meridiem,
458 1677 676 1741 euntejn
713 1667 971 1733 lavatum,
1019 1668 1134 1737 ejus
1168 1668 1565 1737 pulchritudine
1601 1684 1686 1721 ra-

136 1772 239 1830 ptus
262 1770 367 1825 est;
401 1777 527 1818 cum
560 1772 707 1819 esset
737 1778 834 1817 rex
867 1770 919 1816 et
942 1762 1215 1831 propheta,
1250 1762 1407 1832 longe
1434 1771 1552 1815 erat
1576 1778 1685 1815 mu-

1788 593 1893 633 non
1930 577 2058 631 vult.

1861 668 2107 723 Miserere
2128 670 2248 734 mei,
2276 670 2438 737 Deus,
2472 675 2756 730 secundum
2794 693 3042 747 magnam
3082 683 3375 737 misericor-

1788 756 1931 812 diam
1968 769 2133 812 tuam.
2173 759 2336 829 Cujus
2386 778 2578 833 magna
2626 773 2708 819 est
2755 767 2995 834 miseria,
3027 785 3220 843 magna
3269 773 3378 828 erit

1789 850 2177 907 misericordia.
2205 852 2283 908 llli
2319 870 2539 924 parvam
2577 867 2765 928 rogent
2797 859 3250 928 misericordiam,
3280 866 3374 934 qui

1785 957 1999 1011 parum,
2044 943 2097 1000 id
2143 952 2226 998 est
2268 945 2596 1015 ignoranter,
2644 961 3019 1019 peccaverunt.
3063 952 3239 1011 Grave
3287 967 3373 1010 cst

1787 1035 1928 1103 quod
1960 1034 2152 1101 habeo,
2185 1038 2278 1092 sed
2326 1040 2394 1094 ad
2440 1047 2492 1094 te
2526 1042 2946 1111 omnipotentem
2980 1046 3250 1118 confugio.
3300 1048 3376 1103 De

1788 1124 1967 1180 lethali
1999 1128 2220 1184 vulnere
2250 1129 2616 1199 desperarem,
2640 1133 2684 1188 si
2714 1142 2764 1188 te
2791 1134 2949 1190 talem
2977 1137 3243 1193 medicum
3264 1155 3371 1194 non

1785 1231 2183 1287 cognoscerem.
2230 1216 2297 1273 Et
2335 1221 2621 1275 secundum
2654 1223 3035 1279 multitudinem
3074 1228 3373 1282 miseratio—

1788 1325 1912 1362 num
1959 1317 2171 1363 tuarum
2216 1310 2330 1365 dele
2372 1312 2694 1382 iniquitatem
2738 1331 2927 1389 meam.
2973 1315 3246 1372 Miseratio
3290 1328 3373 1373 est

1786 1400 2047 1456 exbibitio
2076 1401 2481 1469 misericordiat,
2505 1403 2557 1458 id
2580 1411 2684 1467 est,
2711 1405 2999 1459 secundum
3025 1406 3373 1476 multiplicem

1789 1491 2173 1550 misericordiae
2202 1495 2587 1550 exhibitionem
2636 1512 2798 1567 quam
2827 1495 3105 1565 praebuisti
3138 1497 3372 1551 humano

1787 1582 1968 1651 generi
2000 1584 2068 1638 ab
2097 1584 2228 1640 inito
2253 1586 2471 1640 mundo.
2504 1586 2752 1643 Attendis
2778 1588 2920 1642 enim
2952 1598 3367 1657 contemptores,

1787 1683 1847 1728 ut
1873 1675 2118 1744 corrigas
2149 1694 2165 1730 :
2196 1676 2519 1743 nescientes,
2556 1686 2613 1733 ut
2654 1680 2848 1735 doceas
2897 1697 2911 1733 :
2944 1682 3279 1743 conliteutcs,
3315 1690 3375 1733 ut

1789 1772 2062 1834 ignoscas,
2086 1766 2201 1820 dele
2231 1767 2554 1838 iniquitatem
2595 1786 2787 1834 meam,
2829 1785 2950 1839 quze
2982 1770 3083 1824 fuit
3113 1771 3237 1840 quia
3268 1770 3374 1826 feci

137 1853 233 1917 Iier,
257 1854 343 1908 sed
386 1869 553 1924 prope
587 1863 708 1909 erat
735 1855 903 1909 hostis
946 1856 1037 1925 qui
1066 1870 1189 1910 eum
1229 1853 1457 1917 invasit,
1482 1853 1689 1907 Scilicet
1718 1854 1761 1913 Β
1788 1857 1878 1911 alii
1906 1858 2046 1928 quod
2077 1858 2207 1913 mihi
2248 1859 2365 1913 ﬁeri
2409 1858 2578 1924 nolui,
2626 1859 2745 1914 ideo
2774 1859 2862 1915 hic
2895 1859 3007 1914 dele
3038 1876 3133 1930 per
3162 1861 3374 1916 miseri-

137 1942 293 1996 libido.
332 1942 396 1996 Et
437 1944 489 1998 in
532 1944 637 1999 hoc
676 1959 960 1999 monemur
988 1945 1156 1999 otium
1195 1943 1395 2014 lugere.
1437 1943 1680 2011 Quautliu

135 2034 252 2086 enim
277 2033 434 2088 David
459 2050 657 2106 passus
677 2044 760 2091 est
785 2034 1207 2106 persecutionem
1237 2035 1388 2101 Saul,
1418 2034 1551 2089 nihil
1580 2034 1684 2090 tale

138 2124 389 2179 commisit.
415 2123 642 2195 Cognita
674 2140 792 2195 quae
816 2134 977 2187 esset,
1007 2134 1063 2180 et
1086 2134 1274 2180 vocata
1302 2125 1368 2179 ad
1396 2140 1455 2180 se
1488 2139 1684 2195 coguo:

137 2214 215 2277 vit,
240 2229 347 2283 qua:
366 2217 612 2285 concepit
636 2232 702 2271 ex
730 2231 813 2271 eo.
847 2216 1047 2273 Volcns
1078 2217 1258 2288 itaque
1285 2217 1454 2272 David
1476 2218 1682 2272 crimen

138 2305 301 2371 celare,
324 2307 465 2362 misit
490 2309 559 2362 ad
584 2307 724 2363 Joab
766 2308 1060 2379 principem
1102 2307 1302 2363 militia:
1332 2322 1466 2373 suae,
1495 2318 1555 2362 ut
1596 2323 1682 2363 re-

139 2396 340 2451 mitteret
376 2398 424 2452 ei
476 2397 682 2467 Uriam.
709 2398 878 2466 Quem
919 2399 985 2454 de
1019 2398 1203 2469 praelia
1245 2401 1555 2456 redeuntem
1588 2415 1684 2455 rex

139 2491 333 2562 benigne
355 2494 615 2565 suscepit,
642 2503 698 2549 et
722 2495 935 2550 tandem
960 2494 1013 2549 in
1035 2495 1251 2550 domum
1280 2510 1432 2550 suam
1462 2495 1686 2551 descen-

140 2584 243 2638 dere
264 2583 435 2652 jussit,
460 2593 728 2657 sequente
755 2600 879 2642 cum
909 2586 1056 2656 regio
1084 2586 1223 2641 cibo.
1251 2584 1350 2653 Qui
1380 2602 1486 2642 non
1514 2586 1683 2640 intra-

141 2672 203 2724 vit
224 2671 283 2725 ad
322 2688 538 2729 uxorem
568 2688 744 2740 suam,
773 2675 867 2730 sed
902 2674 1102 2754 mansit
1140 2685 1297 2730 nocte
1323 2675 1413 2729 illa
1442 2675 1495 2731 in
1527 2677 1685 2731 domo

141 2762 280 2817 David
298 2779 413 2820 cum
442 2765 620 2820 servis
647 2764 791 2820 illius
838 2783 852 2821 :
893 2780 1000 2835 quo
1038 2767 1273 2836 cognito,
1300 2775 1583 2836 postquam
1617 2768 1686 2821 ab

139 2857 443 2925 eoquesivit
484 2874 589 2914 cur
635 2859 689 2912 in
736 2859 951 2913 domum
1002 2859 1070 2912 ad
1114 2874 1337 2913 uxorem
1379 2874 1532 2914 suam
1580 2875 1686 2914 non

143 2949 398 3017 introisset,
425 2963 481 3008 et
506 2954 600 3010 ille
636 2954 860 3010 dixisset
900 2955 1178 3025 indignum
1210 2953 1325 3009 fore
1353 2963 1411 3008 ut
1438 2953 1687 3009 dominus

143 3055 249 3095 suus
271 3040 394 3099 Joab
423 3043 477 3099 in
523 3044 768 3115 periculo
810 3053 955 3100 esset
1000 3060 1122 3100 cum
1173 3054 1289 3100 toto
1336 3045 1593 3109 exercitu,
1631 3053 1688 3099 et

145 3129 236 3197 ipse
274 3133 515 3204 voluptati
567 3150 786 3205 cperam
832 3136 985 3189 daret
1029 3153 1042 3188 :
1090 3134 1237 3190 misit
1283 3151 1381 3205 per
1418 3150 1541 3189 cum
1593 3150 1683 3188 rex

1785 1950 2046 2019 cordiam,
2076 1965 2144 2007 ne
2170 1950 2225 2006 in
2252 1950 2490 2006 futurum
2519 1965 2762 2007 reserves
2787 1952 2853 2007 ad
2879 1966 3112 2021 pmuam.
3134 1952 3371 2022 Amplius

1784 2040 1905 2094 lava
1941 2057 2021 2095 me
2060 2042 2126 2095 ab
2170 2041 2441 2111 iniquitate
2482 2059 2616 2097 mea.
2648 2041 2875 2097 Necesse
2924 2043 3121 2097 habent
3165 2041 3366 2105 lavare,

1784 2131 1877 2200 qui
1910 2132 2087 2187 minus
2113 2141 2497 2202 peccaverunt.
2540 2147 2624 2188 me
2664 2142 2842 2187 autem
2889 2132 3136 2202 amplius.
3165 2133 3216 2188 id
3261 2143 3368 2197 est,

1785 2222 1953 2276 multo
1982 2221 2102 2291 plus
2129 2238 2290 2293 quam
2317 2238 2416 2295 ego
2446 2234 2629 2293 petere
2658 2224 2846 2279 sciam.
2880 2221 2994 2291 Vel,
3025 2225 3117 2295 qui
3145 2232 3368 2295 peccata

1785 2314 1935 2369 lavas
1970 2315 2286 2386 ignorantis,
2335 2315 2559 2384 amplius
2599 2314 2717 2370 lava
2763 2324 2983 2386 peccata
3034 2316 3271 2379 scientis,
3303 2316 3366 2368 ab

1783 2406 2057 2477 iniquitate
2085 2423 2219 2472 mea,
2241 2417 2290 2460 et
2323 2423 2359 2460 a
2384 2416 2592 2477 peccato
2618 2423 2731 2462 meo
2759 2408 2957 2461 munda
2982 2423 3080 2461 me.
3110 2406 3366 2477 lniquitas

1786 2493 1887 2550 fuit
1909 2497 1962 2550 in
1993 2496 2161 2563 illum,
2194 2496 2348 2567 cujus
2368 2513 2590 2553 uxorem
2616 2499 2869 2565 abstulit;
2896 2492 3179 2570 peccatum
3206 2500 3258 2554 in
3286 2515 3365 2565 se,

1785 2587 1908 2659 quia
1938 2588 1990 2643 in
2022 2590 2124 2645 hoc
2167 2598 2529 2662 trausgressor
2562 2590 2695 2661 legis
2739 2592 2910 2647 factus
2937 2602 3037 2648 est.
3069 2592 3193 2648 Scio
3223 2593 3371 2657 enim,

1786 2680 2042 2747 quoniam
2072 2694 2320 2749 magnum
2355 2690 2635 2750 peccatum
2666 2690 2746 2737 est
2773 2691 3110 2739 contrectare
3135 2683 3367 2747 alienam

1788 2785 2031 2835 uxorem,
2064 2770 2237 2824 virum
2264 2770 2380 2839 ejus
2408 2772 2758 2837 nescientem,
2791 2782 2844 2828 et
2879 2774 2998 2830 ideo
3024 2789 3122 2829 nec
3147 2784 3367 2829 contra.

1787 2859 2078 2925 dicentem,
2127 2860 2463 2927 interﬁcere;
2515 2862 2637 2917 ideo
2682 2864 2946 2929 miserere,
2992 2863 3136 2929 dele,
3184 2864 3303 2919 lava
3346 2878 3364 2915 :

1785 2952 2033 3021 quoniam
2057 2952 2383 3024 iniquitatem
2413 2970 2580 3007 meam
2605 2971 2697 3024 ego
2724 2972 2999 3024 cognosco,
3024 2956 3075 3009 id
3100 2965 3202 3019 est,
3240 2957 3365 3025 quia

1786 3056 1886 3112 ego
1908 3043 2091 3111 punio,
2121 3052 2175 3098 tu
2203 3043 2310 3098 noli
2340 3044 2548 3115 punire.
2573 3042 2734 3109 Quasi
2763 3043 2955 3114 aliquis
2976 3044 3119 3099 dicat
3143 3063 3154 3098 :
3181 3045 3369 3100 Nescis

1789 3132 1917 3202 quid
1942 3141 2126 3203 petas,
2174 3134 2353 3189 nescis
2386 3148 2545 3205 quem
2578 3134 2811 3190 invoces.
2847 3132 3031 3211 Justus
3058 3143 3171 3202 est,
3211 3133 3370 3203 justi-

141 3219 315 3280 litteras
332 3227 394 3281 ad
414 3227 573 3291 Joab,
593 3236 653 3279 ut
673 3227 920 3282 educeret
946 3227 1243 3281 exercitum
1268 3235 1454 3280 contra
1481 3227 1681 3281 hostes.
1712 3207 1756 3268 Ο
1789 3224 1915 3278 tiam
1967 3225 2036 3280 ab
2063 3240 2130 3280 eo
2164 3225 2381 3281 auferre
2422 3242 2528 3280 non
2566 3235 2739 3297 potes,
2788 3234 2845 3281 et
2892 3207 3015 3296 quia
3055 3225 3232 3295 justus
3263 3240 3368 3292 est,

140 3323 186 3367 ct
215 3316 292 3371 ubi
317 3332 485 3389 pugna
516 3318 891 3374 vehementior
913 3327 1081 3382 esset,
1115 3317 1186 3371 ibi
1225 3327 1447 3387 poneret
1476 3317 1682 3383 Uriam,

143 3415 189 3456 ut
211 3405 270 3460 ab
291 3406 525 3463 hostibus
558 3406 991 3471 interﬁceretur;
1022 3416 1076 3461 et
1106 3407 1186 3461 sic
1218 3416 1436 3460 auctum
1464 3416 1549 3460 est
1586 3406 1684 3459 ad-

144 3496 355 3553 ulterium
379 3500 671 3556 homicidio
701 3518 715 3554 :
739 3499 929 3554 deinde
950 3498 1102 3553 duxit
1124 3498 1421 3554 Bethsabee
1443 3512 1683 3553 uxorem.

143 3582 247 3641 Post
268 3587 361 3644 hoc
390 3589 591 3646 factum
618 3589 815 3645 missus
842 3598 926 3645 est
951 3590 1017 3644 ad
1044 3605 1167 3644 cum
1195 3588 1404 3644 Nathan
1426 3590 1687 3659 propheta

142 3689 169 3727 a
196 3676 398 3733 Domino
427 3680 510 3752 (11
546 3679 670 3750 Beg.
700 3678 818 3750 xu),
846 3679 938 3749 qui
962 3693 1085 3735 eum
1125 3687 1379 3749 argueret
1425 3680 1491 3734 de
1538 3688 1688 3736 tanto

144 3770 416 3837 commisso,
459 3772 557 3843 qui
600 3786 697 3842 per
729 3771 1131 3827 similitudinem
1159 3773 1224 3826 ad
1260 3786 1375 3827 rem
1401 3773 1686 3839 accedens,

145 3857 256 3913 dixit
294 3864 396 3932 regi
446 3866 585 3920 duos
629 3862 795 3920 fuisse
820 3882 833 3920 :
863 3880 1027 3929 unum
1071 3864 1165 3934 qui
1206 3866 1431 3923 haberet
1462 3875 1687 3922 centum

143 3965 281 4020 oves;
310 3957 558 4024 alterum,
588 3959 829 4014 vicinum
871 3959 1006 4028 ejus,
1052 3959 1145 4028 qui
1194 3973 1301 4014 non
1334 3959 1557 4014 haberet
1586 3958 1687 4014 nisi

144 4054 297 4111 unam,
325 4062 481 4119 quam
509 4050 567 4105 in
598 4049 717 4105 sinu
742 4064 840 4105 suo
868 4048 1093 4114 foveret,
1120 4063 1241 4119 quae
1284 4050 1351 4106 de
1374 4050 1545 4106 calice
1573 4049 1690 4118 ejus

145 4130 339 4202 biberet,
383 4149 437 4195 et
480 4142 551 4196 de
598 4155 735 4211 pane
780 4155 879 4196 suo
930 4140 1133 4195 ederet.
1188 4141 1450 4198 Veniente
1508 4151 1689 4198 autem

147 4221 344 4295 hospite,
385 4229 538 4285 illum
574 4230 804 4286 alterum
843 4231 1111 4286 dimisisse
1157 4246 1347 4288 omnes
1392 4247 1519 4288 oves
1545 4246 1686 4298 suas,

146 4320 192 4365 et
227 4316 492 4375 abstulisse
541 4320 717 4377 vicino
764 4335 863 4377 suo
910 4320 1057 4375 illam
1104 4321 1335 4389 unicam,
1382 4331 1438 4377 et
1479 4321 1691 4379 dedisse

148 4402 314 4475 hospiti
335 4410 400 4463 ad
426 4411 750 4482 epulandum
780 4428 794 4466 :
823 4411 951 4481 quid
987 4411 1110 4466 inde
1140 4410 1429 4481 judicaret.
1459 4411 1559 4478 Qui
1583 4425 1691 4467 non

147 4494 414 4571 intelligens
460 4503 793 4574 parabolam,
846 4518 1091 4561 severam
1141 4506 1463 4561 sententiam
1520 4506 1688 4571 dedit,

148 4589 264 4654 quod
294 4595 423 4663 mori
448 4594 687 4661 deberet,
711 4604 767 4652 et
792 4596 844 4651 in
882 4596 1234 4667 quadruplum
1265 4597 1487 4652 reddere
1510 4612 1686 4652 ovem.

150 4677 227 4734 Cui
251 4686 493 4756 propheta
525 4706 538 4742 :
566 4687 646 4743 Tu
670 4702 730 4742 es
768 4687 877 4743 ille.
910 4687 1012 4754 Qui
1049 4687 1219 4744 noluit
1255 4688 1541 4744 defendere
1566 4703 1691 4758 poc-

152 4781 302 4830 catum
328 4793 499 4846 suum,
526 4781 623 4836 sed
664 4780 962 4837 humiliavit
986 4795 1044 4836 se
1071 4781 1138 4836 ad
1159 4780 1531 4851 pmuitentiam
1557 4796 1694 4851 quo-

154 4876 296 4933 usque
323 4870 555 4927 audivit:
586 4870 703 4927 Noli
728 4872 930 4936 timere,
960 4873 1087 4941 quia
1130 4873 1402 4933 transtulit
1431 4873 1690 4928 Dominus

154 4963 178 5002 ³
225 4962 277 5013 ιθ,
319 4970 592 5028 peccatum
632 4969 812 5015 tuum.
859 4960 1190 5017 Atteudenda
1243 4960 1358 5016 haec
1406 4961 1693 5017 inﬁrmitas

157 5045 327 5113 carnis,
352 5054 675 5110 recordanda
702 5054 863 5107 verba
890 5053 1128 5122 Apostoli
1163 5072 1177 5108 :
1214 5052 1337 5107 Non
1369 5069 1490 5123 ergo
1518 5062 1695 5124 regnet

153 5146 388 5198 Peccatum
432 5143 488 5197 in
535 5154 699 5198 oestro
741 5143 947 5199 mortali
989 5158 1202 5211 corpore
1240 5140 1419 5210 (Rom.
1443 5140 1549 5213 vi);
1586 5156 1692 5196 non

162 5221 289 5291 dixit,
313 5244 410 5286 non
435 5234 523 5299 sit,
570 5233 686 5299 sed,
712 5250 818 5290 non
844 5243 1038 5303 regnet.
1067 5234 1209 5289 lnest
1236 5243 1538 5303 peccatum,
1570 5248 1692 5288 cum

160 5312 411 5378 delectaris
467 5343 481 5380 :
537 5333 745 5392 regnat,
801 5326 848 5380 si
916 5326 1274 5381 consenseris.
1328 5325 1694 5380 Admonemur

160 5413 375 5481 uemplo
400 5415 560 5473 David
600 5435 706 5475 non
735 5418 977 5489 relaxare
1007 5418 1276 5473 carnalem
1299 5420 1643 5489 cupiditatem
1674 5438 1690 5472 :

162 5496 479 5561 admonemur
517 5511 696 5577 etiam;
740 5525 848 5565 non
898 5508 1077 5564 extolli
1121 5510 1179 5563 in
1228 5510 1516 5579 prosperis.
1559 5508 1693 5563 Nam

165 5591 475 5655 Periculosior
501 5611 585 5657 est
623 5618 712 5659 res
742 5617 1000 5674 prospera
1029 5602 1227 5667 animo,
1272 5618 1429 5671 quam
1468 5602 1695 5657 adversa

168 5689 372 5755 corpori,
409 5705 617 5753 amovet
658 5698 822 5753 etiam
872 5697 1321 5767 desperationem,
1351 5712 1473 5751 cum
1524 5697 1694 5773 David

172 5777 284 5831 tanti
310 5781 530 5842 criminis
560 5803 685 5845 reus
711 5804 818 5846 non
855 5789 1302 5861 desperavitalste
1330 5788 1565 5855 psalmus
1593 5787 1697 5844 sies

1784 3315 1901 3369 Jdit
1922 3325 2199 3385 peccatum
2233 3326 2401 3381 tuum,
2431 3325 2485 3372 et
2508 3317 2554 3372 si
2582 3318 2715 3384 odit,
2744 3334 2850 3373 non
2878 3320 3115 3373 dimittet
3134 3319 3370 3389 ἰωνυηί-

1787 3415 1923 3463 tum.
1967 3408 2105 3477 Quid
2149 3410 2320 3481 ergo?
2356 3409 2533 3481 Rogas
2579 3411 3001 3466 misericordiam
3052 3419 3110 3464 ut
3157 3410 3371 3466 auferas

1780 3501 2080 3571 judicium?
2101 3501 2253 3567 Nolo,
2279 3503 2395 3559 scio
2416 3502 2559 3572 quod
2576 3502 2754 3573 justus
2779 3512 2883 3567 est,
2908 3511 2962 3557 et
2981 3502 3049 3557 ab
3069 3516 3135 3558 eo
3162 3517 3369 3573 nequeo

1774 3590 2046 3660 justitiam
2096 3591 2330 3648 auferre.
2375 3591 2605 3662 imploro
2655 3592 2871 3662 quidem
2919 3591 3367 3660 misericordiam,

1786 3683 1882 3739 sed
1914 3683 2133 3738 attendo
2153 3681 2442 3751 justitiam,
2475 3682 2569 3739 sed
2606 3682 2727 3737 ideo
2771 3681 2896 3737 nolo
2942 3691 3001 3736 ut
3043 3695 3129 3737 me
3154 3682 3370 3752 punias,

1787 3777 1915 3848 quia
1939 3782 2346 3847 egopeccatum
2375 3788 2554 3830 meum
2598 3774 2791 3845 punio;
2822 3790 3013 3845 magna
3043 3774 3173 3829 mihi
3204 3775 3370 3830 mise—

1787 3868 2021 3925 ricordia
2055 3867 2290 3932 videtur,
2323 3864 2369 3921 si
2396 3881 2481 3922 me
2505 3873 2791 3935 peccatum
2819 3879 2997 3921 meum
3027 3865 3217 3935 punire
3248 3879 3371 3936 per-

1786 3960 1995 4026 mittas,
2035 3969 2097 4014 ut
2146 3960 2240 4016 tibi
2274 3974 2377 4014 non
2424 3966 2749 4014 reservetur.
2780 3957 3059 4029 Cognosco
3105 3967 3372 4028 peccatum

1787 4068 1960 4107 meum
1987 4067 2006 4107 :
2036 4066 2161 4108 nam
2190 4065 2374 4106 coram
2421 4066 2501 4105 me
2527 4059 2603 4105 est
2644 4065 2882 4120 semper;
2911 4065 3021 4106 non
3055 4049 3225 4105 habeo
3252 4057 3373 4120 post

1788 4160 1875 4199 me
1918 4152 1977 4198 ut
2018 4158 2125 4199 non
2176 4142 2428 4206 videam,
2484 4140 2936 4211 quemadmodum
2986 4149 3113 4196 tunc
3172 4139 3369 4203 habui,

1788 4238 2005 4309 quando
2036 4245 2144 4292 tam
2171 4251 2413 4293 severam
2447 4235 2766 4293 sententiam
2797 4236 2849 4289 in
2892 4234 3026 4290 alios
3062 4233 3199 4289 dedi.
3232 4232 3369 4300 Quia

1788 4330 1932 4385 enim
1977 4344 2132 4384 suum
2178 4336 2457 4399 peccatum
2500 4342 2608 4383 non
2639 4325 3018 4397 cognoscebat,
3051 4326 3169 4378 ideo
3196 4322 3372 4378 alieno

1788 4435 1895 4475 non
1914 4401 2258 4490 'ignoscebat,
2290 4416 2408 4473 ideo
2438 4426 2547 4471 tam
2577 4430 2762 4472 severe
2777 4413 3082 4483 judicabat;
3114 4412 3211 4467 sed
3242 4427 3370 4467 usus

1791 4524 1875 4570 est
1899 4514 2040 4568 Deus
2064 4512 2244 4581 lingua
2268 4510 2408 4565 illius
2427 4509 2578 4579 quasi
2610 4508 2940 4562 ferramento
2967 4505 3033 4560 ad
3080 4503 3369 4559 resecando

1796 4604 2016 4660 vulnera
2062 4603 2242 4658 cordis
2287 4601 2423 4671 ejus.
2464 4599 2542 4655 Tu
2591 4598 2854 4662 miserere,
2890 4605 2945 4650 tu
2997 4596 3211 4661 munda,
3246 4596 3371 4666 quia

1797 4697 1891 4750 tibi
1925 4694 2024 4749 soli
2046 4693 2273 4764 peccari.
2307 4691 2386 4746 Tu
2413 4689 2559 4748 solus
2594 4688 2844 4752 mederis,
2872 4686 3019 4741 solus
3045 4694 3265 4754 peccata
3293 4684 3372 4739 di-

1778 4788 1985 4842 mittis.
2025 4785 2116 4839 llle
2160 4783 2309 4839 solus
2351 4790 2437 4837 est
2472 4781 2651 4849 justus
2686 4778 2920 4849 punitor,
2946 4776 3034 4846 qui
3081 4776 3134 4829 in
3178 4790 3236 4829 se
3265 4791 3370 4829 non

1794 4876 1956 4931 habet
1980 4873 2119 4944 quod
2164 4872 2438 4943 puniatur,
2468 4879 2523 4925 et
2567 4869 2685 4923 ideo
2726 4868 2819 4921 tibi
2865 4866 2982 4931 soli,
3006 4865 3129 4936 quia
3175 4864 3369 4915 malum

1784 4983 1967 5022 eorum
1992 4976 2040 5019 te
2071 4965 2169 5035 feci
2211 4977 2229 5015 .'
2279 4963 2412 5017 alios
2461 4961 2629 5016 latere
2660 4958 2831 5029 potuit
2858 4966 3137 5027 peccatum
3170 4970 3369 5015 meum,

1794 5068 1845 5113 le
1873 5065 2051 5112 autem
2081 5054 2256 5110 celare
2293 5069 2397 5109 non
2437 5052 2607 5121 potui,
2634 5050 2757 5121 quia
2803 5051 2977 5103 omnia
3002 5058 3119 5101 sunt
3151 5046 3291 5099 nuda
3324 5056 3372 5097 et

1794 5160 1974 5215 aperta
2000 5147 2163 5203 oculis
2192 5148 2296 5202 tuis
2322 5144 2507 5217 (Hebr.
2533 5145 2625 5213 ιν).
2649 5145 2918 5203 lutantum
2941 5143 3031 5196 tibi
3051 5142 3166 5203 soli,
3192 5140 3384 5205 iutanv,

1801 5250 1910 5294 tmn
1942 5250 1995 5295 tu
2016 5254 2080 5294 es
2120 5237 2317 5306 justus,
2342 5246 2397 5291 ut
2434 5236 2743 5305 justiﬁceris
2790 5235 2846 5287 in
2887 5231 3206 5288 sermonibus
3245 5227 3369 5290 tuis,

1800 5334 1853 5387 id
1882 5341 1987 5397 est,
2018 5331 2261 5385 utetiam
2305 5330 2359 5384 in
2401 5330 2722 5385 sermonibus
2766 5327 2867 5381 tuis
2905 5325 3083 5395 justus
3120 5320 3212 5384 sis,
3245 5334 3371 5374 cum

1800 5426 1975 5481 oumis
2004 5424 2163 5480 homo
2187 5433 2384 5493 praeter
2408 5430 2461 5475 te
2494 5421 2565 5476 sit
2591 5419 2840 5483 mendax,
2872 5428 2918 5471 et
2947 5412 3375 5477 vincas,~scilicc‘.

1800 5532 1987 5571 omnes
2002 5515 2303 5584 judicatos;
2331 5527 2517 5569 omnes
2542 5512 2682 5566 enim
2700 5510 2844 5579 justo
2870 5505 3095 5577 iudicari
3124 5514 3372 5574 possunt,

1800 5611 2107 5676 quanquam
2150 5603 2375 5661 multum
2413 5600 2566 5669 justi,
2595 5597 2819 5652 multum
2856 5593 3113 5665 provecti,
3142 5602 3198 5648 tu
3228 5594 3373 5648 solus

1803 5697 2021 5766 injuste,
2042 5694 2167 5764 quia
2188 5692 2336 5749 solus
2356 5707 2384 5745 a
2408 5696 2627 5759 peccato
2649 5687 2922 5741 immunis.
2940 5685 3071 5740 Cum
3090 5684 3370 5755 judicaris,

1803 5803 1835 5842 o
1869 5786 2025 5841 Pater
2066 5786 2120 5840 in
2149 5784 2304 5848 Filio,
2350 5781 2581 5836 Verbum
2628 5778 2681 5832 in
2727 5787 2995 5835 assumpta
3040 5776 3376 5834 immanitate
