3884 5400
479 415 586 476 399

1088 418 1347 476 REMIGH
1385 391 2037 475 aurtssiooonmtsrs
2076 413 2225 472 ore.
2265 386 2462 472 eius.
2507 416 2552 470 ι.
2593 445 2662 456 -
2699 412 3106 470 EXEGETICA.

3634 420 3734 465 ιω

481 538 583 592 hoc
611 535 847 590 futurum
875 535 1136 606 praevidit,
1167 545 1223 588 nt
1256 535 1422 590 Filius
1453 535 1540 589 Dei
1574 535 1780 590 veniret
1817 531 2059 601 judican-
2089 539 2134 598 Α
2163 528 2264 583 sim
2289 529 2419 584 tanti
2438 527 2678 583 criminis
2702 542 2844 582 reus.
2869 527 2933 581 Et
2952 527 3068 581 ideo
3089 526 3344 588 miserere,
3365 517 3497 586 dele,
3517 524 3663 588 lava,
3685 532 3742 580 et

480 628 596 682 dus.
622 627 754 681 Ecce
783 627 918 681 enim
946 627 996 678 in
1025 625 1384 696 iniquitatibus
1425 637 1700 694 conceptus
1728 641 1862 678 sum.
1889 622 2052 690 Quasi

479 718 622 775 dicat
649 738 660 772 :
688 719 753 773 Et
780 735 884 772 non
911 717 1080 773 solum
1099 717 1368 787 judicatus
1396 717 1562 770 vincis
1585 729 1772 769 on‘mcs
1786 714 2054 782 judicatos

478 811 531 864 in
566 808 654 862 tali
689 807 889 864 scelere
915 806 1070 876 quale
1096 821 1271 860 meum
1295 813 1398 870 est,
1426 822 1476 858 ιιι
1509 807 1609 858 hoc
1636 805 1775 872 quod
1798 803 1866 856 illi
1886 803 2050 873 juste,

476 909 535 952 tu
572 885 798 967 injuste;
826 900 916 952 sed
953 898 1114 969 etiam
1161 911 1348 951 omnes
1394 893 1659 961 homines,
1697 894 1822 964 quia
1867 908 2053 949 omnes

475 997 602 1042 sunt
650 998 980 1058 peccatores,
1029 995 1083 1042 tu
1133 995 1310 1042 autem
1344 985 1490 1041 solus
1535 985 1654 1040 sine
1703 992 1940 1054 peccato.
1988 982 2052 1036 Et

479 1078 734 1133 transfert
764 1079 816 1132 in
847 1093 905 1133 se
929 1091 1089 1133 omne
1118 1077 1406 1130 humanum
1440 1090 1608 1146 genus
1635 1092 1646 1128 :
1677 1072 1810 1128 Ecce
1834 1074 1971 1127 enim
1997 1073 2052 1125 in

476 1170 838 1240 iniquitatibus
862 1179 1137 1238 conceptus
1163 1183 1297 1220 sum.
1332 1165 1389 1220 lu
1420 1166 1614 1235 quibus
1639 1163 1909 1234 subjungit
1942 1181 1954 1216 :
1982 1163 2048 1217 Et

476 1259 532 1310 in
560 1259 783 1328 peccwis
814 1259 1042 1326 concepit
1071 1273 1149 1310 me
1189 1266 1356 1310 mater
1387 1272 1523 1321 mea,
1553 1256 1606 1310 id
1633 1263 1737 1319 est,
1770 1258 1822 1308 in
1852 1268 2052 1309 concu-

476 1347 738 1416 piscentia
784 1346 987 1403 carna’ii
1033 1345 1300 1414 concepit.
1330 1344 1459 1412 Qua:
1498 1344 1730 1400 carnalis
1767 1343 2053 1398 delectatio

471 1453 536 1491 ex
570 1444 792 1506 peccato
819 1435 974 1507 primi
1005 1435 1243 1504 parentis
1271 1435 1321 1488 in
1348 1448 1512 1488 carne
1536 1442 1716 1488 tmstra
1745 1433 1907 1503 viget.
1935 1431 2049 1487 Non

473 1526 594 1581 ideo
644 1526 695 1579 iu
730 1525 963 1595 peccatis
1009 1523 1387 1592 concipiuntur
1416 1523 1684 1586 homines,
1713 1522 1834 1590 quia
1864 1535 2051 1590 pecca-

472 1629 584 1673 tum
616 1627 699 1672 est
727 1615 937 1671 misceri
961 1614 1293 1684 conjugibus,
1319 1629 1452 1683 opus
1482 1614 1582 1668 hoc
1610 1622 1814 1667 castum
1842 1612 1895 1666 in
1923 1627 2051 1666 con-

466 1711 594 1781 juge
642 1725 746 1763 non
796 1708 957 1761 habet
991 1705 1218 1775 culpam,
1269 1695 1361 1760 sed
1411 1704 1563 1774 origo
1612 1700 1819 1772 peccati
1867 1716 2047 1756 secum

473 1801 635 1855 trahit
680 1799 829 1868 quasi
867 1813 932 1852 ex
973 1795 1151 1850 radice
1199 1793 1431 1850 debitam
1470 1807 1706 1863 poenam.
1746 1789 1862 1844 Non
1903 1790 2048 1846 enim

2160 629 2295 688 opus
2317 627 2420 684 cst,
2444 619 2567 689 quia
2591 618 2632 673 si
2661 633 2765 672 non
2790 627 2932 672 esset
2956 618 3069 670 haec
3089 630 3224 670 nova
3251 615 3530 683 iniquitas,
3562 623 3736 668 tamen

2160 712 2386 766 haberes
2410 725 2476 766 ex
2508 711 2672 786 veteri
2704 711 2927 765 multum
2959 709 3100 779 quod
3137 709 3190 762 in
3222 722 3306 761 me.
3336 707 3578 777 punires.
3613 704 3746 758 Ecce

2157 803 2292 856 enim
2331 803 2384 856 in
2419 802 2776 873 iniquitatibus
2821 810 3094 870 conceptus
3142 815 3279 864 sum,
3324 808 3370 852 et
3420 798 3476 851 in
3516 798 3742 867 peccatis

2157 892 2385 962 concepit
2411 908 2491 946 me
2510 901 2677 946 mater
2697 907 2830 955 mea,
2861 897 2920 944 ut
2948 904 3128 958 supra.
3155 889 3221 942 Et
3243 888 3343 941 hoc
3363 886 3576 951 dicens,
3604 887 3738 959 quod

2156 979 2209 1033 in
2247 981 2607 1050 iniquitatibus
2643 990 2914 1049 conceptus
2952 994 3090 1042 sum,
3122 993 3227 1033 non
3271 973 3498 1030 refundo
3525 973 3739 1042 culpem

2156 1069 2210 1123 in
2255 1079 2563 1134 auctorem,
2615 1069 2710 1124 sed
2757 1083 2941 1125 veram
2987 1067 3079 1121 tibi
3126 1066 3264 1120 facio
3309 1064 3740 1128 confessionem,

2155 1176 2316 1231 quam
2348 1170 2400 1216 tu
2432 1160 2624 1232 diligis.
2666 1161 2801 1215 Ecce
2829 1161 2967 1214 enim
2996 1160 3257 1214 veritatem
3287 1159 3538 1221 dilexisti,
3586 1157 3641 1210 id
3669 1167 3744 1210 est

2155 1265 2335 1307 veram
2363 1252 2774 1317 confessionem,
2803 1261 2858 1306 ct
2887 1251 3004 1306 ideo
3029 1251 3153 1320 quia
3181 1257 3330 1304 tanta
3367 1258 3452 1305 est
3483 1249 3744 1318 iniquitas

2154 1359 2296 1408 mea,
2323 1345 2584 1398 miserere.
2621 1345 2688 1399 Et
2714 1345 2826 1400 scio
2849 1345 2972 1415 quia
2991 1335 3359 1409 misereberis,
3383 1342 3511 1412 quia
3541 1343 3746 1394 incerta

2153 1443 2201 1488 et
2244 1433 2446 1488 occulta
2482 1435 2749 1505 sapientia:
2791 1445 2894 1490 tua:
2933 1433 3281 1503 manifestasti
3323 1432 3484 1496 mihi;
3514 1431 3748 1500 cognovi

2153 1526 2295 1581 enim
2336 1541 2432 1596 per
2466 1527 2712 1596 spiritum
2749 1527 3030 1583 consilium
3073 1524 3441 1596 dispositionis
3483 1523 3742 1591 antiquze,

2155 1613 2510 1687 reparationis
2546 1635 2725 1686 novae,
2756 1617 3029 1673 felicitatis
3056 1627 3296 1682 aeternae,
3325 1616 3469 1686 quod
3509 1615 3638 1669 aliis
3669 1615 3745 1667 in-

2153 1715 2360 1762 certum
2398 1716 2499 1763 est.
2542 1708 2718 1764 Mittes
2752 1707 2945 1763 Filium
2992 1717 3168 1772 tuum,
3205 1707 3256 1761 in
3300 1721 3407 1775 quo
3449 1705 3615 1760 nobis
3645 1705 3744 1759 erit

2154 1799 2362 1854 occulte
2393 1815 2535 1874 vera
2575 1800 2839 1855 remissio.
2886 1799 2953 1853 Et
2999 1799 3088 1854 illo
3131 1799 3373 1868 ligswpo,
3416 1811 3449 1851 ο
3494 1795 3742 1858 Domine,

469 1891 720 1954 maritus,
753 1889 878 1958 quia
927 1887 1152 1942 maritus
1179 1895 1284 1952 est,
1312 1880 1558 1941 mortalis
1594 1893 1698 1950 est,
1749 1891 1866 1940 erat
1900 1883 2041 1937 enim

2151 1905 2381 1960 asperges
2403 1906 2504 1955 me,
2531 1890 2581 1944 id
2613 1897 2714 1957 est,
2740 1889 3164 1945 conformatione
3187 1887 3330 1942 illius
3355 1886 3447 1956 qui
3467 1886 3744 1957 signiﬁca-

468 1990 525 2036 et
552 1981 809 2035 Dominus
850 1978 1116 2043 mortalis,
1145 1979 1237 2034 sed
1285 1993 1392 2033 non
1438 1976 1504 2032 de
1552 1984 1773 2046 peccato
1817 1975 2052 2045 suscepit

469 2084 682 2140 ptenam
716 2078 978 2135 nostram,
1021 2068 1113 2124 sed
1153 2083 1258 2123 non
1307 2066 1516 2138 culpam
1557 2075 1818 2120 nostram.
1862 2064 2052 2119 Merito

468 2176 598 2232 ergo
644 2161 697 2214 in
735 2160 898 2213 Adam
945 2175 1118 2213 omnes
1167 2157 1484 2224 moriuntur,
1526 2158 1581 2211 in
1626 2154 1830 2212 C‘Irristo
1878 2164 2050 2210 autem

473 2267 650 2304 omnes
674 2249 1069 2318 vivificabuntur
1095 2247 1144 2318 (ι
1172 2246 1296 2302 Cor.
1327 2247 1436 2320 xv).
1460 2248 1600 2318 Ergo
1626 2248 1887 2315 miserere,
1915 2246 2049 2310 dele,

472 2344 689 2408 munda,
730 2352 784 2398 et
827 2357 961 2412 opus
1008 2349 1108 2397 est.
1140 2340 1275 2395 Ecce
1304 2341 1564 2396 veritatem
1589 2340 1842 2404 dilexisti,
1866 2340 1914 2393 id
1947 2348 2046 2403 est,

463 2431 668 2497 justum
689 2430 973 2500 judicium,
1003 2429 1269 2484 intantum
1299 2437 1356 2484 ut
1385 2444 1483 2485 nec
1512 2429 1616 2484 illis
1643 2444 1831 2499 parcas
1858 2429 2051 2498 quibus

468 2520 723 2588 ignoscis,
747 2527 839 2573 aut
863 2518 1004 2574 enim
1035 2518 1104 2573 illi
1133 2517 1372 2589 punient,
1403 2526 1495 2572 aut
1523 2527 1596 2582 tu,
1625 2528 1678 2572 et
1707 2518 1824 2571 ideo
1846 2531 2047 2585 praero-

468 2627 566 2681 gas
592 2610 1040 2675 misericordiam,
1064 2619 1123 2664 ut
1149 2624 1332 2665 serves
1352 2608 1629 2678 judicium,
1659 2608 1889 2692 ignoscis
1917 2623 2048 2663 con-

466 2707 663 2774 litanti,
694 2716 754 2762 ut
780 2716 834 2760 tu
865 2721 969 2760 non
1008 2706 1218 2775 punias,
1251 2707 1346 2759 sed
1399 2703 1633 2773 scipsum
1666 2700 1926 2772 punienti.
1983 2701 2050 2756 Et

469 2800 596 2871 quia
624 2799 886 2854 ceritatem
915 2797 1168 2860 dilexisti,
1193 2797 1317 2867 quia
1344 2795 1544 2850 nullum
1575 2792 1852 2866 peccatum
1878 2794 2050 2864 impu-

467 2893 637 2946 nitum
658 2889 908 2955 dimittis,
931 2887 1243 2959 prcerogasti
1265 2887 1710 2950 misericordiam,
1725 2894 1785 2940 ut
1805 2899 2049 2940 servares

461 2982 742 3051 judicium.
772 2973 906 3034 Nam
938 2979 1102 3033 misso
1131 2978 1388 3048 propheta
1420 2985 1511 3031 tuo
1538 2975 1628 3046 qui
1655 2988 1742 3030 me
1769 2974 2045 3042 corripuit,

468 3071 559 3140 qui
582 3079 863 3140 peccatum
886 3082 1062 3121 meum
1090 3081 1175 3120 me
1193 3080 1519 3136 cognoscere
1548 3064 1677 3119 fecit
1696 3073 1755 3118 ut
1780 3064 2046 3134 punirem,

468 3157 818 3229 manifestasti
841 3157 965 3211 mihi
996 3157 1195 3212 incerta
1216 3167 1262 3211 et
1293 3157 1492 3210 occulta
1523 3156 1795 3225 sapientia:
1823 3165 1948 3217 tutu,
1991 3163 2049 3208 ut

2157 1987 2242 2033 tur
2285 1996 2381 2050 per
2428 1981 2740 2051 hyssOpum.
2790 1979 2925 2034 Nam
2970 1978 3420 2050 quemadmodum
3472 1978 3746 2046 hyssopus

2157 2070 2297 2126 valet
2347 2072 2413 2127 ad
2467 2072 2860 2142 reprimendam
2916 2060 3246 2126 inﬂationem
3300 2069 3615 2140 pulmonis,
3670 2069 3744 2122 sic

2153 2162 2504 2222 cmiformatio
2527 2163 2773 2238 Christi,
2813 2163 2866 2218 id
2904 2172 3006 2228 εει,
3050 2161 3326 2216 humilitas
3356 2159 3499 2213 valet
3541 2161 3615 2212 ad
3647 2173 3739 2212 no-

2152 2268 2320 2314 stram
2356 2257 2658 2327 superbiam
2695 2251 3095 2327 deprimendam
3115 2268 3129 2319 ;
3146 2324 3154 2328 δ
3173 2250 3254 2307 vel
3282 2249 3738 2320 quemadmodum

2153 2348 2367 2419 hyssopi
2403 2347 2691 2402 fasciculus
2715 2347 2967 2401 intinctus
2993 2339 3460 2415 sanguinevilultc
3492 2338 3643 2392 valet
3676 2338 3738 2390 ad

2150 2438 2472 2494 exteriorem
2525 2435 2924 2492 mundationem
2973 2433 3305 2506 leprosorum
3357 2447 3370 2484 :
3423 2430 3500 2484 ita
3549 2427 3744 2483 eﬁ'usio

2151 2526 2426 2597 sanguinis
2449 2525 2646 2581 Christi
2676 2523 2817 2578 valet
2844 2523 2910 2578 ad
2941 2531 3175 2577 nostram
3205 2519 3536 2581 exteriorem
3578 2532 3736 2570 mun-

2151 2617 2446 2672 dationem.
2498 2615 2715 2669 Lavabis
2770 2629 2874 2678 me,
2931 2613 3135 2668 scilicet
3180 2611 3439 2676 exterius,
3486 2619 3538 2663 et
3583 2624 3743 2678 super

2150 2705 2316 2760 nivem
2354 2704 2653 2769 dealbabor,
2685 2703 2890 2759 scilicet
2918 2703 3161 2758 interius.
3207 2701 3380 2756 Aliter
3415 2718 3429 2754 :
3471 2700 3604 2755 ldeo
3642 2701 3739 2753 nii-

2148 2810 2340 2862 serere,
2377 2796 2500 2867 quia
2533 2794 2826 2866 promisisti
2859 2809 3076 2864 regnum
3114 2792 3299 2861 justis,
3335 2807 3468 2863 ergo
3511 2792 3618 2846 nisi
3653 2807 3739 2844 me

2147 2893 2207 2941 et
2249 2886 2383 2942 alios
2425 2885 2718 2955 justifiees,
2771 2884 2972 2939 nullum
3025 2885 3263 2940 invenies
3311 2885 3396 2938 cui
3461 2884 3589 2948 des,
3645 2883 3735 2938 sed

2149 2979 2410 3040 miserere,
2459 2975 2714 3048 justiflca,
2763 2983 2816 3031 et
2863 2976 2966 3031 hoc
3017 2976 3173 3030 modo
3217 2976 3396 3029 vincas
3445 2974 3592 3036 illos,
3644 2975 3734 3044 qui

2149 3078 2346 3139 negant
2389 3067 2506 3122 fieri
2553 3067 2946 3136 reparationem
2980 3075 3099 3136 post
3130 3066 3372 3135 lapsum,
3413 3064 3498 3118 vcl
3535 3068 3626 3136 qui
3659 3067 3734 3119 di-

2149 3167 2279 3214 cunt
2325 3173 2420 3229 pro
2449 3173 2554 3212 uno
2599 3167 2880 3228 peccatore
2925 3166 2974 3211 te
3023 3157 3234 3212 auferre
3281 3172 3502 3228 regnum
3549 3158 3737 3226 justis,

469 3252 632 3307 etiam
666 3259 771 3305 tam
806 3249 1041 3321 graviter
1079 3237 1240 3319 lapsis
1259 3247 1468 3303 veniam
1499 3262 1601 3301 non
1629 3261 1874 3317 negares,
1905 3233 2117 3315 quoth
2152 3251 2266 3305 haec
2305 3258 2388 3304 est
2436 3249 2522 3303 illa
2570 3249 2858 3320 hyssopus,
2905 3248 2991 3302 illa
3039 3249 3328 3304 humilitas.
3365 3249 3591 3314 Auditui
3621 3265 3732 3301 meo

468 3339 777 3410 disposuisti
802 3355 898 3410 per
917 3338 1232 3410 sapientiam
1251 3347 1394 3392 tuam
1411 3351 1514 3407 qua
1532 3337 1799 3393 hominem
1823 3336 2043 3402 creasti,

441 3439 524 3486 ‘et
569 3438 876 3488 creaturam
924 3438 1071 3483 tuam
1107 3429 1161 3483 in
1199 3428 1278 3483 eis
1311 3428 1574 3498 perditam
1612 3428 1901 3493 roborasti,
1927 3443 2045 3496 qua:

468 3531 642 3589 usque
673 3517 848 3576 adhuc
877 3518 996 3573 aliis
1044 3518 1247 3573 incerta
1273 3518 1509 3573 fuerunt.
1539 3518 1596 3573 ln
1629 3533 1735 3588 qua
1763 3517 2045 3573 incertitu-

470 3612 595 3667 dine
619 3610 868 3666 Ninivitac
897 3609 1537 3680 poenitentiam'egerunt.
1567 3611 1828 3666 Dixerunt
1865 3630 1878 3664 :
1913 3609 2044 3674 Quis

467 3702 562 3756 scit
584 3694 982 3755 st’concertatur
999 3709 1045 3754 et
1068 3699 1300 3770 ignoscat
1352 3699 1493 3754 Deus
1519 3698 1658 3770 (Joel
1685 3715 1743 3765 tt;
1773 3699 1898 3753 Jon.
1926 3699 2046 3767 tn)?

469 3793 596 3849 Ηεεε
617 3800 741 3848 sunt
760 3791 850 3846 illa
871 3792 1073 3847 incerta
1100 3808 1113 3845 :
1137 3790 1386 3861 Asperges
1406 3808 1505 3855 me,
1542 3790 1778 3856 Domine,
1805 3792 2041 3860 Ityssopo,

473 3893 521 3937 et
549 3883 862 3948 mundabor,
889 3883 939 3936 id
966 3891 1068 3946 est,
1098 3881 1246 3935 dabit
1276 3880 1406 3936 mihi
1437 3881 1815 3936 humilitatem.
1846 3879 2044 3952 Hysso-
2070 3903 2075 3916 ι

475 3987 574 4042 pus
599 3973 763 4027 herba
787 3980 872 4026 est
891 3986 1009 4041 quae
1032 3970 1334 4040 pulmonem
1358 3981 1544 4042 purgat
1574 3989 1588 4024 :
1616 3979 1672 4024 et
1697 3979 1775 4026 est
1804 3971 2040 4026 humilis.

472 4065 530 4118 lu
556 4062 818 4131 pulmone
855 4062 945 4132 qui
989 4059 1224 4125 inﬂatur,
1256 4060 1432 4115 tumor
1463 4061 1726 4128 superbiae
1759 4061 2042 4131 accipitur,

472 4160 659 4208 contra
680 4156 847 4222 quem
880 4152 1126 4206 morbum
1165 4149 1442 4205 humilitas
1469 4152 1788 4207 medicinam
1818 4153 2040 4222 praebet,

474 4243 530 4297 id
571 4251 673 4309 est,
699 4241 1006 4297 humilitate
1051 4249 1106 4295 et
1134 4241 1400 4296 charitate
1432 4250 1483 4297 te
1523 4242 1836 4312 amplectar,
1866 4253 1925 4297 ut
1955 4235 2075 4298 illa.

471 4334 638 4390 herba
663 4335 902 4389 adlneret
922 4347 1081 4400 saxo;
1108 4332 1402 4388 confitebOr
1425 4333 1518 4389 tibi
1541 4345 1819 4404 peccatum
1840 4348 2042 4402 meum,

473 4444 576 4483 non
631 4428 936 4494 defendam,
966 4428 1262 4498 displicebo
1306 4428 1461 4494 mihi,
1514 4439 1572 4484 ut
1629 4429 1724 4486 tibi
1778 4429 2069 4502 placeam;

473 4520 669 4573 lavabis
712 4531 812 4584 me,
845 4518 1022 4572 taliter
1050 4517 1384 4591 aSpergendo
1431 4533 1459 4572 a
1510 4514 1746 4588 peccatis
1785 4519 1939 4574 meis.
1973 4519 2070 4573 Et

471 4627 628 4680 super
655 4611 819 4663 nivem
859 4606 1157 4674 dealba‘bor,
1188 4608 1310 4677 quia
1362 4607 1505 4663 intus
1546 4609 1598 4662 in
1636 4609 1813 4665 anima
1846 4624 1860 4660 :
1891 4610 2044 4680 cujus

480 4696 654 4765 major
699 4703 782 4750 est
831 4694 1026 4750 lavatio
1054 4711 1213 4764 quam
1259 4697 1524 4765 corporis,
1565 4697 1705 4752 sicut
1749 4696 1922 4767 majus
1962 4707 2046 4753 est

481 4788 659 4840 anima
691 4801 850 4856 quam
877 4802 1070 4856 corpus
1118 4786 1325 4842 Aliter:
1355 4787 1468 4841 Tibi
1489 4789 1588 4843 soli
1609 4791 1833 4860 peccavi,
1859 4800 1906 4844 et
1933 4807 2045 4844 ma-

476 4881 587 4931 lum
632 4894 808 4931 coram
839 4886 887 4932 te
934 4876 1052 4945 feci.
1084 4876 1186 4930 Alii
1239 4878 1283 4932 si
1326 4887 1550 4947 peccant
1596 4880 1706 4951 regi
1751 4881 1841 4952 qui
1881 4881 2043 4952 judex

475 4969 681 5038 positus
735 4975 841 5033 est,
889 4975 1111 5037 peccant
1159 4975 1214 5022 et
1261 4966 1400 5033 Deo;
1454 4984 1548 5024 rex
1594 4969 1639 5024 si
1689 4978 1897 5040 peccat,
1946 4971 2042 5024 soli

478 5062 588 5116 Deo
618 5067 826 5129 peccat,
851 5059 978 5128 quia
1021 5057 1167 5112 solus
1207 5059 1346 5113 Deus
1390 5060 1538 5129 punit
1573 5075 1716 5114 eum.
1764 5060 1904 5130 Ergo
1949 5061 2048 5114 mi-

475 5165 669 5204 serere.
715 5147 960 5204 Domine.
991 5147 1112 5200 mei.
1170 5157 1224 5198 ut
1284 5146 1581 5196 iustiﬁcari;
1629 5148 1682 5190 in
1731 5149 2048 5198 ιονιηοηίιηη

2146 3342 2296 3396 dabis
2348 3341 2598 3412 gaudium
2651 3355 2670 3394 :
2722 3341 2965 3411 gaudebo
3015 3341 3202 3395 audire
3251 3341 3734 3409 reprehensionem

2148 3443 2317 3496 tuam,
2351 3443 2404 3488 et
2436 3449 2540 3488 non
2569 3433 2711 3502 loqui
2743 3443 2933 3488 contra
2972 3441 3044 3499 le,
3082 3447 3188 3486 non
3220 3431 3508 3486 defendere
3545 3448 3730 3502 ρεεεδ-

2149 3531 2279 3576 ιιιιιι.
2308 3521 2720 3577 Unde'Joannes
2746 3539 2758 3575 :
2787 3521 2999 3575 Anticus
3023 3531 3193 3575 autem
3220 3522 3398 3590 sponsi
3424 3531 3541 3575 stat.
3559 3532 3605 3576 et
3633 3539 3704 3575 an

2145 3616 2238 3678 dit,
2281 3624 2326 3669 et
2351 3615 2544 3686 gaudio
2574 3615 2762 3685 gaudet
2793 3614 2974 3685 (Joan.
3003 3614 3104 3685 ιιι).
3138 3614 3260 3669 Haec
3285 3622 3369 3669 est
3395 3630 3520 3670 vera
3553 3616 3730 3670 humi-

2147 3703 2288 3768 litas,
2320 3703 2422 3758 sibi
2449 3704 2734 3774 displicere
2760 3713 2819 3758 ut
2846 3703 3054 3774 placeat
3075 3703 3203 3768 Deo,
3233 3705 3494 3774 quidquid
3520 3705 3728 3775 peccati

2145 3804 2258 3860 est,
2301 3797 2398 3851 sibi
2445 3797 2710 3867 imputare
2747 3815 2761 3852 :
2801 3798 3057 3868 quidquid
3095 3798 3336 3868 justitize,
3370 3799 3500 3854 Deo.
3547 3799 3607 3852 Et
3637 3816 3730 3856 cx-

2145 3887 2409 3941 sultabunt
2462 3904 2578 3942 ossa
2633 3888 2909 3943 Itumiliata
2964 3906 2982 3943 :
3039 3889 3216 3944 anima
3270 3903 3390 3945 mea
3449 3890 3726 3944 humiliata

2145 3967 2427 4048 gaudebit,
2471 3996 2592 4050 quae
2634 3996 2731 4051 per
2775 3980 3079 4051 superbiam
3128 3981 3182 4035 in
3228 3995 3516 4037 maerorem
3563 3983 3724 4035 venit.

2145 4069 2315 4123 Aliter
2345 4087 2358 4123 :
2394 4069 2460 4124 Et
2487 4070 2698 4125 tandem
2728 4078 2848 4140 post
2875 4069 3020 4124 illam
3057 4069 3459 4124 inundationem
3495 4077 3548 4123 et
3583 4069 3731 4122 lava-

2147 4157 2369 4224 tionem,
2413 4159 2620 4213 auditui
2663 4175 2775 4212 meo
2824 4159 2972 4213 dabis
3025 4158 3296 4229 gaudium,
3343 4169 3404 4213 ut
3448 4159 3660 4215 audiam
3708 4177 3723 4211 :

2154 4246 2350 4312 Venite,
2378 4248 2628 4302 benedicti
2653 4246 2829 4302 Patris
2857 4249 2975 4314 mei,
2999 4249 3243 4319 percipite
3267 4265 3483 4320 regnum
3511 4248 3720 4320 (Matth.

2146 4339 2257 4409 xv).
2287 4336 2350 4391 Et
2376 4349 2495 4392 tunc
2521 4337 2849 4393 exsultabant
2879 4356 2997 4394 ossa
3022 4340 3318 4405 humiliata,
3347 4341 3398 4395 id
3425 4351 3527 4405 est,
3558 4342 3724 4394 virtu-

2148 4441 2227 4484 tes
2267 4445 2405 4484 nuuc
2443 4430 2732 4485 humiliane
2759 4441 2813 4485 et
2855 4429 3009 4487 facile
3049 4433 3408 4498 revincibiles,
3455 4433 3528 4488 ibi
3569 4443 3723 4488 erunt

2149 4521 2315 4576 fortes
2341 4531 2395 4576 et
2441 4521 2797 4577 invincibiles.
2848 4521 2913 4575 Et
2955 4530 3015 4576 ut
3059 4537 3180 4578 ossa
3219 4522 3515 4589 exsultent,
3562 4533 3722 4576 auerte

2149 4613 2334 4683 faciem
2374 4621 2518 4665 tuam
2559 4629 2590 4665 a
2629 4613 2850 4682 peccatis
2891 4613 3040 4678 meis,
3089 4613 3142 4667 id
3186 4622 3299 4678 est,
3345 4612 3466 4668 dele
3511 4625 3722 4682 peccata

2151 4719 2292 4770 mea,
2326 4712 2386 4759 ut
2423 4721 2485 4759 ea
2515 4719 2619 4759 non
2651 4704 2874 4761 tandem
2903 4706 3115 4775 punias.
3149 4706 3341 4762 Merito
3377 4718 3534 4778 rogat
3564 4708 3720 4762 Deum

2151 4805 2391 4851 avertere
2420 4794 2606 4850 faciem
2635 4809 2665 4849 a
2696 4797 2931 4866 peccatis
2960 4797 3094 4863 suis,
3123 4797 3214 4867 qui
3246 4797 3372 4853 inde
3402 4813 3512 4854 non
3540 4797 3724 4854 avertit

2150 4883 2340 4939 faciem
2387 4901 2563 4952 suam,
2595 4901 2626 4940 a
2671 4888 2906 4956 peccatis
2936 4897 3115 4943 autem
3157 4888 3375 4954 faciem,
3422 4903 3715 4945 nonIame.

2151 4975 2220 5030 Et
2265 4993 2368 5032 non
2406 4979 2577 5034 Solum
2619 4980 2686 5035 ab
2724 4980 2808 5034 his
2841 4981 3078 5049 peccatis
3114 4995 3234 5050 quae
3273 4980 3436 5035 modo
3473 4981 3614 5046 feci,
3635 4981 3720 5034 sed

2153 5085 2328 5123 omnes
2366 5071 2664 5141 iniquitates
2688 5087 2848 5126 enicas
2884 5071 3018 5137 dele,
3051 5073 3339 5142 originales
3375 5083 3434 5127 et
3472 5073 3716 5128 actuales.

2155 5159 2264 5204 "nc
2291 5161 2448 5212 modo
2471 5161 2582 5210 dele
2605 5178 2622 5208 .-
2650 5161 2753 5208 Car
2781 5162 3032 5208 mundum
3059 5178 3175 5212 crea
3200 5164 3255 5216 in
3279 5178 3389 5222 nte,
3411 5163 3583 5230 Dens,
3610 5164 3719 5232 quia
