  <div class='ocr_page' id='page_1' title='image "/cluster/home/n/w/nwhite01/storage/ocr_20150623/131/hvd.32044015471725/206.png"; bbox 0 0 3918 6418; ppageno 0'>
   <div class='ocr_carea' id='block_1_1' title="bbox 199 413 308 471">
    <p class='ocr_par' dir='ltr' id='par_1_1' title="bbox 199 413 308 471">
     <span class='ocr_line' id='line_1_1' title="bbox 199 413 308 471; baseline -0.009 0"><span class='ocrx_word' id='word_1_1' title='bbox 199 413 308 471; x_wconf 77' lang='grc' dir='ltr'><strong>ιοι</strong></span> 
     </span>
    </p>
   </div>
   <div class='ocr_carea' id='block_1_2' title="bbox 1345 408 2342 472">
    <p class='ocr_par' dir='ltr' id='par_1_2' title="bbox 1345 408 2342 472">
     <span class='ocr_line' id='line_1_2' title="bbox 1345 408 2342 472; baseline -0.003 -2"><span class='ocrx_word' id='word_1_2' title='bbox 1345 408 1872 470; x_wconf 58' lang='lat' dir='ltr'><strong>EINARRATIONES</strong></span> <span class='ocrx_word' id='word_1_3' title='bbox 1909 411 1975 466; x_wconf 83' lang='lat' dir='ltr'><strong>IN</strong></span> <span class='ocrx_word' id='word_1_4' title='bbox 2012 411 2342 472; x_wconf 81' lang='lat' dir='ltr'><strong>PSALMOS.</strong></span> 
     </span>
    </p>
   </div>
   <div class='ocr_carea' id='block_1_3' title="bbox 3352 414 3457 470">
    <p class='ocr_par' dir='ltr' id='par_1_3' title="bbox 3352 414 3457 470">
     <span class='ocr_line' id='line_1_3' title="bbox 3352 414 3457 470; baseline 0 -1"><span class='ocrx_word' id='word_1_5' title='bbox 3352 414 3457 470; x_wconf 72' lang='grc'><strong>402</strong></span> 
     </span>
    </p>
   </div>
   <div class='ocr_carea' id='block_1_4' title="bbox 201 516 3458 597">
    <p class='ocr_par' dir='ltr' id='par_1_4' title="bbox 201 516 3458 597">
     <span class='ocr_line' id='line_1_4' title="bbox 201 516 3458 597; baseline -0.001 -17"><span class='ocrx_word' id='word_1_6' title='bbox 201 527 426 597; x_wconf 80' lang='lat' dir='ltr'><strong>auferas</strong></span> <span class='ocrx_word' id='word_1_7' title='bbox 450 543 480 580; x_wconf 91' lang='lat' dir='ltr'><strong>a</strong></span> <span class='ocrx_word' id='word_1_8' title='bbox 511 543 611 582; x_wconf 88' lang='lat' dir='ltr'><strong>me.</strong></span> <span class='ocrx_word' id='word_1_9' title='bbox 637 525 810 581; x_wconf 80' lang='lat' dir='ltr'><strong>Redde</strong></span> <span class='ocrx_word' id='word_1_10' title='bbox 833 528 957 582; x_wconf 82' lang='lat' dir='ltr'><strong>mihi</strong></span> <span class='ocrx_word' id='word_1_11' title='bbox 980 527 1215 583; x_wconf 79' lang='lat' dir='ltr'><strong>lwtitiam</strong></span> <span class='ocrx_word' id='word_1_12' title='bbox 1237 527 1484 580; x_wconf 86' lang='lat' dir='ltr'><strong>salutaris</strong></span> <span class='ocrx_word' id='word_1_13' title='bbox 1512 527 1607 579; x_wconf 87' lang='lat' dir='ltr'><strong>tui.</strong></span> <span class='ocrx_word' id='word_1_14' title='bbox 1637 523 1790 580; x_wconf 83' lang='lat' dir='ltr'><strong>Sole-</strong></span> <span class='ocrx_word' id='word_1_15' title='bbox 1821 525 1868 584; x_wconf 80' lang='grc' dir='ltr'><strong>Α</strong></span> <span class='ocrx_word' id='word_1_16' title='bbox 1898 540 1987 581; x_wconf 88' lang='lat' dir='ltr'><strong>ras</strong></span> <span class='ocrx_word' id='word_1_17' title='bbox 2016 536 2062 580; x_wconf 89' lang='lat' dir='ltr'><strong>et</strong></span> <span class='ocrx_word' id='word_1_18' title='bbox 2091 527 2394 581; x_wconf 75' lang='lat' dir='ltr'><strong>holocausta</strong></span> <span class='ocrx_word' id='word_1_19' title='bbox 2424 541 2567 590; x_wconf 79' lang='lat' dir='ltr'><strong>vera,</strong></span> <span class='ocrx_word' id='word_1_20' title='bbox 2593 516 2712 580; x_wconf 84' lang='lat' dir='ltr'><strong>cum</strong></span> <span class='ocrx_word' id='word_1_21' title='bbox 2764 535 2929 580; x_wconf 90' lang='lat' dir='ltr'><strong>lotum</strong></span> <span class='ocrx_word' id='word_1_22' title='bbox 2973 525 3226 584; x_wconf 67' lang='lat' dir='ltr'><strong>absumet,</strong></span> <span class='ocrx_word' id='word_1_23' title='bbox 3246 524 3458 580; x_wconf 80' lang='lat' dir='ltr'><strong>flamma</strong></span> 
     </span>
    </p>
   </div>
   <div class='ocr_carea' id='block_1_5' title="bbox 199 613 1790 687">
    <p class='ocr_par' dir='ltr' id='par_1_5' title="bbox 199 613 1790 687">
     <span class='ocr_line' id='line_1_5' title="bbox 199 613 1790 687; baseline -0.002 -16"><span class='ocrx_word' id='word_1_24' title='bbox 199 619 337 671; x_wconf 64' lang='lat' dir='ltr'><strong>liam</strong></span> <span class='ocrx_word' id='word_1_25' title='bbox 384 618 513 672; x_wconf 88' lang='lat' dir='ltr'><strong>mihi</strong></span> <span class='ocrx_word' id='word_1_26' title='bbox 555 617 878 687; x_wconf 86' lang='lat' dir='ltr'><strong>applandere</strong></span> <span class='ocrx_word' id='word_1_27' title='bbox 919 618 984 673; x_wconf 85' lang='lat' dir='ltr'><strong>de</strong></span> <span class='ocrx_word' id='word_1_28' title='bbox 1021 616 1327 687; x_wconf 86' lang='lat' dir='ltr'><strong>cognitione</strong></span> <span class='ocrx_word' id='word_1_29' title='bbox 1371 615 1631 669; x_wconf 85' lang='lat' dir='ltr'><strong>adventus</strong></span> <span class='ocrx_word' id='word_1_30' title='bbox 1670 613 1790 668; x_wconf 84' lang='lat' dir='ltr'><strong>Filii</strong></span> 
     </span>
    </p>
   </div>
   <div class='ocr_carea' id='block_1_6' title="bbox 171 706 1790 778">
    <p class='ocr_par' dir='ltr' id='par_1_6' title="bbox 171 706 1790 778">
     <span class='ocr_line' id='line_1_6' title="bbox 171 706 1790 778; baseline 0 -19"><span class='ocrx_word' id='word_1_31' title='bbox 171 707 308 770; x_wconf 77' lang='lat' dir='ltr'><strong>&#39;tui,</strong></span> <span class='ocrx_word' id='word_1_32' title='bbox 341 709 430 762; x_wconf 86' lang='lat' dir='ltr'><strong>sed</strong></span> <span class='ocrx_word' id='word_1_33' title='bbox 454 723 596 763; x_wconf 90' lang='lat' dir='ltr'><strong>nunc</strong></span> <span class='ocrx_word' id='word_1_34' title='bbox 627 723 731 762; x_wconf 88' lang='lat' dir='ltr'><strong>non</strong></span> <span class='ocrx_word' id='word_1_35' title='bbox 761 717 842 763; x_wconf 91' lang='lat' dir='ltr'><strong>est</strong></span> <span class='ocrx_word' id='word_1_36' title='bbox 865 709 1226 778; x_wconf 86' lang='lat' dir='ltr'><strong>gaudendum,</strong></span> <span class='ocrx_word' id='word_1_37' title='bbox 1252 722 1373 762; x_wconf 90' lang='lat' dir='ltr'><strong>cum</strong></span> <span class='ocrx_word' id='word_1_38' title='bbox 1395 706 1497 762; x_wconf 88' lang='lat' dir='ltr'><strong>sim</strong></span> <span class='ocrx_word' id='word_1_39' title='bbox 1531 706 1790 776; x_wconf 78' lang='lat' dir='ltr'><strong>iniustus;</strong></span> 
     </span>
    </p>
   </div>
   <div class='ocr_carea' id='block_1_7' title="bbox 199 797 1794 868">
    <p class='ocr_par' dir='ltr' id='par_1_7' title="bbox 199 797 1794 868">
     <span class='ocr_line' id='line_1_7' title="bbox 199 797 1794 868; baseline 0.001 -17"><span class='ocrx_word' id='word_1_40' title='bbox 199 799 334 852; x_wconf 88' lang='lat' dir='ltr'><strong>ideo</strong></span> <span class='ocrx_word' id='word_1_41' title='bbox 357 799 616 868; x_wconf 84' lang='lat' dir='ltr'><strong>justiflea,</strong></span> <span class='ocrx_word' id='word_1_42' title='bbox 639 809 698 853; x_wconf 92' lang='lat' dir='ltr'><strong>ut</strong></span> <span class='ocrx_word' id='word_1_43' title='bbox 728 799 796 854; x_wconf 91' lang='lat' dir='ltr'><strong>de</strong></span> <span class='ocrx_word' id='word_1_44' title='bbox 823 800 912 854; x_wconf 92' lang='lat' dir='ltr'><strong>illo</strong></span> <span class='ocrx_word' id='word_1_45' title='bbox 943 801 1173 855; x_wconf 88' lang='lat' dir='ltr'><strong>adventu</strong></span> <span class='ocrx_word' id='word_1_46' title='bbox 1205 799 1412 855; x_wconf 77' lang='lat' dir='ltr'><strong>valeam</strong></span> <span class='ocrx_word' id='word_1_47' title='bbox 1444 797 1614 853; x_wconf 65' lang='lat' dir='ltr'><strong>laetari</strong></span> <span class='ocrx_word' id='word_1_48' title='bbox 1640 817 1654 851; x_wconf 90' lang='lat'><strong>:</strong></span> <span class='ocrx_word' id='word_1_49' title='bbox 1681 798 1794 868; x_wconf 87' lang='lat' dir='ltr'><strong>ipse</strong></span> 
     </span>
    </p>
   </div>
   <div class='ocr_carea' id='block_1_8' title="bbox 200 888 1790 960">
    <p class='ocr_par' dir='ltr' id='par_1_8' title="bbox 200 888 1790 960">
     <span class='ocr_line' id='line_1_8' title="bbox 200 888 1790 960; baseline 0 -18"><span class='ocrx_word' id='word_1_50' title='bbox 200 905 357 944; x_wconf 81' lang='lat' dir='ltr'><strong>enim</strong></span> <span class='ocrx_word' id='word_1_51' title='bbox 393 889 460 944; x_wconf 89' lang='lat' dir='ltr'><strong>ab</strong></span> <span class='ocrx_word' id='word_1_52' title='bbox 483 889 670 946; x_wconf 83' lang='lat' dir='ltr'><strong>inferis</strong></span> <span class='ocrx_word' id='word_1_53' title='bbox 691 899 774 946; x_wconf 91' lang='lat' dir='ltr'><strong>est</strong></span> <span class='ocrx_word' id='word_1_54' title='bbox 793 892 1084 946; x_wconf 75' lang='lat' dir='ltr'><strong>educturus</strong></span> <span class='ocrx_word' id='word_1_55' title='bbox 1113 906 1240 947; x_wconf 91' lang='lat' dir='ltr'><strong>suos</strong></span> <span class='ocrx_word' id='word_1_56' title='bbox 1261 905 1395 960; x_wconf 90' lang='lat' dir='ltr'><strong>quos</strong></span> <span class='ocrx_word' id='word_1_57' title='bbox 1428 888 1500 944; x_wconf 86' lang='lat' dir='ltr'><strong>ibi</strong></span> <span class='ocrx_word' id='word_1_58' title='bbox 1535 888 1790 943; x_wconf 87' lang='lat' dir='ltr'><strong>inveniet.</strong></span> 
     </span>
    </p>
   </div>
   <div class='ocr_carea' id='block_1_9' title="bbox 201 977 1792 1052">
    <p class='ocr_par' dir='ltr' id='par_1_9' title="bbox 201 977 1792 1052">
     <span class='ocr_line' id='line_1_9' title="bbox 201 977 1792 1052; baseline 0.001 -21"><span class='ocrx_word' id='word_1_59' title='bbox 201 977 278 1032; x_wconf 81' lang='lat' dir='ltr'><strong>Et</strong></span> <span class='ocrx_word' id='word_1_60' title='bbox 320 981 375 1036; x_wconf 85' lang='lat' dir='ltr'><strong>in</strong></span> <span class='ocrx_word' id='word_1_61' title='bbox 420 981 523 1036; x_wconf 86' lang='lat' dir='ltr'><strong>hac</strong></span> <span class='ocrx_word' id='word_1_62' title='bbox 570 981 753 1036; x_wconf 63' lang='lat' dir='ltr'><strong>lattitia</strong></span> <span class='ocrx_word' id='word_1_63' title='bbox 794 982 980 1052; x_wconf 88' lang='lat' dir='ltr'><strong>spiritu</strong></span> <span class='ocrx_word' id='word_1_64' title='bbox 1029 981 1326 1052; x_wconf 75' lang='lat' dir='ltr'><strong>principali,</strong></span> <span class='ocrx_word' id='word_1_65' title='bbox 1380 980 1433 1036; x_wconf 89' lang='lat' dir='ltr'><strong>id</strong></span> <span class='ocrx_word' id='word_1_66' title='bbox 1471 986 1556 1035; x_wconf 92' lang='lat' dir='ltr'><strong>est</strong></span> <span class='ocrx_word' id='word_1_67' title='bbox 1590 978 1792 1048; x_wconf 89' lang='lat' dir='ltr'><strong>Spiritu</strong></span> 
     </span>
    </p>
   </div>
   <div class='ocr_carea' id='block_1_10' title="bbox 199 1069 1792 1141">
    <p class='ocr_par' dir='ltr' id='par_1_10' title="bbox 199 1069 1792 1141">
     <span class='ocr_line' id='line_1_10' title="bbox 199 1069 1792 1141; baseline -0.001 -17"><span class='ocrx_word' id='word_1_68' title='bbox 199 1079 420 1134; x_wconf 87' lang='lat' dir='ltr'><strong>sancto,</strong></span> <span class='ocrx_word' id='word_1_69' title='bbox 448 1071 539 1141; x_wconf 90' lang='lat' dir='ltr'><strong>qui</strong></span> <span class='ocrx_word' id='word_1_70' title='bbox 569 1071 790 1140; x_wconf 76' lang='lat' dir='ltr'><strong>spiritus</strong></span> <span class='ocrx_word' id='word_1_71' title='bbox 812 1081 896 1126; x_wconf 90' lang='lat' dir='ltr'><strong>est</strong></span> <span class='ocrx_word' id='word_1_72' title='bbox 921 1071 1159 1126; x_wconf 89' lang='lat' dir='ltr'><strong>omnium</strong></span> <span class='ocrx_word' id='word_1_73' title='bbox 1191 1071 1452 1126; x_wconf 88' lang='lat' dir='ltr'><strong>bonorum</strong></span> <span class='ocrx_word' id='word_1_74' title='bbox 1487 1069 1792 1139; x_wconf 84' lang='lat' dir='ltr'><strong>spirituum,</strong></span> 
     </span>
    </p>
   </div>
   <div class='ocr_carea' id='block_1_11' title="bbox 198 1157 1792 1229">
    <p class='ocr_par' dir='ltr' id='par_1_11' title="bbox 198 1157 1792 1229">
     <span class='ocr_line' id='line_1_11' title="bbox 198 1157 1792 1229; baseline 0.001 -18"><span class='ocrx_word' id='word_1_75' title='bbox 198 1159 464 1227; x_wconf 82' lang='lat' dir='ltr'><strong>conﬁrma</strong></span> <span class='ocrx_word' id='word_1_76' title='bbox 503 1177 602 1214; x_wconf 87' lang='lat' dir='ltr'><strong>me.</strong></span> <span class='ocrx_word' id='word_1_77' title='bbox 636 1159 823 1214; x_wconf 81' lang='lat' dir='ltr'><strong>Nullus</strong></span> <span class='ocrx_word' id='word_1_78' title='bbox 849 1159 1046 1214; x_wconf 85' lang='lat' dir='ltr'><strong>salvari</strong></span> <span class='ocrx_word' id='word_1_79' title='bbox 1074 1168 1252 1229; x_wconf 83' lang='lat' dir='ltr'><strong>potest</strong></span> <span class='ocrx_word' id='word_1_80' title='bbox 1286 1161 1401 1215; x_wconf 88' lang='lat' dir='ltr'><strong>sine</strong></span> <span class='ocrx_word' id='word_1_81' title='bbox 1429 1159 1519 1214; x_wconf 89' lang='lat' dir='ltr'><strong>illo</strong></span> <span class='ocrx_word' id='word_1_82' title='bbox 1548 1157 1792 1223; x_wconf 84' lang='lat' dir='ltr'><strong>salutari,</strong></span> 
     </span>
    </p>
   </div>
   <div class='ocr_carea' id='block_1_12' title="bbox 175 1249 1794 1322">
    <p class='ocr_par' dir='ltr' id='par_1_12' title="bbox 175 1249 1794 1322">
     <span class='ocr_line' id='line_1_12' title="bbox 175 1249 1794 1322; baseline 0.001 -20"><span class='ocrx_word' id='word_1_83' title='bbox 175 1249 279 1302; x_wconf 72' lang='lat' dir='ltr'><strong>ita</strong></span> <span class='ocrx_word' id='word_1_84' title='bbox 337 1250 482 1304; x_wconf 89' lang='lat' dir='ltr'><strong>enim</strong></span> <span class='ocrx_word' id='word_1_85' title='bbox 533 1265 560 1303; x_wconf 89' lang='lat' dir='ltr'><strong>a</strong></span> <span class='ocrx_word' id='word_1_86' title='bbox 613 1251 814 1306; x_wconf 81' lang='lat' dir='ltr'><strong>sanctis</strong></span> <span class='ocrx_word' id='word_1_87' title='bbox 864 1251 1108 1321; x_wconf 86' lang='lat' dir='ltr'><strong>patribus</strong></span> <span class='ocrx_word' id='word_1_88' title='bbox 1159 1249 1484 1322; x_wconf 81' lang='lat' dir='ltr'><strong>dispensatio</strong></span> <span class='ocrx_word' id='word_1_89' title='bbox 1534 1256 1794 1319; x_wconf 85' lang='lat' dir='ltr'><strong>susceptae</strong></span> 
     </span>
    </p>
   </div>
   <div class='ocr_carea' id='block_1_13' title="bbox 169 1340 1791 1409">
    <p class='ocr_par' dir='ltr' id='par_1_13' title="bbox 169 1340 1791 1409">
     <span class='ocr_line' id='line_1_13' title="bbox 169 1340 1791 1409; baseline 0.002 -16"><span class='ocrx_word' id='word_1_90' title='bbox 169 1341 394 1396; x_wconf 84' lang='lat' dir='ltr'><strong>carnis</strong></span> <span class='ocrx_word' id='word_1_91' title='bbox 435 1342 776 1409; x_wconf 86' lang='lat' dir='ltr'><strong>credebatur,</strong></span> <span class='ocrx_word' id='word_1_92' title='bbox 803 1351 919 1398; x_wconf 88' lang='lat' dir='ltr'><strong>uta</strong></span> <span class='ocrx_word' id='word_1_93' title='bbox 951 1343 1105 1399; x_wconf 88' lang='lat' dir='ltr'><strong>nobis</strong></span> <span class='ocrx_word' id='word_1_94' title='bbox 1150 1343 1290 1398; x_wconf 85' lang='lat' dir='ltr'><strong>facta</strong></span> <span class='ocrx_word' id='word_1_95' title='bbox 1332 1342 1587 1398; x_wconf 89' lang='lat' dir='ltr'><strong>creditur.</strong></span> <span class='ocrx_word' id='word_1_96' title='bbox 1630 1340 1791 1409; x_wconf 85' lang='lat' dir='ltr'><strong>Quasi</strong></span> 
     </span>
    </p>
   </div>
   <div class='ocr_carea' id='block_1_14' title="bbox 197 1433 1793 1508">
    <p class='ocr_par' dir='ltr' id='par_1_14' title="bbox 197 1433 1793 1508">
     <span class='ocr_line' id='line_1_14' title="bbox 197 1433 1793 1508; baseline 0.001 -21"><span class='ocrx_word' id='word_1_97' title='bbox 197 1433 352 1488; x_wconf 83' lang='lat' dir='ltr'><strong>dicat</strong></span> <span class='ocrx_word' id='word_1_98' title='bbox 380 1449 396 1488; x_wconf 88' lang='lat'><strong>:</strong></span> <span class='ocrx_word' id='word_1_99' title='bbox 430 1435 495 1491; x_wconf 87' lang='lat' dir='ltr'><strong>Et</strong></span> <span class='ocrx_word' id='word_1_100' title='bbox 526 1451 632 1505; x_wconf 91' lang='lat' dir='ltr'><strong>quo</strong></span> <span class='ocrx_word' id='word_1_101' title='bbox 667 1435 843 1491; x_wconf 92' lang='lat' dir='ltr'><strong>fructu</strong></span> <span class='ocrx_word' id='word_1_102' title='bbox 875 1437 978 1492; x_wconf 91' lang='lat' dir='ltr'><strong>hoc</strong></span> <span class='ocrx_word' id='word_1_103' title='bbox 1010 1436 1186 1508; x_wconf 85' lang='lat' dir='ltr'><strong>petis?</strong></span> <span class='ocrx_word' id='word_1_104' title='bbox 1214 1436 1423 1508; x_wconf 84' lang='lat' dir='ltr'><strong>Magno.</strong></span> <span class='ocrx_word' id='word_1_105' title='bbox 1457 1435 1660 1491; x_wconf 85' lang='lat' dir='ltr'><strong>Docebo</strong></span> <span class='ocrx_word' id='word_1_106' title='bbox 1688 1435 1793 1490; x_wconf 88' lang='lat' dir='ltr'><strong>ini-</strong></span> 
     </span>
    </p>
   </div>
   <div class='ocr_carea' id='block_1_15' title="bbox 196 1525 1795 1597">
    <p class='ocr_par' dir='ltr' id='par_1_15' title="bbox 196 1525 1795 1597">
     <span class='ocr_line' id='line_1_15' title="bbox 196 1525 1795 1597; baseline 0.003 -21"><span class='ocrx_word' id='word_1_107' title='bbox 196 1541 334 1593; x_wconf 79' lang='lat' dir='ltr'><strong>quos</strong></span> <span class='ocrx_word' id='word_1_108' title='bbox 374 1525 484 1580; x_wconf 79' lang='lat' dir='ltr'><strong>eius</strong></span> <span class='ocrx_word' id='word_1_109' title='bbox 524 1535 641 1580; x_wconf 88' lang='lat' dir='ltr'><strong>tuas</strong></span> <span class='ocrx_word' id='word_1_110' title='bbox 676 1543 694 1580; x_wconf 91' lang='lat'><strong><em>:</em></strong></span> <span class='ocrx_word' id='word_1_111' title='bbox 735 1527 918 1597; x_wconf 83' lang='lat' dir='ltr'><strong>injusti</strong></span> <span class='ocrx_word' id='word_1_112' title='bbox 962 1543 1082 1583; x_wconf 91' lang='lat' dir='ltr'><strong>meo</strong></span> <span class='ocrx_word' id='word_1_113' title='bbox 1108 1527 1354 1597; x_wconf 81' lang='lat' dir='ltr'><strong>exemplo</strong></span> <span class='ocrx_word' id='word_1_114' title='bbox 1393 1539 1498 1582; x_wconf 89' lang='lat' dir='ltr'><strong>non</strong></span> <span class='ocrx_word' id='word_1_115' title='bbox 1544 1526 1795 1596; x_wconf 82' lang='lat' dir='ltr'><strong>despera-</strong></span> 
     </span>
    </p>
   </div>
   <div class='ocr_carea' id='block_1_16' title="bbox 197 1615 1792 1687">
    <p class='ocr_par' dir='ltr' id='par_1_16' title="bbox 197 1615 1792 1687">
     <span class='ocr_line' id='line_1_16' title="bbox 197 1615 1792 1687; baseline 0 -19"><span class='ocrx_word' id='word_1_116' title='bbox 197 1615 362 1680; x_wconf 88' lang='lat' dir='ltr'><strong>bunt,</strong></span> <span class='ocrx_word' id='word_1_117' title='bbox 393 1615 489 1670; x_wconf 86' lang='lat' dir='ltr'><strong>sed</strong></span> <span class='ocrx_word' id='word_1_118' title='bbox 517 1630 614 1685; x_wconf 93' lang='lat' dir='ltr'><strong>per</strong></span> <span class='ocrx_word' id='word_1_119' title='bbox 636 1630 721 1670; x_wconf 92' lang='lat' dir='ltr'><strong>me</strong></span> <span class='ocrx_word' id='word_1_120' title='bbox 750 1625 1040 1687; x_wconf 83' lang='lat' dir='ltr'><strong>agnoscent</strong></span> <span class='ocrx_word' id='word_1_121' title='bbox 1069 1617 1176 1672; x_wconf 79' lang='lat' dir='ltr'><strong>vias</strong></span> <span class='ocrx_word' id='word_1_122' title='bbox 1202 1626 1340 1682; x_wconf 85' lang='lat' dir='ltr'><strong>tuas,</strong></span> <span class='ocrx_word' id='word_1_123' title='bbox 1373 1616 1422 1670; x_wconf 91' lang='lat' dir='ltr'><strong>id</strong></span> <span class='ocrx_word' id='word_1_124' title='bbox 1448 1623 1552 1680; x_wconf 89' lang='lat' dir='ltr'><strong>est,</strong></span> <span class='ocrx_word' id='word_1_125' title='bbox 1580 1615 1792 1671; x_wconf 87' lang='lat' dir='ltr'><strong>miseri-</strong></span> 
     </span>
    </p>
   </div>
   <div class='ocr_carea' id='block_1_17' title="bbox 198 1707 1797 1779">
    <p class='ocr_par' dir='ltr' id='par_1_17' title="bbox 198 1707 1797 1779">
     <span class='ocr_line' id='line_1_17' title="bbox 198 1707 1797 1779; baseline 0 -17"><span class='ocrx_word' id='word_1_126' title='bbox 198 1707 454 1762; x_wconf 87' lang='lat' dir='ltr'><strong>cordiam</strong></span> <span class='ocrx_word' id='word_1_127' title='bbox 487 1718 543 1762; x_wconf 88' lang='lat' dir='ltr'><strong>et</strong></span> <span class='ocrx_word' id='word_1_128' title='bbox 582 1707 864 1779; x_wconf 88' lang='lat' dir='ltr'><strong>judicium.</strong></span> <span class='ocrx_word' id='word_1_129' title='bbox 911 1708 980 1762; x_wconf 87' lang='lat' dir='ltr'><strong>Et</strong></span> <span class='ocrx_word' id='word_1_130' title='bbox 1028 1724 1149 1764; x_wconf 90' lang='lat' dir='ltr'><strong>meo</strong></span> <span class='ocrx_word' id='word_1_131' title='bbox 1191 1708 1436 1778; x_wconf 77' lang='lat' dir='ltr'><strong>exemplo</strong></span> <span class='ocrx_word' id='word_1_132' title='bbox 1458 1708 1604 1778; x_wconf 83' lang='lat' dir='ltr'><strong>impii</strong></span> <span class='ocrx_word' id='word_1_133' title='bbox 1650 1707 1719 1762; x_wconf 91' lang='lat' dir='ltr'><strong>ad</strong></span> <span class='ocrx_word' id='word_1_134' title='bbox 1747 1716 1797 1762; x_wconf 88' lang='lat' dir='ltr'><strong>te</strong></span> 
     </span>
    </p>
   </div>
   <div class='ocr_carea' id='block_1_18' title="bbox 195 1797 1796 1869">
    <p class='ocr_par' dir='ltr' id='par_1_18' title="bbox 195 1797 1796 1869">
     <span class='ocr_line' id='line_1_18' title="bbox 195 1797 1796 1869; baseline 0.002 -21"><span class='ocrx_word' id='word_1_135' title='bbox 195 1807 593 1852; x_wconf 78' lang='lat' dir='ltr'><strong>convertentur.</strong></span> <span class='ocrx_word' id='word_1_136' title='bbox 624 1797 690 1852; x_wconf 86' lang='lat' dir='ltr'><strong>Et</strong></span> <span class='ocrx_word' id='word_1_137' title='bbox 718 1806 778 1852; x_wconf 89' lang='lat' dir='ltr'><strong>ut</strong></span> <span class='ocrx_word' id='word_1_138' title='bbox 805 1811 926 1852; x_wconf 92' lang='lat' dir='ltr'><strong>meo</strong></span> <span class='ocrx_word' id='word_1_139' title='bbox 950 1798 1194 1869; x_wconf 77' lang='lat' dir='ltr'><strong>exemplo</strong></span> <span class='ocrx_word' id='word_1_140' title='bbox 1221 1799 1370 1868; x_wconf 86' lang='lat' dir='ltr'><strong>impii</strong></span> <span class='ocrx_word' id='word_1_141' title='bbox 1403 1798 1468 1853; x_wconf 90' lang='lat' dir='ltr'><strong>ad</strong></span> <span class='ocrx_word' id='word_1_142' title='bbox 1495 1807 1546 1854; x_wconf 93' lang='lat' dir='ltr'><strong>te</strong></span> <span class='ocrx_word' id='word_1_143' title='bbox 1575 1812 1796 1854; x_wconf 84' lang='lat' dir='ltr'><strong>conver-</strong></span> 
     </span>
    </p>
   </div>
   <div class='ocr_carea' id='block_1_19' title="bbox 198 1888 1797 1960">
    <p class='ocr_par' dir='ltr' id='par_1_19' title="bbox 198 1888 1797 1960">
     <span class='ocr_line' id='line_1_19' title="bbox 198 1888 1797 1960; baseline 0.003 -21"><span class='ocrx_word' id='word_1_144' title='bbox 198 1896 417 1952; x_wconf 80' lang='lat' dir='ltr'><strong>tantur,</strong></span> <span class='ocrx_word' id='word_1_145' title='bbox 450 1888 612 1944; x_wconf 88' lang='lat' dir='ltr'><strong>libera</strong></span> <span class='ocrx_word' id='word_1_146' title='bbox 649 1905 729 1943; x_wconf 85' lang='lat' dir='ltr'><strong>me</strong></span> <span class='ocrx_word' id='word_1_147' title='bbox 760 1889 824 1943; x_wconf 87' lang='lat' dir='ltr'><strong>de</strong></span> <span class='ocrx_word' id='word_1_148' title='bbox 862 1890 1219 1960; x_wconf 86' lang='lat' dir='ltr'><strong>sanguinibus,</strong></span> <span class='ocrx_word' id='word_1_149' title='bbox 1266 1890 1316 1945; x_wconf 90' lang='lat' dir='ltr'><strong>id</strong></span> <span class='ocrx_word' id='word_1_150' title='bbox 1355 1897 1456 1955; x_wconf 83' lang='lat' dir='ltr'><strong>est,</strong></span> <span class='ocrx_word' id='word_1_151' title='bbox 1492 1888 1797 1945; x_wconf 85' lang='lat' dir='ltr'><strong>carnalibus</strong></span> 
     </span>
    </p>
   </div>
   <div class='ocr_carea' id='block_1_20' title="bbox 198 1981 1796 2054">
    <p class='ocr_par' dir='ltr' id='par_1_20' title="bbox 198 1981 1796 2054">
     <span class='ocr_line' id='line_1_20' title="bbox 198 1981 1796 2054; baseline 0.001 -20"><span class='ocrx_word' id='word_1_152' title='bbox 198 1983 684 2052; x_wconf 65' lang='lat' dir='ltr'><strong>cenacupiscentiis,</strong></span> <span class='ocrx_word' id='word_1_153' title='bbox 711 1998 778 2039; x_wconf 90' lang='lat' dir='ltr'><strong>ne</strong></span> <span class='ocrx_word' id='word_1_154' title='bbox 804 1982 1024 2038; x_wconf 88' lang='lat' dir='ltr'><strong>occidar</strong></span> <span class='ocrx_word' id='word_1_155' title='bbox 1043 1983 1271 2054; x_wconf 83' lang='lat' dir='ltr'><strong>amplius</strong></span> <span class='ocrx_word' id='word_1_156' title='bbox 1292 1982 1470 2047; x_wconf 88' lang='lat' dir='ltr'><strong>intus;</strong></span> <span class='ocrx_word' id='word_1_157' title='bbox 1496 1981 1634 2036; x_wconf 91' lang='lat' dir='ltr'><strong>Deus</strong></span> <span class='ocrx_word' id='word_1_158' title='bbox 1658 1981 1796 2035; x_wconf 88' lang='lat' dir='ltr'><strong>Deus</strong></span> 
     </span>
    </p>
   </div>
   <div class='ocr_carea' id='block_1_21' title="bbox 199 2069 1798 2140">
    <p class='ocr_par' dir='ltr' id='par_1_21' title="bbox 199 2069 1798 2140">
     <span class='ocr_line' id='line_1_21' title="bbox 199 2069 1798 2140; baseline 0 -16"><span class='ocrx_word' id='word_1_159' title='bbox 199 2072 397 2126; x_wconf 84' lang='lat' dir='ltr'><strong>salutis</strong></span> <span class='ocrx_word' id='word_1_160' title='bbox 440 2089 589 2138; x_wconf 80' lang='lat' dir='ltr'><strong>mete,</strong></span> <span class='ocrx_word' id='word_1_161' title='bbox 637 2072 895 2127; x_wconf 84' lang='lat' dir='ltr'><strong>subaudis</strong></span> <span class='ocrx_word' id='word_1_162' title='bbox 941 2079 1148 2127; x_wconf 84' lang='lat' dir='ltr'><strong>auctor.</strong></span> <span class='ocrx_word' id='word_1_163' title='bbox 1204 2070 1272 2126; x_wconf 85' lang='lat' dir='ltr'><strong>Et</strong></span> <span class='ocrx_word' id='word_1_164' title='bbox 1317 2070 1565 2127; x_wconf 77' lang='lat' dir='ltr'><strong>exaltabit</strong></span> <span class='ocrx_word' id='word_1_165' title='bbox 1613 2069 1798 2140; x_wconf 85' lang='lat' dir='ltr'><strong>lingua</strong></span> 
     </span>
    </p>
   </div>
   <div class='ocr_carea' id='block_1_22' title="bbox 198 2159 1795 2231">
    <p class='ocr_par' dir='ltr' id='par_1_22' title="bbox 198 2159 1795 2231">
     <span class='ocr_line' id='line_1_22' title="bbox 198 2159 1795 2231; baseline 0.001 -17"><span class='ocrx_word' id='word_1_166' title='bbox 198 2179 322 2215; x_wconf 85' lang='lat' dir='ltr'><strong>mea</strong></span> <span class='ocrx_word' id='word_1_167' title='bbox 351 2161 622 2231; x_wconf 79' lang='lat' dir='ltr'><strong>justitiam</strong></span> <span class='ocrx_word' id='word_1_168' title='bbox 658 2171 822 2227; x_wconf 88' lang='lat' dir='ltr'><strong>tuam,</strong></span> <span class='ocrx_word' id='word_1_169' title='bbox 848 2176 954 2216; x_wconf 88' lang='lat' dir='ltr'><strong>non</strong></span> <span class='ocrx_word' id='word_1_170' title='bbox 983 2177 1179 2227; x_wconf 83' lang='lat' dir='ltr'><strong>meam,</strong></span> <span class='ocrx_word' id='word_1_171' title='bbox 1213 2162 1419 2218; x_wconf 88' lang='lat' dir='ltr'><strong>scilicet</strong></span> <span class='ocrx_word' id='word_1_172' title='bbox 1449 2160 1607 2216; x_wconf 90' lang='lat' dir='ltr'><strong>fidem</strong></span> <span class='ocrx_word' id='word_1_173' title='bbox 1637 2159 1795 2229; x_wconf 88' lang='lat' dir='ltr'><strong>justi-</strong></span> 
     </span>
    </p>
   </div>
   <div class='ocr_carea' id='block_1_23' title="bbox 197 2250 1795 2324">
    <p class='ocr_par' dir='ltr' id='par_1_23' title="bbox 197 2250 1795 2324">
     <span class='ocr_line' id='line_1_23' title="bbox 197 2250 1795 2324; baseline -0.001 -18"><span class='ocrx_word' id='word_1_174' title='bbox 197 2252 499 2317; x_wconf 78' lang='lat' dir='ltr'><strong>ticantem,</strong></span> <span class='ocrx_word' id='word_1_175' title='bbox 537 2253 621 2308; x_wconf 86' lang='lat' dir='ltr'><strong>vel</strong></span> <span class='ocrx_word' id='word_1_176' title='bbox 656 2254 797 2324; x_wconf 90' lang='lat' dir='ltr'><strong>quod</strong></span> <span class='ocrx_word' id='word_1_177' title='bbox 833 2262 890 2308; x_wconf 89' lang='lat' dir='ltr'><strong>tu</strong></span> <span class='ocrx_word' id='word_1_178' title='bbox 933 2268 1038 2308; x_wconf 86' lang='lat' dir='ltr'><strong>non</strong></span> <span class='ocrx_word' id='word_1_179' title='bbox 1081 2253 1164 2308; x_wconf 90' lang='lat' dir='ltr'><strong>vis</strong></span> <span class='ocrx_word' id='word_1_180' title='bbox 1204 2261 1431 2308; x_wconf 90' lang='lat' dir='ltr'><strong>mortem</strong></span> <span class='ocrx_word' id='word_1_181' title='bbox 1473 2250 1795 2324; x_wconf 84' lang='lat' dir='ltr'><strong>peccatoris.</strong></span> 
     </span>
    </p>
   </div>
   <div class='ocr_carea' id='block_1_24' title="bbox 199 2341 1796 2412">
    <p class='ocr_par' dir='ltr' id='par_1_24' title="bbox 199 2341 1796 2412">
     <span class='ocr_line' id='line_1_24' title="bbox 199 2341 1796 2412; baseline -0.003 -17"><span class='ocrx_word' id='word_1_182' title='bbox 199 2341 424 2397; x_wconf 79' lang='lat' dir='ltr'><strong>Revera</strong></span> <span class='ocrx_word' id='word_1_183' title='bbox 455 2341 733 2397; x_wconf 69' lang='lat' dir='ltr'><strong>liberabis.</strong></span> <span class='ocrx_word' id='word_1_184' title='bbox 751 2341 906 2408; x_wconf 84' lang='lat' dir='ltr'><strong>Nam,</strong></span> <span class='ocrx_word' id='word_1_185' title='bbox 937 2359 967 2396; x_wconf 88' lang='grc' dir='ltr'><em>ο</em></span> <span class='ocrx_word' id='word_1_186' title='bbox 992 2341 1235 2409; x_wconf 85' lang='lat' dir='ltr'><strong>Domine,</strong></span> <span class='ocrx_word' id='word_1_187' title='bbox 1267 2342 1408 2396; x_wconf 87' lang='lat' dir='ltr'><strong>labia</strong></span> <span class='ocrx_word' id='word_1_188' title='bbox 1435 2358 1550 2396; x_wconf 90' lang='lat' dir='ltr'><strong>mea</strong></span> <span class='ocrx_word' id='word_1_189' title='bbox 1579 2341 1796 2412; x_wconf 80' lang='lat' dir='ltr'><strong>aperies,</strong></span> 
     </span>
    </p>
   </div>
   <div class='ocr_carea' id='block_1_25' title="bbox 202 2431 1796 2503">
    <p class='ocr_par' dir='ltr' id='par_1_25' title="bbox 202 2431 1796 2503">
     <span class='ocr_line' id='line_1_25' title="bbox 202 2431 1796 2503; baseline -0.001 -17"><span class='ocrx_word' id='word_1_190' title='bbox 202 2431 349 2487; x_wconf 76' lang='lat' dir='ltr'><strong>iahia</strong></span> <span class='ocrx_word' id='word_1_191' title='bbox 398 2433 577 2489; x_wconf 86' lang='lat' dir='ltr'><strong>cordis</strong></span> <span class='ocrx_word' id='word_1_192' title='bbox 619 2433 800 2488; x_wconf 87' lang='lat' dir='ltr'><strong>clausa</strong></span> <span class='ocrx_word' id='word_1_193' title='bbox 846 2446 908 2487; x_wconf 88' lang='lat' dir='ltr'><strong>ex</strong></span> <span class='ocrx_word' id='word_1_194' title='bbox 942 2444 1185 2503; x_wconf 91' lang='lat' dir='ltr'><strong>peccato,</strong></span> <span class='ocrx_word' id='word_1_195' title='bbox 1217 2433 1430 2502; x_wconf 87' lang='lat' dir='ltr'><strong>aperies</strong></span> <span class='ocrx_word' id='word_1_196' title='bbox 1475 2432 1541 2488; x_wconf 89' lang='lat' dir='ltr'><strong>ad</strong></span> <span class='ocrx_word' id='word_1_197' title='bbox 1587 2431 1796 2486; x_wconf 88' lang='lat' dir='ltr'><strong>laudem</strong></span> 
     </span>
    </p>
   </div>
   <div class='ocr_carea' id='block_1_26' title="bbox 203 2522 1798 2595">
    <p class='ocr_par' dir='ltr' id='par_1_26' title="bbox 203 2522 1798 2595">
     <span class='ocr_line' id='line_1_26' title="bbox 203 2522 1798 2595; baseline 0 -17"><span class='ocrx_word' id='word_1_198' title='bbox 203 2534 382 2587; x_wconf 90' lang='lat' dir='ltr'><strong>tuam,</strong></span> <span class='ocrx_word' id='word_1_199' title='bbox 411 2537 509 2594; x_wconf 90' lang='lat' dir='ltr'><strong>per</strong></span> <span class='ocrx_word' id='word_1_200' title='bbox 533 2526 759 2595; x_wconf 77' lang='lat' dir='ltr'><strong>gratiam</strong></span> <span class='ocrx_word' id='word_1_201' title='bbox 783 2522 1148 2593; x_wconf 85' lang='lat' dir='ltr'><strong>justifieando.</strong></span> <span class='ocrx_word' id='word_1_202' title='bbox 1187 2523 1256 2579; x_wconf 87' lang='lat' dir='ltr'><strong>Et</strong></span> <span class='ocrx_word' id='word_1_203' title='bbox 1289 2542 1344 2579; x_wconf 89' lang='lat' dir='ltr'><strong>os</strong></span> <span class='ocrx_word' id='word_1_204' title='bbox 1370 2540 1562 2589; x_wconf 88' lang='lat' dir='ltr'><strong>meum,</strong></span> <span class='ocrx_word' id='word_1_205' title='bbox 1594 2523 1798 2579; x_wconf 89' lang='lat' dir='ltr'><strong>scilicet</strong></span> 
     </span>
    </p>
   </div>
   <div class='ocr_carea' id='block_1_27' title="bbox 201 2613 1792 2685">
    <p class='ocr_par' dir='ltr' id='par_1_27' title="bbox 201 2613 1792 2685">
     <span class='ocr_line' id='line_1_27' title="bbox 201 2613 1792 2685; baseline -0.003 -15"><span class='ocrx_word' id='word_1_206' title='bbox 201 2615 472 2678; x_wconf 76' lang='lat' dir='ltr'><strong>exterius,</strong></span> <span class='ocrx_word' id='word_1_207' title='bbox 489 2615 818 2669; x_wconf 84' lang='lat' dir='ltr'><strong>ammntiabit</strong></span> <span class='ocrx_word' id='word_1_208' title='bbox 841 2614 1235 2681; x_wconf 73' lang='lat' dir='ltr'><strong>laudemtuam,</strong></span> <span class='ocrx_word' id='word_1_209' title='bbox 1251 2631 1372 2685; x_wconf 60' lang='lat' dir='ltr'><strong>quae</strong></span> <span class='ocrx_word' id='word_1_210' title='bbox 1395 2613 1672 2685; x_wconf 81' lang='lat' dir='ltr'><strong>multiplex</strong></span> <span class='ocrx_word' id='word_1_211' title='bbox 1693 2621 1792 2668; x_wconf 90' lang='lat' dir='ltr'><strong>est.</strong></span> 
     </span>
    </p>
   </div>
   <div class='ocr_carea' id='block_1_28' title="bbox 199 2699 1794 2776">
    <p class='ocr_par' dir='ltr' id='par_1_28' title="bbox 199 2699 1794 2776">
     <span class='ocr_line' id='line_1_28' title="bbox 199 2699 1794 2776; baseline -0.003 -14"><span class='ocrx_word' id='word_1_212' title='bbox 199 2699 496 2762; x_wconf 70' lang='lat' dir='ltr'><strong>Hominem</strong></span> <span class='ocrx_word' id='word_1_213' title='bbox 518 2707 660 2762; x_wconf 88' lang='lat' dir='ltr'><strong>enim</strong></span> <span class='ocrx_word' id='word_1_214' title='bbox 689 2715 747 2761; x_wconf 89' lang='lat' dir='ltr'><strong>ut</strong></span> <span class='ocrx_word' id='word_1_215' title='bbox 767 2706 859 2771; x_wconf 91' lang='lat' dir='ltr'><strong>sit,</strong></span> <span class='ocrx_word' id='word_1_216' title='bbox 884 2721 1057 2771; x_wconf 85' lang='lat' dir='ltr'><strong>creas,</strong></span> <span class='ocrx_word' id='word_1_217' title='bbox 1085 2715 1420 2776; x_wconf 87' lang='lat' dir='ltr'><strong>peccantem,</strong></span> <span class='ocrx_word' id='word_1_218' title='bbox 1441 2719 1548 2760; x_wconf 92' lang='lat' dir='ltr'><strong>non</strong></span> <span class='ocrx_word' id='word_1_219' title='bbox 1571 2703 1794 2767; x_wconf 88' lang='lat' dir='ltr'><strong>deseris,</strong></span> 
     </span>
    </p>
   </div>
   <div class='ocr_carea' id='block_1_29' title="bbox 201 2793 1794 2867">
    <p class='ocr_par' dir='ltr' id='par_1_29' title="bbox 201 2793 1794 2867">
     <span class='ocr_line' id='line_1_29' title="bbox 201 2793 1794 2867; baseline -0.002 -17"><span class='ocrx_word' id='word_1_220' title='bbox 201 2795 491 2851; x_wconf 82' lang='lat' dir='ltr'><strong>conﬁtenti</strong></span> <span class='ocrx_word' id='word_1_221' title='bbox 523 2797 774 2867; x_wconf 78' lang='lat' dir='ltr'><strong>ignoscis,</strong></span> <span class='ocrx_word' id='word_1_222' title='bbox 790 2805 845 2850; x_wconf 90' lang='lat' dir='ltr'><strong>et</strong></span> <span class='ocrx_word' id='word_1_223' title='bbox 872 2805 930 2849; x_wconf 85' lang='lat' dir='ltr'><strong>ut</strong></span> <span class='ocrx_word' id='word_1_224' title='bbox 951 2796 1021 2850; x_wconf 89' lang='lat' dir='ltr'><strong>sit</strong></span> <span class='ocrx_word' id='word_1_225' title='bbox 1041 2811 1288 2860; x_wconf 88' lang='lat' dir='ltr'><strong>securus,</strong></span> <span class='ocrx_word' id='word_1_226' title='bbox 1323 2795 1570 2850; x_wconf 89' lang='lat' dir='ltr'><strong>mundas.</strong></span> <span class='ocrx_word' id='word_1_227' title='bbox 1603 2793 1794 2848; x_wconf 88' lang='lat' dir='ltr'><strong>Sacri-</strong></span> 
     </span>
    </p>
   </div>
   <div class='ocr_carea' id='block_1_30' title="bbox 205 2883 1878 2958">
    <p class='ocr_par' dir='ltr' id='par_1_30' title="bbox 205 2883 1878 2958">
     <span class='ocr_line' id='line_1_30' title="bbox 205 2883 1878 2958; baseline -0.002 -16"><span class='ocrx_word' id='word_1_228' title='bbox 205 2888 395 2944; x_wconf 84' lang='lat' dir='ltr'><strong>ficium</strong></span> <span class='ocrx_word' id='word_1_229' title='bbox 415 2887 591 2942; x_wconf 84' lang='lat' dir='ltr'><strong>laudis</strong></span> <span class='ocrx_word' id='word_1_230' title='bbox 614 2888 706 2942; x_wconf 91' lang='lat' dir='ltr'><strong>tibi</strong></span> <span class='ocrx_word' id='word_1_231' title='bbox 727 2887 971 2954; x_wconf 76' lang='lat' dir='ltr'><strong>offeram,</strong></span> <span class='ocrx_word' id='word_1_232' title='bbox 999 2888 1122 2958; x_wconf 85' lang='lat' dir='ltr'><strong>quia</strong></span> <span class='ocrx_word' id='word_1_233' title='bbox 1151 2886 1296 2940; x_wconf 83' lang='lat' dir='ltr'><strong>aliud</strong></span> <span class='ocrx_word' id='word_1_234' title='bbox 1333 2883 1657 2941; x_wconf 86' lang='lat' dir='ltr'><strong>sacrificium</strong></span> <span class='ocrx_word' id='word_1_235' title='bbox 1685 2899 1791 2939; x_wconf 91' lang='lat' dir='ltr'><strong>non</strong></span> <span class='ocrx_word' id='word_1_236' title='bbox 1873 2901 1878 2906; x_wconf 79' lang='lat'><strong><em>&#39;</em></strong></span> 
     </span>
    </p>
   </div>
   <div class='ocr_carea' id='block_1_31' title="bbox 205 2973 1793 3047">
    <p class='ocr_par' dir='ltr' id='par_1_31' title="bbox 205 2973 1793 3047">
     <span class='ocr_line' id='line_1_31' title="bbox 205 2973 1793 3047; baseline -0.001 -17"><span class='ocrx_word' id='word_1_237' title='bbox 205 2978 311 3042; x_wconf 90' lang='lat' dir='ltr'><strong>vis,</strong></span> <span class='ocrx_word' id='word_1_238' title='bbox 330 2977 580 3047; x_wconf 82' lang='lat' dir='ltr'><strong>quoniam</strong></span> <span class='ocrx_word' id='word_1_239' title='bbox 602 2978 649 3031; x_wconf 88' lang='lat' dir='ltr'><strong>si</strong></span> <span class='ocrx_word' id='word_1_240' title='bbox 677 2975 924 3031; x_wconf 84' lang='lat' dir='ltr'><strong>voluisses</strong></span> <span class='ocrx_word' id='word_1_241' title='bbox 944 2976 1284 3044; x_wconf 81' lang='lat' dir='ltr'><strong>sacriﬁcium,</strong></span> <span class='ocrx_word' id='word_1_242' title='bbox 1305 2975 1509 3031; x_wconf 87' lang='lat' dir='ltr'><strong>scilicet</strong></span> <span class='ocrx_word' id='word_1_243' title='bbox 1530 2973 1793 3038; x_wconf 83' lang='lat' dir='ltr'><strong>exterius,</strong></span> 
     </span>
    </p>
   </div>
   <div class='ocr_carea' id='block_1_32' title="bbox 203 3064 1794 3122">
    <p class='ocr_par' dir='ltr' id='par_1_32' title="bbox 203 3064 1794 3122">
     <span class='ocr_line' id='line_1_32' title="bbox 203 3064 1794 3122; baseline 0.001 -5"><span class='ocrx_word' id='word_1_244' title='bbox 203 3064 469 3120; x_wconf 76' lang='lat' dir='ltr'><strong>dedissent</strong></span> <span class='ocrx_word' id='word_1_245' title='bbox 505 3080 633 3121; x_wconf 88' lang='lat' dir='ltr'><strong>oves</strong></span> <span class='ocrx_word' id='word_1_246' title='bbox 656 3073 712 3121; x_wconf 89' lang='lat' dir='ltr'><strong>et</strong></span> <span class='ocrx_word' id='word_1_247' title='bbox 737 3065 902 3121; x_wconf 84' lang='lat' dir='ltr'><strong>boves</strong></span> <span class='ocrx_word' id='word_1_248' title='bbox 930 3073 986 3120; x_wconf 92' lang='lat' dir='ltr'><strong>et</strong></span> <span class='ocrx_word' id='word_1_249' title='bbox 1008 3065 1258 3122; x_wconf 88' lang='lat' dir='ltr'><strong>victimas</strong></span> <span class='ocrx_word' id='word_1_250' title='bbox 1295 3064 1512 3120; x_wconf 88' lang='lat' dir='ltr'><strong>multas.</strong></span> <span class='ocrx_word' id='word_1_251' title='bbox 1535 3064 1631 3120; x_wconf 92' lang='lat' dir='ltr'><strong>lllo</strong></span> <span class='ocrx_word' id='word_1_252' title='bbox 1653 3074 1794 3120; x_wconf 91' lang='lat' dir='ltr'><strong>tem-</strong></span> 
     </span>
    </p>
   </div>
   <div class='ocr_carea' id='block_1_33' title="bbox 204 3155 1796 3228">
    <p class='ocr_par' dir='ltr' id='par_1_33' title="bbox 204 3155 1796 3228">
     <span class='ocr_line' id='line_1_33' title="bbox 204 3155 1796 3228; baseline 0 -18"><span class='ocrx_word' id='word_1_253' title='bbox 204 3171 349 3228; x_wconf 86' lang='lat' dir='ltr'><strong>pore</strong></span> <span class='ocrx_word' id='word_1_254' title='bbox 373 3165 490 3212; x_wconf 89' lang='lat' dir='ltr'><strong>erat</strong></span> <span class='ocrx_word' id='word_1_255' title='bbox 514 3157 681 3213; x_wconf 85' lang='lat' dir='ltr'><strong>David</strong></span> <span class='ocrx_word' id='word_1_256' title='bbox 696 3172 804 3227; x_wconf 89' lang='lat' dir='ltr'><strong>quo</strong></span> <span class='ocrx_word' id='word_1_257' title='bbox 831 3156 1064 3212; x_wconf 80' lang='lat' dir='ltr'><strong>victimae</strong></span> <span class='ocrx_word' id='word_1_258' title='bbox 1093 3156 1406 3211; x_wconf 90' lang='lat' dir='ltr'><strong>animalium</strong></span> <span class='ocrx_word' id='word_1_259' title='bbox 1431 3155 1796 3212; x_wconf 71' lang='lat' dir='ltr'><strong>offerebantur</strong></span> 
     </span>
    </p>
   </div>
   <div class='ocr_carea' id='block_1_34' title="bbox 205 3247 1794 3319">
    <p class='ocr_par' dir='ltr' id='par_1_34' title="bbox 205 3247 1794 3319">
     <span class='ocr_line' id='line_1_34' title="bbox 205 3247 1794 3319; baseline -0.002 -13"><span class='ocrx_word' id='word_1_260' title='bbox 205 3249 351 3316; x_wconf 84' lang='lat' dir='ltr'><strong>Deo,</strong></span> <span class='ocrx_word' id='word_1_261' title='bbox 379 3259 434 3304; x_wconf 86' lang='lat' dir='ltr'><strong>et</strong></span> <span class='ocrx_word' id='word_1_262' title='bbox 460 3249 672 3304; x_wconf 77' lang='lat' dir='ltr'><strong>videbat</strong></span> <span class='ocrx_word' id='word_1_263' title='bbox 702 3249 814 3303; x_wconf 80' lang='lat' dir='ltr'><strong>haec</strong></span> <span class='ocrx_word' id='word_1_264' title='bbox 841 3248 1018 3302; x_wconf 88' lang='lat' dir='ltr'><strong>futura</strong></span> <span class='ocrx_word' id='word_1_265' title='bbox 1045 3257 1308 3319; x_wconf 90' lang='lat' dir='ltr'><strong>tempora.</strong></span> <span class='ocrx_word' id='word_1_266' title='bbox 1338 3247 1446 3303; x_wconf 87' lang='lat' dir='ltr'><strong>Nos</strong></span> <span class='ocrx_word' id='word_1_267' title='bbox 1470 3262 1602 3317; x_wconf 85' lang='lat' dir='ltr'><strong>ergo</strong></span> <span class='ocrx_word' id='word_1_268' title='bbox 1624 3248 1675 3302; x_wconf 92' lang='lat' dir='ltr'><strong>in</strong></span> <span class='ocrx_word' id='word_1_269' title='bbox 1707 3249 1794 3303; x_wconf 89' lang='lat' dir='ltr'><strong>his</strong></span> 
     </span>
    </p>
   </div>
   <div class='ocr_carea' id='block_1_35' title="bbox 207 3339 1794 3413">
    <p class='ocr_par' dir='ltr' id='par_1_35' title="bbox 207 3339 1794 3413">
     <span class='ocr_line' id='line_1_35' title="bbox 207 3339 1794 3413; baseline 0.001 -19"><span class='ocrx_word' id='word_1_270' title='bbox 207 3340 440 3396; x_wconf 85' lang='lat' dir='ltr'><strong>vocibus</strong></span> <span class='ocrx_word' id='word_1_271' title='bbox 475 3356 678 3396; x_wconf 91' lang='lat' dir='ltr'><strong>sumus.</strong></span> <span class='ocrx_word' id='word_1_272' title='bbox 717 3339 858 3396; x_wconf 74' lang='lat' dir='ltr'><strong>l‘uhil</strong></span> <span class='ocrx_word' id='word_1_273' title='bbox 901 3355 1031 3413; x_wconf 85' lang='lat' dir='ltr'><strong>ergo</strong></span> <span class='ocrx_word' id='word_1_274' title='bbox 1059 3339 1385 3398; x_wconf 80' lang='lat' dir='ltr'><strong>oli&#39;eremus?</strong></span> <span class='ocrx_word' id='word_1_275' title='bbox 1428 3342 1575 3396; x_wconf 90' lang='lat' dir='ltr'><strong>intus</strong></span> <span class='ocrx_word' id='word_1_276' title='bbox 1625 3341 1794 3397; x_wconf 89' lang='lat' dir='ltr'><strong>habes</strong></span> 
     </span>
    </p>
   </div>
   <div class='ocr_carea' id='block_1_36' title="bbox 209 3430 1794 3504">
    <p class='ocr_par' dir='ltr' id='par_1_36' title="bbox 209 3430 1794 3504">
     <span class='ocr_line' id='line_1_36' title="bbox 209 3430 1794 3504; baseline -0.001 -18"><span class='ocrx_word' id='word_1_277' title='bbox 209 3434 362 3503; x_wconf 88' lang='lat' dir='ltr'><strong>quod</strong></span> <span class='ocrx_word' id='word_1_278' title='bbox 394 3431 608 3487; x_wconf 75' lang='lat' dir='ltr'><strong>offeras.</strong></span> <span class='ocrx_word' id='word_1_279' title='bbox 629 3430 814 3504; x_wconf 83' lang='lat' dir='ltr'><strong>Utique</strong></span> <span class='ocrx_word' id='word_1_280' title='bbox 834 3431 1170 3497; x_wconf 78' lang='lat' dir='ltr'><strong>holocaustis,</strong></span> <span class='ocrx_word' id='word_1_281' title='bbox 1195 3431 1402 3487; x_wconf 89' lang='lat' dir='ltr'><strong>scilicet</strong></span> <span class='ocrx_word' id='word_1_282' title='bbox 1430 3431 1794 3496; x_wconf 84' lang='lat' dir='ltr'><strong>victimarum,</strong></span> 
     </span>
    </p>
   </div>
   <div class='ocr_carea' id='block_1_37' title="bbox 213 3521 1795 3593">
    <p class='ocr_par' dir='ltr' id='par_1_37' title="bbox 213 3521 1795 3593">
     <span class='ocr_line' id='line_1_37' title="bbox 213 3521 1795 3593; baseline -0.002 -15"><span class='ocrx_word' id='word_1_283' title='bbox 213 3543 322 3580; x_wconf 85' lang='lat' dir='ltr'><strong>non</strong></span> <span class='ocrx_word' id='word_1_284' title='bbox 372 3523 728 3579; x_wconf 84' lang='lat' dir='ltr'><strong>delectaberis.</strong></span> <span class='ocrx_word' id='word_1_285' title='bbox 759 3523 892 3578; x_wconf 89' lang='lat' dir='ltr'><strong>Nam</strong></span> <span class='ocrx_word' id='word_1_286' title='bbox 935 3523 1276 3593; x_wconf 78' lang='lat' dir='ltr'><strong>sacriﬁcium,</strong></span> <span class='ocrx_word' id='word_1_287' title='bbox 1313 3522 1518 3578; x_wconf 88' lang='lat' dir='ltr'><strong>scilicet</strong></span> <span class='ocrx_word' id='word_1_288' title='bbox 1540 3522 1649 3576; x_wconf 88' lang='lat' dir='ltr'><strong>Deo</strong></span> <span class='ocrx_word' id='word_1_289' title='bbox 1679 3521 1795 3592; x_wconf 89' lang='lat' dir='ltr'><strong>pla-</strong></span> 
     </span>
    </p>
   </div>
   <div class='ocr_carea' id='block_1_38' title="bbox 210 3613 1800 3684">
    <p class='ocr_par' dir='ltr' id='par_1_38' title="bbox 210 3613 1800 3684">
     <span class='ocr_line' id='line_1_38' title="bbox 210 3613 1800 3684; baseline -0.002 -15"><span class='ocrx_word' id='word_1_290' title='bbox 210 3630 373 3679; x_wconf 90' lang='lat' dir='ltr'><strong>cens,</strong></span> <span class='ocrx_word' id='word_1_291' title='bbox 401 3615 615 3683; x_wconf 85' lang='lat' dir='ltr'><strong>spiritus</strong></span> <span class='ocrx_word' id='word_1_292' title='bbox 662 3613 1060 3680; x_wconf 86' lang='lat' dir='ltr'><strong>contribulatus,</strong></span> <span class='ocrx_word' id='word_1_293' title='bbox 1101 3613 1448 3684; x_wconf 84' lang='lat' dir='ltr'><strong>repugnando</strong></span> <span class='ocrx_word' id='word_1_294' title='bbox 1503 3614 1674 3678; x_wconf 89' lang='lat' dir='ltr'><strong>carni,</strong></span> <span class='ocrx_word' id='word_1_295' title='bbox 1711 3629 1800 3666; x_wconf 86' lang='lat' dir='ltr'><strong>eor</strong></span> 
     </span>
    </p>
   </div>
   <div class='ocr_carea' id='block_1_39' title="bbox 209 3701 1799 3776">
    <p class='ocr_par' dir='ltr' id='par_1_39' title="bbox 209 3701 1799 3776">
     <span class='ocr_line' id='line_1_39' title="bbox 209 3701 1799 3776; baseline -0.003 -16"><span class='ocrx_word' id='word_1_296' title='bbox 209 3708 502 3760; x_wconf 81' lang='lat' dir='ltr'><strong>contritum</strong></span> <span class='ocrx_word' id='word_1_297' title='bbox 535 3705 876 3776; x_wconf 72' lang='lat' dir='ltr'><strong>pmnitentia,</strong></span> <span class='ocrx_word' id='word_1_298' title='bbox 907 3714 954 3760; x_wconf 89' lang='lat' dir='ltr'><strong>et</strong></span> <span class='ocrx_word' id='word_1_299' title='bbox 985 3701 1317 3759; x_wconf 83' lang='lat' dir='ltr'><strong>humiliatum</strong></span> <span class='ocrx_word' id='word_1_300' title='bbox 1359 3719 1388 3759; x_wconf 92' lang='lat' dir='ltr'><strong>a</strong></span> <span class='ocrx_word' id='word_1_301' title='bbox 1419 3703 1691 3774; x_wconf 88' lang='lat' dir='ltr'><strong>superbia,</strong></span> <span class='ocrx_word' id='word_1_302' title='bbox 1718 3702 1799 3758; x_wconf 90' lang='lat' dir='ltr'><strong>vel</strong></span> 
     </span>
    </p>
   </div>
   <div class='ocr_carea' id='block_1_40' title="bbox 213 3793 1848 3865">
    <p class='ocr_par' dir='ltr' id='par_1_40' title="bbox 213 3793 1848 3865">
     <span class='ocr_line' id='line_1_40' title="bbox 213 3793 1848 3865; baseline -0.001 -16"><span class='ocrx_word' id='word_1_303' title='bbox 213 3797 282 3850; x_wconf 82' lang='lat' dir='ltr'><strong>ad</strong></span> <span class='ocrx_word' id='word_1_304' title='bbox 356 3797 461 3852; x_wconf 82' lang='lat' dir='ltr'><strong>h‘oc</strong></span> <span class='ocrx_word' id='word_1_305' title='bbox 490 3795 876 3863; x_wconf 78' lang='lat' dir='ltr'><strong>&#39;bumiliatum,</strong></span> <span class='ocrx_word' id='word_1_306' title='bbox 923 3803 984 3849; x_wconf 91' lang='lat' dir='ltr'><strong>ut</strong></span> <span class='ocrx_word' id='word_1_307' title='bbox 1029 3809 1252 3865; x_wconf 82' lang='lat' dir='ltr'><strong>semper</strong></span> <span class='ocrx_word' id='word_1_308' title='bbox 1286 3794 1390 3850; x_wconf 85' lang='lat' dir='ltr'><strong>sibi</strong></span> <span class='ocrx_word' id='word_1_309' title='bbox 1454 3794 1506 3848; x_wconf 93' lang='lat' dir='ltr'><strong>in</strong></span> <span class='ocrx_word' id='word_1_310' title='bbox 1561 3793 1798 3848; x_wconf 88' lang='lat' dir='ltr'><strong>futurum</strong></span> <span class='ocrx_word' id='word_1_311' title='bbox 1845 3813 1848 3824; x_wconf 64' lang='lat'>&#39;</span> 
     </span>
    </p>
   </div>
   <div class='ocr_carea' id='block_1_41' title="bbox 195 3886 1798 3959">
    <p class='ocr_par' dir='ltr' id='par_1_41' title="bbox 195 3886 1798 3959">
     <span class='ocr_line' id='line_1_41' title="bbox 195 3886 1798 3959; baseline -0.002 -16"><span class='ocrx_word' id='word_1_312' title='bbox 195 3886 438 3943; x_wconf 74' lang='lat' dir='ltr'><strong>caveat.</strong></span> <span class='ocrx_word' id='word_1_313' title='bbox 465 3888 822 3959; x_wconf 84' lang='lat' dir='ltr'><strong>Hieronymus</strong></span> <span class='ocrx_word' id='word_1_314' title='bbox 851 3905 864 3941; x_wconf 79' lang='grc' dir='ltr'>ε</span> <span class='ocrx_word' id='word_1_315' title='bbox 897 3905 915 3939; x_wconf 84' lang='grc'><strong>‹</strong></span> <span class='ocrx_word' id='word_1_316' title='bbox 945 3886 1094 3942; x_wconf 82' lang='lat' dir='ltr'><strong>Multi</strong></span> <span class='ocrx_word' id='word_1_317' title='bbox 1127 3887 1328 3942; x_wconf 86' lang='lat' dir='ltr'><strong>habent</strong></span> <span class='ocrx_word' id='word_1_318' title='bbox 1358 3902 1452 3942; x_wconf 88' lang='lat' dir='ltr'><strong>cor</strong></span> <span class='ocrx_word' id='word_1_319' title='bbox 1481 3886 1798 3951; x_wconf 91' lang='lat' dir='ltr'><strong>contritum,</strong></span> 
     </span>
    </p>
   </div>
   <div class='ocr_carea' id='block_1_42' title="bbox 215 3970 1804 4048">
    <p class='ocr_par' dir='ltr' id='par_1_42' title="bbox 215 3970 1804 4048">
     <span class='ocr_line' id='line_1_42' title="bbox 215 3970 1804 4048; baseline -0.004 -15"><span class='ocrx_word' id='word_1_320' title='bbox 215 3988 265 4033; x_wconf 87' lang='lat' dir='ltr'><strong>et</strong></span> <span class='ocrx_word' id='word_1_321' title='bbox 293 3993 405 4033; x_wconf 89' lang='lat' dir='ltr'><strong>non</strong></span> <span class='ocrx_word' id='word_1_322' title='bbox 434 3976 772 4032; x_wconf 88' lang='lat' dir='ltr'><strong>humiliatum</strong></span> <span class='ocrx_word' id='word_1_323' title='bbox 803 3995 816 4031; x_wconf 87' lang='lat'><strong>:</strong></span> <span class='ocrx_word' id='word_1_324' title='bbox 849 3977 976 4048; x_wconf 88' lang='lat' dir='ltr'><strong>quia</strong></span> <span class='ocrx_word' id='word_1_325' title='bbox 1005 3970 1270 4047; x_wconf 83' lang='lat' dir='ltr'><strong>plangunt</strong></span> <span class='ocrx_word' id='word_1_326' title='bbox 1290 3977 1430 4045; x_wconf 89' lang='lat' dir='ltr'><strong>quod</strong></span> <span class='ocrx_word' id='word_1_327' title='bbox 1461 3975 1726 4039; x_wconf 87' lang='lat' dir='ltr'><strong>fecerunt,</strong></span> <span class='ocrx_word' id='word_1_328' title='bbox 1749 3984 1804 4028; x_wconf 87' lang='lat' dir='ltr'><strong>et</strong></span> 
     </span>
    </p>
   </div>
   <div class='ocr_carea' id='block_1_43' title="bbox 214 4063 1852 4138">
    <p class='ocr_par' dir='ltr' id='par_1_43' title="bbox 214 4063 1852 4138">
     <span class='ocr_line' id='line_1_43' title="bbox 214 4063 1852 4138; baseline -0.002 -16"><span class='ocrx_word' id='word_1_329' title='bbox 214 4075 412 4138; x_wconf 86' lang='lat' dir='ltr'><strong>postea</strong></span> <span class='ocrx_word' id='word_1_330' title='bbox 447 4067 499 4121; x_wconf 90' lang='lat' dir='ltr'><strong>in</strong></span> <span class='ocrx_word' id='word_1_331' title='bbox 534 4066 763 4136; x_wconf 85' lang='lat' dir='ltr'><strong>idipsum</strong></span> <span class='ocrx_word' id='word_1_332' title='bbox 800 4066 1045 4121; x_wconf 88' lang='lat' dir='ltr'><strong>redeunt.</strong></span> <span class='ocrx_word' id='word_1_333' title='bbox 1089 4084 1106 4117; x_wconf 75' lang='grc' dir='ltr'><strong>ι</strong></span> <span class='ocrx_word' id='word_1_334' title='bbox 1145 4065 1210 4119; x_wconf 88' lang='grc' dir='ltr'><strong>Ει</strong></span> <span class='ocrx_word' id='word_1_335' title='bbox 1241 4075 1301 4119; x_wconf 85' lang='grc' dir='ltr'><strong>ιιι</strong></span> <span class='ocrx_word' id='word_1_336' title='bbox 1335 4063 1661 4120; x_wconf 77' lang='lat' dir='ltr'><strong>sacrificium</strong></span> <span class='ocrx_word' id='word_1_337' title='bbox 1688 4063 1852 4118; x_wconf 55' lang='lat' dir='ltr'><strong>ian-&quot;7</strong></span> 
     </span>
    </p>
   </div>
   <div class='ocr_carea' id='block_1_44' title="bbox 216 4155 1802 4226">
    <p class='ocr_par' dir='ltr' id='par_1_44' title="bbox 216 4155 1802 4226">
     <span class='ocr_line' id='line_1_44' title="bbox 216 4155 1802 4226; baseline -0.004 -10"><span class='ocrx_word' id='word_1_338' title='bbox 216 4161 305 4216; x_wconf 90' lang='lat' dir='ltr'><strong>dis</strong></span> <span class='ocrx_word' id='word_1_339' title='bbox 335 4159 434 4214; x_wconf 89' lang='lat' dir='ltr'><strong>tibi</strong></span> <span class='ocrx_word' id='word_1_340' title='bbox 467 4173 572 4214; x_wconf 93' lang='lat' dir='ltr'><strong>non</strong></span> <span class='ocrx_word' id='word_1_341' title='bbox 610 4157 780 4214; x_wconf 91' lang='lat' dir='ltr'><strong>solum</strong></span> <span class='ocrx_word' id='word_1_342' title='bbox 830 4172 860 4212; x_wconf 89' lang='lat' dir='ltr'><strong>a</strong></span> <span class='ocrx_word' id='word_1_343' title='bbox 892 4173 997 4224; x_wconf 91' lang='lat' dir='ltr'><strong>me,</strong></span> <span class='ocrx_word' id='word_1_344' title='bbox 1027 4157 1119 4212; x_wconf 89' lang='lat' dir='ltr'><strong>sed</strong></span> <span class='ocrx_word' id='word_1_345' title='bbox 1149 4173 1176 4210; x_wconf 92' lang='lat' dir='ltr'><strong>a</strong></span> <span class='ocrx_word' id='word_1_346' title='bbox 1201 4157 1383 4212; x_wconf 91' lang='lat' dir='ltr'><strong>multis</strong></span> <span class='ocrx_word' id='word_1_347' title='bbox 1409 4155 1500 4210; x_wconf 87' lang='lat' dir='ltr'><strong>fiat</strong></span> <span class='ocrx_word' id='word_1_348' title='bbox 1525 4175 1538 4208; x_wconf 75' lang='grc' dir='ltr'>ε</span> <span class='ocrx_word' id='word_1_349' title='bbox 1568 4155 1802 4226; x_wconf 82' lang='lat' dir='ltr'><strong>Benigne</strong></span> 
     </span>
    </p>
   </div>
   <div class='ocr_carea' id='block_1_45' title="bbox 218 4245 1805 4321">
    <p class='ocr_par' dir='ltr' id='par_1_45' title="bbox 218 4245 1805 4321">
     <span class='ocr_line' id='line_1_45' title="bbox 218 4245 1805 4321; baseline -0.004 -14"><span class='ocrx_word' id='word_1_350' title='bbox 218 4254 336 4321; x_wconf 80' lang='lat' dir='ltr'><strong>fac,</strong></span> <span class='ocrx_word' id='word_1_351' title='bbox 379 4245 620 4315; x_wconf 81' lang='lat' dir='ltr'><strong>Domine,</strong></span> <span class='ocrx_word' id='word_1_352' title='bbox 661 4249 816 4315; x_wconf 87' lang='lat' dir='ltr'><strong>Sion,</strong></span> <span class='ocrx_word' id='word_1_353' title='bbox 857 4248 911 4303; x_wconf 95' lang='lat' dir='ltr'><strong>id</strong></span> <span class='ocrx_word' id='word_1_354' title='bbox 952 4256 1056 4312; x_wconf 88' lang='lat' dir='ltr'><strong>est,</strong></span> <span class='ocrx_word' id='word_1_355' title='bbox 1087 4249 1230 4301; x_wconf 65' lang='lat' dir='ltr'><strong>mitte</strong></span> <span class='ocrx_word' id='word_1_356' title='bbox 1276 4263 1425 4319; x_wconf 82' lang='lat' dir='ltr'><strong>quem</strong></span> <span class='ocrx_word' id='word_1_357' title='bbox 1463 4246 1719 4301; x_wconf 85' lang='lat' dir='ltr'><strong>missurus</strong></span> <span class='ocrx_word' id='word_1_358' title='bbox 1751 4261 1805 4300; x_wconf 85' lang='lat' dir='ltr'><strong>es</strong></span> 
     </span>
    </p>
   </div>
   <div class='ocr_carea' id='block_1_46' title="bbox 218 4335 1807 4414">
    <p class='ocr_par' dir='ltr' id='par_1_46' title="bbox 218 4335 1807 4414">
     <span class='ocr_line' id='line_1_46' title="bbox 218 4335 1807 4414; baseline -0.006 -17"><span class='ocrx_word' id='word_1_359' title='bbox 218 4342 427 4414; x_wconf 69' lang='lat' dir='ltr'><strong>(Exod.</strong></span> <span class='ocrx_word' id='word_1_360' title='bbox 476 4340 574 4412; x_wconf 79' lang='lat' dir='ltr'><strong>tv).</strong></span> <span class='ocrx_word' id='word_1_361' title='bbox 609 4339 762 4404; x_wconf 83' lang='lat' dir='ltr'><strong>Sion,</strong></span> <span class='ocrx_word' id='word_1_362' title='bbox 802 4339 854 4394; x_wconf 88' lang='lat' dir='ltr'><strong>id</strong></span> <span class='ocrx_word' id='word_1_363' title='bbox 884 4347 990 4404; x_wconf 87' lang='lat' dir='ltr'><strong>est,</strong></span> <span class='ocrx_word' id='word_1_364' title='bbox 1020 4337 1273 4395; x_wconf 67' lang='lat' dir='ltr'><strong>Ecclesia:</strong></span> <span class='ocrx_word' id='word_1_365' title='bbox 1308 4348 1432 4403; x_wconf 69' lang='lat' dir='ltr'><strong>tum,</strong></span> <span class='ocrx_word' id='word_1_366' title='bbox 1464 4352 1583 4406; x_wconf 83' lang='lat' dir='ltr'><strong>quae</strong></span> <span class='ocrx_word' id='word_1_367' title='bbox 1618 4335 1807 4393; x_wconf 90' lang='lat' dir='ltr'><strong>oblivi-</strong></span> 
     </span>
    </p>
   </div>
   <div class='ocr_carea' id='block_1_47' title="bbox 219 4430 1802 4504">
    <p class='ocr_par' dir='ltr' id='par_1_47' title="bbox 219 4430 1802 4504">
     <span class='ocr_line' id='line_1_47' title="bbox 219 4430 1802 4504; baseline -0.003 -14"><span class='ocrx_word' id='word_1_368' title='bbox 219 4448 386 4490; x_wconf 78' lang='lat' dir='ltr'><strong>scens</strong></span> <span class='ocrx_word' id='word_1_369' title='bbox 405 4448 524 4504; x_wconf 72' lang='lat' dir='ltr'><strong>qua:</strong></span> <span class='ocrx_word' id='word_1_370' title='bbox 539 4443 682 4491; x_wconf 90' lang='lat' dir='ltr'><strong>retro</strong></span> <span class='ocrx_word' id='word_1_371' title='bbox 695 4435 883 4504; x_wconf 80' lang='lat' dir='ltr'><strong>suntin</strong></span> <span class='ocrx_word' id='word_1_372' title='bbox 900 4435 1169 4491; x_wconf 87' lang='lat' dir='ltr'><strong>anteriora</strong></span> <span class='ocrx_word' id='word_1_373' title='bbox 1185 4451 1243 4490; x_wconf 89' lang='lat' dir='ltr'><strong>se</strong></span> <span class='ocrx_word' id='word_1_374' title='bbox 1258 4433 1497 4489; x_wconf 74' lang='lat' dir='ltr'><strong>extendit</strong></span> <span class='ocrx_word' id='word_1_375' title='bbox 1514 4430 1676 4504; x_wconf 79' lang='lat' dir='ltr'><strong>(Phil.</strong></span> <span class='ocrx_word' id='word_1_376' title='bbox 1697 4430 1802 4494; x_wconf 78' lang='lat' dir='ltr'><strong>in).</strong></span> 
     </span>
    </p>
   </div>
   <div class='ocr_carea' id='block_1_48' title="bbox 1896 617 3463 692">
    <p class='ocr_par' dir='ltr' id='par_1_48' title="bbox 1896 617 3463 692">
     <span class='ocr_line' id='line_1_48' title="bbox 1896 617 3463 692; baseline -0.003 -15"><span class='ocrx_word' id='word_1_377' title='bbox 1896 623 2032 692; x_wconf 83' lang='lat' dir='ltr'><strong>ignis</strong></span> <span class='ocrx_word' id='word_1_378' title='bbox 2071 621 2258 687; x_wconf 90' lang='lat' dir='ltr'><strong>divini,</strong></span> <span class='ocrx_word' id='word_1_379' title='bbox 2309 621 2513 676; x_wconf 87' lang='lat' dir='ltr'><strong>scilicet</strong></span> <span class='ocrx_word' id='word_1_380' title='bbox 2560 621 2673 674; x_wconf 71' lang='lat' dir='ltr'><strong>lucc</strong></span> <span class='ocrx_word' id='word_1_381' title='bbox 2727 619 3056 675; x_wconf 84' lang='lat' dir='ltr'><strong>holocausta.</strong></span> <span class='ocrx_word' id='word_1_382' title='bbox 3107 617 3251 671; x_wconf 85' lang='lat' dir='ltr'><strong>Tunc</strong></span> <span class='ocrx_word' id='word_1_383' title='bbox 3297 618 3463 687; x_wconf 78' lang='lat' dir='ltr'><strong>impo-</strong></span> 
     </span>
    </p>
   </div>
   <div class='ocr_carea' id='block_1_49' title="bbox 1894 700 3466 781">
    <p class='ocr_par' dir='ltr' id='par_1_49' title="bbox 1894 700 3466 781">
     <span class='ocr_line' id='line_1_49' title="bbox 1894 700 3466 781; baseline -0.004 -14"><span class='ocrx_word' id='word_1_384' title='bbox 1894 722 2010 767; x_wconf 87' lang='lat' dir='ltr'><strong>nent</strong></span> <span class='ocrx_word' id='word_1_385' title='bbox 2035 700 2241 781; x_wconf 72' lang='lat' dir='ltr'><strong>seipsds</strong></span> <span class='ocrx_word' id='word_1_386' title='bbox 2276 711 2485 775; x_wconf 83' lang='lat' dir='ltr'><strong>vitulos,</strong></span> <span class='ocrx_word' id='word_1_387' title='bbox 2513 712 2687 776; x_wconf 90' lang='lat' dir='ltr'><strong>idest,</strong></span> <span class='ocrx_word' id='word_1_388' title='bbox 2716 727 2880 781; x_wconf 86' lang='lat' dir='ltr'><strong>purus</strong></span> <span class='ocrx_word' id='word_1_389' title='bbox 2901 719 2956 765; x_wconf 89' lang='lat' dir='ltr'><strong>et</strong></span> <span class='ocrx_word' id='word_1_390' title='bbox 2985 711 3284 772; x_wconf 79' lang='lat' dir='ltr'><strong>innovatus,</strong></span> <span class='ocrx_word' id='word_1_391' title='bbox 3303 721 3466 778; x_wconf 78' lang='lat' dir='ltr'><strong>super</strong></span> 
     </span>
    </p>
   </div>
   <div class='ocr_carea' id='block_1_50' title="bbox 1847 799 3465 873">
    <p class='ocr_par' dir='ltr' id='par_1_50' title="bbox 1847 799 3465 873">
     <span class='ocr_line' id='line_1_50' title="bbox 1847 799 3465 873; baseline -0.001 -17"><span class='ocrx_word' id='word_1_392' title='bbox 1847 862 1858 873; x_wconf 85' lang='lat'><strong>_</strong></span> <span class='ocrx_word' id='word_1_393' title='bbox 1893 801 2063 857; x_wconf 86' lang='lat' dir='ltr'><strong>altare</strong></span> <span class='ocrx_word' id='word_1_394' title='bbox 2092 812 2260 868; x_wconf 85' lang='lat' dir='ltr'><strong>tuum,</strong></span> <span class='ocrx_word' id='word_1_395' title='bbox 2296 801 2347 857; x_wconf 90' lang='lat' dir='ltr'><strong>id</strong></span> <span class='ocrx_word' id='word_1_396' title='bbox 2375 810 2477 869; x_wconf 90' lang='lat' dir='ltr'><strong>est,</strong></span> <span class='ocrx_word' id='word_1_397' title='bbox 2509 815 2671 872; x_wconf 87' lang='lat' dir='ltr'><strong>super</strong></span> <span class='ocrx_word' id='word_1_398' title='bbox 2715 802 2957 856; x_wconf 89' lang='lat' dir='ltr'><strong>intimam</strong></span> <span class='ocrx_word' id='word_1_399' title='bbox 2997 800 3192 856; x_wconf 88' lang='lat' dir='ltr'><strong>mentis</strong></span> <span class='ocrx_word' id='word_1_400' title='bbox 3225 799 3465 855; x_wconf 84' lang='lat' dir='ltr'><strong>devotio.-</strong></span> 
     </span>
    </p>
   </div>
   <div class='ocr_carea' id='block_1_51' title="bbox 1893 908 2037 949">
    <p class='ocr_par' dir='ltr' id='par_1_51' title="bbox 1893 908 2037 949">
     <span class='ocr_line' id='line_1_51' title="bbox 1893 908 2037 949; baseline -0.007 -2"><span class='ocrx_word' id='word_1_401' title='bbox 1893 908 2015 949; x_wconf 91' lang='lat' dir='ltr'><strong>nem</strong></span> <span class='ocrx_word' id='word_1_402' title='bbox 2025 933 2037 946; x_wconf 91' lang='lat'><strong>.</strong></span> 
     </span>
    </p>
   </div>
   <div class='ocr_carea' id='block_1_52' title="bbox 2444 981 2886 1038">
    <p class='ocr_par' dir='ltr' id='par_1_52' title="bbox 2444 981 2886 1038">
     <span class='ocr_line' id='line_1_52' title="bbox 2444 981 2886 1038; baseline -0.005 -1"><span class='ocrx_word' id='word_1_403' title='bbox 2444 981 2763 1038; x_wconf 65' lang='lat' dir='ltr'><strong>PoALMUS</strong></span> <span class='ocrx_word' id='word_1_404' title='bbox 2804 982 2886 1036; x_wconf 74' lang='grc' dir='ltr'><strong>ιι.</strong></span> 
     </span>
    </p>
   </div>
   <div class='ocr_carea' id='block_1_53' title="bbox 1895 1105 3463 1155">
    <p class='ocr_par' dir='ltr' id='par_1_53' title="bbox 1895 1105 3463 1155">
     <span class='ocr_line' id='line_1_53' title="bbox 1895 1105 3463 1155; baseline -0.006 -2"><span class='ocrx_word' id='word_1_405' title='bbox 1895 1114 1946 1153; x_wconf 72' lang='lat' dir='ltr'><strong>IN</strong></span> <span class='ocrx_word' id='word_1_406' title='bbox 1999 1113 2158 1153; x_wconf 73' lang='lat' dir='ltr'><strong>FINEM</strong></span> <span class='ocrx_word' id='word_1_407' title='bbox 2217 1109 2578 1150; x_wconf 76' lang='lat' dir='ltr'><strong>INTEILECTUS</strong></span> <span class='ocrx_word' id='word_1_408' title='bbox 2632 1111 2813 1155; x_wconf 73' lang='lat' dir='ltr'><strong>DAVID,</strong></span> <span class='ocrx_word' id='word_1_409' title='bbox 2866 1110 2967 1149; x_wconf 77' lang='lat' dir='ltr'><strong>CU.“</strong></span> <span class='ocrx_word' id='word_1_410' title='bbox 3020 1109 3181 1148; x_wconf 72' lang='lat' dir='ltr'><strong>VENI‘T</strong></span> <span class='ocrx_word' id='word_1_411' title='bbox 3233 1107 3300 1145; x_wconf 77' lang='lat' dir='ltr'><strong>AD</strong></span> <span class='ocrx_word' id='word_1_412' title='bbox 3355 1105 3463 1145; x_wconf 76' lang='grc' dir='ltr'><strong>Εῦὶι</strong></span> 
     </span>
    </p>
   </div>
   <div class='ocr_carea' id='block_1_54' title="bbox 1964 1176 3470 1229">
    <p class='ocr_par' dir='ltr' id='par_1_54' title="bbox 1964 1176 3470 1229">
     <span class='ocr_line' id='line_1_54' title="bbox 1964 1176 3470 1229; baseline -0.007 -5"><span class='ocrx_word' id='word_1_413' title='bbox 1964 1184 2100 1224; x_wconf 80' lang='lat' dir='ltr'><strong>DOEG</strong></span> <span class='ocrx_word' id='word_1_414' title='bbox 2141 1181 2406 1229; x_wconf 65' lang='lat' dir='ltr'><strong>IDUMEUS,</strong></span> <span class='ocrx_word' id='word_1_415' title='bbox 2434 1181 2503 1220; x_wconf 79' lang='grc' dir='ltr'><strong>ΕΤ</strong></span> <span class='ocrx_word' id='word_1_416' title='bbox 2540 1180 2834 1218; x_wconf 72' lang='lat' dir='ltr'><strong>NUNTIAVIT</strong></span> <span class='ocrx_word' id='word_1_417' title='bbox 2872 1179 3025 1219; x_wconf 78' lang='lat' dir='ltr'><strong>SAULI</strong></span> <span class='ocrx_word' id='word_1_418' title='bbox 3070 1182 3082 1216; x_wconf 77' lang='grc' dir='ltr'>ε</span> <span class='ocrx_word' id='word_1_419' title='bbox 3114 1177 3270 1216; x_wconf 78' lang='lat' dir='ltr'><strong>\‘ENIT</strong></span> <span class='ocrx_word' id='word_1_420' title='bbox 3304 1176 3470 1215; x_wconf 57' lang='grc' dir='ltr'><strong>ωιτη)</strong></span> 
     </span>
    </p>
   </div>
   <div class='ocr_carea' id='block_1_55' title="bbox 1964 1249 2600 1294">
    <p class='ocr_par' dir='ltr' id='par_1_55' title="bbox 1964 1249 2600 1294">
     <span class='ocr_line' id='line_1_55' title="bbox 1964 1249 2600 1294; baseline -0.009 0"><span class='ocrx_word' id='word_1_421' title='bbox 1964 1255 2018 1294; x_wconf 73' lang='lat' dir='ltr'><strong>iN</strong></span> <span class='ocrx_word' id='word_1_422' title='bbox 2059 1251 2241 1293; x_wconf 70' lang='grc' dir='ltr'><strong>υουωι</strong></span> <span class='ocrx_word' id='word_1_423' title='bbox 2282 1249 2363 1290; x_wconf 75' lang='grc' dir='ltr'><strong>ΔΒΙ</strong></span> <span class='ocrx_word' id='word_1_424' title='bbox 2374 1250 2600 1290; x_wconf 74' lang='lat' dir='ltr'><strong>MELECH.</strong></span> 
     </span>
    </p>
   </div>
   <div class='ocr_carea' id='block_1_56' title="bbox 1971 1344 3468 1418">
    <p class='ocr_par' dir='ltr' id='par_1_56' title="bbox 1971 1344 3468 1418">
     <span class='ocr_line' id='line_1_56' title="bbox 1971 1344 3468 1418; baseline -0.003 -16"><span class='ocrx_word' id='word_1_425' title='bbox 1971 1366 1990 1402; x_wconf 75' lang='lat' dir='ltr'><strong>t</strong></span> <span class='ocrx_word' id='word_1_426' title='bbox 2037 1349 2176 1418; x_wconf 87' lang='lat' dir='ltr'><strong>Quid</strong></span> <span class='ocrx_word' id='word_1_427' title='bbox 2211 1347 2468 1418; x_wconf 86' lang='lat' dir='ltr'><strong>gloriaris</strong></span> <span class='ocrx_word' id='word_1_428' title='bbox 2507 1347 2558 1401; x_wconf 93' lang='lat' dir='ltr'><strong>in</strong></span> <span class='ocrx_word' id='word_1_429' title='bbox 2587 1346 2811 1410; x_wconf 87' lang='lat' dir='ltr'><strong>malitia,</strong></span> <span class='ocrx_word' id='word_1_430' title='bbox 2837 1346 2927 1416; x_wconf 88' lang='lat' dir='ltr'><strong>qui</strong></span> <span class='ocrx_word' id='word_1_431' title='bbox 2957 1355 3147 1415; x_wconf 83' lang='lat' dir='ltr'><strong>potens</strong></span> <span class='ocrx_word' id='word_1_432' title='bbox 3175 1359 3234 1400; x_wconf 88' lang='lat' dir='ltr'><strong>es</strong></span> <span class='ocrx_word' id='word_1_433' title='bbox 3279 1344 3332 1398; x_wconf 91' lang='lat' dir='ltr'><strong>iu</strong></span> <span class='ocrx_word' id='word_1_434' title='bbox 3366 1344 3468 1398; x_wconf 84' lang='lat' dir='ltr'><strong>iui-</strong></span> 
     </span>
    </p>
   </div>
   <div class='ocr_carea' id='block_1_57' title="bbox 1903 1436 3466 1512">
    <p class='ocr_par' dir='ltr' id='par_1_57' title="bbox 1903 1436 3466 1512">
     <span class='ocr_line' id='line_1_57' title="bbox 1903 1436 3466 1512; baseline -0.003 -18"><span class='ocrx_word' id='word_1_435' title='bbox 1903 1461 1921 1494; x_wconf 72' lang='grc' dir='ltr'><strong><em>ι</em></strong></span> <span class='ocrx_word' id='word_1_436' title='bbox 1966 1441 2205 1512; x_wconf 86' lang='lat' dir='ltr'><strong>quitate?</strong></span> <span class='ocrx_word' id='word_1_437' title='bbox 2232 1439 2365 1494; x_wconf 91' lang='lat' dir='ltr'><strong>Tota</strong></span> <span class='ocrx_word' id='word_1_438' title='bbox 2396 1438 2481 1494; x_wconf 91' lang='lat' dir='ltr'><strong>die</strong></span> <span class='ocrx_word' id='word_1_439' title='bbox 2511 1437 2825 1507; x_wconf 79' lang='lat' dir='ltr'><strong>iniustitiam</strong></span> <span class='ocrx_word' id='word_1_440' title='bbox 2856 1437 3111 1506; x_wconf 82' lang='lat' dir='ltr'><strong>cogitavit</strong></span> <span class='ocrx_word' id='word_1_441' title='bbox 3131 1436 3307 1506; x_wconf 81' lang='lat' dir='ltr'><strong>lingua</strong></span> <span class='ocrx_word' id='word_1_442' title='bbox 3333 1444 3419 1489; x_wconf 89' lang='lat' dir='ltr'><strong>tua</strong></span> <span class='ocrx_word' id='word_1_443' title='bbox 3449 1451 3466 1490; x_wconf 86' lang='lat'><strong>:</strong></span> 
     </span>
    </p>
   </div>
   <div class='ocr_carea' id='block_1_58' title="bbox 1903 1527 3469 1589">
    <p class='ocr_par' dir='ltr' id='par_1_58' title="bbox 1903 1527 3469 1589">
     <span class='ocr_line' id='line_1_58' title="bbox 1903 1527 3469 1589; baseline -0.003 -2"><span class='ocrx_word' id='word_1_444' title='bbox 1903 1553 1922 1587; x_wconf 71' lang='grc' dir='ltr'>ι</span> <span class='ocrx_word' id='word_1_445' title='bbox 1967 1535 2107 1589; x_wconf 90' lang='lat' dir='ltr'><strong>sicut</strong></span> <span class='ocrx_word' id='word_1_446' title='bbox 2125 1532 2387 1588; x_wconf 89' lang='lat' dir='ltr'><strong>novacula</strong></span> <span class='ocrx_word' id='word_1_447' title='bbox 2413 1543 2565 1586; x_wconf 90' lang='lat' dir='ltr'><strong>acuta</strong></span> <span class='ocrx_word' id='word_1_448' title='bbox 2592 1531 2774 1586; x_wconf 82' lang='lat' dir='ltr'><strong>fecisti</strong></span> <span class='ocrx_word' id='word_1_449' title='bbox 2808 1529 3007 1584; x_wconf 85' lang='lat' dir='ltr'><strong>dolum.</strong></span> <span class='ocrx_word' id='word_1_450' title='bbox 3042 1527 3283 1583; x_wconf 78' lang='lat' dir='ltr'><strong>Dilcsisti</strong></span> <span class='ocrx_word' id='word_1_451' title='bbox 3315 1527 3469 1582; x_wconf 89' lang='lat' dir='ltr'><strong>mali-</strong></span> 
     </span>
    </p>
   </div>
   <div class='ocr_carea' id='block_1_59' title="bbox 1903 1619 3469 1694">
    <p class='ocr_par' dir='ltr' id='par_1_59' title="bbox 1903 1619 3469 1694">
     <span class='ocr_line' id='line_1_59' title="bbox 1903 1619 3469 1694; baseline -0.003 -19"><span class='ocrx_word' id='word_1_452' title='bbox 1903 1642 1921 1675; x_wconf 69' lang='lat' dir='ltr'><strong>t</strong></span> <span class='ocrx_word' id='word_1_453' title='bbox 1969 1625 2100 1679; x_wconf 90' lang='lat' dir='ltr'><strong>tiam</strong></span> <span class='ocrx_word' id='word_1_454' title='bbox 2127 1637 2289 1694; x_wconf 87' lang='lat' dir='ltr'><strong>super</strong></span> <span class='ocrx_word' id='word_1_455' title='bbox 2311 1622 2718 1692; x_wconf 75' lang='lat' dir='ltr'><strong>benignitatem,</strong></span> <span class='ocrx_word' id='word_1_456' title='bbox 2746 1620 3081 1689; x_wconf 89' lang='lat' dir='ltr'><strong>iniquitatem</strong></span> <span class='ocrx_word' id='word_1_457' title='bbox 3107 1619 3276 1689; x_wconf 87' lang='lat' dir='ltr'><strong>magis</strong></span> <span class='ocrx_word' id='word_1_458' title='bbox 3306 1621 3469 1686; x_wconf 86' lang='lat' dir='ltr'><strong>quam</strong></span> 
     </span>
    </p>
   </div>
   <div class='ocr_carea' id='block_1_60' title="bbox 1902 1710 3470 1784">
    <p class='ocr_par' dir='ltr' id='par_1_60' title="bbox 1902 1710 3470 1784">
     <span class='ocr_line' id='line_1_60' title="bbox 1902 1710 3470 1784; baseline -0.001 -20"><span class='ocrx_word' id='word_1_459' title='bbox 1902 1731 1922 1764; x_wconf 82' lang='grc'><em>‹</em></span> <span class='ocrx_word' id='word_1_460' title='bbox 1970 1714 2114 1784; x_wconf 89' lang='lat' dir='ltr'><strong>loqui</strong></span> <span class='ocrx_word' id='word_1_461' title='bbox 2141 1713 2470 1783; x_wconf 52' lang='lat' dir='ltr'><strong>aequitatem.</strong></span> <span class='ocrx_word' id='word_1_462' title='bbox 2515 1711 2758 1767; x_wconf 78' lang='lat' dir='ltr'><strong>Dilexisti</strong></span> <span class='ocrx_word' id='word_1_463' title='bbox 2785 1711 2964 1766; x_wconf 88' lang='lat' dir='ltr'><strong>omnia</strong></span> <span class='ocrx_word' id='word_1_464' title='bbox 3012 1712 3172 1767; x_wconf 90' lang='lat' dir='ltr'><strong>verba</strong></span> <span class='ocrx_word' id='word_1_465' title='bbox 3223 1710 3470 1782; x_wconf 85' lang='lat' dir='ltr'><strong>praecipi-</strong></span> 
     </span>
    </p>
   </div>
   <div class='ocr_carea' id='block_1_61' title="bbox 1907 1803 3474 1876">
    <p class='ocr_par' dir='ltr' id='par_1_61' title="bbox 1907 1803 3474 1876">
     <span class='ocr_line' id='line_1_61' title="bbox 1907 1803 3474 1876; baseline -0.001 -18"><span class='ocrx_word' id='word_1_466' title='bbox 1907 1825 1925 1858; x_wconf 75' lang='grc' dir='ltr'>ι</span> <span class='ocrx_word' id='word_1_467' title='bbox 1973 1806 2189 1863; x_wconf 78' lang='lat' dir='ltr'><strong>talionis</strong></span> <span class='ocrx_word' id='word_1_468' title='bbox 2213 1806 2389 1876; x_wconf 79' lang='lat' dir='ltr'><strong>lingua</strong></span> <span class='ocrx_word' id='word_1_469' title='bbox 2417 1804 2620 1860; x_wconf 89' lang='lat' dir='ltr'><strong>dolosa.</strong></span> <span class='ocrx_word' id='word_1_470' title='bbox 2667 1805 2952 1876; x_wconf 87' lang='lat' dir='ltr'><strong>Propterea</strong></span> <span class='ocrx_word' id='word_1_471' title='bbox 2985 1804 3124 1860; x_wconf 89' lang='lat' dir='ltr'><strong>Deus</strong></span> <span class='ocrx_word' id='word_1_472' title='bbox 3155 1803 3396 1860; x_wconf 84' lang='lat' dir='ltr'><strong>destruet</strong></span> <span class='ocrx_word' id='word_1_473' title='bbox 3422 1813 3474 1856; x_wconf 88' lang='lat' dir='ltr'><strong>te</strong></span> 
     </span>
    </p>
   </div>
   <div class='ocr_carea' id='block_1_62' title="bbox 1826 1870 3473 1962">
    <p class='ocr_par' dir='ltr' id='par_1_62' title="bbox 1826 1870 3473 1962">
     <span class='ocr_line' id='line_1_62' title="bbox 1826 1870 3473 1962; baseline -0.006 -11"><span class='ocrx_word' id='word_1_474' title='bbox 1826 1870 1870 1929; x_wconf 73' lang='grc' dir='ltr'><strong>Β</strong></span> <span class='ocrx_word' id='word_1_475' title='bbox 1905 1915 1923 1950; x_wconf 70' lang='grc' dir='ltr'>ι</span> <span class='ocrx_word' id='word_1_476' title='bbox 1970 1897 2022 1950; x_wconf 93' lang='lat' dir='ltr'><strong>in</strong></span> <span class='ocrx_word' id='word_1_477' title='bbox 2055 1895 2235 1959; x_wconf 90' lang='lat' dir='ltr'><strong>finem,</strong></span> <span class='ocrx_word' id='word_1_478' title='bbox 2265 1870 2455 1949; x_wconf 54' lang='lat' dir='ltr'><strong>evellet</strong></span> <span class='ocrx_word' id='word_1_479' title='bbox 2481 1903 2555 1960; x_wconf 90' lang='lat' dir='ltr'><strong>te,</strong></span> <span class='ocrx_word' id='word_1_480' title='bbox 2577 1901 2630 1948; x_wconf 92' lang='lat' dir='ltr'><strong>et</strong></span> <span class='ocrx_word' id='word_1_481' title='bbox 2647 1870 2932 1962; x_wconf 78' lang='lat' dir='ltr'><strong>emigrabit</strong></span> <span class='ocrx_word' id='word_1_482' title='bbox 2954 1901 3004 1947; x_wconf 89' lang='lat' dir='ltr'><strong>te</strong></span> <span class='ocrx_word' id='word_1_483' title='bbox 3031 1890 3096 1947; x_wconf 84' lang='lat' dir='ltr'><strong>de</strong></span> <span class='ocrx_word' id='word_1_484' title='bbox 3121 1880 3473 1946; x_wconf 83' lang='lat' dir='ltr'><strong>tabernaculo</strong></span> 
     </span>
    </p>
   </div>
   <div class='ocr_carea' id='block_1_63' title="bbox 1907 1979 3471 2054">
    <p class='ocr_par' dir='ltr' id='par_1_63' title="bbox 1907 1979 3471 2054">
     <span class='ocr_line' id='line_1_63' title="bbox 1907 1979 3471 2054; baseline -0.007 -12"><span class='ocrx_word' id='word_1_485' title='bbox 1907 2010 1924 2042; x_wconf 74' lang='grc' dir='ltr'><strong><em>ι</em></strong></span> <span class='ocrx_word' id='word_1_486' title='bbox 1969 1997 2080 2054; x_wconf 92' lang='lat' dir='ltr'><strong>tuo,</strong></span> <span class='ocrx_word' id='word_1_487' title='bbox 2103 1997 2157 2042; x_wconf 90' lang='lat' dir='ltr'><strong>et</strong></span> <span class='ocrx_word' id='word_1_488' title='bbox 2177 1987 2412 2042; x_wconf 89' lang='lat' dir='ltr'><strong>radicem</strong></span> <span class='ocrx_word' id='word_1_489' title='bbox 2437 1997 2580 2040; x_wconf 89' lang='lat' dir='ltr'><strong>tuam</strong></span> <span class='ocrx_word' id='word_1_490' title='bbox 2612 1986 2678 2040; x_wconf 91' lang='lat' dir='ltr'><strong>de</strong></span> <span class='ocrx_word' id='word_1_491' title='bbox 2700 1993 2842 2040; x_wconf 90' lang='lat' dir='ltr'><strong>terra</strong></span> <span class='ocrx_word' id='word_1_492' title='bbox 2862 1983 3173 2038; x_wconf 86' lang='lat' dir='ltr'><strong>viventium.</strong></span> <span class='ocrx_word' id='word_1_493' title='bbox 3203 1979 3471 2034; x_wconf 82' lang='lat' dir='ltr'><strong>Videbunt</strong></span> 
     </span>
    </p>
   </div>
   <div class='ocr_carea' id='block_1_64' title="bbox 1905 2070 3469 2151">
    <p class='ocr_par' dir='ltr' id='par_1_64' title="bbox 1905 2070 3469 2151">
     <span class='ocr_line' id='line_1_64' title="bbox 1905 2070 3469 2151; baseline -0.006 -18"><span class='ocrx_word' id='word_1_494' title='bbox 1905 2103 1922 2133; x_wconf 75' lang='grc' dir='ltr'><em>α</em></span> <span class='ocrx_word' id='word_1_495' title='bbox 1965 2082 2095 2151; x_wconf 85' lang='lat' dir='ltr'><strong>justi</strong></span> <span class='ocrx_word' id='word_1_496' title='bbox 2149 2090 2203 2135; x_wconf 89' lang='lat' dir='ltr'><strong>et</strong></span> <span class='ocrx_word' id='word_1_497' title='bbox 2255 2079 2539 2143; x_wconf 89' lang='lat' dir='ltr'><strong>timebunt,</strong></span> <span class='ocrx_word' id='word_1_498' title='bbox 2581 2088 2635 2133; x_wconf 91' lang='lat' dir='ltr'><strong>et</strong></span> <span class='ocrx_word' id='word_1_499' title='bbox 2677 2091 2838 2147; x_wconf 89' lang='lat' dir='ltr'><strong>super</strong></span> <span class='ocrx_word' id='word_1_500' title='bbox 2873 2091 2993 2132; x_wconf 90' lang='lat' dir='ltr'><strong>eum</strong></span> <span class='ocrx_word' id='word_1_501' title='bbox 3027 2073 3276 2128; x_wconf 89' lang='lat' dir='ltr'><strong>ridebunt</strong></span> <span class='ocrx_word' id='word_1_502' title='bbox 3301 2080 3355 2126; x_wconf 91' lang='lat' dir='ltr'><strong>et</strong></span> <span class='ocrx_word' id='word_1_503' title='bbox 3390 2070 3469 2124; x_wconf 89' lang='lat' dir='ltr'><strong>di-</strong></span> 
     </span>
    </p>
   </div>
   <div class='ocr_carea' id='block_1_65' title="bbox 1904 2159 3468 2237">
    <p class='ocr_par' dir='ltr' id='par_1_65' title="bbox 1904 2159 3468 2237">
     <span class='ocr_line' id='line_1_65' title="bbox 1904 2159 3468 2237; baseline -0.008 -14"><span class='ocrx_word' id='word_1_504' title='bbox 1904 2191 1923 2223; x_wconf 72' lang='grc' dir='ltr'><strong><em>ι</em></strong></span> <span class='ocrx_word' id='word_1_505' title='bbox 1970 2179 2093 2227; x_wconf 91' lang='lat' dir='ltr'><strong>cent</strong></span> <span class='ocrx_word' id='word_1_506' title='bbox 2121 2187 2134 2222; x_wconf 88' lang='lat'><strong>:</strong></span> <span class='ocrx_word' id='word_1_507' title='bbox 2166 2182 2292 2224; x_wconf 88' lang='lat' dir='ltr'><strong>ecce</strong></span> <span class='ocrx_word' id='word_1_508' title='bbox 2331 2169 2492 2222; x_wconf 89' lang='lat' dir='ltr'><strong>homo</strong></span> <span class='ocrx_word' id='word_1_509' title='bbox 2524 2167 2613 2237; x_wconf 85' lang='lat' dir='ltr'><strong>qui</strong></span> <span class='ocrx_word' id='word_1_510' title='bbox 2641 2181 2744 2220; x_wconf 87' lang='lat' dir='ltr'><strong>non</strong></span> <span class='ocrx_word' id='word_1_511' title='bbox 2775 2164 2952 2236; x_wconf 89' lang='lat' dir='ltr'><strong>posuit</strong></span> <span class='ocrx_word' id='word_1_512' title='bbox 2975 2163 3140 2217; x_wconf 89' lang='lat' dir='ltr'><strong>Deum</strong></span> <span class='ocrx_word' id='word_1_513' title='bbox 3171 2159 3468 2228; x_wconf 88' lang='lat' dir='ltr'><strong>adjutorem</strong></span> 
     </span>
    </p>
   </div>
   <div class='ocr_carea' id='block_1_66' title="bbox 1906 2252 3470 2329">
    <p class='ocr_par' dir='ltr' id='par_1_66' title="bbox 1906 2252 3470 2329">
     <span class='ocr_line' id='line_1_66' title="bbox 1906 2252 3470 2329; baseline -0.006 -15"><span class='ocrx_word' id='word_1_514' title='bbox 1906 2281 1924 2314; x_wconf 88' lang='grc'><strong><em>‹</em></strong></span> <span class='ocrx_word' id='word_1_515' title='bbox 1968 2276 2143 2317; x_wconf 91' lang='lat' dir='ltr'><strong>suum.</strong></span> <span class='ocrx_word' id='word_1_516' title='bbox 2175 2259 2280 2314; x_wconf 87' lang='lat' dir='ltr'><strong>Sed</strong></span> <span class='ocrx_word' id='word_1_517' title='bbox 2311 2259 2548 2329; x_wconf 87' lang='lat' dir='ltr'><strong>speravit</strong></span> <span class='ocrx_word' id='word_1_518' title='bbox 2575 2259 2626 2312; x_wconf 89' lang='lat' dir='ltr'><strong>in</strong></span> <span class='ocrx_word' id='word_1_519' title='bbox 2653 2256 2992 2311; x_wconf 87' lang='lat' dir='ltr'><strong>multitudine</strong></span> <span class='ocrx_word' id='word_1_520' title='bbox 3013 2252 3318 2309; x_wconf 88' lang='lat' dir='ltr'><strong>divitiarum</strong></span> <span class='ocrx_word' id='word_1_521' title='bbox 3348 2266 3470 2306; x_wconf 88' lang='lat' dir='ltr'><strong>sua-</strong></span> 
     </span>
    </p>
   </div>
   <div class='ocr_carea' id='block_1_67' title="bbox 1906 2341 3472 2420">
    <p class='ocr_par' dir='ltr' id='par_1_67' title="bbox 1906 2341 3472 2420">
     <span class='ocr_line' id='line_1_67' title="bbox 1906 2341 3472 2420; baseline -0.006 -17"><span class='ocrx_word' id='word_1_522' title='bbox 1906 2369 1925 2403; x_wconf 82' lang='grc' dir='ltr'>ι</span> <span class='ocrx_word' id='word_1_523' title='bbox 1971 2366 2114 2418; x_wconf 89' lang='lat' dir='ltr'><strong>rum,</strong></span> <span class='ocrx_word' id='word_1_524' title='bbox 2142 2357 2196 2404; x_wconf 90' lang='lat' dir='ltr'><strong>et</strong></span> <span class='ocrx_word' id='word_1_525' title='bbox 2228 2348 2509 2420; x_wconf 61' lang='lat' dir='ltr'><strong>praevaluit</strong></span> <span class='ocrx_word' id='word_1_526' title='bbox 2535 2349 2589 2404; x_wconf 90' lang='lat' dir='ltr'><strong>in</strong></span> <span class='ocrx_word' id='word_1_527' title='bbox 2611 2347 2845 2402; x_wconf 90' lang='lat' dir='ltr'><strong>vanitate</strong></span> <span class='ocrx_word' id='word_1_528' title='bbox 2867 2355 2974 2400; x_wconf 90' lang='lat' dir='ltr'><strong>tua.</strong></span> <span class='ocrx_word' id='word_1_529' title='bbox 2998 2343 3107 2416; x_wconf 83' lang='lat' dir='ltr'><strong>Ego</strong></span> <span class='ocrx_word' id='word_1_530' title='bbox 3127 2351 3304 2410; x_wconf 89' lang='lat' dir='ltr'><strong>autem</strong></span> <span class='ocrx_word' id='word_1_531' title='bbox 3333 2341 3472 2396; x_wconf 87' lang='lat' dir='ltr'><strong>sicut</strong></span> 
     </span>
    </p>
   </div>
   <div class='ocr_carea' id='block_1_68' title="bbox 1906 2432 3469 2508">
    <p class='ocr_par' dir='ltr' id='par_1_68' title="bbox 1906 2432 3469 2508">
     <span class='ocr_line' id='line_1_68' title="bbox 1906 2432 3469 2508; baseline -0.006 -15"><span class='ocrx_word' id='word_1_532' title='bbox 1906 2460 1926 2493; x_wconf 72' lang='grc' dir='ltr'><strong><em>ι</em></strong></span> <span class='ocrx_word' id='word_1_533' title='bbox 1971 2442 2110 2497; x_wconf 89' lang='lat' dir='ltr'><strong>oliva</strong></span> <span class='ocrx_word' id='word_1_534' title='bbox 2148 2439 2425 2496; x_wconf 80' lang='lat' dir='ltr'><strong>fructifera</strong></span> <span class='ocrx_word' id='word_1_535' title='bbox 2450 2441 2501 2494; x_wconf 92' lang='lat' dir='ltr'><strong>in</strong></span> <span class='ocrx_word' id='word_1_536' title='bbox 2525 2440 2683 2495; x_wconf 90' lang='lat' dir='ltr'><strong>domo</strong></span> <span class='ocrx_word' id='word_1_537' title='bbox 2707 2437 2819 2501; x_wconf 91' lang='lat' dir='ltr'><strong>Dei,</strong></span> <span class='ocrx_word' id='word_1_538' title='bbox 2846 2435 3055 2508; x_wconf 82' lang='lat' dir='ltr'><strong>speravi</strong></span> <span class='ocrx_word' id='word_1_539' title='bbox 3083 2434 3136 2489; x_wconf 91' lang='lat' dir='ltr'><strong>in</strong></span> <span class='ocrx_word' id='word_1_540' title='bbox 3166 2432 3469 2487; x_wconf 89' lang='lat' dir='ltr'><strong>misericor-</strong></span> 
     </span>
    </p>
   </div>
   <div class='ocr_carea' id='block_1_69' title="bbox 1869 2522 3472 2589">
    <p class='ocr_par' dir='ltr' id='par_1_69' title="bbox 1869 2522 3472 2589">
     <span class='ocr_line' id='line_1_69' title="bbox 1869 2522 3472 2589; baseline -0.006 -3"><span class='ocrx_word' id='word_1_541' title='bbox 1869 2551 1873 2560; x_wconf 60' lang='grc' dir='ltr'><strong>ε</strong></span> <span class='ocrx_word' id='word_1_542' title='bbox 1906 2553 1924 2586; x_wconf 75' lang='lat' dir='ltr'><strong>r</strong></span> <span class='ocrx_word' id='word_1_543' title='bbox 1970 2535 2058 2589; x_wconf 89' lang='lat' dir='ltr'><strong>dia</strong></span> <span class='ocrx_word' id='word_1_544' title='bbox 2097 2533 2191 2589; x_wconf 90' lang='lat' dir='ltr'><strong>Dei</strong></span> <span class='ocrx_word' id='word_1_545' title='bbox 2234 2534 2286 2588; x_wconf 90' lang='lat' dir='ltr'><strong>in</strong></span> <span class='ocrx_word' id='word_1_546' title='bbox 2317 2541 2576 2588; x_wconf 81' lang='lat' dir='ltr'><strong>:cternum</strong></span> <span class='ocrx_word' id='word_1_547' title='bbox 2599 2539 2655 2586; x_wconf 91' lang='lat' dir='ltr'><strong>et</strong></span> <span class='ocrx_word' id='word_1_548' title='bbox 2682 2530 2734 2586; x_wconf 88' lang='lat' dir='ltr'><strong>in</strong></span> <span class='ocrx_word' id='word_1_549' title='bbox 2774 2527 3029 2585; x_wconf 74' lang='lat' dir='ltr'><strong>szcculum</strong></span> <span class='ocrx_word' id='word_1_550' title='bbox 3059 2522 3260 2581; x_wconf 72' lang='lat' dir='ltr'><strong>smculi.</strong></span> <span class='ocrx_word' id='word_1_551' title='bbox 3290 2523 3472 2579; x_wconf 86' lang='lat' dir='ltr'><strong>Confi-</strong></span> 
     </span>
    </p>
   </div>
   <div class='ocr_carea' id='block_1_70' title="bbox 1868 2613 3516 2689">
    <p class='ocr_par' dir='ltr' id='par_1_70' title="bbox 1868 2613 3516 2689">
     <span class='ocr_line' id='line_1_70' title="bbox 1868 2613 3516 2689; baseline -0.01 -11"><span class='ocrx_word' id='word_1_552' title='bbox 1868 2627 1874 2631; x_wconf 81' lang='grc'><strong><em>“</em></strong></span> <span class='ocrx_word' id='word_1_553' title='bbox 1907 2646 1926 2677; x_wconf 84' lang='grc'><strong>‹</strong></span> <span class='ocrx_word' id='word_1_554' title='bbox 1975 2626 2130 2681; x_wconf 89' lang='lat' dir='ltr'><strong>tebor</strong></span> <span class='ocrx_word' id='word_1_555' title='bbox 2168 2623 2262 2678; x_wconf 87' lang='lat' dir='ltr'><strong>tibi</strong></span> <span class='ocrx_word' id='word_1_556' title='bbox 2310 2625 2362 2678; x_wconf 91' lang='lat' dir='ltr'><strong>in</strong></span> <span class='ocrx_word' id='word_1_557' title='bbox 2394 2621 2644 2677; x_wconf 72' lang='lat' dir='ltr'><strong>smculum</strong></span> <span class='ocrx_word' id='word_1_558' title='bbox 2675 2617 3029 2689; x_wconf 88' lang='lat' dir='ltr'><strong>quia_fecisti,</strong></span> <span class='ocrx_word' id='word_1_559' title='bbox 3060 2625 3114 2673; x_wconf 90' lang='lat' dir='ltr'><strong>et</strong></span> <span class='ocrx_word' id='word_1_560' title='bbox 3151 2613 3474 2683; x_wconf 82' lang='lat' dir='ltr'><strong>exspectabo</strong></span> <span class='ocrx_word' id='word_1_561' title='bbox 3509 2647 3516 2653; x_wconf 87' lang='lat'><strong>.</strong></span> 
     </span>
    </p>
   </div>
   <div class='ocr_carea' id='block_1_71' title="bbox 1905 2711 3471 2785">
    <p class='ocr_par' dir='ltr' id='par_1_71' title="bbox 1905 2711 3471 2785">
     <span class='ocr_line' id='line_1_71' title="bbox 1905 2711 3471 2785; baseline -0.006 -16"><span class='ocrx_word' id='word_1_562' title='bbox 1905 2739 1923 2769; x_wconf 84' lang='grc'><strong>‹</strong></span> <span class='ocrx_word' id='word_1_563' title='bbox 1976 2733 2170 2773; x_wconf 90' lang='lat' dir='ltr'><strong>nomen</strong></span> <span class='ocrx_word' id='word_1_564' title='bbox 2213 2727 2381 2780; x_wconf 89' lang='lat' dir='ltr'><strong>tuum,</strong></span> <span class='ocrx_word' id='word_1_565' title='bbox 2419 2715 2672 2785; x_wconf 90' lang='lat' dir='ltr'><strong>quoniam</strong></span> <span class='ocrx_word' id='word_1_566' title='bbox 2713 2715 2910 2768; x_wconf 89' lang='lat' dir='ltr'><strong>bonum</strong></span> <span class='ocrx_word' id='word_1_567' title='bbox 2951 2719 3032 2767; x_wconf 89' lang='lat' dir='ltr'><strong>est</strong></span> <span class='ocrx_word' id='word_1_568' title='bbox 3083 2711 3135 2764; x_wconf 92' lang='lat' dir='ltr'><strong>in</strong></span> <span class='ocrx_word' id='word_1_569' title='bbox 3183 2717 3471 2779; x_wconf 88' lang='lat' dir='ltr'><strong>conspectu</strong></span> 
     </span>
    </p>
   </div>
   <div class='ocr_carea' id='block_1_72' title="bbox 1905 2807 2883 2867">
    <p class='ocr_par' dir='ltr' id='par_1_72' title="bbox 1905 2807 2883 2867">
     <span class='ocr_line' id='line_1_72' title="bbox 1905 2807 2883 2867; baseline -0.008 -5"><span class='ocrx_word' id='word_1_570' title='bbox 1905 2831 1923 2862; x_wconf 83' lang='grc'><em>‹</em></span> <span class='ocrx_word' id='word_1_571' title='bbox 1971 2818 2278 2867; x_wconf 87' lang='lat' dir='ltr'><strong>sanctorum</strong></span> <span class='ocrx_word' id='word_1_572' title='bbox 2309 2815 2544 2861; x_wconf 90' lang='lat' dir='ltr'><strong>tuorum.</strong></span> <span class='ocrx_word' id='word_1_573' title='bbox 2581 2823 2599 2857; x_wconf 73' lang='grc' dir='ltr'><strong><em>ι</em></strong></span> <span class='ocrx_word' id='word_1_574' title='bbox 2879 2807 2883 2810; x_wconf 81' lang='grc'><strong>’</strong></span> 
     </span>
    </p>
   </div>
   <div class='ocr_carea' id='block_1_73' title="bbox 2460 2891 2910 2948">
    <p class='ocr_par' dir='ltr' id='par_1_73' title="bbox 2460 2891 2910 2948">
     <span class='ocr_line' id='line_1_73' title="bbox 2460 2891 2910 2948; baseline -0.009 0"><span class='ocrx_word' id='word_1_575' title='bbox 2460 2891 2910 2948; x_wconf 75' lang='grc' dir='ltr'><strong>ΕΝΑΒΒΑΤΙΟ.</strong></span> 
     </span>
    </p>
   </div>
   <div class='ocr_carea' id='block_1_74' title="bbox 1970 2975 3473 3056">
    <p class='ocr_par' dir='ltr' id='par_1_74' title="bbox 1970 2975 3473 3056">
     <span class='ocr_line' id='line_1_74' title="bbox 1970 2975 3473 3056; baseline -0.01 -11"><span class='ocrx_word' id='word_1_576' title='bbox 1970 2989 2102 3045; x_wconf 86' lang='lat' dir='ltr'><strong>Nota</strong></span> <span class='ocrx_word' id='word_1_577' title='bbox 2143 2987 2368 3043; x_wconf 80' lang='lat' dir='ltr'><strong>historia</strong></span> <span class='ocrx_word' id='word_1_578' title='bbox 2411 2983 2461 3056; x_wconf 85' lang='grc' dir='ltr'><strong>(Ι</strong></span> <span class='ocrx_word' id='word_1_579' title='bbox 2497 2982 2620 3053; x_wconf 75' lang='lat' dir='ltr'><strong>Reg.</strong></span> <span class='ocrx_word' id='word_1_580' title='bbox 2654 2985 2789 3053; x_wconf 68' lang='grc' dir='ltr'>χχι).</span> <span class='ocrx_word' id='word_1_581' title='bbox 2818 2981 2983 3035; x_wconf 86' lang='lat' dir='ltr'><strong>David</strong></span> <span class='ocrx_word' id='word_1_582' title='bbox 3025 2975 3233 3050; x_wconf 82' lang='lat' dir='ltr'><strong>fugiens</strong></span> <span class='ocrx_word' id='word_1_583' title='bbox 3264 2979 3300 3031; x_wconf 69' lang='lat' dir='ltr'><strong>a&#39;</strong></span> <span class='ocrx_word' id='word_1_584' title='bbox 3336 2977 3473 3031; x_wconf 83' lang='lat' dir='ltr'><strong>facie</strong></span> 
     </span>
    </p>
   </div>
   <div class='ocr_carea' id='block_1_75' title="bbox 1899 3068 3502 3138">
    <p class='ocr_par' dir='ltr' id='par_1_75' title="bbox 1899 3068 3502 3138">
     <span class='ocr_line' id='line_1_75' title="bbox 1899 3068 3502 3138; baseline -0.01 0"><span class='ocrx_word' id='word_1_585' title='bbox 1899 3081 2028 3138; x_wconf 90' lang='lat' dir='ltr'><strong>Saul</strong></span> <span class='ocrx_word' id='word_1_586' title='bbox 2078 3079 2222 3135; x_wconf 88' lang='lat' dir='ltr'><strong>venit</strong></span> <span class='ocrx_word' id='word_1_587' title='bbox 2273 3075 2336 3131; x_wconf 91' lang='lat' dir='ltr'><strong>ad</strong></span> <span class='ocrx_word' id='word_1_588' title='bbox 2389 3072 2697 3130; x_wconf 82' lang='lat' dir='ltr'><strong>Abimelech</strong></span> <span class='ocrx_word' id='word_1_589' title='bbox 2750 3071 3108 3135; x_wconf 87' lang='lat' dir='ltr'><strong>sacerdotem,</strong></span> <span class='ocrx_word' id='word_1_590' title='bbox 3169 3077 3222 3123; x_wconf 90' lang='lat' dir='ltr'><strong>et</strong></span> <span class='ocrx_word' id='word_1_591' title='bbox 3268 3068 3502 3136; x_wconf 83' lang='lat' dir='ltr'><strong>accepit.</strong></span> 
     </span>
    </p>
   </div>
   <div class='ocr_carea' id='block_1_76' title="bbox 1900 3155 3470 3244">
    <p class='ocr_par' dir='ltr' id='par_1_76' title="bbox 1900 3155 3470 3244">
     <span class='ocr_line' id='line_1_76' title="bbox 1900 3155 3470 3244; baseline -0.014 -16"><span class='ocrx_word' id='word_1_592' title='bbox 1900 3172 2133 3244; x_wconf 84' lang='lat' dir='ltr'><strong>gladium</strong></span> <span class='ocrx_word' id='word_1_593' title='bbox 2181 3169 2232 3223; x_wconf 87' lang='lat' dir='ltr'><strong>in</strong></span> <span class='ocrx_word' id='word_1_594' title='bbox 2279 3164 2474 3236; x_wconf 90' lang='lat' dir='ltr'><strong>templo</strong></span> <span class='ocrx_word' id='word_1_595' title='bbox 2516 3161 2870 3226; x_wconf 90' lang='lat' dir='ltr'><strong>reconditum,</strong></span> <span class='ocrx_word' id='word_1_596' title='bbox 2905 3175 3011 3230; x_wconf 90' lang='lat' dir='ltr'><strong>quo</strong></span> <span class='ocrx_word' id='word_1_597' title='bbox 3051 3157 3264 3214; x_wconf 79' lang='lat' dir='ltr'><strong>Goliath</strong></span> <span class='ocrx_word' id='word_1_598' title='bbox 3303 3155 3470 3210; x_wconf 86' lang='lat' dir='ltr'><strong>fuerat</strong></span> 
     </span>
    </p>
   </div>
   <div class='ocr_carea' id='block_1_77' title="bbox 1902 3249 3476 3327">
    <p class='ocr_par' dir='ltr' id='par_1_77' title="bbox 1902 3249 3476 3327">
     <span class='ocr_line' id='line_1_77' title="bbox 1902 3249 3476 3327; baseline -0.014 -7"><span class='ocrx_word' id='word_1_599' title='bbox 1902 3264 2132 3327; x_wconf 89' lang='lat' dir='ltr'><strong>occisus,</strong></span> <span class='ocrx_word' id='word_1_600' title='bbox 2169 3269 2223 3316; x_wconf 94' lang='lat' dir='ltr'><strong>et</strong></span> <span class='ocrx_word' id='word_1_601' title='bbox 2248 3258 2454 3326; x_wconf 87' lang='lat' dir='ltr'><strong>accepit</strong></span> <span class='ocrx_word' id='word_1_602' title='bbox 2484 3255 2551 3310; x_wconf 90' lang='lat' dir='ltr'><strong>ab</strong></span> <span class='ocrx_word' id='word_1_603' title='bbox 2575 3271 2639 3310; x_wconf 91' lang='lat' dir='ltr'><strong>eo</strong></span> <span class='ocrx_word' id='word_1_604' title='bbox 2678 3268 2843 3324; x_wconf 89' lang='lat' dir='ltr'><strong>panes</strong></span> <span class='ocrx_word' id='word_1_605' title='bbox 2879 3250 3277 3322; x_wconf 87' lang='lat' dir='ltr'><strong>propositionis,</strong></span> <span class='ocrx_word' id='word_1_606' title='bbox 3311 3249 3476 3304; x_wconf 83' lang='lat' dir='ltr'><strong>sium-</strong></span> 
     </span>
    </p>
   </div>
   <div class='ocr_carea' id='block_1_78' title="bbox 1900 3340 3474 3422">
    <p class='ocr_par' dir='ltr' id='par_1_78' title="bbox 1900 3340 3474 3422">
     <span class='ocr_line' id='line_1_78' title="bbox 1900 3340 3474 3422; baseline -0.011 -13"><span class='ocrx_word' id='word_1_607' title='bbox 1900 3355 2011 3409; x_wconf 86' lang='lat' dir='ltr'><strong>lato</strong></span> <span class='ocrx_word' id='word_1_608' title='bbox 2040 3350 2276 3422; x_wconf 85' lang='lat' dir='ltr'><strong>negotio,</strong></span> <span class='ocrx_word' id='word_1_609' title='bbox 2306 3347 2529 3403; x_wconf 87' lang='lat' dir='ltr'><strong>recessit</strong></span> <span class='ocrx_word' id='word_1_610' title='bbox 2568 3345 2885 3400; x_wconf 85' lang='lat' dir='ltr'><strong>festinanter</strong></span> <span class='ocrx_word' id='word_1_611' title='bbox 2914 3342 2981 3397; x_wconf 87' lang='lat' dir='ltr'><strong>ab</strong></span> <span class='ocrx_word' id='word_1_612' title='bbox 3011 3357 3094 3396; x_wconf 91' lang='lat' dir='ltr'><strong>eo.</strong></span> <span class='ocrx_word' id='word_1_613' title='bbox 3125 3340 3255 3396; x_wconf 84' lang='lat' dir='ltr'><strong>Erat</strong></span> <span class='ocrx_word' id='word_1_614' title='bbox 3293 3349 3474 3392; x_wconf 90' lang='lat' dir='ltr'><strong>autem</strong></span> 
     </span>
    </p>
   </div>
   <div class='ocr_carea' id='block_1_79' title="bbox 1900 3427 3470 3507">
    <p class='ocr_par' dir='ltr' id='par_1_79' title="bbox 1900 3427 3470 3507">
     <span class='ocr_line' id='line_1_79' title="bbox 1900 3427 3470 3507; baseline -0.009 -9"><span class='ocrx_word' id='word_1_615' title='bbox 1900 3451 2028 3498; x_wconf 91' lang='lat' dir='ltr'><strong>tunc</strong></span> <span class='ocrx_word' id='word_1_616' title='bbox 2073 3441 2144 3494; x_wconf 91' lang='lat' dir='ltr'><strong>ibi</strong></span> <span class='ocrx_word' id='word_1_617' title='bbox 2187 3441 2331 3507; x_wconf 89' lang='lat' dir='ltr'><strong>Doeg</strong></span> <span class='ocrx_word' id='word_1_618' title='bbox 2368 3437 2652 3499; x_wconf 76' lang='lat' dir='ltr'><strong>ldumteus,</strong></span> <span class='ocrx_word' id='word_1_619' title='bbox 2701 3433 2950 3502; x_wconf 87' lang='lat' dir='ltr'><strong>princeps</strong></span> <span class='ocrx_word' id='word_1_620' title='bbox 2995 3439 3267 3501; x_wconf 88' lang='lat' dir='ltr'><strong>pastorum</strong></span> <span class='ocrx_word' id='word_1_621' title='bbox 3323 3427 3470 3484; x_wconf 86' lang='lat' dir='ltr'><strong>Saul.</strong></span> 
     </span>
    </p>
   </div>
   <div class='ocr_carea' id='block_1_80' title="bbox 1902 3521 3472 3604">
    <p class='ocr_par' dir='ltr' id='par_1_80' title="bbox 1902 3521 3472 3604">
     <span class='ocr_line' id='line_1_80' title="bbox 1902 3521 3472 3604; baseline -0.01 -16"><span class='ocrx_word' id='word_1_622' title='bbox 1902 3533 2115 3604; x_wconf 82' lang='lat' dir='ltr'><strong>quando</strong></span> <span class='ocrx_word' id='word_1_623' title='bbox 2153 3531 2318 3586; x_wconf 87' lang='lat' dir='ltr'><strong>David</strong></span> <span class='ocrx_word' id='word_1_624' title='bbox 2368 3528 2515 3584; x_wconf 92' lang='lat' dir='ltr'><strong>venit</strong></span> <span class='ocrx_word' id='word_1_625' title='bbox 2565 3527 2630 3581; x_wconf 91' lang='lat' dir='ltr'><strong>ad</strong></span> <span class='ocrx_word' id='word_1_626' title='bbox 2685 3523 3014 3582; x_wconf 84' lang='lat' dir='ltr'><strong>Abimelech.</strong></span> <span class='ocrx_word' id='word_1_627' title='bbox 3075 3521 3247 3576; x_wconf 85' lang='lat' dir='ltr'><strong>iratus</strong></span> <span class='ocrx_word' id='word_1_628' title='bbox 3296 3529 3472 3575; x_wconf 88' lang='lat' dir='ltr'><strong>autem</strong></span> 
     </span>
    </p>
   </div>
   <div class='ocr_carea' id='block_1_81' title="bbox 1903 3615 3470 3692">
    <p class='ocr_par' dir='ltr' id='par_1_81' title="bbox 1903 3615 3470 3692">
     <span class='ocr_line' id='line_1_81' title="bbox 1903 3615 3470 3692; baseline -0.007 -12"><span class='ocrx_word' id='word_1_629' title='bbox 1903 3623 2052 3690; x_wconf 90' lang='lat' dir='ltr'><strong>Saul,</strong></span> <span class='ocrx_word' id='word_1_630' title='bbox 2085 3620 2332 3692; x_wconf 86' lang='lat' dir='ltr'><strong>quaesivit</strong></span> <span class='ocrx_word' id='word_1_631' title='bbox 2360 3617 2485 3690; x_wconf 90' lang='lat' dir='ltr'><strong>quid</strong></span> <span class='ocrx_word' id='word_1_632' title='bbox 2515 3633 2691 3674; x_wconf 85' lang='lat' dir='ltr'><strong>causae</strong></span> <span class='ocrx_word' id='word_1_633' title='bbox 2718 3626 2860 3673; x_wconf 89' lang='lat' dir='ltr'><strong>esset</strong></span> <span class='ocrx_word' id='word_1_634' title='bbox 2883 3616 3024 3690; x_wconf 85' lang='lat' dir='ltr'><strong>quod</strong></span> <span class='ocrx_word' id='word_1_635' title='bbox 3057 3617 3234 3672; x_wconf 87' lang='lat' dir='ltr'><strong>nullus</strong></span> <span class='ocrx_word' id='word_1_636' title='bbox 3259 3615 3306 3670; x_wconf 90' lang='lat' dir='ltr'><strong>ei</strong></span> <span class='ocrx_word' id='word_1_637' title='bbox 3343 3629 3470 3686; x_wconf 83' lang='lat' dir='ltr'><strong>pro-</strong></span> 
     </span>
    </p>
   </div>
   <div class='ocr_carea' id='block_1_82' title="bbox 1902 3707 3542 3782">
    <p class='ocr_par' dir='ltr' id='par_1_82' title="bbox 1902 3707 3542 3782">
     <span class='ocr_line' id='line_1_82' title="bbox 1902 3707 3542 3782; baseline -0.006 -10"><span class='ocrx_word' id='word_1_638' title='bbox 1902 3717 2053 3772; x_wconf 86' lang='lat' dir='ltr'><strong>deret</strong></span> <span class='ocrx_word' id='word_1_639' title='bbox 2096 3713 2295 3780; x_wconf 88' lang='lat' dir='ltr'><strong>David;</strong></span> <span class='ocrx_word' id='word_1_640' title='bbox 2339 3711 2486 3768; x_wconf 89' lang='lat' dir='ltr'><strong>venit</strong></span> <span class='ocrx_word' id='word_1_641' title='bbox 2534 3710 2704 3782; x_wconf 87' lang='lat' dir='ltr'><strong>Docg,</strong></span> <span class='ocrx_word' id='word_1_642' title='bbox 2748 3715 2802 3766; x_wconf 89' lang='lat' dir='ltr'><strong>et</strong></span> <span class='ocrx_word' id='word_1_643' title='bbox 2847 3708 3165 3765; x_wconf 79' lang='lat' dir='ltr'><strong>dixit:Vidi</strong></span> <span class='ocrx_word' id='word_1_644' title='bbox 3213 3708 3379 3765; x_wconf 72' lang='lat' dir='ltr'><strong>David</strong></span> <span class='ocrx_word' id='word_1_645' title='bbox 3423 3707 3473 3763; x_wconf 90' lang='lat' dir='ltr'><strong>in</strong></span> <span class='ocrx_word' id='word_1_646' title='bbox 3537 3713 3542 3718; x_wconf 86' lang='lat'><strong><em>&#39;</em></strong></span> 
     </span>
    </p>
   </div>
   <div class='ocr_carea' id='block_1_83' title="bbox 1903 3801 3476 3871">
    <p class='ocr_par' dir='ltr' id='par_1_83' title="bbox 1903 3801 3476 3871">
     <span class='ocr_line' id='line_1_83' title="bbox 1903 3801 3476 3871; baseline -0.008 -6"><span class='ocrx_word' id='word_1_647' title='bbox 1903 3810 2062 3865; x_wconf 90' lang='lat' dir='ltr'><strong>domo</strong></span> <span class='ocrx_word' id='word_1_648' title='bbox 2086 3805 2424 3871; x_wconf 78' lang='lat' dir='ltr'><strong>Abimeleeh;</strong></span> <span class='ocrx_word' id='word_1_649' title='bbox 2475 3805 2551 3859; x_wconf 84' lang='lat' dir='ltr'><strong>ita</strong></span> <span class='ocrx_word' id='word_1_650' title='bbox 2589 3811 2890 3860; x_wconf 87' lang='lat' dir='ltr'><strong>commotus</strong></span> <span class='ocrx_word' id='word_1_651' title='bbox 2916 3802 3044 3857; x_wconf 89' lang='lat' dir='ltr'><strong>Sani</strong></span> <span class='ocrx_word' id='word_1_652' title='bbox 3071 3801 3322 3871; x_wconf 61' lang='lat' dir='ltr'><strong>praecepit</strong></span> <span class='ocrx_word' id='word_1_653' title='bbox 3362 3815 3476 3854; x_wconf 84' lang='lat' dir='ltr'><strong>ser.-</strong></span> 
     </span>
    </p>
   </div>
   <div class='ocr_carea' id='block_1_84' title="bbox 1904 3891 3472 3963">
    <p class='ocr_par' dir='ltr' id='par_1_84' title="bbox 1904 3891 3472 3963">
     <span class='ocr_line' id='line_1_84' title="bbox 1904 3891 3472 3963; baseline -0.008 -9"><span class='ocrx_word' id='word_1_654' title='bbox 1904 3900 1984 3954; x_wconf 87' lang='lat' dir='ltr'><strong>vis</strong></span> <span class='ocrx_word' id='word_1_655' title='bbox 2007 3899 2139 3963; x_wconf 89' lang='lat' dir='ltr'><strong>suis,</strong></span> <span class='ocrx_word' id='word_1_656' title='bbox 2172 3905 2232 3951; x_wconf 90' lang='lat' dir='ltr'><strong>ut</strong></span> <span class='ocrx_word' id='word_1_657' title='bbox 2269 3893 2637 3951; x_wconf 89' lang='lat' dir='ltr'><strong>interficerent</strong></span> <span class='ocrx_word' id='word_1_658' title='bbox 2663 3891 2977 3948; x_wconf 86' lang='lat' dir='ltr'><strong>Abimelech</strong></span> <span class='ocrx_word' id='word_1_659' title='bbox 3008 3899 3061 3946; x_wconf 91' lang='lat' dir='ltr'><strong>et</strong></span> <span class='ocrx_word' id='word_1_660' title='bbox 3087 3898 3254 3945; x_wconf 89' lang='lat' dir='ltr'><strong>totum</strong></span> <span class='ocrx_word' id='word_1_661' title='bbox 3290 3903 3472 3944; x_wconf 86' lang='lat' dir='ltr'><strong>sacer-</strong></span> 
     </span>
    </p>
   </div>
   <div class='ocr_carea' id='block_1_85' title="bbox 1879 3980 3476 4061">
    <p class='ocr_par' dir='ltr' id='par_1_85' title="bbox 1879 3980 3476 4061">
     <span class='ocr_line' id='line_1_85' title="bbox 1879 3980 3476 4061; baseline -0.009 -14"><span class='ocrx_word' id='word_1_662' title='bbox 1879 3991 2082 4047; x_wconf 81' lang='lat' dir='ltr'><strong>dotale</strong></span> <span class='ocrx_word' id='word_1_663' title='bbox 2104 4003 2273 4061; x_wconf 90' lang='lat' dir='ltr'><strong>genus</strong></span> <span class='ocrx_word' id='word_1_664' title='bbox 2302 3987 2443 4042; x_wconf 91' lang='lat' dir='ltr'><strong>illius</strong></span> <span class='ocrx_word' id='word_1_665' title='bbox 2471 3985 2725 4042; x_wconf 88' lang='lat' dir='ltr'><strong>civitatis.</strong></span> <span class='ocrx_word' id='word_1_666' title='bbox 2757 3983 2903 4055; x_wconf 83' lang='lat' dir='ltr'><strong>Doeg</strong></span> <span class='ocrx_word' id='word_1_667' title='bbox 2929 3997 3056 4038; x_wconf 88' lang='lat' dir='ltr'><strong>vero</strong></span> <span class='ocrx_word' id='word_1_668' title='bbox 3085 3981 3261 4036; x_wconf 91' lang='lat' dir='ltr'><strong>adhuc</strong></span> <span class='ocrx_word' id='word_1_669' title='bbox 3289 3980 3342 4034; x_wconf 93' lang='lat' dir='ltr'><strong>in</strong></span> <span class='ocrx_word' id='word_1_670' title='bbox 3383 3995 3476 4034; x_wconf 91' lang='lat' dir='ltr'><strong>ne-</strong></span> 
     </span>
    </p>
   </div>
   <div class='ocr_carea' id='block_1_86' title="bbox 1903 4071 3477 4154">
    <p class='ocr_par' dir='ltr' id='par_1_86' title="bbox 1903 4071 3477 4154">
     <span class='ocr_line' id='line_1_86' title="bbox 1903 4071 3477 4154; baseline -0.008 -16"><span class='ocrx_word' id='word_1_671' title='bbox 1903 4082 2074 4154; x_wconf 84' lang='lat' dir='ltr'><strong>quitia</strong></span> <span class='ocrx_word' id='word_1_672' title='bbox 2101 4095 2196 4136; x_wconf 91' lang='lat' dir='ltr'><strong>sua</strong></span> <span class='ocrx_word' id='word_1_673' title='bbox 2223 4087 2478 4145; x_wconf 71' lang='lat' dir='ltr'><strong>aestuans,</strong></span> <span class='ocrx_word' id='word_1_674' title='bbox 2515 4077 2674 4132; x_wconf 88' lang='lat' dir='ltr'><strong>irruit</strong></span> <span class='ocrx_word' id='word_1_675' title='bbox 2712 4077 2764 4131; x_wconf 89' lang='lat' dir='ltr'><strong>in</strong></span> <span class='ocrx_word' id='word_1_676' title='bbox 2796 4091 2940 4140; x_wconf 90' lang='lat' dir='ltr'><strong>eum,</strong></span> <span class='ocrx_word' id='word_1_677' title='bbox 2974 4082 3028 4129; x_wconf 90' lang='lat' dir='ltr'><strong>et</strong></span> <span class='ocrx_word' id='word_1_678' title='bbox 3056 4071 3323 4128; x_wconf 86' lang='lat' dir='ltr'><strong>interfecit</strong></span> <span class='ocrx_word' id='word_1_679' title='bbox 3350 4071 3477 4126; x_wconf 84' lang='lat' dir='ltr'><strong>Abi-</strong></span> 
     </span>
    </p>
   </div>
   <div class='ocr_carea' id='block_1_87' title="bbox 1879 4162 3478 4232">
    <p class='ocr_par' dir='ltr' id='par_1_87' title="bbox 1879 4162 3478 4232">
     <span class='ocr_line' id='line_1_87' title="bbox 1879 4162 3478 4232; baseline -0.008 -4"><span class='ocrx_word' id='word_1_680' title='bbox 1879 4172 2110 4228; x_wconf 53' lang='lat' dir='ltr'><strong>‘melech</strong></span> <span class='ocrx_word' id='word_1_681' title='bbox 2135 4177 2190 4227; x_wconf 91' lang='lat' dir='ltr'><strong>et</strong></span> <span class='ocrx_word' id='word_1_682' title='bbox 2212 4184 2402 4226; x_wconf 86' lang='lat' dir='ltr'><strong>omnes</strong></span> <span class='ocrx_word' id='word_1_683' title='bbox 2425 4167 2734 4223; x_wconf 89' lang='lat' dir='ltr'><strong>sacerdotes</strong></span> <span class='ocrx_word' id='word_1_684' title='bbox 2755 4165 2894 4232; x_wconf 92' lang='lat' dir='ltr'><strong>illos,</strong></span> <span class='ocrx_word' id='word_1_685' title='bbox 2911 4182 3032 4221; x_wconf 90' lang='lat' dir='ltr'><strong>cum</strong></span> <span class='ocrx_word' id='word_1_686' title='bbox 3057 4164 3232 4218; x_wconf 91' lang='lat' dir='ltr'><strong>nullus</strong></span> <span class='ocrx_word' id='word_1_687' title='bbox 3251 4162 3478 4216; x_wconf 90' lang='lat' dir='ltr'><strong>aliorum</strong></span> 
     </span>
    </p>
   </div>
   <div class='ocr_carea' id='block_1_88' title="bbox 1905 4255 3479 4318">
    <p class='ocr_par' dir='ltr' id='par_1_88' title="bbox 1905 4255 3479 4318">
     <span class='ocr_line' id='line_1_88' title="bbox 1905 4255 3479 4318; baseline -0.006 -2"><span class='ocrx_word' id='word_1_688' title='bbox 1905 4262 2127 4318; x_wconf 89' lang='lat' dir='ltr'><strong>auderet</strong></span> <span class='ocrx_word' id='word_1_689' title='bbox 2143 4277 2360 4317; x_wconf 89' lang='lat' dir='ltr'><strong>manum</strong></span> <span class='ocrx_word' id='word_1_690' title='bbox 2373 4259 2661 4315; x_wconf 81' lang='lat' dir='ltr'><strong>extendere</strong></span> <span class='ocrx_word' id='word_1_691' title='bbox 2677 4259 2728 4314; x_wconf 94' lang='lat' dir='ltr'><strong>in</strong></span> <span class='ocrx_word' id='word_1_692' title='bbox 2745 4267 2958 4314; x_wconf 90' lang='lat' dir='ltr'><strong>sanctos</strong></span> <span class='ocrx_word' id='word_1_693' title='bbox 2969 4256 3201 4313; x_wconf 82' lang='lat' dir='ltr'><strong>Domini.</strong></span> <span class='ocrx_word' id='word_1_694' title='bbox 3226 4255 3479 4309; x_wconf 87' lang='lat' dir='ltr'><strong>llistoria-</strong></span> 
     </span>
    </p>
   </div>
   <div class='ocr_carea' id='block_1_89' title="bbox 1906 4345 3476 4423">
    <p class='ocr_par' dir='ltr' id='par_1_89' title="bbox 1906 4345 3476 4423">
     <span class='ocr_line' id='line_1_89' title="bbox 1906 4345 3476 4423; baseline -0.006 -17"><span class='ocrx_word' id='word_1_695' title='bbox 1906 4353 2029 4408; x_wconf 88' lang='lat' dir='ltr'><strong>liter</strong></span> <span class='ocrx_word' id='word_1_696' title='bbox 2040 4353 2172 4408; x_wconf 91' lang='lat' dir='ltr'><strong>nihil</strong></span> <span class='ocrx_word' id='word_1_697' title='bbox 2192 4352 2296 4407; x_wconf 85' lang='lat' dir='ltr'><strong>tale</strong></span> <span class='ocrx_word' id='word_1_698' title='bbox 2309 4352 2486 4423; x_wconf 85' lang='lat' dir='ltr'><strong>agitur</strong></span> <span class='ocrx_word' id='word_1_699' title='bbox 2503 4350 2554 4404; x_wconf 91' lang='lat' dir='ltr'><strong>in</strong></span> <span class='ocrx_word' id='word_1_700' title='bbox 2572 4351 2672 4406; x_wconf 89' lang='lat' dir='ltr'><strong>hoc</strong></span> <span class='ocrx_word' id='word_1_701' title='bbox 2686 4350 2910 4421; x_wconf 86' lang='lat' dir='ltr'><strong>psalmo,</strong></span> <span class='ocrx_word' id='word_1_702' title='bbox 2928 4349 3066 4402; x_wconf 80' lang='lat' dir='ltr'><strong>unde</strong></span> <span class='ocrx_word' id='word_1_703' title='bbox 3083 4347 3148 4401; x_wconf 90' lang='lat' dir='ltr'><strong>ad</strong></span> <span class='ocrx_word' id='word_1_704' title='bbox 3166 4345 3476 4417; x_wconf 85' lang='lat' dir='ltr'><strong>mysterium</strong></span> 
     </span>
    </p>
   </div>
   <div class='ocr_carea' id='block_1_90' title="bbox 1907 4437 3474 4509">
    <p class='ocr_par' dir='ltr' id='par_1_90' title="bbox 1907 4437 3474 4509">
     <span class='ocr_line' id='line_1_90' title="bbox 1907 4437 3474 4509; baseline -0.008 -10"><span class='ocrx_word' id='word_1_705' title='bbox 1907 4444 2190 4499; x_wconf 91' lang='lat' dir='ltr'><strong>trahimur.</strong></span> <span class='ocrx_word' id='word_1_706' title='bbox 2217 4443 2273 4496; x_wconf 84' lang='lat' dir='ltr'><strong>in</strong></span> <span class='ocrx_word' id='word_1_707' title='bbox 2301 4442 2489 4508; x_wconf 89' lang='lat' dir='ltr'><strong>David,</strong></span> <span class='ocrx_word' id='word_1_708' title='bbox 2519 4441 2794 4497; x_wconf 89' lang='lat' dir='ltr'><strong>Christum</strong></span> <span class='ocrx_word' id='word_1_709' title='bbox 2822 4439 3116 4509; x_wconf 90' lang='lat' dir='ltr'><strong>accipimus</strong></span> <span class='ocrx_word' id='word_1_710' title='bbox 3142 4437 3227 4492; x_wconf 86' lang='lat' dir='ltr'><strong>bis</strong></span> <span class='ocrx_word' id='word_1_711' title='bbox 3258 4437 3322 4491; x_wconf 87' lang='lat' dir='ltr'><strong>de</strong></span> <span class='ocrx_word' id='word_1_712' title='bbox 3344 4450 3474 4490; x_wconf 89' lang='lat' dir='ltr'><strong>cau—</strong></span> 
     </span>
    </p>
   </div>
   <div class='ocr_carea' id='block_1_91' title="bbox 222 4523 3478 4628">
    <p class='ocr_par' dir='ltr' id='par_1_91' title="bbox 222 4523 3478 4628">
     <span class='ocr_line' id='line_1_91' title="bbox 222 4523 3478 4628; baseline -0.004 -41"><span class='ocrx_word' id='word_1_713' title='bbox 222 4528 294 4587; x_wconf 82' lang='grc' dir='ltr'><strong>1η</strong></span> <span class='ocrx_word' id='word_1_714' title='bbox 331 4529 464 4583; x_wconf 88' lang='lat' dir='ltr'><strong>bona</strong></span> <span class='ocrx_word' id='word_1_715' title='bbox 492 4529 753 4584; x_wconf 84' lang='lat' dir='ltr'><strong>voluntate</strong></span> <span class='ocrx_word' id='word_1_716' title='bbox 779 4538 894 4596; x_wconf 85' lang='lat' dir='ltr'><strong>tua,</strong></span> <span class='ocrx_word' id='word_1_717' title='bbox 924 4529 977 4584; x_wconf 92' lang='lat' dir='ltr'><strong>id</strong></span> <span class='ocrx_word' id='word_1_718' title='bbox 1000 4536 1102 4591; x_wconf 89' lang='lat' dir='ltr'><strong>est,</strong></span> <span class='ocrx_word' id='word_1_719' title='bbox 1134 4528 1187 4582; x_wconf 94' lang='lat' dir='ltr'><strong>in</strong></span> <span class='ocrx_word' id='word_1_720' title='bbox 1211 4526 1429 4582; x_wconf 88' lang='lat' dir='ltr'><strong>Christo</strong></span> <span class='ocrx_word' id='word_1_721' title='bbox 1457 4525 1666 4592; x_wconf 87' lang='lat' dir='ltr'><strong>tuo,vel</strong></span> <span class='ocrx_word' id='word_1_722' title='bbox 1691 4541 1797 4581; x_wconf 89' lang='lat' dir='ltr'><strong>non</strong></span> <span class='ocrx_word' id='word_1_723' title='bbox 1835 4567 1883 4628; x_wconf 65' lang='grc' dir='ltr'><strong>Β</strong></span> <span class='ocrx_word' id='word_1_724' title='bbox 1911 4534 1984 4588; x_wconf 88' lang='lat' dir='ltr'><strong>sis</strong></span> <span class='ocrx_word' id='word_1_725' title='bbox 2005 4530 2203 4602; x_wconf 90' lang='lat' dir='ltr'><strong>quibus</strong></span> <span class='ocrx_word' id='word_1_726' title='bbox 2233 4543 2377 4598; x_wconf 58' lang='lat' dir='ltr'><strong>saepe</strong></span> <span class='ocrx_word' id='word_1_727' title='bbox 2405 4536 2486 4584; x_wconf 86' lang='lat' dir='ltr'><strong>est</strong></span> <span class='ocrx_word' id='word_1_728' title='bbox 2522 4527 2756 4592; x_wconf 90' lang='lat' dir='ltr'><strong>dictum;</strong></span> <span class='ocrx_word' id='word_1_729' title='bbox 2793 4526 2846 4579; x_wconf 93' lang='lat' dir='ltr'><strong>in</strong></span> <span class='ocrx_word' id='word_1_730' title='bbox 2879 4523 3024 4586; x_wconf 87' lang='lat' dir='ltr'><strong>Sani,</strong></span> <span class='ocrx_word' id='word_1_731' title='bbox 3057 4537 3281 4594; x_wconf 82' lang='lat' dir='ltr'><strong>regnum</strong></span> <span class='ocrx_word' id='word_1_732' title='bbox 3312 4531 3478 4578; x_wconf 88' lang='lat' dir='ltr'><strong>terre-</strong></span> 
     </span>
    </p>
   </div>
   <div class='ocr_carea' id='block_1_92' title="bbox 221 4617 1802 4686">
    <p class='ocr_par' dir='ltr' id='par_1_92' title="bbox 221 4617 1802 4686">
     <span class='ocr_line' id='line_1_92' title="bbox 221 4617 1802 4686; baseline -0.003 -11"><span class='ocrx_word' id='word_1_733' title='bbox 221 4619 278 4676; x_wconf 88' lang='lat' dir='ltr'><strong>in</strong></span> <span class='ocrx_word' id='word_1_734' title='bbox 317 4621 510 4676; x_wconf 91' lang='lat' dir='ltr'><strong>merito</strong></span> <span class='ocrx_word' id='word_1_735' title='bbox 545 4635 668 4685; x_wconf 92' lang='lat' dir='ltr'><strong>suo,</strong></span> <span class='ocrx_word' id='word_1_736' title='bbox 694 4621 788 4676; x_wconf 91' lang='lat' dir='ltr'><strong>sed</strong></span> <span class='ocrx_word' id='word_1_737' title='bbox 817 4619 868 4674; x_wconf 93' lang='lat' dir='ltr'><strong>in</strong></span> <span class='ocrx_word' id='word_1_738' title='bbox 903 4619 1269 4676; x_wconf 88' lang='lat' dir='ltr'><strong>misericordia</strong></span> <span class='ocrx_word' id='word_1_739' title='bbox 1303 4627 1411 4683; x_wconf 85' lang='lat' dir='ltr'><strong>tua,</strong></span> <span class='ocrx_word' id='word_1_740' title='bbox 1444 4627 1499 4670; x_wconf 86' lang='lat' dir='ltr'><strong>ut</strong></span> <span class='ocrx_word' id='word_1_741' title='bbox 1538 4617 1802 4686; x_wconf 69' lang='lat' dir='ltr'><strong>redi/ieeu-</strong></span> 
     </span>
    </p>
   </div>
   <div class='ocr_carea' id='block_1_93' title="bbox 219 4704 1796 4777">
    <p class='ocr_par' dir='ltr' id='par_1_93' title="bbox 219 4704 1796 4777">
     <span class='ocr_line' id='line_1_93' title="bbox 219 4704 1796 4777; baseline -0.004 -12"><span class='ocrx_word' id='word_1_742' title='bbox 219 4722 318 4765; x_wconf 83' lang='lat' dir='ltr'><strong>tur</strong></span> <span class='ocrx_word' id='word_1_743' title='bbox 342 4716 479 4764; x_wconf 88' lang='lat' dir='ltr'><strong>muri</strong></span> <span class='ocrx_word' id='word_1_744' title='bbox 516 4709 830 4775; x_wconf 82' lang='lat' dir='ltr'><strong>Jerusalem,</strong></span> <span class='ocrx_word' id='word_1_745' title='bbox 864 4709 916 4764; x_wconf 92' lang='lat' dir='ltr'><strong>id</strong></span> <span class='ocrx_word' id='word_1_746' title='bbox 966 4717 1068 4774; x_wconf 90' lang='lat' dir='ltr'><strong>est,</strong></span> <span class='ocrx_word' id='word_1_747' title='bbox 1092 4715 1151 4762; x_wconf 90' lang='lat' dir='ltr'><strong>ut</strong></span> <span class='ocrx_word' id='word_1_748' title='bbox 1197 4705 1544 4777; x_wconf 88' lang='lat' dir='ltr'><strong>perficiantur</strong></span> <span class='ocrx_word' id='word_1_749' title='bbox 1591 4704 1796 4770; x_wconf 87' lang='lat' dir='ltr'><strong>fideles,</strong></span> 
     </span>
    </p>
   </div>
   <div class='ocr_carea' id='block_1_94' title="bbox 219 4795 1797 4872">
    <p class='ocr_par' dir='ltr' id='par_1_94' title="bbox 219 4795 1797 4872">
     <span class='ocr_line' id='line_1_94' title="bbox 219 4795 1797 4872; baseline -0.003 -17"><span class='ocrx_word' id='word_1_750' title='bbox 219 4816 455 4872; x_wconf 84' lang='lat' dir='ltr'><strong>quorum</strong></span> <span class='ocrx_word' id='word_1_751' title='bbox 509 4800 836 4872; x_wconf 87' lang='lat' dir='ltr'><strong>perfectione</strong></span> <span class='ocrx_word' id='word_1_752' title='bbox 890 4807 1198 4854; x_wconf 90' lang='lat' dir='ltr'><strong>constructa</strong></span> <span class='ocrx_word' id='word_1_753' title='bbox 1235 4798 1340 4852; x_wconf 91' lang='lat' dir='ltr'><strong>erit</strong></span> <span class='ocrx_word' id='word_1_754' title='bbox 1379 4795 1700 4860; x_wconf 83' lang='lat' dir='ltr'><strong>Jerusalem,</strong></span> <span class='ocrx_word' id='word_1_755' title='bbox 1739 4796 1797 4851; x_wconf 67' lang='lat' dir='ltr'><strong>~&#39;d</strong></span> 
     </span>
    </p>
   </div>
   <div class='ocr_carea' id='block_1_95' title="bbox 225 4886 1800 4961">
    <p class='ocr_par' dir='ltr' id='par_1_95' title="bbox 225 4886 1800 4961">
     <span class='ocr_line' id='line_1_95' title="bbox 225 4886 1800 4961; baseline -0.003 -17"><span class='ocrx_word' id='word_1_756' title='bbox 225 4900 336 4954; x_wconf 77' lang='lat' dir='ltr'><strong>est,</strong></span> <span class='ocrx_word' id='word_1_757' title='bbox 366 4891 555 4945; x_wconf 86' lang='lat' dir='ltr'><strong>civitas</strong></span> <span class='ocrx_word' id='word_1_758' title='bbox 582 4890 750 4961; x_wconf 80' lang='lat' dir='ltr'><strong>pacis,</strong></span> <span class='ocrx_word' id='word_1_759' title='bbox 776 4890 967 4944; x_wconf 88' lang='lat' dir='ltr'><strong>civitas</strong></span> <span class='ocrx_word' id='word_1_760' title='bbox 1003 4889 1086 4960; x_wconf 85' lang='lat' dir='ltr'><strong>illa</strong></span> <span class='ocrx_word' id='word_1_761' title='bbox 1129 4903 1287 4958; x_wconf 89' lang='lat' dir='ltr'><strong>quam</strong></span> <span class='ocrx_word' id='word_1_762' title='bbox 1317 4887 1494 4942; x_wconf 88' lang='lat' dir='ltr'><strong>nullus</strong></span> <span class='ocrx_word' id='word_1_763' title='bbox 1526 4886 1696 4942; x_wconf 88' lang='lat' dir='ltr'><strong>hostis</strong></span> <span class='ocrx_word' id='word_1_764' title='bbox 1721 4887 1800 4940; x_wconf 86' lang='lat' dir='ltr'><strong>in-</strong></span> 
     </span>
    </p>
   </div>
   <div class='ocr_carea' id='block_1_96' title="bbox 228 4977 1802 5048">
    <p class='ocr_par' dir='ltr' id='par_1_96' title="bbox 228 4977 1802 5048">
     <span class='ocr_line' id='line_1_96' title="bbox 228 4977 1802 5048; baseline -0.002 -15"><span class='ocrx_word' id='word_1_765' title='bbox 228 4981 419 5044; x_wconf 86' lang='lat' dir='ltr'><strong>trahit,</strong></span> <span class='ocrx_word' id='word_1_766' title='bbox 444 4997 474 5034; x_wconf 89' lang='lat' dir='ltr'><strong>a</strong></span> <span class='ocrx_word' id='word_1_767' title='bbox 502 4995 606 5048; x_wconf 87' lang='lat' dir='ltr'><strong>qua</strong></span> <span class='ocrx_word' id='word_1_768' title='bbox 639 4979 814 5037; x_wconf 90' lang='lat' dir='ltr'><strong>nullus</strong></span> <span class='ocrx_word' id='word_1_769' title='bbox 839 4980 972 5035; x_wconf 86' lang='lat' dir='ltr'><strong>civis</strong></span> <span class='ocrx_word' id='word_1_770' title='bbox 990 4979 1323 5035; x_wconf 77' lang='lat' dir='ltr'><strong>excludetur.</strong></span> <span class='ocrx_word' id='word_1_771' title='bbox 1351 4977 1445 5033; x_wconf 79' lang='lat' dir='ltr'><strong>Vel</strong></span> <span class='ocrx_word' id='word_1_772' title='bbox 1477 4978 1802 5046; x_wconf 71' lang='lat' dir='ltr'><strong>(adificantur</strong></span> 
     </span>
    </p>
   </div>
   <div class='ocr_carea' id='block_1_97' title="bbox 225 5067 1796 5138">
    <p class='ocr_par' dir='ltr' id='par_1_97' title="bbox 225 5067 1796 5138">
     <span class='ocr_line' id='line_1_97' title="bbox 225 5067 1796 5138; baseline -0.002 -12"><span class='ocrx_word' id='word_1_773' title='bbox 225 5073 366 5126; x_wconf 87' lang='lat' dir='ltr'><strong>muri</strong></span> <span class='ocrx_word' id='word_1_774' title='bbox 392 5071 709 5137; x_wconf 85' lang='lat' dir='ltr'><strong>Jerusalem,</strong></span> <span class='ocrx_word' id='word_1_775' title='bbox 744 5071 794 5124; x_wconf 90' lang='lat' dir='ltr'><strong>id</strong></span> <span class='ocrx_word' id='word_1_776' title='bbox 831 5079 935 5136; x_wconf 90' lang='lat' dir='ltr'><strong>est,</strong></span> <span class='ocrx_word' id='word_1_777' title='bbox 968 5070 1343 5126; x_wconf 86' lang='lat' dir='ltr'><strong>immortalitas</strong></span> <span class='ocrx_word' id='word_1_778' title='bbox 1371 5078 1426 5124; x_wconf 92' lang='lat' dir='ltr'><strong>et</strong></span> <span class='ocrx_word' id='word_1_779' title='bbox 1456 5067 1796 5138; x_wconf 83' lang='lat' dir='ltr'><strong>impassibili-</strong></span> 
     </span>
    </p>
   </div>
   <div class='ocr_carea' id='block_1_98' title="bbox 227 5156 1796 5234">
    <p class='ocr_par' dir='ltr' id='par_1_98' title="bbox 227 5156 1796 5234">
     <span class='ocr_line' id='line_1_98' title="bbox 227 5156 1796 5234; baseline -0.004 -18"><span class='ocrx_word' id='word_1_780' title='bbox 227 5173 330 5218; x_wconf 87' lang='lat' dir='ltr'><strong>Ias.</strong></span> <span class='ocrx_word' id='word_1_781' title='bbox 358 5161 458 5229; x_wconf 85' lang='lat' dir='ltr'><strong>Qui</strong></span> <span class='ocrx_word' id='word_1_782' title='bbox 484 5162 620 5215; x_wconf 90' lang='lat' dir='ltr'><strong>muri</strong></span> <span class='ocrx_word' id='word_1_783' title='bbox 643 5161 900 5215; x_wconf 89' lang='lat' dir='ltr'><strong>dcstructi</strong></span> <span class='ocrx_word' id='word_1_784' title='bbox 926 5161 1122 5234; x_wconf 85' lang='lat' dir='ltr'><strong>suntin</strong></span> <span class='ocrx_word' id='word_1_785' title='bbox 1155 5161 1329 5230; x_wconf 90' lang='lat' dir='ltr'><strong>primo</strong></span> <span class='ocrx_word' id='word_1_786' title='bbox 1352 5165 1595 5228; x_wconf 89' lang='lat' dir='ltr'><strong>parente.</strong></span> <span class='ocrx_word' id='word_1_787' title='bbox 1633 5156 1796 5220; x_wconf 87' lang='lat' dir='ltr'><strong>Tunc,</strong></span> 
     </span>
    </p>
   </div>
   <div class='ocr_carea' id='block_1_99' title="bbox 228 5250 1800 5320">
    <p class='ocr_par' dir='ltr' id='par_1_99' title="bbox 228 5250 1800 5320">
     <span class='ocr_line' id='line_1_99' title="bbox 228 5250 1800 5320; baseline -0.006 -10"><span class='ocrx_word' id='word_1_788' title='bbox 228 5255 279 5310; x_wconf 89' lang='lat' dir='ltr'><strong>id</strong></span> <span class='ocrx_word' id='word_1_789' title='bbox 325 5265 430 5318; x_wconf 90' lang='lat' dir='ltr'><strong>est,</strong></span> <span class='ocrx_word' id='word_1_790' title='bbox 471 5253 731 5308; x_wconf 65' lang='lat' dir='ltr'><strong>aedificata</strong></span> <span class='ocrx_word' id='word_1_791' title='bbox 775 5251 1098 5318; x_wconf 84' lang='lat' dir='ltr'><strong>Jerusalem,</strong></span> <span class='ocrx_word' id='word_1_792' title='bbox 1141 5253 1431 5320; x_wconf 83' lang='lat' dir='ltr'><strong>acceptabis</strong></span> <span class='ocrx_word' id='word_1_793' title='bbox 1479 5250 1800 5318; x_wconf 82' lang='lat' dir='ltr'><strong>sacriﬁcium</strong></span> 
     </span>
    </p>
   </div>
   <div class='ocr_carea' id='block_1_100' title="bbox 231 5339 1806 5413">
    <p class='ocr_par' dir='ltr' id='par_1_100' title="bbox 231 5339 1806 5413">
     <span class='ocr_line' id='line_1_100' title="bbox 231 5339 1806 5413; baseline -0.007 -9"><span class='ocrx_word' id='word_1_794' title='bbox 231 5347 467 5412; x_wconf 63' lang='lat' dir='ltr'><strong>iustitiae,</strong></span> <span class='ocrx_word' id='word_1_795' title='bbox 490 5345 542 5399; x_wconf 89' lang='lat' dir='ltr'><strong>id</strong></span> <span class='ocrx_word' id='word_1_796' title='bbox 569 5356 650 5400; x_wconf 90' lang='lat' dir='ltr'><strong>est</strong></span> <span class='ocrx_word' id='word_1_797' title='bbox 671 5344 873 5413; x_wconf 86' lang='lat' dir='ltr'><strong>justum</strong></span> <span class='ocrx_word' id='word_1_798' title='bbox 901 5343 1246 5406; x_wconf 87' lang='lat' dir='ltr'><strong>sacrificium,</strong></span> <span class='ocrx_word' id='word_1_799' title='bbox 1297 5343 1502 5397; x_wconf 89' lang='lat' dir='ltr'><strong>scilicet</strong></span> <span class='ocrx_word' id='word_1_800' title='bbox 1546 5343 1689 5410; x_wconf 87' lang='lat' dir='ltr'><strong>ipsos</strong></span> <span class='ocrx_word' id='word_1_801' title='bbox 1721 5339 1806 5408; x_wconf 88' lang='lat' dir='ltr'><strong>jn-</strong></span> 
     </span>
    </p>
   </div>
   <div class='ocr_carea' id='block_1_101' title="bbox 230 5429 1803 5504">
    <p class='ocr_par' dir='ltr' id='par_1_101' title="bbox 230 5429 1803 5504">
     <span class='ocr_line' id='line_1_101' title="bbox 230 5429 1803 5504; baseline -0.006 -13"><span class='ocrx_word' id='word_1_802' title='bbox 230 5434 369 5501; x_wconf 45' lang='lat' dir='ltr'><strong>stos,‘</strong></span> <span class='ocrx_word' id='word_1_803' title='bbox 395 5451 539 5490; x_wconf 92' lang='lat' dir='ltr'><strong>nunc</strong></span> <span class='ocrx_word' id='word_1_804' title='bbox 567 5431 818 5504; x_wconf 87' lang='lat' dir='ltr'><strong>aeceptas</strong></span> <span class='ocrx_word' id='word_1_805' title='bbox 848 5431 1171 5488; x_wconf 88' lang='lat' dir='ltr'><strong>sacrificium</strong></span> <span class='ocrx_word' id='word_1_806' title='bbox 1199 5447 1297 5503; x_wconf 89' lang='lat' dir='ltr'><strong>pro</strong></span> <span class='ocrx_word' id='word_1_807' title='bbox 1317 5440 1537 5501; x_wconf 89' lang='lat' dir='ltr'><strong>peccato</strong></span> <span class='ocrx_word' id='word_1_808' title='bbox 1560 5429 1803 5500; x_wconf 89' lang='lat' dir='ltr'><strong>spiritum</strong></span> 
     </span>
    </p>
   </div>
   <div class='ocr_carea' id='block_1_102' title="bbox 233 5519 1800 5593">
    <p class='ocr_par' dir='ltr' id='par_1_102' title="bbox 233 5519 1800 5593">
     <span class='ocr_line' id='line_1_102' title="bbox 233 5519 1800 5593; baseline -0.004 -13"><span class='ocrx_word' id='word_1_809' title='bbox 233 5527 668 5592; x_wconf 87' lang='lat' dir='ltr'><strong>contribulatum,</strong></span> <span class='ocrx_word' id='word_1_810' title='bbox 696 5535 825 5580; x_wconf 89' lang='lat' dir='ltr'><strong>tunc</strong></span> <span class='ocrx_word' id='word_1_811' title='bbox 863 5523 1038 5579; x_wconf 88' lang='lat' dir='ltr'><strong>laudis</strong></span> <span class='ocrx_word' id='word_1_812' title='bbox 1081 5523 1248 5580; x_wconf 87' lang='lat' dir='ltr'><strong>solius</strong></span> <span class='ocrx_word' id='word_1_813' title='bbox 1276 5523 1592 5593; x_wconf 85' lang='lat' dir='ltr'><strong>acceptabis,</strong></span> <span class='ocrx_word' id='word_1_814' title='bbox 1623 5519 1672 5574; x_wconf 88' lang='lat' dir='ltr'><strong>id</strong></span> <span class='ocrx_word' id='word_1_815' title='bbox 1699 5531 1800 5582; x_wconf 89' lang='lat' dir='ltr'><strong>est,</strong></span> 
     </span>
    </p>
   </div>
   <div class='ocr_carea' id='block_1_103' title="bbox 235 5612 1804 5687">
    <p class='ocr_par' dir='ltr' id='par_1_103' title="bbox 235 5612 1804 5687">
     <span class='ocr_line' id='line_1_103' title="bbox 235 5612 1804 5687; baseline -0.004 -17"><span class='ocrx_word' id='word_1_816' title='bbox 235 5617 545 5687; x_wconf 86' lang='lat' dir='ltr'><strong>frequenter</strong></span> <span class='ocrx_word' id='word_1_817' title='bbox 570 5629 625 5672; x_wconf 90' lang='lat' dir='ltr'><strong>et</strong></span> <span class='ocrx_word' id='word_1_818' title='bbox 670 5617 786 5672; x_wconf 90' lang='lat' dir='ltr'><strong>sine</strong></span> <span class='ocrx_word' id='word_1_819' title='bbox 815 5614 1216 5670; x_wconf 86' lang='lat' dir='ltr'><strong>intermissione</strong></span> <span class='ocrx_word' id='word_1_820' title='bbox 1246 5614 1498 5681; x_wconf 88' lang='lat' dir='ltr'><strong>accipies.</strong></span> <span class='ocrx_word' id='word_1_821' title='bbox 1531 5612 1682 5667; x_wconf 82' lang='lat' dir='ltr'><strong>Beati</strong></span> <span class='ocrx_word' id='word_1_822' title='bbox 1716 5613 1804 5682; x_wconf 86' lang='lat' dir='ltr'><strong>qui</strong></span> 
     </span>
    </p>
   </div>
   <div class='ocr_carea' id='block_1_104' title="bbox 237 5704 1804 5772">
    <p class='ocr_par' dir='ltr' id='par_1_104' title="bbox 237 5704 1804 5772">
     <span class='ocr_line' id='line_1_104' title="bbox 237 5704 1804 5772; baseline -0.003 -10"><span class='ocrx_word' id='word_1_823' title='bbox 237 5709 467 5764; x_wconf 75' lang='lat' dir='ltr'><strong>habitant</strong></span> <span class='ocrx_word' id='word_1_824' title='bbox 499 5709 551 5763; x_wconf 87' lang='lat' dir='ltr'><strong>in</strong></span> <span class='ocrx_word' id='word_1_825' title='bbox 585 5709 737 5762; x_wconf 85' lang='lat' dir='ltr'><strong>domo</strong></span> <span class='ocrx_word' id='word_1_826' title='bbox 761 5717 873 5772; x_wconf 84' lang='lat' dir='ltr'><strong>tua,</strong></span> <span class='ocrx_word' id='word_1_827' title='bbox 902 5705 1114 5760; x_wconf 82' lang='lat' dir='ltr'><strong>Domine</strong></span> <span class='ocrx_word' id='word_1_828' title='bbox 1145 5722 1161 5759; x_wconf 94' lang='lat'><em>:</em></span> <span class='ocrx_word' id='word_1_829' title='bbox 1192 5708 1252 5758; x_wconf 34' lang='lat' dir='ltr'><strong>in.</strong></span> <span class='ocrx_word' id='word_1_830' title='bbox 1275 5705 1465 5759; x_wconf 73' lang='lat' dir='ltr'><strong>sa’cula</strong></span> <span class='ocrx_word' id='word_1_831' title='bbox 1491 5704 1804 5759; x_wconf 48' lang='lat' dir='ltr'><strong>stimulorum</strong></span> 
     </span>
    </p>
   </div>
   <div class='ocr_carea' id='block_1_105' title="bbox 239 5797 1803 5871">
    <p class='ocr_par' dir='ltr' id='par_1_105' title="bbox 239 5797 1803 5871">
     <span class='ocr_line' id='line_1_105' title="bbox 239 5797 1803 5871; baseline -0.001 -17"><span class='ocrx_word' id='word_1_832' title='bbox 239 5803 524 5857; x_wconf 83' lang='lat' dir='ltr'><strong>laudabunt</strong></span> <span class='ocrx_word' id='word_1_833' title='bbox 556 5813 602 5857; x_wconf 85' lang='lat' dir='ltr'><strong>te</strong></span> <span class='ocrx_word' id='word_1_834' title='bbox 652 5800 823 5861; x_wconf 79' lang='lat' dir='ltr'><strong>(Psal.</strong></span> <span class='ocrx_word' id='word_1_835' title='bbox 849 5799 1098 5871; x_wconf 67' lang='lat' dir='ltr'><strong>Lxxxm).</strong></span> <span class='ocrx_word' id='word_1_836' title='bbox 1130 5799 1449 5864; x_wconf 77' lang='lat' dir='ltr'><strong>Oblationes,</strong></span> <span class='ocrx_word' id='word_1_837' title='bbox 1475 5797 1676 5852; x_wconf 81' lang='lat' dir='ltr'><strong>scilicet</strong></span> <span class='ocrx_word' id='word_1_838' title='bbox 1719 5812 1803 5852; x_wconf 86' lang='lat' dir='ltr'><strong>vc-</strong></span> 
     </span>
    </p>
   </div>
   <div class='ocr_carea' id='block_1_106' title="bbox 1909 4612 3476 4689">
    <p class='ocr_par' dir='ltr' id='par_1_106' title="bbox 1909 4612 3476 4689">
     <span class='ocr_line' id='line_1_106' title="bbox 1909 4612 3476 4689; baseline -0.008 -12"><span class='ocrx_word' id='word_1_839' title='bbox 1909 4638 2057 4677; x_wconf 90' lang='lat' dir='ltr'><strong>num.</strong></span> <span class='ocrx_word' id='word_1_840' title='bbox 2092 4621 2219 4676; x_wconf 90' lang='lat' dir='ltr'><strong>Sani</strong></span> <span class='ocrx_word' id='word_1_841' title='bbox 2249 4619 2632 4689; x_wconf 87' lang='lat' dir='ltr'><strong>interpretatur</strong></span> <span class='ocrx_word' id='word_1_842' title='bbox 2653 4617 2926 4686; x_wconf 76' lang='lat' dir='ltr'><strong>appetitus,</strong></span> <span class='ocrx_word' id='word_1_843' title='bbox 2971 4623 3026 4669; x_wconf 89' lang='lat' dir='ltr'><strong>et</strong></span> <span class='ocrx_word' id='word_1_844' title='bbox 3063 4612 3234 4668; x_wconf 62' lang='lat' dir='ltr'><strong>Judaei</strong></span> <span class='ocrx_word' id='word_1_845' title='bbox 3289 4621 3476 4668; x_wconf 91' lang='lat' dir='ltr'><strong>contra</strong></span> 
     </span>
    </p>
   </div>
   <div class='ocr_carea' id='block_1_107' title="bbox 1905 4704 3483 4779">
    <p class='ocr_par' dir='ltr' id='par_1_107' title="bbox 1905 4704 3483 4779">
     <span class='ocr_line' id='line_1_107' title="bbox 1905 4704 3483 4779; baseline -0.006 -13"><span class='ocrx_word' id='word_1_846' title='bbox 1905 4712 2234 4769; x_wconf 83' lang='lat' dir='ltr'><strong>voluntatem</strong></span> <span class='ocrx_word' id='word_1_847' title='bbox 2264 4710 2355 4766; x_wconf 90' lang='lat' dir='ltr'><strong>Dei</strong></span> <span class='ocrx_word' id='word_1_848' title='bbox 2379 4709 2718 4779; x_wconf 89' lang='lat' dir='ltr'><strong>appetierunt</strong></span> <span class='ocrx_word' id='word_1_849' title='bbox 2742 4706 2841 4762; x_wconf 91' lang='lat' dir='ltr'><strong>sibi</strong></span> <span class='ocrx_word' id='word_1_850' title='bbox 2887 4704 3013 4760; x_wconf 90' lang='lat' dir='ltr'><strong>Saui</strong></span> <span class='ocrx_word' id='word_1_851' title='bbox 3062 4705 3113 4759; x_wconf 88' lang='lat' dir='ltr'><strong>in</strong></span> <span class='ocrx_word' id='word_1_852' title='bbox 3179 4718 3380 4776; x_wconf 84' lang='lat' dir='ltr'><strong>regem,</strong></span> <span class='ocrx_word' id='word_1_853' title='bbox 3427 4713 3483 4757; x_wconf 86' lang='lat' dir='ltr'><strong>et</strong></span> 
     </span>
    </p>
   </div>
   <div class='ocr_carea' id='block_1_108' title="bbox 1885 4793 3484 4869">
    <p class='ocr_par' dir='ltr' id='par_1_108' title="bbox 1885 4793 3484 4869">
     <span class='ocr_line' id='line_1_108' title="bbox 1885 4793 3484 4869; baseline -0.008 -9"><span class='ocrx_word' id='word_1_854' title='bbox 1885 4801 2163 4860; x_wconf 83' lang='lat' dir='ltr'><strong>Dominus</strong></span> <span class='ocrx_word' id='word_1_855' title='bbox 2189 4817 2311 4856; x_wconf 93' lang='lat' dir='ltr'><strong>eum</strong></span> <span class='ocrx_word' id='word_1_856' title='bbox 2337 4800 2496 4869; x_wconf 87' lang='lat' dir='ltr'><strong>elegit</strong></span> <span class='ocrx_word' id='word_1_857' title='bbox 2527 4813 2630 4853; x_wconf 92' lang='lat' dir='ltr'><strong>non</strong></span> <span class='ocrx_word' id='word_1_858' title='bbox 2662 4811 3092 4868; x_wconf 86' lang='lat' dir='ltr'><strong>permansurum,</strong></span> <span class='ocrx_word' id='word_1_859' title='bbox 3134 4794 3225 4849; x_wconf 91' lang='lat' dir='ltr'><strong>sed</strong></span> <span class='ocrx_word' id='word_1_860' title='bbox 3283 4793 3347 4847; x_wconf 89' lang='lat' dir='ltr'><strong>ad</strong></span> <span class='ocrx_word' id='word_1_861' title='bbox 3391 4809 3484 4864; x_wconf 80' lang='lat' dir='ltr'><strong>p.0-</strong></span> 
     </span>
    </p>
   </div>
   <div class='ocr_carea' id='block_1_109' title="bbox 1907 4886 3480 4964">
    <p class='ocr_par' dir='ltr' id='par_1_109' title="bbox 1907 4886 3480 4964">
     <span class='ocr_line' id='line_1_109' title="bbox 1907 4886 3480 4964; baseline -0.007 -16"><span class='ocrx_word' id='word_1_862' title='bbox 1907 4893 2086 4964; x_wconf 92' lang='lat' dir='ltr'><strong>pulum</strong></span> <span class='ocrx_word' id='word_1_863' title='bbox 2121 4891 2268 4946; x_wconf 91' lang='lat' dir='ltr'><strong>illum</strong></span> <span class='ocrx_word' id='word_1_864' title='bbox 2291 4889 2685 4960; x_wconf 87' lang='lat' dir='ltr'><strong>corrigendum.</strong></span> <span class='ocrx_word' id='word_1_865' title='bbox 2718 4887 2820 4942; x_wconf 87' lang='lat' dir='ltr'><strong>Per</strong></span> <span class='ocrx_word' id='word_1_866' title='bbox 2844 4887 3139 4956; x_wconf 86' lang='lat' dir='ltr'><strong>appetitum</strong></span> <span class='ocrx_word' id='word_1_867' title='bbox 3185 4886 3480 4954; x_wconf 87' lang='lat' dir='ltr'><strong>accipimus</strong></span> 
     </span>
    </p>
   </div>
   <div class='ocr_carea' id='block_1_110' title="bbox 1908 4976 3482 5051">
    <p class='ocr_par' dir='ltr' id='par_1_110' title="bbox 1908 4976 3482 5051">
     <span class='ocr_line' id='line_1_110' title="bbox 1908 4976 3482 5051; baseline -0.006 -11"><span class='ocrx_word' id='word_1_868' title='bbox 1908 4991 2158 5048; x_wconf 90' lang='lat' dir='ltr'><strong>mortem,</strong></span> <span class='ocrx_word' id='word_1_869' title='bbox 2181 4981 2247 5035; x_wconf 92' lang='lat' dir='ltr'><strong>de</strong></span> <span class='ocrx_word' id='word_1_870' title='bbox 2273 4996 2377 5051; x_wconf 88' lang='lat' dir='ltr'><strong>qua</strong></span> <span class='ocrx_word' id='word_1_871' title='bbox 2402 4981 2602 5036; x_wconf 89' lang='lat' dir='ltr'><strong>dictum</strong></span> <span class='ocrx_word' id='word_1_872' title='bbox 2633 4986 2716 5033; x_wconf 90' lang='lat' dir='ltr'><strong>est</strong></span> <span class='ocrx_word' id='word_1_873' title='bbox 2741 4995 2753 5030; x_wconf 87' lang='lat'><strong>:</strong></span> <span class='ocrx_word' id='word_1_874' title='bbox 2789 4976 2926 5032; x_wconf 88' lang='lat' dir='ltr'><strong>Deus</strong></span> <span class='ocrx_word' id='word_1_875' title='bbox 2961 4993 3062 5032; x_wconf 88' lang='lat' dir='ltr'><strong>non</strong></span> <span class='ocrx_word' id='word_1_876' title='bbox 3084 4976 3203 5046; x_wconf 70' lang='lat' dir='ltr'><strong>ft&#39;t‘il</strong></span> <span class='ocrx_word' id='word_1_877' title='bbox 3246 4984 3482 5036; x_wconf 83' lang='lat' dir='ltr'><strong>mortem,</strong></span> 
     </span>
    </p>
   </div>
   <div class='ocr_carea' id='block_1_111' title="bbox 1907 5067 3484 5143">
    <p class='ocr_par' dir='ltr' id='par_1_111' title="bbox 1907 5067 3484 5143">
     <span class='ocr_line' id='line_1_111' title="bbox 1907 5067 3484 5143; baseline -0.009 -13"><span class='ocrx_word' id='word_1_878' title='bbox 1907 5093 1996 5130; x_wconf 87' lang='lat' dir='ltr'><strong>nec</strong></span> <span class='ocrx_word' id='word_1_879' title='bbox 2021 5075 2230 5129; x_wconf 72' lang='lat' dir='ltr'><strong>(tutatur</strong></span> <span class='ocrx_word' id='word_1_880' title='bbox 2257 5073 2309 5126; x_wconf 90' lang='lat' dir='ltr'><strong>in</strong></span> <span class='ocrx_word' id='word_1_881' title='bbox 2331 5069 2619 5143; x_wconf 83' lang='lat' dir='ltr'><strong>perditione</strong></span> <span class='ocrx_word' id='word_1_882' title='bbox 2641 5069 2916 5125; x_wconf 88' lang='lat' dir='ltr'><strong>hominum</strong></span> <span class='ocrx_word' id='word_1_883' title='bbox 2935 5069 3084 5140; x_wconf 83' lang='lat' dir='ltr'><strong>(Sap.</strong></span> <span class='ocrx_word' id='word_1_884' title='bbox 3114 5068 3152 5139; x_wconf 86' lang='grc' dir='ltr'><strong>ι)</strong></span> <span class='ocrx_word' id='word_1_885' title='bbox 3177 5085 3190 5131; x_wconf 89' lang='grc'>;</span> <span class='ocrx_word' id='word_1_886' title='bbox 3221 5067 3366 5136; x_wconf 90' lang='lat' dir='ltr'><strong>impii</strong></span> <span class='ocrx_word' id='word_1_887' title='bbox 3390 5082 3484 5119; x_wconf 88' lang='lat' dir='ltr'><strong>au-</strong></span> 
     </span>
    </p>
   </div>
   <div class='ocr_carea' id='block_1_112' title="bbox 1909 5159 3485 5229">
    <p class='ocr_par' dir='ltr' id='par_1_112' title="bbox 1909 5159 3485 5229">
     <span class='ocr_line' id='line_1_112' title="bbox 1909 5159 3485 5229; baseline -0.007 -8"><span class='ocrx_word' id='word_1_888' title='bbox 1909 5174 2016 5221; x_wconf 90' lang='lat' dir='ltr'><strong>tem</strong></span> <span class='ocrx_word' id='word_1_889' title='bbox 2046 5164 2410 5221; x_wconf 90' lang='lat' dir='ltr'><strong>accersierunt</strong></span> <span class='ocrx_word' id='word_1_890' title='bbox 2438 5161 2539 5218; x_wconf 90' lang='lat' dir='ltr'><strong>sibi</strong></span> <span class='ocrx_word' id='word_1_891' title='bbox 2577 5177 2696 5216; x_wconf 89' lang='lat' dir='ltr'><strong>eam</strong></span> <span class='ocrx_word' id='word_1_892' title='bbox 2749 5161 2996 5217; x_wconf 87' lang='lat' dir='ltr'><strong>manibus</strong></span> <span class='ocrx_word' id='word_1_893' title='bbox 3042 5168 3095 5214; x_wconf 92' lang='lat' dir='ltr'><strong>et</strong></span> <span class='ocrx_word' id='word_1_894' title='bbox 3137 5159 3377 5229; x_wconf 89' lang='lat' dir='ltr'><strong>pedibus,</strong></span> <span class='ocrx_word' id='word_1_895' title='bbox 3433 5169 3485 5210; x_wconf 86' lang='lat' dir='ltr'><strong>et</strong></span> 
     </span>
    </p>
   </div>
   <div class='ocr_carea' id='block_1_113' title="bbox 1908 5249 3485 5327">
    <p class='ocr_par' dir='ltr' id='par_1_113' title="bbox 1908 5249 3485 5327">
     <span class='ocr_line' id='line_1_113' title="bbox 1908 5249 3485 5327; baseline -0.006 -16"><span class='ocrx_word' id='word_1_896' title='bbox 1908 5257 2288 5327; x_wconf 87' lang='lat' dir='ltr'><strong>amplectentes</strong></span> <span class='ocrx_word' id='word_1_897' title='bbox 2315 5253 2654 5310; x_wconf 81' lang='lat' dir='ltr'><strong>defluxerunt</strong></span> <span class='ocrx_word' id='word_1_898' title='bbox 2679 5267 2772 5324; x_wconf 86' lang='lat' dir='ltr'><strong>per</strong></span> <span class='ocrx_word' id='word_1_899' title='bbox 2791 5267 2930 5307; x_wconf 87' lang='lat' dir='ltr'><strong>eam.</strong></span> <span class='ocrx_word' id='word_1_900' title='bbox 2961 5250 3088 5305; x_wconf 86' lang='lat' dir='ltr'><strong>Saui</strong></span> <span class='ocrx_word' id='word_1_901' title='bbox 3130 5249 3485 5319; x_wconf 81' lang='lat' dir='ltr'><strong>persequeba-</strong></span> 
     </span>
    </p>
   </div>
   <div class='ocr_carea' id='block_1_114' title="bbox 1909 5335 3483 5413">
    <p class='ocr_par' dir='ltr' id='par_1_114' title="bbox 1909 5335 3483 5413">
     <span class='ocr_line' id='line_1_114' title="bbox 1909 5335 3483 5413; baseline -0.006 -13"><span class='ocrx_word' id='word_1_902' title='bbox 1909 5356 1996 5400; x_wconf 89' lang='lat' dir='ltr'><strong>tur</strong></span> <span class='ocrx_word' id='word_1_903' title='bbox 2033 5345 2219 5409; x_wconf 88' lang='lat' dir='ltr'><strong>David,</strong></span> <span class='ocrx_word' id='word_1_904' title='bbox 2244 5352 2297 5398; x_wconf 91' lang='lat' dir='ltr'><strong>et</strong></span> <span class='ocrx_word' id='word_1_905' title='bbox 2319 5359 2540 5413; x_wconf 84' lang='lat' dir='ltr'><strong>regnum</strong></span> <span class='ocrx_word' id='word_1_906' title='bbox 2563 5352 2836 5397; x_wconf 88' lang='lat' dir='ltr'><strong>terrenum</strong></span> <span class='ocrx_word' id='word_1_907' title='bbox 2867 5337 3207 5409; x_wconf 86' lang='lat' dir='ltr'><strong>persequitur</strong></span> <span class='ocrx_word' id='word_1_908' title='bbox 3237 5335 3374 5391; x_wconf 89' lang='lat' dir='ltr'><strong>filios</strong></span> <span class='ocrx_word' id='word_1_909' title='bbox 3401 5351 3483 5390; x_wconf 88' lang='lat' dir='ltr'><strong>rc-</strong></span> 
     </span>
    </p>
   </div>
   <div class='ocr_carea' id='block_1_115' title="bbox 1911 5429 3480 5509">
    <p class='ocr_par' dir='ltr' id='par_1_115' title="bbox 1911 5429 3480 5509">
     <span class='ocr_line' id='line_1_115' title="bbox 1911 5429 3480 5509; baseline -0.005 -17"><span class='ocrx_word' id='word_1_910' title='bbox 1911 5440 1996 5509; x_wconf 88' lang='lat' dir='ltr'><strong>gni</strong></span> <span class='ocrx_word' id='word_1_911' title='bbox 2028 5437 2284 5501; x_wconf 63' lang='lat' dir='ltr'><strong>caelestis,</strong></span> <span class='ocrx_word' id='word_1_912' title='bbox 2311 5435 2393 5491; x_wconf 66' lang='lat' dir='ltr'><strong>vel</strong></span> <span class='ocrx_word' id='word_1_913' title='bbox 2418 5449 2580 5490; x_wconf 93' lang='lat' dir='ltr'><strong>mors.</strong></span> <span class='ocrx_word' id='word_1_914' title='bbox 2607 5433 2681 5487; x_wconf 74' lang='lat' dir='ltr'><strong>Ex</strong></span> <span class='ocrx_word' id='word_1_915' title='bbox 2714 5448 2778 5486; x_wconf 85' lang='lat' dir='ltr'><strong>eo</strong></span> <span class='ocrx_word' id='word_1_916' title='bbox 2803 5432 2944 5487; x_wconf 91' lang='lat' dir='ltr'><strong>enim</strong></span> <span class='ocrx_word' id='word_1_917' title='bbox 2968 5429 3141 5484; x_wconf 87' lang='lat' dir='ltr'><strong>omnis</strong></span> <span class='ocrx_word' id='word_1_918' title='bbox 3161 5429 3480 5496; x_wconf 75' lang='lat' dir='ltr'><strong>persecutia.</strong></span> 
     </span>
    </p>
   </div>
   <div class='ocr_carea' id='block_1_116' title="bbox 1913 5519 3484 5598">
    <p class='ocr_par' dir='ltr' id='par_1_116' title="bbox 1913 5519 3484 5598">
     <span class='ocr_line' id='line_1_116' title="bbox 1913 5519 3484 5598; baseline -0.006 -18"><span class='ocrx_word' id='word_1_919' title='bbox 1913 5527 2054 5598; x_wconf 88' lang='lat' dir='ltr'><strong>quod</strong></span> <span class='ocrx_word' id='word_1_920' title='bbox 2085 5525 2339 5580; x_wconf 87' lang='lat' dir='ltr'><strong>mortales</strong></span> <span class='ocrx_word' id='word_1_921' title='bbox 2364 5539 2578 5588; x_wconf 91' lang='lat' dir='ltr'><strong>sumus;</strong></span> <span class='ocrx_word' id='word_1_922' title='bbox 2617 5523 2715 5576; x_wconf 92' lang='lat' dir='ltr'><strong>nisi</strong></span> <span class='ocrx_word' id='word_1_923' title='bbox 2771 5519 3026 5574; x_wconf 89' lang='lat' dir='ltr'><strong>mortales</strong></span> <span class='ocrx_word' id='word_1_924' title='bbox 3059 5532 3317 5580; x_wconf 85' lang='lat' dir='ltr'><strong>essemus,</strong></span> <span class='ocrx_word' id='word_1_925' title='bbox 3379 5534 3484 5571; x_wconf 82' lang='lat' dir='ltr'><strong>non</strong></span> 
     </span>
    </p>
   </div>
   <div class='ocr_carea' id='block_1_117' title="bbox 1913 5607 3484 5687">
    <p class='ocr_par' dir='ltr' id='par_1_117' title="bbox 1913 5607 3484 5687">
     <span class='ocr_line' id='line_1_117' title="bbox 1913 5607 3484 5687; baseline -0.009 -13"><span class='ocrx_word' id='word_1_926' title='bbox 1913 5628 2058 5674; x_wconf 88' lang='lat' dir='ltr'><strong>esset</strong></span> <span class='ocrx_word' id='word_1_927' title='bbox 2087 5618 2226 5687; x_wconf 87' lang='lat' dir='ltr'><strong>quod</strong></span> <span class='ocrx_word' id='word_1_928' title='bbox 2260 5617 2412 5671; x_wconf 90' lang='lat' dir='ltr'><strong>nobis</strong></span> <span class='ocrx_word' id='word_1_929' title='bbox 2431 5615 2631 5669; x_wconf 86' lang='lat' dir='ltr'><strong>faceret</strong></span> <span class='ocrx_word' id='word_1_930' title='bbox 2653 5613 2918 5666; x_wconf 88' lang='lat' dir='ltr'><strong>inimicus.</strong></span> <span class='ocrx_word' id='word_1_931' title='bbox 2956 5607 3287 5664; x_wconf 80' lang='lat' dir='ltr'><strong>Abimclech.</strong></span> <span class='ocrx_word' id='word_1_932' title='bbox 3321 5609 3484 5662; x_wconf 54' lang='lat' dir='ltr'><strong>inter»</strong></span> 
     </span>
    </p>
   </div>
   <div class='ocr_carea' id='block_1_118' title="bbox 1896 5700 3484 5786">
    <p class='ocr_par' dir='ltr' id='par_1_118' title="bbox 1896 5700 3484 5786">
     <span class='ocr_line' id='line_1_118' title="bbox 1896 5700 3484 5786; baseline -0.007 -21"><span class='ocrx_word' id='word_1_933' title='bbox 1896 5718 2152 5786; x_wconf 29' lang='lat' dir='ltr'><strong>.prelatur</strong></span> <span class='ocrx_word' id='word_1_934' title='bbox 2177 5709 2340 5779; x_wconf 85' lang='lat' dir='ltr'><strong>patris</strong></span> <span class='ocrx_word' id='word_1_935' title='bbox 2363 5709 2462 5761; x_wconf 89' lang='lat' dir='ltr'><strong>mei</strong></span> <span class='ocrx_word' id='word_1_936' title='bbox 2492 5721 2700 5775; x_wconf 80' lang='lat' dir='ltr'><strong>regnum</strong></span> <span class='ocrx_word' id='word_1_937' title='bbox 2727 5719 2740 5755; x_wconf 96' lang='lat'><em>:</em></span> <span class='ocrx_word' id='word_1_938' title='bbox 2772 5705 2933 5773; x_wconf 82' lang='lat' dir='ltr'><strong>Doeg,</strong></span> <span class='ocrx_word' id='word_1_939' title='bbox 2966 5713 3134 5756; x_wconf 86' lang='lat' dir='ltr'><strong>motus</strong></span> <span class='ocrx_word' id='word_1_940' title='bbox 3161 5719 3175 5754; x_wconf 95' lang='lat'><em>:</em></span> <span class='ocrx_word' id='word_1_941' title='bbox 3201 5700 3484 5756; x_wconf 69' lang='lat' dir='ltr'><strong>Idummus.</strong></span> 
     </span>
    </p>
   </div>
   <div class='ocr_carea' id='block_1_119' title="bbox 1913 5792 3486 5857">
    <p class='ocr_par' dir='ltr' id='par_1_119' title="bbox 1913 5792 3486 5857">
     <span class='ocr_line' id='line_1_119' title="bbox 1913 5792 3486 5857; baseline -0.008 -3"><span class='ocrx_word' id='word_1_942' title='bbox 1913 5803 2162 5856; x_wconf 77' lang='lat' dir='ltr'><strong>terrenus.</strong></span> <span class='ocrx_word' id='word_1_943' title='bbox 2198 5799 2350 5857; x_wconf 84' lang='lat' dir='ltr'><strong>Venit</strong></span> <span class='ocrx_word' id='word_1_944' title='bbox 2383 5797 2546 5855; x_wconf 82' lang='lat' dir='ltr'><strong>David</strong></span> <span class='ocrx_word' id='word_1_945' title='bbox 2581 5797 2628 5849; x_wconf 88' lang='lat' dir='ltr'><strong>in</strong></span> <span class='ocrx_word' id='word_1_946' title='bbox 2661 5796 2871 5850; x_wconf 69' lang='lat' dir='ltr'><strong>domum</strong></span> <span class='ocrx_word' id='word_1_947' title='bbox 2902 5793 3233 5857; x_wconf 64' lang='lat' dir='ltr'><strong>Aliimclccir</strong></span> <span class='ocrx_word' id='word_1_948' title='bbox 3267 5792 3486 5852; x_wconf 61' lang='grc' dir='ltr'><strong>0101πὶ-</strong></span> 
     </span>
    </p>
   </div>
  </div>
