3884 5458
512 462 613 520 405

1148 456 1406 524 ΒΕΜΙΟΙΙ
1442 458 2073 522 ΑΝΤΙΞὸΙΟΒΟΒΕΝδΙΕ

2176 451 2278 516 PP.
2317 459 2515 518 PARS.
2556 455 2596 518 l.
2620 491 2687 506 —-
2714 462 3118 526 EXEGETICA.

3641 452 3755 524 ’λοι

509 589 629 637 stus
659 581 710 636 in
740 589 940 639 terram
967 569 1294 651 Iudaeorum,
1325 587 1444 655 qua:
1470 597 1692 653 regnum
1716 579 1882 634 David
1921 580 2090 648 patris
2119 582 2164 640 Α
2195 593 2296 632 non
2321 577 2472 641 facis,
2502 579 2706 650 qogitas
2728 621 2743 646 ,
2783 581 3094 652 injustitiam
3137 582 3379 653 cogitavit
3420 582 3609 652 lingua
3647 592 3752 637 tu.

511 673 593 726 sui
618 671 716 728 fuit
740 662 1033 730 secundum
1055 691 1303 742 carnem;
1332 675 1479 731 venit
1506 690 1599 746 per
1624 675 2081 730 incarnatiottem:

511 776 669 833 quem
703 764 890 819 videns
919 777 1085 821 motus
1108 776 1364 830 terrenus,
1397 766 1448 820 id
1475 777 1560 822 est
1580 766 1653 821 illi
1684 765 1775 836 qui
1799 764 2084 820 moveban-

512 861 599 905 tur
622 861 839 924 pr0pter
862 866 1095 922 terrena,
1118 873 1236 925 qua:
1259 855 1506 912 Christus
1527 857 1912 912 contemnenda
1937 857 2081 914 dice-

507 941 620 1003 bat,
651 954 1037 998 accusaverunt
1065 959 1186 999 eum
1216 947 1354 1016 apud
1380 953 1623 1000 terrenos
1650 947 1938 1016 principes.
1987 945 2082 1000 Mi-

507 1031 578 1084 sit
603 1031 730 1085 Saul
746 1034 832 1102 qui
849 1024 1300 1104 persequerentur
1314 1036 1505 1101 David,
1531 1038 1625 1092 sed
1639 1037 1805 1093 David
1818 1038 1982 1092 evasit
1997 1052 2086 1092 eo-

508 1135 624 1174 rum
641 1133 848 1185 manus,
870 1139 975 1178 non
995 1133 1175 1180 tamen
1193 1126 1309 1181 sine
1335 1128 1620 1197 sanguine,
1652 1129 1776 1198 quia
1810 1124 2081 1184 interfecti

507 1213 633 1288 sunt
658 1212 984 1268 sacerdotes.
1014 1211 1089 1268 Ita
1111 1221 1165 1270 et
1185 1215 1237 1270 in
1267 1218 1643 1287 persecutione
1667 1213 1864 1274 Christi
1911 1220 2085 1277 evasit

509 1290 763 1366 Verbum,
794 1300 888 1356 sed
911 1315 1040 1356 caro
1060 1301 1175 1372 ejus
1195 1306 1374 1360 occisa
1395 1313 1495 1361 est.
1525 1307 1707 1363 Potest
1736 1309 1850 1363 huic
1901 1324 2082 1386 perse—

503 1386 649 1443 eutio
673 1391 995 1460 generaliter
1015 1393 1202 1450 referri
1233 1396 1299 1450 ad
1325 1412 1521 1467 corpus
1543 1397 1766 1465 Christi,
1806 1399 1860 1455 id
1897 1410 1981 1458 est
2014 1403 2082 1458 ad

501 1485 690 1560 omnes
716 1481 836 1537 illos
863 1485 951 1553 qui
979 1485 1030 1540 in
1063 1483 1230 1543 D‘avid
1257 1475 1439 1545 volunt
1467 1505 1586 1546 esse
1612 1490 1801 1557 David,
1843 1492 1894 1548 id
1915 1503 1998 1548 est
2025 1493 2080 1561 in

504 1563 722 1654 Christo
749 1569 1068 1641 Christiani,
1100 1589 1234 1647 quos
1269 1587 1484 1636 terrena
1515 1591 1776 1648 amantes,
1810 1585 1950 1654 apud
1983 1585 2083 1640 hu-

495 1653 585 1724 fus
611 1660 789 1715 steculi
820 1664 1090 1736 principes
1137 1682 1391 1727 accusare
1420 1686 1526 1726 non
1575 1683 1810 1730 cessant.
1846 1653 1970 1732 iVel
2011 1677 2081 1733 ad

502 1751 938 1815 persecutionem
967 1755 1307 1826 Antichristi,
1354 1776 1473 1830 quas
1500 1763 1736 1818 maxima
1771 1765 1896 1821 erit.
1926 1765 2080 1824 Unde

500 1838 701 1896 dictum
729 1853 810 1899 est
839 1861 853 1899 :
880 1845 1069 1904 Veniet
1099 1859 1306 1922 tempus
1331 1853 1488 1923 quale
1509 1870 1614 1912 non
1651 1855 1750 1913 fuit
1782 1873 1845 1915 ex
1875 1873 1941 1916 eo
1972 1875 2080 1930 quo

2187 666 2302 723 Non
2317 678 2398 724 est
2409 668 2640 726 officium
2653 672 2843 744 linguae
2857 675 3095 745 cogitare
3111 716 3126 741 ,
3141 674 3232 729 sed
3245 674 3412 744 loqui,
3428 677 3522 730 sed
3537 691 3758 745 perver-

2185 774 2278 814 sus
2305 763 2586 830 pervertit,
2610 763 2733 833 quia
2759 765 2812 818 in
2835 775 2923 818 ore
2936 764 3214 820 stultorum
3239 782 3328 820 cor
3352 783 3531 821 eorum
3565 766 3752 836 (Eccli.

2185 849 2323 916 χχι),
2346 849 2551 906 scilicet
2575 853 2665 921 qui
2698 867 2802 908 non
2828 862 2950 907 ante
2978 854 3215 924 cogitant
3241 870 3402 926 quam
3446 855 3753 928 loquantur.

2186 940 2328 998 Sicut
2353 945 2603 999 novacula
2626 955 2780 1001 acuta
2811 947 2981 1016 [ecisti
3010 947 3208 1013 dolum,
3241 948 3292 1003 id
3316 958 3402 1004 est
3445 948 3758 1005 fraudulen-

2186 1041 2295 1088 tam
2339 1036 2761 1104 persecutionem
2797 1048 2941 1092 tuam
2998 1039 3078 1093 sic
3117 1039 3292 1094 fecisti
3343 1041 3662 1110 expeditam
3698 1043 3759 1095 ad

2184 1125 2505 1192 nocendum,
2523 1135 2582 1181 ut
2601 1136 2682 1181 est
2706 1127 2957 1183 novacula
2979 1137 3136 1182 acuta
3161 1130 3228 1183 ad
3254 1129 3633 1184 incidendum.
3667 1128 3756 1184 Vel

2182 1215 2315 1271 sicut
2349 1218 2620 1282 novacula,
2649 1219 2750 1274 etsi
2775 1219 2996 1274 multum
3025 1221 3096 1275 sit
3122 1231 3303 1286 acuta,
3327 1228 3508 1276 tamen
3530 1236 3648 1275 non
3674 1235 3758 1274 va-

2182 1306 2255 1362 let
2275 1321 2462 1363 secare
2495 1309 2596 1365 nisi
2621 1310 2851 1377 inﬁrma,
2882 1312 2954 1366 ita
2996 1320 3050 1367 et
3075 1311 3227 1366 dolus
3278 1321 3403 1368 tuus
3457 1311 3513 1367 in
3561 1326 3758 1380 corpus

2181 1401 2345 1468 valet,
2376 1410 2431 1457 et
2459 1418 2565 1459 non
2597 1404 2649 1458 in
2675 1404 2928 1459 animam.
2959 1403 3076 1470 Vel,
3102 1413 3162 1459 ut
3203 1405 3416 1460 dicatur
3443 1405 3510 1460 de
3535 1402 3758 1468 ludatis,

2183 1488 2455 1547 Novacula
2484 1492 2550 1548 ad
2582 1493 2684 1548 hoc
2717 1494 2946 1559 acuitur,
2974 1503 3033 1548 ut
3055 1504 3321 1564 prteparet
3352 1494 3589 1549 nitorem
3646 1493 3757 1546 vul-

2182 1593 2286 1648 tus,
2313 1583 2498 1638 eodem
2527 1584 2684 1640 modo
2707 1582 2846 1640 Deus
2867 1594 3258 1655 praeparaverat
3275 1583 3490 1640 Judteos
3534 1599 3643 1655 per
3687 1583 3757 1638 le-

2179 1685 2318 1743 gem,
2349 1671 2652 1731 utnitorem
2682 1674 2859 1730 vultus
2900 1676 2981 1731 sui
3027 1690 3122 1749 per
3171 1690 3290 1731 eam
3335 1675 3388 1729 in
3431 1675 3554 1730 aliis
3606 1690 3760 1745 para-

2179 1769 2320 1815 rent.
2355 1759 2459 1815 Sed
2491 1762 2622 1816 sicut
2656 1763 2910 1818 novacula
2940 1775 3096 1818 acuta
3143 1780 3262 1834 quae
3317 1765 3548 1820 nitorem
3606 1764 3760 1819 debet

2180 1848 2379 1918 facere,
2404 1850 2531 1908 facit
2551 1852 2728 1907 dolum
2752 1893 2767 1918 ,
2794 1855 3057 1910 vertendo
3081 1869 3140 1910 se
3170 1856 3236 1910 ad
3267 1855 3613 1911 incidendam
3642 1871 3757 1910 car-

499 1931 686 2001 tenles
707 1946 828 1991 esse
855 1950 1151 2009 creperum,
1180 1957 1285 2013 quo
1315 1952 1554 2016 tempore
1591 1963 1780 2005 omnes
1835 1952 2082 2008 sacerdo.
2112 1939 2154 1996 Β
2183 1955 2307 1996 nem
2334 1958 2348 1996 :
2375 1941 2448 1996 ita
2483 1949 2538 1997 et
2567 1940 2734 1998 Judaei
2767 1952 3044 1998 verterunt
3069 1959 3128 2000 se
3155 1946 3220 2000 ad
3250 1944 3640 2009 occidendum,
3660 1961 3758 1998 non

498 2027 582 2112 tes
609 2021 1018 2097 interflcientur,
1044 2031 1095 2087 id
1117 2043 1203 2089 est
1223 2050 1409 2092 omnes
1427 2037 1742 2106 Christiani,
1763 2039 1820 2096 in
1850 2057 2078 2112 quorum

497 2109 680 2182 domo,
716 2115 769 2171 id
795 2126 897 2184 est,
925 2119 976 2174 in
1004 2136 1231 2190 quorum
1258 2135 1474 2195 pectore
1502 2128 1689 2195 David,
1719 2131 1770 2186 id
1792 2109 1896 2199 est,
1919 2132 2080 2194 Chri-

494 2208 613 2259 stus
632 2207 734 2261 erit
753 2223 912 2278 quem
939 2208 1302 2271 Antichristus
1325 2230 1697 2290 persequetur,
1720 2223 1813 2277 sed
1834 2225 2079 2282 occidere

494 2295 603 2349 non
628 2297 860 2366 poterit;
904 2317 1010 2357 non
1033 2304 1176 2360 enim
1208 2309 1406 2375 poterit
1435 2310 1758 2368 Christianis
1801 2314 2078 2374 Christum

495 2381 730 2474 auferre.
759 2387 1105 2448 Constructio
1135 2394 1292 2450 tituli.
1324 2395 1448 2453 llaec
1478 2401 1641 2456 verba
1676 2402 1834 2473 hujus
1880 2405 2076 2474 psalmi

494 2471 803 2531 referuntur
833 2479 889 2533 in
913 2478 1073 2548 ﬁnem
1098 2491 1419 2564 temporum,
1452 2488 1504 2544 id
1529 2499 1634 2558 est,
1664 2471 2074 2563 plenitudinem,

495 2571 558 2620 ut
588 2568 854 2641 intelligas
877 2572 994 2629 haec
1014 2574 1157 2632 facta
1186 2578 1564 2648 historialiter,‘
1607 2592 1659 2638 et
1707 2593 1832 2640 sunt
1874 2587 2076 2643 intelle-

494 2670 630 2727 ctus,
679 2663 803 2732 quia
850 2664 1196 2741 intelligimus
1241 2673 1294 2728 in
1349 2674 1434 2731 his
1484 2676 1634 2747 prius
1691 2678 2070 2747 tribulandum,

496 2753 679 2818 postea
708 2755 1067 2826 gaudendum,
1096 2762 1467 2835 attribuendus
1490 2764 1660 2824 David
1687 2773 1981 2842 prophetas,
2021 2774 2072 2829 id

492 2849 598 2933 est,
624 2842 951 2912 dignioribus
977 2851 1256 2919 membris,
1288 2855 1369 2910 vel
1388 2859 1692 2928 propositus
1710 2862 1778 2916 ab
1809 2863 1924 2933 ipso
1977 2879 2072 2918 οτι-

493 2929 607 3026 pite
635 2933 771 2998 aliis,
802 2945 864 3026 ut
889 2937 1191 3012 intelligant
1210 2947 1355 3014 quod
1377 2950 1624 3006 omnibus
1654 2929 1841 3023 impiis
1871 2969 2070 3026 propo-

496 3020 658 3114 situm
689 3032 774 3114 est
806 3025 1066 3085 deVorare
1083 3032 1219 3101 pios.
1277 3033 1580 3092 Intellectus
1607 3020 1748 3106 dico,
1799 3020 2073 3114 sig—uilicu-

499 3117 586 3165 tus
612 3111 665 3165 in
695 3112 1079 3192 illoqhistoriali
1106 3123 1344 3193 negotio,
1374 3141 1490 3180 cum
1512 3126 1658 3200 Doeg
1695 3111 1965 3187 Idumam:
2016 3133 2071 3188 id

495 3206 600 3264 est,
621 3214 739 3256 cum
765 3201 930 3260 Judas
951 3215 1004 3262 et
1027 3207 1192 3266 Judaei
1218 3213 1345 3268 moti
1373 3230 1472 3284 pro
1496 3219 1739 3282 terrenis,
1759 3219 1808 3274 id
1835 3229 1936 3285 est,
1953 3221 2072 3278 loco

2181 2030 2352 2098 solum
2384 2046 2589 2098 servos,
2613 2033 2709 2088 sed
2729 2032 2891 2089 etiam
2917 2021 3192 2090 lilium.iEt
3218 2036 3320 2090 hoc
3349 2036 3635 2105 iniquitas.
3669 2035 3757 2088 Di—

2178 2120 2352 2177 lexisti
2372 2121 2628 2176 malitiam
2653 2141 2812 2194 super
2833 2126 3237 2196 benignitatem;
3263 2131 3406 2197 quod
3431 2128 3757 2183 naturaliter

2178 2213 2422 2281 superius
2455 2221 2556 2277 est,
2583 2213 2816 2268 habuisti
2845 2213 3069 2270 inferius
3101 2233 3115 2269 :
3147 2225 3201 2271 et
3231 2217 3374 2285 quod
3431 2217 3756 2271 naturaliter

2178 2302 2422 2369 inferius,
2445 2303 2678 2359 habuisti
2705 2305 2935 2376 dignius.
2963 2305 3150 2362 Nullus
3195 2307 3371 2377 liquor
3409 2311 3585 2380 magis
3627 2311 3755 2380 petit

2176 2393 2452 2462 superiora
2482 2409 2644 2464 quam
2677 2393 2876 2459 oleum,
2927 2396 3013 2450 cui
3043 2397 3410 2452 assimilantur
3442 2414 3610 2470 opera
3658 2400 3753 2455 mi-

2175 2484 2499 2550 sericordiae,
2532 2502 2652 2558 qua:
2698 2487 2838 2542 sicut
2863 2488 3090 2558 desuper
3117 2499 3264 2555 sunt,
3312 2490 3387 2545 ita
3430 2500 3487 2546 et
3545 2507 3756 2562 semper

2175 2577 2403 2649 desuper
2423 2577 2607 2633 haberi
2637 2579 2926 2662 deberent;
2959 2579 3050 2634 sed
3076 2588 3128 2634 tu
3155 2595 3279 2636 cum
3328 2591 3629 2652 utrumque
3669 2598 3752 2638 es-

2175 2678 2259 2724 set
2283 2678 2406 2722 ante
2435 2668 2620 2723 oculos
2648 2676 2788 2734 tuos,
2832 2668 2997 2739 magis
3043 2669 3272 2724 dilexisti
3317 2672 3581 2725 malitiam
3637 2687 3750 2742 quas

2173 2758 2541 2830 postponenda
2595 2757 2773 2824 foret,
2821 2774 2978 2828 quam
3024 2759 3390 2830 benignitatem
3443 2777 3568 2830 qua:
3615 2764 3750 2817 foret

2175 2849 2553 2922 praeponenda.
2585 2850 2654 2905 Et
2672 2865 2776 2905 non
2805 2850 2976 2907 solum
3006 2850 3059 2905 in
3087 2852 3249 2907 corde
3281 2853 3422 2907 hanc
3444 2854 3747 2922 ρει-γενείου

2175 2956 2317 2996 ιιθῆ
2327 2940 2638 3007 fecisthed
2660 2940 2822 2997 etiam
2844 2932 3079 2998 dilexisti
3105 2941 3247 3013 loqui
3270 2942 3606 3012 iniquitatem
3644 2959 3749 2996 ma-

2171 3033 2251 3104 gis
2285 3050 2439 3104 quam
2485 3033 2781 3104 wquitatem
2827 3033 2892 3087 ad
2937 3033 3260 3104 proximum.
3312 3033 3461 3088 Nihil
3516 3034 3748 3103 iniquius

2175 3137 2336 3193 quam
2375 3122 2645 3177 contraire
2673 3123 2784 3177 Deo
2814 3137 2934 3189 suo,
2985 3137 3150 3192 quam
3192 3123 3460 3194 denegare
3506 3124 3621 3181 Deo
3666 3123 3750 3192 jus

2175 3230 2335 3270 suum
2366 3214 2419 3267 in
2447 3227 2504 3268 se
2520 3222 2576 3267 et
2605 3213 2657 3267 in
2679 3213 2818 3268 aliis.
2848 3212 3293 3291 Dilexistiomnia
3323 3214 3481 3268 verba
3506 3215 3743 3284 pracipi-

497 3299 551 3377 et
576 3301 753 3362 gente,
786 3301 1030 3354 venerunt
1055 3300 1126 3354 ad
1149 3301 1386 3371 Saulem,
1411 3306 1462 3362 id
1479 3318 1583 3374 est,
1605 3311 1670 3365 ad
1693 3312 1982 3384 principes,
2006 3315 2074 3370 ad
2101 3287 2145 3348 (ἶ
2177 3305 2408 3370 talionis,
2445 3293 2867 3369 susurrationes,
2919 3287 3301 3370 detractiones,
3349 3305 3521 3371 rixas,
3568 3305 3747 3360 adula-

497 3383 725 3477 Pilatum
753 3399 808 3446 et
838 3392 990 3458 alios,
1033 3386 1272 3455 dicentes
1306 3417 1320 3454 :
1351 3387 1505 3477 Venit
1551 3391 1720 3460 David
1762 3406 1822 3461 in‘
1857 3383 2068 3464 domum

495 3474 812 3539 Abimelecli.
843 3485 982 3543 EcCe
1010 3474 1361 3548 conversatur
1390 3494 1529 3550 inter
1553 3512 1672 3562 nos,
1696 3499 1742 3552 si
1763 3500 2072 3556 dimittimus

493 3575 611 3622 eum
635 3571 731 3637 sic,
759 3574 960 3630 venient
998 3574 1226 3634 Romani
1252 3590 1300 3635 et
1321 3581 1501 3637 tollent
1541 3596 1778 3640 nostrum
1817 3587 1988 3642 locum
2024 3598 2072 3643 et

493 3668 693 3727 gentem
715 3659 898 3726 (Joan.
923 3665 1020 3736 ut).
1050 3666 1146 3724 Vel
1167 3672 1287 3723 eum
1310 3673 1444 3726 venit
1482 3671 1628 3744 Doeg
1678 3664 1965 3744 Idnmams,
2016 3680 2069 3736 id

492 3759 596 3814 est,
629 3751 826 3820 quique
850 3755 1223 3824 persecutores
1246 3761 1373 3816 moti
1403 3777 1502 3832 pro
1545 3766 1791 3834 terrenis,
1825 3779 2071 3826 venerunt

491 3839 561 3891 ad
587 3839 821 3908 Saulem,
852 3844 904 3900 id
923 3857 1026 3913 est,
1058 3851 1122 3904 ad
1157 3850 1442 3907 saeculares
1469 3863 1782 3924 potestates,
1809 3873 2069 3916 accusare

493 3930 612 3987 illos
640 3933 690 3987 in
718 3949 944 4004 quorum
969 3941 1131 3997 corda
1160 3943 1306 3998 venit
1330 3944 1574 4004 Christus
1616 3963 1712 4020 per
1761 3951 2068 4008 conforma-

492 4021 717 4078 tionem.
773 4025 837 4079 Et
867 4037 950 4082 est
993 4029 1218 4088 intentio
1267 4034 1548 4105 Propheta;
1596 4038 1649 4093 in
1698 4040 1801 4096 hoc
1855 4042 2066 4112 psalmo

491 4112 802 4180 Ostendere,
828 4118 978 4186 prius
1019 4131 1269 4202 oportere
1321 4125 1585 4194 tribulari,
1637 4140 1825 4200 postea
1868 4129 2067 4190 clarifi-

493 4203 606 4297 eari
640 4223 653 4258 :
681 4206 829 4274 prius
855 4210 1169 4297 sedendum,
1201 4221 1387 4285 pestea
1413 4222 1759 4291 surgendum,
1814 4229 2068 4297 quemad-

495 4295 711 4351 modum
736 4294 906 4380 Davidv
925 4313 1045 4372 post
1066 4306 1259 4363 multas
1282 4313 1681 4380 persecutiones
1729 4316 1796 4372 ad
1830 4294 2064 4386 regnum

492 4388 756 4480 pervenit,
781 4386 836 4445 et
861 4391 1124 4474 Christus,
1155 4409 1450 4475 martyrum
1481 4414 1659 4476 caput,
1681 4405 1832 4478 prius
1851 4423 2060 4480 passus,

489 4479 675 4550 postea
705 4482 1031 4544 clarificatus
1055 4501 1136 4546 est
1545 4546 1552 4552 .

566 4569 642 4623 Tu
666 4574 757 4642 qui
779 4591 832 4629 es
853 4588 1030 4644 potens
1056 4581 1110 4633 in
1129 4581 1422 4652 iniquitate,
1451 4585 1502 4640 id
1531 4595 1615 4642 est
1642 4589 1728 4644 cui
1758 4588 1902 4647 Deus
1940 4605 2064 4662 per-

493 4661 659 4715 mittit
682 4679 841 4733 posse
867 4676 1121 4725 crercere
1149 4674 1523 4730 crudelitatem
1550 4687 1604 4733 et
1631 4681 1811 4736 odium
1853 4682 1905 4737 in
1939 4661 2068 4740 sane

489 4755 610 4844 etos
629 4769 777 4819 suos,
805 4758 946 4825 quod
970 4760 1208 4830 iniquum
1239 4773 1342 4830 est,
1367 4766 1450 4821 vel
1482 4766 1535 4823 in
1557 4769 1760 4826 divitiis
1785 4781 1840 4828 et
1881 4781 2066 4844 poten-

495 4841 570 4926 tia
605 4843 846 4900 szeculari
880 4864 892 4900 :
920 4848 1044 4918 quia
1075 4852 1249 4908 omnis
1281 4854 1428 4910 dives
1453 4868 1546 4911 aut
1567 4867 1649 4914 est
1677 4841 1934 4931 iniquus,
1970 4873 2064 4919 aut

491 4931 665 4987 haeres
695 4935 884 5005 iniqui,
940 4940 1056 5008 qum
1090 4943 1324 5010 potentia
1379 4962 1482 5002 non
1538 4955 1620 5005 est
1666 4952 1927 5020 potentia,
1969 4953 2063 5007 sed

490 5025 803 5095 impotentia
827 5045 842 5095 ;
877 5040 980 5085 non
1007 5041 1090 5087 est
1113 5034 1300 5104 gloria,
1322 5038 1415 5092 sed
1442 5039 1734 5109 ignominia
1763 5060 1777 5096 :
1806 5043 1934 5112 quid
1956 5044 2068 5113 glo-

487 5115 645 5170 riaris
675 5119 728 5170 in
755 5120 998 5175 m‘atitia?
1039 5121 1479 5194 Quandoquidem
1518 5126 1725 5183 malitia
1763 5139 1848 5186 est
1903 5145 2067 5200 quam

487 5218 731 5270 exerces,
764 5208 891 5277 quid
914 5210 1163 5280 gloriaris
1186 5214 1239 5268 in
1267 5204 1369 5268 ea?
1397 5213 1487 5272 Sic
1529 5217 1776 5286 gloriaris
1807 5227 2064 5288 tanquam

2148 3396 2369 3476 tiones.
2411 3394 2536 3450 Ilazc
2564 3393 2744 3450 omnia
2774 3395 2842 3450 ab
2872 3394 2992 3448 aliis
3040 3394 3272 3450 libenter
3323 3395 3546 3461 audisti,
3602 3397 3748 3452 cibos

2171 3487 2548 3545 amaritudinis
2573 3503 2676 3542 non
2705 3487 2802 3542 das
2829 3487 3025 3551 ventri,
3056 3495 3112 3541 et
3133 3487 3282 3543 cibos
3325 3488 3631 3558 iniquitatis
3656 3489 3750 3542 das

2173 3577 2403 3634 animae?
2429 3576 2613 3642 Miser,
2637 3574 2977 3647 naufragium
3010 3575 3174 3647 fugis,
3200 3585 3256 3631 et
3300 3577 3580 3646 plumbum
3632 3592 3745 3630 am-

2168 3669 2460 3741 plecteris?
2484 3668 2648 3724 verba
2678 3667 2818 3732 dico,
2846 3667 2991 3722 entia
3015 3667 3070 3721 in
3090 3667 3270 3736 lingua
3290 3667 3496 3732 dolosa,
3555 3667 3610 3722 in
3638 3667 3739 3721 lin-

2169 3776 2273 3832 gua
2309 3758 2671 3815 fraudulenta.
2699 3757 2840 3824 Quid
2883 3756 3130 3834 gloriaris
3153 3757 3206 3811 in
3237 3757 3454 3813 talibus.
3509 3755 3627 3812 Non
3661 3765 3741 3813 est

2168 3851 2223 3907 in
2254 3851 2340 3906 bis
2364 3849 2720 3921 gloriandum,
2743 3848 2790 3902 si
2816 3849 2898 3902 vis
2930 3845 3276 3903 considerare
3301 3863 3406 3901 non
3431 3847 3612 3917 priora
3640 3857 3742 3901 tua:

2146 3931 2445 4014 nequitiae,
2473 3942 2567 3998 sed
2622 3939 2942 4011 posteriora,
2995 3937 3201 3994 scilicet
3242 3938 3308 3992 ad
3343 3953 3507 4008 quam
3543 3937 3738 3995 malum

2168 4031 2328 4087 linem
2362 4042 2414 4086 te
2434 4030 2679 4096 deducet,
2727 4027 2856 4099 quia
2900 4027 3043 4083 Deus
3095 4037 3366 4098 prapterea
3414 4028 3640 4082 destruet
3694 4037 3740 4080 te

2167 4122 2481 4179 multimoda
2509 4121 2874 4177 destructione
2899 4127 3062 4174 eunte
3087 4118 3142 4174 in
3168 4118 3350 4183 ﬁnem,
3371 4117 3581 4175 scilicet
3596 4133 3739 4172 sem-

2165 4227 2263 4282 per
2290 4221 2563 4283 qumrente
2599 4212 2781 4277 ﬁnem,
2803 4219 2858 4266 et
2877 4223 3152 4280 nunquam
3179 4209 3507 4266 inveniente.
3562 4206 3631 4261 Et
3650 4207 3738 4262 hic

2165 4305 2340 4361 evellet
2357 4314 2479 4361 teut
2501 4303 2883 4378 infructuosam
2907 4303 3154 4357 arborem
3176 4301 3238 4356 de
3256 4299 3592 4356 tabernaculo
3630 4310 3734 4358 tuo,

2168 4395 2222 4452 id
2250 4405 2354 4463 est,
2377 4397 2441 4452 de
2467 4395 2741 4461 Ecclesia;
2774 4410 2879 4450 non
2907 4392 2996 4449 hic
3043 4392 3318 4458 militabis,
3358 4405 3464 4447 non
3513 4390 3602 4446 llic
3644 4389 3736 4444 b0-

2167 4496 2303 4543 stem
2331 4487 2547 4543 cavebis
2569 4487 2623 4541 in
2654 4484 3017 4549 tabernaculo,
3046 4493 3106 4538 ut
3136 4484 3349 4538 tandem
3394 4483 3630 4554 gaudeas
3679 4480 3733 4535 in

2164 4575 2404 4648 palatio?
2429 4575 2485 4631 In
2528 4574 2862 4630 tabernaculo
2912 4573 3008 4630 Dei
3051 4583 3135 4629 est
3177 4573 3424 4644 quisque,
3479 4582 3732 4643 quantum

2169 4669 2238 4725 ad
2267 4668 2562 4724 naturalem
2586 4667 2955 4730 intentionem,
3013 4665 3138 4734 quia
3189 4663 3455 4718 naturalis
3516 4661 3736 4718 intentio

2164 4758 2233 4813 ad
2267 4758 2464 4812 bonum
2491 4743 2589 4811 nos
2619 4771 2807 4811 omnes
2829 4753 2993 4817 ducit,
3023 4753 3115 4809 sed
3153 4752 3339 4808 devius
3377 4766 3534 4806 error
3579 4750 3731 4803 abdu—

2171 4849 2534 4919 citquosdam.
2567 4845 2634 4901 Et
2667 4847 2938 4916 emigrabit
2972 4854 3039 4910 te,
3071 4844 3124 4899 id
3151 4852 3251 4907 est,
3287 4841 3557 4912 emigrare
3585 4849 3634 4895 te
3664 4838 3734 4891 fa—

2173 4941 2281 4996 ciet
2305 4941 2368 4994 de
2391 4938 2725 4994 tabernaculo
2751 4949 2860 5002 tuo,
2893 4935 2943 4992 id
2975 4947 3077 5001 est,
3102 4950 3210 4990 non
3233 4934 3342 4989 eris
3368 4933 3459 4989 hic
3481 4933 3536 4987 in
3565 4931 3730 4985 taber-

2169 5029 2381 5094 naculo,
2412 5045 2518 5085 non
2549 5029 2770 5085 habebis
2791 5039 2994 5098 partem
3025 5029 3077 5082 in
3122 5025 3520 5082 resurrectione
3549 5025 3728 5094 prima.

2169 5116 2227 5176 Si
2247 5121 2314 5176 ad
2335 5120 2568 5184 Iudaeos,
2583 5120 2649 5174 dc
2666 5118 2921 5190 legalibus
2939 5116 3219 5171 institutis.
3241 5115 3305 5168 Et
3319 5113 3500 5169 evellet
3516 5113 3728 5167 radicem

2168 5221 2314 5266 tuam
2343 5211 2405 5265 de
2430 5220 2569 5264 terra
2599 5210 2892 5264 virentium.
2924 5207 3098 5262 Radix
3124 5215 3308 5261 nostra
3339 5213 3425 5260 est
3481 5203 3726 5262 charitas,

2175 5299 2215 5317 ογ
2292 5306 2303 5314 ι
2420 5299 2433 5312 ·
3027 5306 3035 5310 ε
3106 5305 3117 5312 ·
3181 5309 3302 5316 ποι-
3353 5304 3441 5324 ιαυι
3497 5295 3565 5330 3ο
3611 5294 3727 5336 pln-
