3884 5592
149 377 261 435 105

1267 381 1792 439 ENARRATIONES
1830 384 1894 439 IN
1935 364 2275 445 astutos."

3297 392 3400 449 406

148 490 368 563 ﬂorent,
410 490 500 546 sed
523 490 813 561 posteriora
843 490 1149 561 impiorum,
1190 508 1307 561 quce
1350 494 1497 549 arida
1547 502 1724 548 erunt.
1756 497 1803 554 Α
1831 495 1973 552 aliud
2007 500 2366 569 exspectanlo
2406 499 2505 553 nisi
2543 500 2787 571 quoniam
2836 502 3022 556 bonum
3064 514 3136 559 est
3188 505 3241 559 in
3278 522 3400 561 con-

150 579 226 633 Et
266 580 514 634 timebunt
546 596 610 633 ne
643 581 765 636 talia
803 580 1097 651 posterioi‘a
1136 583 1431 648 incurrant,
1471 585 1735 639 cavebant

150 671 260 724 sibi
292 671 379 726 hic
410 686 439 724 a
477 672 793 742 gloriatione
818 673 1125 741 impiorum.
1166 673 1318 729 Unde
1343 675 1508 729 alibi:
1542 674 1733 728 Manus
1784 668 1795 679 ⁴

148 774 284 813 suas
313 759 505 813 lavabit
530 762 584 814 in
616 761 870 831 sanguine
896 764 1204 830 peccatoris.
1245 764 1547 836 lntelligent
1596 764 1736 819 hanc

148 862 344 901 eorum
376 850 747 918 gloriationem
777 866 895 905 esse
916 866 1102 907 eorum
1132 854 1568 919 destructionem,
1610 853 1736 923 quia

148 938 363 994 inimici
396 940 605 996 Domini
646 958 769 997 mox
810 952 870 997 ut
922 944 1257 1000 honorificati
1286 945 1563 1002 fuerintet
1591 946 1737 1001 exal-

150 1032 281 1095 tati,
306 1033 531 1089 delicien
542 1046 619 1089 tes
641 1036 1091 1104 quemadmodum
1109 1036 1543 1093 fumusdelicient
1560 1036 1733 1109 (Psal.

147 1123 368 1194 XXXVI).
399 1122 465 1177 Et
500 1141 654 1195 super
681 1143 795 1181 eum
822 1128 1079 1182 ridebunt.
1104 1127 1265 1196 Quasi
1310 1129 1452 1184 dicat
1484 1144 1497 1182 :
1529 1126 1595 1181 Et
1634 1130 1737 1184 hoc

148 1214 507 1284 intelligendo
548 1218 671 1272 facti
700 1236 855 1287 super
872 1237 1007 1277 eum.
1042 1221 1094 1274 in
1122 1236 1187 1275 eo
1217 1222 1359 1291 quod
1396 1236 1499 1277 non
1538 1231 1739 1292 ponent

147 1317 309 1371 spem
344 1306 396 1359 in
427 1307 667 1373 caducis,
697 1309 791 1363 sed
820 1309 1037 1379 erigunt
1088 1292 1177 1365 ad,
1199 1326 1457 1381 superna,
1512 1327 1738 1382 corpore

147 1396 378 1464 quidem
403 1398 539 1451 infra
564 1414 708 1464 eum,
744 1400 835 1454 sed
868 1409 1046 1456 mente
1069 1419 1223 1472 super
1242 1420 1358 1456 eum
1382 1403 1642 1468 ridebunt,
1685 1403 1737 1458 id

146 1501 258 1552 est,
283 1488 608 1558 gaudebunt,
637 1500 683 1544 et
712 1490 934 1545 ridendo
956 1492 1125 1547 dicent
1149 1509 1166 1545 :
1191 1493 1327 1548 Ecce
1348 1495 1500 1549 homo
1520 1495 1608 1565 qui
1637 1512 1739 1550 non

145 1581 329 1649 posuit
354 1580 523 1634 Deum
548 1582 839 1650 adjutorem
865 1600 1039 1648 suum,
1072 1584 1159 1640 hic
1186 1594 1269 1640 est
1291 1585 1381 1655 qui
1410 1585 1595 1640 maluit
1619 1602 1740 1641 eon-

149 1671 380 1727 formari
409 1674 538 1729 Adae
572 1689 730 1743 quam
753 1672 970 1730 Christo
991 1717 1004 1741 ,
1031 1676 1149 1731 ideo
1173 1675 1312 1733 Deus
1334 1678 1573 1733 destruet
1592 1692 1736 1733 eum.

150 1760 253 1817 Vel
287 1764 505 1817 tandem
532 1765 582 1819 in
608 1766 917 1821 novissimis
945 1767 1278 1836 gaudebunt,
1325 1769 1452 1824 facti
1490 1769 1737 1840 superio-

150 1872 247 1911 res
273 1857 414 1924 istis,
436 1858 731 1929 jndicando
782 1860 954 1915 illosa
986 1861 1181 1930 quibus
1225 1862 1312 1916 hic
1345 1861 1571 1931 judicati
1624 1860 1739 1915 fue—
1770 1844 1816 1905 Β

148 1959 304 2011 runt,
328 1956 382 2004 et
399 1949 814 2006 tuncirridcndo
834 1966 947 2014 eos,
964 1948 1135 2007 dicent
1157 1969 1175 2007 ε
1195 1950 1329 2006 Ecce
1348 1954 1499 2007 homo
1522 1952 1609 2024 qui
1636 1969 1739 2007 non

146 2040 327 2109 posuit
356 2040 523 2095 Deum
547 2042 838 2111 adjutorem
864 2059 1039 2109 suum,
1069 2044 1375 2115 despective
1415 2046 1643 2110 dictum,
1684 2054 1742 2101 ut

150 2129 287 2182 illud
312 2148 325 2182 :
354 2127 490 2184 Ecce
510 2131 678 2185 Adam
699 2132 849 2202 quasi
871 2149 1005 2187 unus
1028 2149 1091 2187 ex
1113 2135 1258 2188 nobis
1280 2139 1452 2203 [actus
1470 2144 1542 2190 est
1584 2134 1738 2207 (Gen.

150 2220 265 2289 tu).
302 2220 443 2276 Ecce
478 2230 704 2292 apparet
732 2224 872 2291 quod
900 2225 1063 2278 homo
1092 2232 1194 2287 est,
1220 2224 1359 2295 quod
1386 2223 1611 2297 fragilis,
1649 2225 1739 2295 qui

152 2310 353 2365 maluit
379 2311 479 2367 sibi
520 2311 659 2367 Deus
693 2327 830 2379 esse,
869 2322 930 2368 ut
963 2312 1130 2368 miser
1172 2315 1342 2369 Adam
1376 2356 1391 2380 ,
1440 2331 1601 2385 quam
1647 2329 1747 2383 po-

146 2414 291 2455 nere
326 2401 493 2455 Deum
526 2400 827 2470 adjutorem
866 2418 1055 2471 suum;
1098 2420 1403 2460 sarcasmos
1442 2404 1608 2474 ﬁgura
1633 2444 1647 2469 ,
1690 2400 1743 2456 id

154 2503 269 2559 est,
308 2494 517 2549 hostilis
556 2494 755 2549 irrisio.
827 2494 928 2550 Sed
976 2497 1155 2567 potius
1198 2498 1418 2567 speravit
1461 2497 1517 2550 in
1567 2493 1744 2548 multi-

156 2583 346 2637 tudine
396 2583 699 2638 divitiarum
747 2602 984 2639 suarum.
1039 2586 1173 2641 Nota
1211 2605 1223 2640 ε
1265 2586 1379 2639 Non
1430 2585 1559 2640 dicit
1589 2626 1604 2649 ,
1649 2585 1745 2637 ha-

157 2674 280 2727 buit
307 2673 544 2740 divitias,
583 2676 674 2730 sed
705 2677 940 2746 speravit
981 2678 1032 2731 in
1057 2678 1155 2732 eis.
1178 2675 1377 2746 Joseph
1404 2676 1742 2730 habuitdivi-

160 2764 292 2823 tias.
324 2764 417 2818 sed
447 2778 553 2818 non
582 2765 817 2835 speravit
860 2766 914 2820 in
954 2766 1054 2831 eis,
1091 2767 1158 2821 ad
1196 2767 1486 2820 utilitatem
1517 2765 1742 2819 aliorum

161 2854 377 2909 habuit.
408 2853 523 2909 Non
552 2854 651 2909 sibi
686 2855 773 2910 hic
801 2855 1086 2926 applaudat
1123 2871 1326 2926 pauper
1356 2870 1627 2925 pannosus
1652 2854 1743 2924 qui

162 2960 277 3000 non
306 2944 469 3000 habet
492 2945 724 3000 divitias.
752 2945 897 3000 Multi
927 2946 1069 3001 enim
1100 2961 1363 3016 pauperes
1386 2954 1510 3001 sunt
1538 2946 1588 2999 in
1618 2960 1741 3000 arca

164 3035 438 3103 corporis,
487 3034 580 3104 qui
619 3034 812 3090 divites
850 3045 977 3090 sunt
1016 3036 1066 3089 in
1098 3050 1223 3092 area
1259 3036 1459 3101 cordis,
1501 3044 1553 3090 et
1584 3050 1745 3090 econ-

162 3124 533 3181 versozunde
581 3125 778 3180 dicitur
818 3124 872 3180 in
926 3125 1211 3196 Evangelio
1242 3144 1255 3181 :
1283 3125 1434 3180 Beati
1490 3141 1740 3196 pauperes
1774 3167 1777 3170 ρ

164 3213 359 3282 spiritu
396 3213 609 3284 (Matth.
646 3215 719 3286 v).
753 3215 823 3269 Et
859 3216 1151 3286 prcevaluit,
1184 3217 1389 3272 scilicet
1425 3218 1601 3281 nobis;
1637 3231 1747 3271 ma-

162 3304 344 3374 jorem
375 3321 434 3361 se
472 3306 627 3362 nobis
672 3307 820 3374 fecit,
870 3309 924 3362 in
968 3309 1194 3363 vanitate
1223 3325 1341 3364 sua.
1374 3308 1515 3363 Nihil
1560 3308 1748 3363 vanius

167 3410 339 3462 quam
367 3394 535 3464 pluris
568 3394 745 3453 facere
772 3413 1049 3451 nummum
1078 3413 1241 3467 quam
1288 3397 1476 3453 Deum.
1508 3396 1597 3451 Ille
1624 3397 1749 3469 quia

168 3486 227 3540 in
258 3478 598 3541 'multitudine
638 3489 938 3543 divitiarum
971 3488 1203 3559 (divitias
1247 3498 1420 3551 vocat,
1464 3503 1613 3559 opes,
1657 3503 1752 3559 po-

172 3576 397 3641 tentias,
431 3577 684 3645 honores,
716 3578 1038 3649 voluptates,
1085 3587 1140 3633 et
1177 3588 1369 3633 czetera
1400 3577 1605 3650 talium)
1639 3594 1753 3647 spe-

172 3668 332 3733 ravit,
388 3669 509 3724 ideo
558 3671 773 3725 tandem
825 3671 1151 3727 destruetur.
1212 3670 1325 3742 Ego
1374 3681 1570 3737 autem,
1619 3672 1753 3725 sicut

174 3759 315 3813 oliva
344 3760 637 3829 fructifera.
683 3760 845 3828 Quasi
880 3760 1023 3817 dicat
1054 3780 1067 3817 :
1103 3761 1202 3817 Ille
1237 3762 1290 3816 in
1321 3761 1650 3816 multitudine
1678 3762 1756 3814 di-

172 3851 427 3906 vitiarum
453 3869 669 3907 suarum
699 3854 943 3924 speravit,
975 3853 1094 3910 ideo
1122 3854 1274 3909 radix
1303 3854 1419 3925 ejus
1445 3852 1705 3909 evelletur
1736 3870 1749 3907 :

177 3959 272 4014 ego
302 3954 495 4007 autem,
523 3944 658 3998 sicut
681 3943 815 3998 oliva
841 3942 994 4014 cujus
1024 3945 1176 4000 radix
1216 3945 1468 4006 nutritur,
1500 3958 1604 3998 non
1636 3958 1755 3999 era-

179 4034 413 4097 dicatur,
447 4035 658 4089 tandem
688 4034 964 4105 fructifera
1007 4036 1061 4091 in
1090 4036 1246 4091 domo
1288 4035 1407 4101 Dei,
1436 4036 1594 4106 plena
1637 4035 1754 4090 fruv

179 4133 324 4190 etus,
358 4125 515 4194 plena
554 4127 697 4181 omni
721 4127 1087 4197 jucunditate;
1122 4144 1244 4184 cum
1268 4129 1409 4184 Deus
1446 4130 1549 4183 erit
1574 4129 1756 4184 omnia

182 4218 236 4271 in
289 4218 543 4272 omnibus
592 4218 643 4289 (I
672 4219 796 4275 Cor.
834 4224 949 4290 xv),
988 4228 1044 4274 et
1094 4221 1138 4275 si
1191 4221 1350 4276 modo
1391 4220 1567 4276 arida.
1617 4219 1756 4293 Ego,

181 4308 431 4379 inquam,
456 4320 510 4364 ut
540 4310 695 4377 oliva,
727 4311 1009 4381 conﬁtebor
1033 4312 1123 4367 tibi
1149 4313 1202 4368 in
1236 4314 1488 4368 sarculum
1515 4314 1567 4369 in
1598 4316 1757 4371 domo

182 4398 302 4464 Dei,
344 4400 668 4455 constitutus
715 4401 765 4455 in
809 4401 1031 4471 palatio,
1060 4402 1149 4472 qui
1190 4403 1278 4458 hic
1316 4403 1537 4458 militavi
1588 4404 1641 4458 in
1674 4413 1757 4459 ta-

182 4491 510 4557 bernaculo,
557 4506 738 4547 veram
789 4491 1182 4547 confessionem
1221 4492 1437 4557 faciam,
1473 4503 1602 4549 tunc
1635 4508 1759 4549 vere

183 4592 237 4637 te
280 4583 535 4653 laudabo,
568 4599 689 4639 cum
721 4584 861 4639 nihil
898 4585 1003 4639 erit
1051 4585 1103 4639 in
1141 4600 1226 4639 me
1271 4585 1413 4654 quod
1447 4586 1541 4640 tibi
1576 4585 1759 4656 displi-

186 4684 331 4728 ceat.
363 4674 429 4729 Et
469 4676 679 4740 merito,
708 4677 829 4747 quia
878 4685 933 4730 tu
965 4677 1132 4745 fecisti
1164 4676 1304 4731 illam
1342 4676 1755 4741 confessionem,

183 4765 272 4820 vel
305 4780 393 4821 me
426 4765 621 4820 olivam
654 4765 1008 4822 fructiferam.
1039 4767 1105 4822 Et
1138 4767 1257 4823 ideo
1290 4768 1503 4822 tandem
1543 4768 1758 4836 con/ite-

179 4855 299 4921 bor,
330 4854 457 4924 quia
500 4855 588 4912 hic
611 4857 811 4925 speravi
841 4857 895 4909 in
920 4856 1278 4910 misericordia
1310 4855 1403 4911 Dei
1434 4856 1761 4925 perducente

176 4950 236 5002 in
279 4957 537 5002 icternum
584 4959 631 5003 et
661 4949 717 5002 in
753 4948 1005 5003 saeculum
1045 4947 1247 5013 saeculi,
1294 4964 1399 5004 non
1434 4948 1485 5003 in
1529 4948 1752 5003 lellllS.
1784 4970 1808 4984 ιο

181 5038 255 5093 Et
278 5040 585 5108 exspectabo
612 5055 799 5094 nomen
825 5049 990 5095 tuum.
1025 5039 1243 5096 interim
1272 5041 1398 5095 dum
1429 5040 1481 5095 in
1508 5040 1762 5096 taberna-

179 5131 311 5187 culo
341 5146 482 5196 sum,
512 5148 635 5188 cum
666 5132 922 5203 patientia
947 5132 1244 5196 sustinebo,
1282 5147 1388 5189 non
1416 5139 1769 5203 properanter

179 5240 344 5296 agam
396 5224 535 5279 sicut
570 5224 742 5278 Adam
777 5221 959 5279 volens
1004 5236 1129 5279 ante
1169 5233 1380 5294 tempus
1422 5225 1539 5279 fieri
1583 5223 1765 5277 Deus:

180 5332 384 5373 omnes
426 5315 644 5386 quidem
695 5315 886 5379 sancti,
925 5315 998 5372 dii
1032 5324 1221 5380 erunt;
1271 5316 1365 5372 sed
1418 5315 1521 5371 hoc
1569 5328 1763 5369 nomen

179 5427 296 5467 non
322 5411 475 5481 prius
499 5422 626 5465 vere
644 5406 927 5476 accipient,
956 5424 1114 5479 quam
1141 5422 1264 5465 cum
1295 5409 1436 5464 Deus
1456 5408 1561 5465 erit
1584 5404 1765 5460 omnia

180 5504 237 5558 in
272 5500 544 5557 omnibus.
578 5498 739 5553 Prius
766 5503 1114 5569 satagendum
1145 5498 1323 5554 fuerat
1343 5499 1486 5555 circa
1513 5496 1769 5554 obedien-

1787 4546 1837 4606 D

1835 601 2008 657 spcctu
2050 603 2350 647 sanctorum
2399 604 2629 657 tuorum,
2688 595 2789 649 etsi
2844 610 2948 650 non
3005 595 3058 651 in
3114 606 3401 667 conspectu

1837 679 2137 749 malorum;
2168 684 2251 739 vel
2292 685 2595 755 exspectabo
2632 702 2816 739 nomen
2848 697 2992 740 tuum
3040 688 3093 739 in
3129 697 3403 755 conspectu

1835 783 2136 826 sanctorum
2175 783 2407 840 tuorum,
2458 774 2541 829 vel
2580 775 2633 829 in
2681 778 2952 831 communi
3009 779 3405 832 resurrectione

1836 871 1891 916 et
1940 862 2076 927 ideo,
2124 864 2379 933 quoniam
2426 862 2625 919 bonum
2671 875 2755 921 est
2798 877 3117 937 exspectare
3142 866 3237 921 'vel
3278 866 3406 920 illud

1839 966 2056 1005 nomen.
2105 952 2317 1008 Aliter:
2347 952 2455 1008 Illis
2490 953 2777 1019 damnatis,
2831 970 2929 1025 ego
2987 964 3167 1010 autem
3221 955 3308 1009 hic
3352 956 3407 1009 in

1837 1040 1991 1095 domo
2032 1040 2149 1107 Dei,
2182 1043 2232 1097 id
2264 1052 2369 1109 est,
2419 1044 2469 1098 in
2502 1044 2737 1099 Ecclesia
2782 1047 3055 1116 przesenti.
3094 1045 3226 1099 sicut
3273 1044 3408 1098 oliva

1839 1128 2113 1201 fructifera
2155 1132 2306 1187 tarde
2335 1131 2554 1200 florens,
2587 1133 2710 1204 quia
2739 1134 2999 1189 bonorum
3029 1143 3113 1189 est
3147 1148 3302 1188 arere
3354 1134 3406 1187 in

1838 1222 1942 1278 hoc
1980 1223 2200 1289 saeculo,
2231 1225 2410 1279 ethoc
2442 1225 2580 1290 ideo,
2612 1226 2735 1296 quia
2789 1228 2989 1296 speravi
3030 1229 3080 1279 in
3115 1227 3409 1279 misericor-

1838 1314 1926 1367 dia
1964 1313 2082 1381 Dei,
2110 1330 2215 1369 non
2244 1314 2295 1369 in
2321 1316 2540 1380 divitiis,
2572 1317 2624 1368 in
2661 1306 3018 1371 misericordia
3042 1316 3183 1382 dico,
3209 1316 3403 1384 perdu-

1842 1416 1997 1462 cente
2049 1408 2101 1462 in
2147 1408 2523 1472 aaternitatem,
2566 1407 2621 1461 id
2669 1416 2773 1472 est,
2814 1407 2869 1462 in
2906 1405 3153 1463 siccatum
3208 1404 3407 1465 swculi,

1844 1498 2056 1554 tandem
2083 1499 2388 1569 conﬁtebor,
2418 1514 2538 1554 cum
2566 1500 2704 1554 Deus
2724 1498 2829 1554 erit
2852 1498 3031 1554 omnia
3061 1498 3116 1552 in
3142 1496 3408 1559 omnibus,

1839 1590 2043 1648 Catera
2075 1607 2179 1648 non
2212 1600 2507 1648 mutantur.

2392 1681 2714 1739 PSALMUS
2752 1681 2859 1737 Lll.

1949 1788 2000 1828 IN
2038 1788 2197 1828 FINEI
2247 1789 2348 1829 PRO
2389 1789 2677 1829 IAHALETH
2715 1786 3078 1828 INTELLECTUS
3123 1785 3306 1825 DAVID.

1920 1880 1938 1913 ι
1976 1860 2120 1916 Dixit
2171 1863 2431 1933 insipiens
2466 1863 2518 1917 in
2573 1864 2736 1919 corde
2784 1877 2900 1926 suo,
2945 1860 3061 1916 Non
3112 1870 3198 1916 est
3252 1860 3411 1912 Deus.

1846 1970 1864 2004 ι
1901 1951 2152 2022 Corrupti
2198 1962 2324 2009 sunt
2366 1962 2419 2007 et
2457 1952 2839 2009 abominabiles
2886 1949 3010 2006 facti
3057 1958 3183 2006 sunt
3223 1950 3275 2004 in
3315 1949 3416 2003 iui-

1846 2059 1865 2094 ι
1900 2042 2213 2112 quitatibus,
2274 2058 2380 2097 non
2435 2051 2517 2097 est
2557 2042 2645 2111 qui
2697 2041 2857 2096 faciat
2904 2041 3121 2099 bonum.
3174 2040 3315 2094 Deus
3351 2038 3423 2092 de-

1850 2152 1868 2186 ι
1911 2133 2049 2189 ccelo
2076 2133 2353 2204 prospexit
2391 2148 2552 2202 super
2588 2132 2725 2187 filios
2754 2132 3049 2196 hominum,
3080 2138 3139 2185 ut
3166 2129 3344 2183 videat
3370 2126 3418 2180 si

1848 2240 1866 2275 ι
1900 2232 1984 2281 est
2012 2223 2315 2295 intelligens
2351 2232 2443 2278 aut
2476 2224 2757 2293 requirens
2800 2224 2991 2278 Deum.
3019 2220 3220 2279 Omnes
3246 2218 3415 2273 decli-

1848 2332 1866 2365 s
1905 2321 2192 2378 naverunt,
2245 2313 2408 2368 simul
2453 2313 2669 2368 inutiles
2711 2312 2836 2368 facti
2874 2320 3040 2368 sunt:
3073 2326 3177 2364 non
3222 2306 3418 2375 estqui

1849 2423 1867 2457 ι
1905 2405 2064 2462 faciat
2114 2404 2333 2472 bonum,
2370 2421 2477 2460 non
2528 2413 2612 2461 est
2673 2420 2840 2475 usque
2888 2404 2954 2459 ad
2998 2415 3183 2459 unum.
3234 2400 3420 2454 Nonne

1849 2513 1867 2547 ι
1906 2494 2080 2550 scient
2120 2510 2307 2551 omnes
2332 2495 2424 2565 qui
2469 2505 2765 2567 operantur
2794 2494 3151 2565 iniquitatem,
3191 2491 3279 2561 qui
3323 2490 3418 2544 de-

1851 2605 1869 2638 s
1907 2597 2099 2642 vorant
2124 2588 2331 2658 plebem
2373 2604 2549 2643 meam
2585 2600 2643 2643 ut
2670 2588 2846 2643 cibum
2876 2585 3065 2657 panis?
3107 2585 3274 2639 Deum
3313 2599 3418 2635 non

1849 2696 1869 2730 ι
1905 2679 2310 2745 invocaverunt,
2348 2678 2456 2733 illic
2502 2679 2906 2749 trepidaverunt
2934 2678 3145 2742 timore,
3177 2675 3266 2729 tibi
3316 2691 3418 2727 tzou

1851 2789 1869 2822 ι
1904 2759 2006 2825 fuit
2049 2770 2229 2824 timor.
2273 2769 2536 2837 Quoniam
2565 2770 2706 2825 Deus
2743 2768 3022 2839 dissipavit
3064 2783 3183 2822 ossa
3231 2782 3419 2821 eorum

1850 2878 1869 2912 ι
1902 2860 1994 2931 qui
2057 2860 2365 2915 hominibus
2416 2858 2903 2930 placent:confusi
2956 2866 3119 2921 sunt,
3166 2856 3420 2926 quoniam

1851 2970 1870 3005 ι
1907 2952 2048 3007 Deus
2099 2952 2303 3025 sprevit
2357 2965 2471 3007 eos.
2515 2949 2648 3018 Quis
2698 2951 2845 3006 dabit
2890 2965 2956 3005 ex
3010 2949 3137 3003 Sion
3186 2945 3421 3002 salutare

1854 3060 1873 3094 ι
1907 3042 2108 3099 Israel?
2146 3058 2269 3098 cum
2298 3044 2625 3098 converterit
2667 3042 2810 3097 Deus
2841 3040 3207 3110 captivitatem
3251 3036 3422 3107 plebis

1856 3151 1874 3185 ι
1911 3147 2044 3199 suae,
2070 3130 2364 3187 exsultabit
2391 3128 2557 3187 Jaeob
2587 3139 2639 3186 et
2664 3129 2930 3184 lcetabitur
2956 3126 3137 3184 Israel.
3172 3145 3189 3179 υ

2409 3218 2859 3275 ENARRATIO.

1924 3315 2058 3370 Nota
2106 3322 2189 3370 est
2234 3314 2459 3371 historia
2516 3312 2567 3383 (1
2606 3312 2733 3383 Reg.
2770 3311 2940 3379 xxvi).
2996 3308 3163 3365 David
3215 3306 3426 3378 fugiens

1852 3404 2088 3470 Saulem,
2119 3403 2268 3458 venit
2294 3403 2360 3458 ad
2391 3403 2554 3458 Achis
2585 3416 2763 3472 regem
2790 3401 2952 3468 Ceth,
2982 3408 3036 3456 et
3060 3400 3159 3454 sub
3186 3413 3251 3454 eo
3282 3398 3424 3451 mili-

1851 3496 2008 3565 tavit,
2051 3504 2268 3566 accepta
2306 3496 2372 3551 ab
2401 3510 2467 3551 eo
2514 3493 2752 3549 Sicelech
2781 3508 2943 3564 parva
2982 3491 3219 3551 civitate.
3267 3498 3321 3542 ct
3352 3490 3422 3543 ibi

1853 3588 2027 3645 locata
2073 3602 2240 3643 uxore
2268 3595 2323 3642 et
2369 3586 2493 3642 filiis
2521 3595 2575 3640 et
2604 3594 2712 3642 tota
2755 3583 3055 3639 substantia
3094 3595 3217 3645 sua,
3256 3578 3422 3633 David

1853 3682 2019 3738 misso
2043 3683 2107 3736 ad
2138 3679 2402 3752 praelium,
2438 3686 2701 3734 venerunt
2724 3675 3069 3732 Amalechitae
3096 3669 3380 3727 latrunculi
3406 3686 3419 3732 ;

1852 3783 1925 3839 et,
1959 3780 2253 3845 rapuerunt
2296 3785 2520 3827 uxorem
2567 3769 2732 3824 David
2778 3777 2832 3822 ct
2871 3766 3027 3831 filios,
3068 3773 3121 3821 et
3151 3762 3422 3819 civitatein

1853 3867 2288 3925 combusserunt.
2335 3861 2570 3917 Rediens
2609 3867 2787 3914 autem
2831 3857 2998 3913 David
3040 3857 3313 3911 insecutus
3343 3859 3428 3906 est

1855 3971 1967 4021 eos,
2011 3962 2066 4010 et
2091 3950 2515 4023 comprehendit,
2546 3958 2601 4005 et
2627 3947 2842 4012 occidit,
2872 3955 2927 4003 et
2972 3944 3140 4017 spolia
3182 3942 3425 3998 reduxit.

1855 4044 2115 4103 Amalech
2167 4042 2555 4111 interpretatur
2599 4037 2796 4108 lingens
2862 4046 3087 4099 terram,
3149 4030 3424 4091 Sicelech,

1857 4132 2141 4189 conversio.
2175 4130 2278 4185 Per
2316 4143 2537 4185 uxorem
2569 4126 2734 4182 David
2757 4125 3047 4199 accipimus
3074 4128 3287 4178 sanctas
3310 4119 3428 4173 ani-

1858 4241 2010 4291 mas;
2041 4238 2137 4295 per
2167 4223 2326 4288 filios,
2367 4220 2506 4276 bona
2548 4235 2744 4290 opera;
2791 4235 2887 4290 per
2922 4217 3104 4277 David.
3130 4214 3427 4271 Christum.

1858 4316 1915 4371 ln
1947 4316 2188 4371 Sicelech
2233 4313 2428 4368 locavit
2456 4311 2623 4367 David
2654 4326 2874 4364 uxorein
2917 4316 2970 4364 et
3010 4308 3164 4373 filios,
3194 4314 3247 4360 et
3275 4304 3430 4360 Chri-

1859 4413 1976 4460 stus
2021 4412 2235 4459 sanctas
2293 4402 2503 4456 animas
2552 4408 2605 4454 et
2662 4400 2801 4454 bona
2844 4411 3003 4466 opera
3061 4397 3114 4449 in
3154 4394 3429 4450 conversis

1863 4496 2024 4560 locat,
2065 4495 2117 4549 id
2158 4503 2263 4558 est,
2299 4492 2560 4556 fidelibus,
2596 4504 2731 4559 quas
2777 4498 2991 4543 sanctas
3022 4488 3229 4541 animas
3271 4483 3428 4540 simul

1867 4601 1986 4641 cum
2012 4583 2168 4640 bonis
2198 4582 2450 4653 operibus
2486 4578 2851 4646 Amalechitie,
2885 4578 2935 4633 id
2965 4586 3067 4644 est,
3096 4583 3293 4632 terram
3331 4575 3434 4628 lin~

1867 4686 2076 4744 gentes,
2118 4673 2298 4729 smculi
2334 4683 2547 4728 terrena
2570 4680 2833 4737 amantes,
2861 4683 2960 4740 per
2986 4668 3183 4727 multas
3210 4665 3437 4722 tribula-

1870 4765 2041 4819 tiones
2082 4777 2223 4832 saepe
2252 4762 2489 4832 captivas
2514 4762 2733 4826 ducunt,
2765 4776 2887 4816 cum
2924 4761 3183 4815 devocant
3211 4765 3265 4812 et
3303 4771 3435 4812 eon-

1866 4852 2124 4919 formant,
2173 4854 2270 4908 sed
2313 4852 2562 4909 Christus
2601 4850 2793 4906 liberat
2840 4851 3139 4907 Ecclesiam
3178 4863 3331 4905 suam
3371 4848 3437 4903 ab

1866 4946 2240 5011 Amalechitis,
2283 4959 2616 5015 persequens
2662 4959 2755 4999 eos
2782 4959 2905 4999 cum
2947 4942 3185 4999 exercitu
3216 4935 3344 5005 'suo,
3386 4938 3437 4995 id

1870 5048 1974 5105 est,
2001 5054 2121 5095 cum
2152 5037 2592 5109 praedicatoribus
2614 5037 2746 5099 suis,
2779 5045 2835 5090 et
2863 5035 3113 5092 occidens
3143 5032 3280 5095 illos,
3307 5030 3442 5084 alios

1873 5132 1925 5187 in
1962 5133 2178 5195 bonum,
2208 5129 2339 5185 alios
2381 5131 2436 5185 in
2467 5129 2687 5186 malum.
2726 5127 2948 5184 Titulus
2972 5127 3039 5181 ita
3071 5121 3440 5178 construitur:

1874 5223 2051 5278 Verba
2089 5222 2248 5292 hujus
2290 5220 2483 5289 psalmi
2515 5216 2823 5273 referuntur
2855 5220 2910 5272 in
2940 5216 3117 5283 ﬁnem,
3150 5208 3201 5261 id
3248 5215 3352 5273 est,
3383 5209 3446 5261 li-

1874 5315 2047 5371 nalem
2077 5314 2262 5378 David,
2296 5312 2388 5381 qui
2427 5312 2665 5386 psalmus
2687 5317 2768 5363 est
2799 5308 3089 5364 intellectus
3132 5296 3300 5351 David
3322 5313 3449 5386 pro—

1872 5407 2069 5476 phetae,
2100 5403 2184 5460 vel
2224 5400 2483 5472 cujusque
2505 5398 2725 5473 perfecti
2750 5396 2956 5461 ﬁdelis;
2992 5386 3276 5444 intellectus
3304 5385 3447 5459 dico,

1874 5494 2210 5567 signiﬁcatus
2231 5492 2313 5548 vel
2338 5492 2572 5554 habitus,
2595 5503 2688 5559 pro
2709 5485 2979 5549 Amalech,
3005 5478 3055 5534 id
3077 5485 3180 5543 est,
3203 5476 3257 5529 in
3282 5490 3345 5569 ea
3371 5477 3450 5532 hi-
