3884 5618
439 458 538 523 «ἢ

1078 454 1333 529 ﬂamen
1374 456 2028 551 ANTISSlODORENSlS
2066 454 2215 533 (ire.
2257 459 2437 534 rans
2472 476 2513 535 ι.
2554 510 2624 520 -
2656 462 3079 537 EXEGETICA.‘

3601 468 3719 536 £08

437 593 789 659 oppressione
826 588 1082 645 Ecclesiae
1122 585 1241 661 qum
1282 599 1364 645 est
1398 592 1778 665 comparabilis
1825 601 2009 662 partu-
2053 594 2089 653 Α
2120 592 2321 647 minum
2346 601 2490 658 sunt,
2521 594 2737 663 quando
2766 594 2905 649 male
2948 592 3185 656 faciunt;
3214 592 3309 648 lilii
3334 591 3451 659 Dei,
3477 592 3719 663 quando

428 679 622 761 tienti.
658 679 792 733 Nam
841 680 981 746 sicut
1012 681 1205 735 mulier
1246 682 1553 751 parturiens
1581 692 1665 738 eat
1710 684 1763 737 in
1807 683 2013 747 dolore,

440 766 513 822 ita
548 778 603 823 et
630 769 867 825 Ecclesia
892 771 944 825 in
982 771 1084 826 huc
1110 771 1322 825 saeculo.
1363 770 1428 824 Et
1453 771 1506 826 in
1534 772 1679 826 hunc
1706 772 1919 827 modum
1943 771 2019 826 le-

441 864 584 931 gitur
614 870 819 917 tantum
849 864 903 918 in
949 878 1178 934 persona
1212 861 1490 928 Ecelesim,
1523 864 1815 918 secundum
1856 854 2022 918 alium

440 958 703 1024 potestct
727 954 780 1008 in
820 960 952 1010 face
991 954 1188 1023 capitis
1217 953 1341 1024 legi:
1380 953 1478 1008 llic
1504 953 1742 1023 psalmus
1772 963 1828 1009 et
1869 954 1915 1008 si
1966 954 2020 1008 in

442 1047 771 1117 verbis'cum
796 1048 1080 1116 superiori,
1111 1047 1254 1101 Dixit
1281 1048 1556 1116 insipiens,
1573 1047 1715 1101 idem
1740 1046 2019 1102 videatur:

441 1138 623 1192 differt
658 1148 834 1193 tamen
860 1138 914 1191 in
944 1137 1065 1203 hoc,
1100 1138 1225 1206 quia
1260 1136 1352 1192 ille
1387 1135 1626 1201 Christo,
1658 1118 1748 1191 hic
1774 1134 2024 1192 omnibus

2116 686 2273 740 bene.
2303 684 2443 756 Ergo
2482 682 2605 739 tolle
2644 685 2785 756 quod
2813 676 3056 741 homines
3106 674 3198 738 filii
3229 685 3319 739 Dei
3346 694 3495 749 sunt,
3524 697 3725 753 reuna

2120 787 2212 832 net
2246 779 2386 847 quod
2426 775 2516 832 lilii
2544 768 2818 832 hominum
2849 785 2997 841 sunt,
3038 785 3092 830 et
3130 766 3207 831 sic
3240 790 3345 830 non
3377 774 3587 844 estqui
3632 772 3722 826 fa-

2121 868 2228 924 ciat
2254 869 2483 934 bonum;
2509 863 2664 938 quasi
2699 867 2883 922 dicat:
2916 866 3066 934 Quod
3109 865 3184 920 illi
3228 864 3362 921 tales
3400 866 3534 928 sint,
3600 864 3722 934 pla-

2123 974 2191 1013 ne
2218 957 2501 1013 adtertant
2528 959 2615 1029 qui
2658 950 2749 1012 lilii
2786 954 2879 1013 Dei
2918 967 3061 1023 sunt,
3105 958 3213 1024 vel,
3248 958 3507 1027 insipiens
3546 956 3724 1021 dixit,

2125 1056 2228 1104 non
2275 1056 2348 1102 est
2407 1048 2548 1105 Deus
2581 1089 2597 1115 ,
2654 1047 2747 1104 sed
2801 1046 2955 1105 falso.
3008 1040 3140 1103 Nam
3183 1064 3369 1103 revera
3425 1057 3532 1111 est,
3590 1047 3727 1116 quia

2129 1140 2385 1196 Dominus
2445 1139 2512 1194 de
2576 1132 2713 1195 cutio
2775 1138 3048 1210 prospexit
3101 1153 3261 1208 super
3318 1136 3458 1192 [alios
3538 1136 3729 1192 homi—

445 1230 1193 1286 lidclibusat‘tribniturzille
1222 1232 1273 1285 in
1314 1230 1490 1300 primo
1525 1229 1778 1309 adventu,
1820 1229 1909 1285 hic
1937 1242 2027 1284 ac-
2126 1248 2274 1307 num,
2329 1230 2383 1286 id
2425 1239 2539 1295 est,
2586 1245 2684 1300 per
2728 1230 3115 1284 humanitatem
3175 1225 3337 1283 Verbi
3399 1227 3731 1282 πήξει-ἰων-

443 1318 716 1392 cipiturin
760 1322 1018 1411 secundo”.
1052 1322 1117 1376 Et
1146 1323 1240 1376 cst‘
1277 1317 1507 1375 intentio
1536 1319 1821 1391 Propheta:
1848 1329 2027 1375 osten-
2128 1321 2271 1377 diam
2326 1336 2480 1376 suam
2519 1318 2780 1390 disposuit
2827 1334 2989 1389 super
3040 1314 3179 1373 ﬁlios
3234 1314 3548 1379 hominum,
3611 1326 3727 1369 tam

444 1413 570 1466 dere
601 1413 751 1482 prius
788 1405 1098 1482 pressuram
1146 1411 1434 1475 Ecelesiie;
1466 1410 1665 1467 deinde
1700 1408 2028 1467 cbnsolatio—
2129 1409 2341 1469 Judaros
2365 1419 2525 1484 quam
2555 1406 2814 1485 gentiles,
2848 1410 2931 1466 ve‘l
2957 1405 3021 1466 de
3046 1400 3173 1466 caelo
3194 1450 3213 1476 ,
3243 1403 3295 1466 id
3324 1421 3406 1467 est
3426 1452 3443 1477 ,
3477 1411 3551 1465 de
3582 1423 3734 1478 pra!-

444 1505 588 1566 nem,
634 1511 693 1555 ut
732 1502 885 1567 illud,
938 1516 1059 1557 cum
1097 1502 1426 1556 converterit
1473 1496 1614 1555 Deus
1662 1500 2029 1570 Captivitatem
2132 1500 2461 1561 dicatoribus
2490 1503 2636 1567 suis,
2668 1515 2895 1573 quorum
2925 1501 3262 1556 conversatio
3311 1502 3366 1555 in
3398 1500 3560 1556 caelis
3603 1507 3731 1563 est;

444 1594 615 1662 plebis
673 1606 805 1659 stne,
869 1593 1162 1649 exsultabit
1203 1593 1367 1648 Jacob
1420 1601 1473 1648 et
1523 1590 1790 1648 laztabitur
1842 1588 2027 1647 Israel.
2133 1603 2231 1665 per
2259 1594 2380 1650 illos
2405 1594 2547 1650 enim
2579 1584 3008 1649 misericordiam
3054 1607 3204 1647 suam
3249 1591 3506 1645 munibus
3533 1588 3733 1644 notiti—

445 1670 633 1777 ξὀιεξῐ
657 1692 712 1738 εί
738 1684 816 1739 δῖε
844 1684 970 1777 (lilii.
1000 1683 1142 1777 quod
1172 1682 1585 1770 Pl‘iOI‘PS'ﬁlmlls
1608 1682 1781 1737 Γεὶοισε
1814 1682 1884 1736 Sil
1907 1686 2033 1736 ante
2134 1683 2309 1752 cavit,
2334 1695 2441 1742 tam
2469 1679 2668 1742 Judasis
2694 1702 2854 1756 quam
2881 1686 3162 1756 gentibus,
3194 1683 3335 1740 ttnde
3364 1674 3468 1756 ipsi
3498 1684 3737 1739 inexcu-

448 1774 593 1828 is‘tud
633 1784 838 1844 gestum
879 1764 1180 1845 negotium,
1215 1780 1271 1828 et
1313 1764 1439 1842 quia
1471 1772 1738 1842 Propheta
1772 1772 2036 1827 intellexit
2136 1772 2352 1834 Sabinas.
2385 1778 2464 1831 Ad
2495 1779 2599 1843 hpc
2626 1778 2693 1831 de
2725 1776 2851 1831 εωιο
2876 1776 3175 1847 prospexit,
3205 1785 3259 1828 ut
3287 1758 3488 1838 videat,
3520 1774 3579 1829 id
3609 1783 3732 1837 est,

450 1876 549 1937 per
589 1867 693 1922 hoc
720 1867 861 1935 Quod
909 1866 1259 1922 bIStorialiter
1288 1865 1360 1921 ibi
1406 1867 1538 1947 egit,
1580 1864 1869 1936 significari
1916 1877 2032 1919 ere-

2158 1867 2322 1929 ridere
2349 1853 2547 1939 faciat,
2588 1870 2635 1926 si
2678 1880 2753 1925 est
2798 1866 3128 1939 intelligens,
3173 1867 3380 1923 scilicet
3425 1862 3607 1920 Deum
3635 1877 3738 1934 per

449 1959 687 2027 ptionem
709 1957 966 2014 Ecclesia:
985 1958 1050 2013 de
1070 1956 1724 2018 mandAmal‘eclﬁtarum,
1754 1955 1872 2010 ideo
1898 1955 2038 2010 hanc
2066 1959 2111 2021 Β
2143 1961 2298 2018 ﬁdem
2320 1998 2335 2029 ς
2374 1973 2462 2017 aut
2500 1962 2767 2033 requirens
2812 1974 2909 2029 per
2950 1948 3341 2029 operationem,
3389 1948 3528 2011 Cum
3583 1954 3735 2007 enim

451 2051 614 2118 prius
648 2049 1026 2118 repetitionem
1059 2048 1207 2104 fecit.
1240 2047 1537 2102 lntroducit
1568 2045 1840 2115 Propheta
1878 2044 2038 2099 Cbrii

453 2149 596 2197 suun
643 2140 950 2211 loquentem
1005 2130 1560 2211 de‘persecut‘oribus
1613 2138 1874 2203 ﬁdelium,
1929 2146 2037 2190 tam

455 2232 707 2303 gentibus
731 2234 891 2302 quam
917 2232 1136 2298 Judmis,
1184 2240 1240 2287 et
1265 2231 1639 2286 ostendentem
1680 2229 1770 2300 qui
1812 2230 1883 2285 sit
1917 2229 2043 2285 ﬁnis

456 2318 863 2394 persecutomm
888 2330 943 2378 et
970 2333 1155 2379 eorum
1186 2321 1276 2391 qui
1303 2318 1649 2376 tribuiantnr.
2028 2334 2029 2337 ‘

531 2414 677 2469 Dixit
715 2415 966 2485 insipiens
994 2416 1048 2469 in
1073 2416 1228 2468 corde
1249 2431 1345 2468 suo
1367 2425 1384 2465 :
1409 2411 1535 2467 Non
1571 2412 1646 2467 est
1698 2408 1858 2467 Deus.
1901 2406 2044 2465 Insi-

460 2500 608 2576 pi'ens
636 2504 884 2575 populus,
917 2505 1005 2574 qui
1036 2504 1229 2559 Filium
1258 2513 1314 2560 et
1334 2503 1657 2573 sapientiam
1684 2502 1778 2557 Dei
1803 2502 2045 2571 recipere

462 2598 667 2664 noluit;
685 2598 825 2652 dixit
849 2599 903 2652 in
926 2597 1083 2652 corde
1105 2614 1222 2662 suo,
1248 2596 1298 2651 id
1349 2603 1455 2660 est,
1497 2609 1593 2665 per
1642 2609 1700 2649 se
1745 2591 2043 2656 adinveuit',

465 2694 572 2743 non
605 2702 668 2741 ex
694 2676 1013 2742 anetbri’tate
1041 2686 1325 2745 librorum.
1356 2685 1616 2739 Dominus
1657 2699 1761 2737 non
1801 2691 1875 2734 est
1903 2678 2046 2733 Deus

463 2770 817 2847 quialludazis
837 2775 1169 2841 scandalum,
1215 2774 1465 2846 gentibus"
1495 2771 1721 2827 stultitia
1764 2770 2050 2824 videbatur

465 2870 527 2942 (I
558 2869 682 2924 Cor.
718 2869 792 2941 ι),
818 2869 965 2924 illum
1002 2873 1228 2925 credere
1254 2866 1559 2937 Deum,‘qui
1587 2866 1667 2920 sic
1690 2862 2049 2935 ignominiose

468 2959 833 3025 tractabatur,
877 2960 959 3016 vel
1003 2958 1092 3030 qui
1131 2954 1285 3031 putat
1332 2959 1442 3014 Deo
1471 2958 1685 3029 placere
1726 2954 1867 3010 facta
1908 2953 2048 3009 mala

472 3068 581 3135 non
604 3066 725 3108 esse
745 3060 898 3123 putat
920 3054 1111 3107 Deum.
1152 3054 1208 3107 Si
1229 3052 1371 3106 enim
1404 3051 1547 3105 Dens
1580 3060 1685 3111 est,
1720 3044 1897 3119 justu’s
1925 3044 2045 3113 est:

474 3134 723 3213 sfjnstus'
740 3146 845 3209 es't,
874 3144 1123 3213 displicet
1142 3144 1190 3197 ei
1216 3138 1498 3210 iniustitia.
1532 3139 1634 3206 Qui
1666 3146 1844 3192 autem
1895 3138 2051 3204 putat

472 3236 523 3320 ei
555 3236 768 3306 placere
798 3236 1157 3305 iniquitatem,
1191 3242 1352 3309 negat
1395 3231 1562 3287 Deum
1589 3245 1708 3286 esse
1730 3229 1967 3298 indicem
1998 3228 2050 3282 in

475 3330 661 3386 rebus.
716 3327 1069 3403 Cassnodorus
1117 3341 1132 3381 :

475 3418 662 3477 eorum
708 3420 774 3476 de
821 3416 1023 3490 quibus
1064 3411 1353 3490 Apostolus
1399 3435 1414 3473 :
1461 3416 1667 3473 Scimus
1704 3416 1841 3485 quod
1886 3414 2053 3468 omnis

476 3514 717 3571 creatura
739 3505 1027 3584 ingentisc‘it
1049 3500 1103 3567 et,
1121 3508 1346 3583 parturit
1361 3510 1524 3583 usque
1539 3500 1714 3563 adhuc
1731 3494 1880 3579 (llam
1895 3505 2055 3575 .VLII),

479 3617 535 3675 et
559 3598 931 3662 confusionem
956 3619 1143 3660 eorum
1172 3604 1261 3674 qui
1304 3618 1398 3658 eos
1435 3595 1712 3667 tribulant,
1752 3599 1824 3654 ita
1871 3604 1926 3651 ut
1958 3594 2056 3668 ipsi

478 3693 877 3752 inexcusabiles
905 3695 1033 3752 sint.
1055 3703 1109 3749 et
1140 3701 1332 3747 auctor
1356 3689 1771 3747 inexcusabiles.
1823 3688 2059 3744 Verbum

481 3784 681 3854 dicere,
709 3783 925 3858 prop‘rie
974 3795 1057 3841 est
1111 3785 1306 3856 lingua:
1331 3826 1345 3851 ,
1397 3800 1503 3838 non
1533 3783 1755 3847 cordis;
1791 3779 1885 3835 sed
1936 3778 2062 3848 quia

482 3876 836 3952 cogitationes
883 3876 1101 3936 nostras
1150 3866 1388 3946 polentia
1440 3872 1736 3929 divinitatis
1790 3868 2059 3940 intelligit,

485 3962 631 4026 iecte
653 3964 853 4026 dictum
874 3976 959 4025 est
986 3961 1287 4039 insipientis
1313 3967 1406 4021 cor
1442 3966 1641 4039 dicere,
1673 3964 1815 4033 quod
1853 3961 1920 4015 ad
1962 3974 2063 4014 au-

485 4074 575 4119 res
628 4056 841 4117 Domini
894 4060 1071 4132 potest
1122 4057 1338 4123 venire,
1382 4071 1490 4111 non
1532 4036 1601 4110 ad
1658 4052 2061 4124 ignoscendum,

487 4150 581 4209 Sed
609 4155 672 4207 ad
694 4146 1060 4221 indicandum.
1107 4142 1269 4216 Quasi
1312 4148 1493 4203 dicat:
1527 4155 1582 4201 et
1608 4145 1750 4199 unde
1781 4137 1885 4198 illis
1916 4146 2062 4196 tanta

489 4240 838 4317 insipientia?
867 4241 1112 4313 Corrupti
1135 4250 1278 4305 sunt,
1329 4254 1359 4295 a
1384 4240 1523 4294 bona
1572 4248 1763 4291 natura
1799 4235 1850 4289 in
1890 4228 2065 4305 primo

488 4338 740 4410 parente,
771 4346 826 4391 et
865 4324 1127 4389 intant‘um
1147 4331 1287 4403 quod
1326 4327 1718 4392 abominabiles,
1749 4327 1803 4381 id
1839 4334 1943 4392 est,
1975 4339 2070 4379 ex-

493 4425 747 4483 lueredati
796 4424 922 4497 {acti
971 4426 1092 4480 sunt
1136 4423 1190 4478 in
1213 4412 1574 4493 iniquitatibus
1626 4421 1757 4483 suis,
1820 4433 1849 4471 a
1905 4431 1963 4472 se
1992 4415 2075 4469 in—

494 4514 691 4586 ventis,
720 4531 775 4572 et
805 4516 1071 4573 intan‘tum
1114 4512 1374 4583 corrupti,
1404 4508 1547 4582 quod
1597 4510 1700 4564 non’
1750 4517 1823 4562 est
1866 4507 1954 4577 qui
1993 4505 2074 4572 fa—

499 4614 603 4668 i'iat
648 4615 858 4669 bunum.
890 4594 1155 4685 Dominus
1184 4604 1246 4663 de
1284 4607 1409 4663 caelo
1455 4600 1719 4676 prospexit
1755 4612 1909 4672 super
1937 4599 2073 4669 ﬁlios

2140 2049 2374 2111 lnnnana
2427 2047 2716 2110 infirmitas
2773 2050 2939 2109 Deum
2981 2064 3176 2121 capere
3224 2063 3330 2104 non
3383 2040 3634 2110 valeret,
3684 2046 3736 2099 in

2140 2142 2315 2201 forma
2359 2145 2596 2200 humana
2643 2139 2836 2198 Filium
2885 2152 3042 2196 suum
3092 2128 3274 2204 misit,
3323 2136 3417 2207 qui
3467 2136 3648 2191 verbo
3683 2138 3737 2188 et

2140 2246 2303 2310 Opere
2350 2239 2416 2293 ad
2469 2237 2671 2293 cultum
2726 2234 2818 2291 Dei
2868 2232 3113 2289 homines
3159 2243 3417 2286 revocare
3460 2227 3735 2288 instituit,

2142 2329 2233 2399 qui
2283 2328 2424 2398 apud
2469 2324 2728 2381 mortales
2774 2322 2899 2379 fecit
2942 2322 3155 2387 divina,
3202 2320 3419 2390 patiens
3446 2318 3732 2372 humana:

2144 2423 2291 2478 misit
2315 2422 2478 2476 etiam
2514 2418 2901 2490 prmdicatores
2944 2428 3103 2479 suos,
3142 2411 3233 2490 qui
3283 2410 3609 2466 hominibus
3639 2408 3738 2461 hoc

2144 2512 2520 2577 notilieareut,
2551 2509 2644 2564 sed
2677 2507 2878 2562 nullum
2902 2504 3101 2560 invenit
3134 2502 3528 2573 intelligentem
3556 2498 3731 2552 Deum

2149 2609 2201 2664 in
2230 2624 2297 2662 co
2323 2604 2469 2677 quod
2513 2612 2670 2662 erant
2706 2602 2800 2657 lilii
2836 2586 3156 2663 hominum,
3188 2606 3282 2652 aut
3326 2594 3501 2650 Deum
3548 2588 3735 2661 requi-

2148 2708 2356 2754 rentem
2393 2696 2561 2767 :quia
2602 2706 2778 2748 omnes
2821 2680 3211 2746 declinaverunt
3256 2702 3289 2740 a
3334 2685 3424 2739 via
3453 2680 3738 2750 veritatis,

2147 2788 2305 2845 simul
2342 2788 2590 2850 inutiles,
2625 2784 2837 2839 scilicet
2882 2781 3024 2844 Deo,
3064 2776 3191 2845 [acti
3231 2785 3354 2831 sunt
3403 2783 3518 2828 tam
3566 2768 3736 2824 Judaai

2150 2896 2311 2950 quam
2338 2885 2526 2948 gentes
2547 2915 2562 2939 ,
2592 2875 2862 2929 intantum
2900 2868 3044 2939 quod
3072 2882 3173 2921 non
3210 2874 3285 2919 est
3325 2865 3419 2933 qui
3452 2861 3618 2931 faciat
3649 2860 3736 2943 bof

2150 2940 2276 3023 num
2306 2982 2402 3036 per
2428 2976 2516 3029 se,
2554 2973 2657 3017 non
2691 2968 2766 3016 est
2788 2974 2950 3029 usque
2974 2955 3042 3010 ad
3067 2970 3229 3009 unum
3253 2993 3268 3019 ,
3294 2951 3381 3006 vel
3409 2949 3630 3013 nullus;
3663 2940 3739 3002 vel

2152 3064 2289 3116 adeo
2319 3074 2425 3114 non
2457 3054 2743 3111 attendunt
2768 3050 2934 3106 Deum
2961 3062 3081 3104 esse
3105 3039 3342 3125 iudicem
3375 3044 3431 3099 in
3467 3043 3634 3098 rebus
3652 3039 3741 3110 qui

2152 3146 2321 3208 Deum
2368 3142 2669 3218 intelligere
2712 3131 3001 3198 noluerunt
3030 3139 3097 3194 de
3130 3136 3269 3193 caelo
3301 3150 3469 3204 super
3497 3147 3561 3213 se
3588 3131 3743 3187 mise-

2156 3230 2444 3300 ricorditer
2467 3228 2913 3308 prospicientem.
2944 3222 3135 3283 Nonne
3162 3232 3501 3296 cognoscent
3527 3221 3743 3276 tandem

1189 3327 1307 3381 vox
1352 3324 1545 3397 caPilis
1569 3334 1667 3395 1³⁸Ὁ
1712 3321 2053 3393 “Damno”
2081 3308 2126 3372 (ἶ
2158 3347 2256 3406 per
2283 3326 2543 3400 supplicia
2594 3327 2736 3379 hunc
2764 3336 2884 3378 esse
2913 3318 3116 3382 Deum,
3157 3329 3316 3386 quem
3366 3322 3585 3367 tantum
3630 3325 3744 3365 esse

2159 3402 2432 3478 hominem
2485 3418 2844 3487 putaverunt,
2887 3409 2974 3464 vel
3015 3405 3252 3477 judicem
3297 3419 3421 3459 esse
3463 3404 3519 3457 in
3552 3402 3741 3465 rebus,

2161 3531 2338 3570 omnes
2363 3500 2438 3566 illi
2463 3500 2554 3581 qui
2578 3514 2863 3579 operantur
2883 3504 3207 3574 iniquitatem
3233 3500 3286 3578 in
3316 3511 3404 3581 me
3426 3538 3441 3561 ,
3467 3505 3526 3551 et
3546 3496 3641 3566 qui
3661 3495 3745 3547 de-

2162 3618 2370 3671 vorant,
2395 3604 2602 3660 scilicet
2635 3589 2946 3656 devorando
2964 3635 2980 3661 ,
3008 3594 3206 3662 plebem
3258 3580 3427 3645 meum
3447 3628 3465 3654 ,
3494 3588 3583 3643 vel
3614 3588 3743 3641 bum

2163 3706 2351 3756 eorum
2377 3692 2777 3756 subtrahendo,
2807 3690 2961 3760 cujus
2983 3694 3147 3758 caput
3177 3699 3277 3756 ego
3306 3698 3460 3746 sum,
3495 3690 3553 3734 ut
3583 3681 3745 3761 ribus:

2162 3791 2345 3862 punis,
2399 3787 2452 3842 id
2498 3793 2612 3847 cst,
2637 3779 3253 3848 assidue?.Cognoscent
3283 3774 3472 3843 utique
3500 3771 3742 3841 quoniam

2168 3857 2306 3934 Deus
2336 3864 2519 3947 sprevit
2539 3914 2554 3940 ,
2584 3872 2635 3927 id
2665 3879 2777 3933 est,
2814 3858 3107 3924 excaecavit
3127 3878 3252 3927 eos,
3281 3861 3404 3916 ideo
3425 3859 3555 3929 quia
3592 3857 3745 3935 Deam

2168 3986 2272 4025 non
2319 3969 2717 4027 invocaverunt,
2748 3960 2802 4018 id
2829 3967 2939 4024 est,
2988 3956 3043 4011 in
3076 3970 3134 4011 se
3168 3969 3277 4009 non
3338 3952 3743 4007 invocaverunt.

2171 4061 2260 4115 llle
2294 4058 2458 4112 Deum
2488 4045 2703 4109 invocat
2731 4045 2785 4106 in
2815 4065 2903 4113 se,
2931 4040 3022 4117 qui
3068 4061 3126 4100 se
3171 4043 3301 4097 facit
3345 4041 3745 4112 possessionem

2168 4142 2299 4211 Deo.
2326 4140 2447 4206 Illic
2485 4148 2874 4217 trepidaverunt
2920 4132 3106 4195 timore
3125 4179 3140 4205 ,
3171 4137 3260 4192 ubi
3287 4152 3407 4204 non
3432 4144 3551 4189 erat
3578 4134 3746 4189 timor.

2172 4246 2312 4302 sicut
2337 4240 2507 4298 Judaei
2536 4239 2626 4309 qui
2656 4232 2952 4294 timuerunt
2976 4230 3205 4302 perdere
3234 4227 3411 4281 locum
3437 4233 3494 4278 et
3519 4231 3746 4294 gentem,

2172 4341 2256 4399 vel
2283 4346 2470 4410 gentes
2494 4351 2613 4406 quae
2645 4332 2906 4388 timebant
2940 4324 3079 4383 idola
3128 4336 3247 4393 quae
3284 4320 3418 4389 ipsae
3458 4317 3565 4373 sibi
3596 4313 3750 4410 labri

2175 4404 2447 4487 caverant.
2482 4404 2645 4493 Quasi
2690 4421 2836 4477 dicat
2864 4437 2878 4472 :
2912 4415 3067 4474 Unde
3098 4412 3203 4469 illis
3231 4418 3381 4465 tanta
3410 4404 3747 4463 excmcatio.

2175 4532 2236 4578 nt
2260 4514 2331 4576 ibi
2366 4514 2619 4574 timerent
2645 4513 2732 4570 ubi
2774 4527 2880 4568 non
2910 4519 3031 4566 erat
3071 4506 3268 4562 timor?
3310 4502 3578 4570 Quoniam
3623 4498 3749 4553 Deus

2179 4613 2444 4685 dissipavit
2476 4627 2594 4665 ossa
2620 4623 2800 4664 eorum
2847 4604 2939 4676 qui
2980 4598 3277 4656 hominibus
3301 4596 3540 4666 placent,
3567 4592 3622 4647 id
3642 4599 3719 4645 est
3736 4629 3749 4649 .

500 4706 791 4760 "alliimmlo
830 4680 930 4758 me
957 4700 1131 4756 θείων
1158 4696 1264 4755 ulla
1290 4665 1543 4771 40335;“:
1668 4694 1884 4767 "espieil
1936 4665 2078 4748 Deus
2109 4665 2156 4724 Β
2422 4704 2634 4774 placere
2670 4665 2981 4755 hominibus
3002 4692 3181 4764 potius
3210 4665 3369 4760 quam
3393 4682 3507 4743 Deo
3524 4719 3541 4751 ς
3564 4682 3749 4752 etquis

498 4790 567 4849 de
593 4794 729 4851 coelo
767 4798 826 4850 ut
848 4789 1028 4848 videat
1054 4792 1108 4867 si
1128 4797 1211 4847 est
1243 4790 1563 4860 intelligens,
1598 4803 1702 4842 non
1749 4799 1930 4840 omnia
1984 4789 2078 4837 no-

503 4880 579 4940 vit
609 4882 768 4942 Deus.
816 4883 1029 4939 Altera:
1059 4875 1102 4939 si
1134 4887 1238 4939 ndn
1265 4872 1347 4938 esi
1389 4875 1481 4950 qui
1513 4870 1670 4933 iaciat
1710 4880 1928 4941 bonum,
1960 4872 2081 4944 quis

504 4976 587 5032 est
637 4968 879 5042 maeleth’,
922 4975 972 5029 id
1003 4982 1102 5038 est,
1132 4969 1220 5043 qui
1274 4959 1361 5027 ilic
1389 4970 1618 5042 parturit
1668 4969 1809 5023 inter
1861 4963 2082 5020 malos?

504 5054 666 5124 Prior
706 5067 785 5123 sic
830 5064 1073 5122 solvilur.
1129 5057 1448 5132 Plerumque
1508 5054 1579 5116 ila
1624 5051 1860 5128 loquitur
1906 5054 2085 5109 diriua

510 5152 809 5233 Scriptura,
840 5167 900 5213 ut
925 5152 1065 5228 quo'd
1082 5151 1220 5211 dono
1242 5156 1337 5210 Dei
1351 5161 1598 5209 creatura
1612 5148 1740 5231 facit
1754 5149 1893 5202 Deus
1907 5145 2086 5198 facere

512 5225 742 5311 diealur.
777 5253 905 5308 lude
943 5225 1048 5313 esi,
1093 5244 1252 5302 tt-ntat
1278 5244 1363 5300 eos
1410 5236 1666 5296 Dominus
1706 5225 1846 5293 Deus
1900 5245 2085 5298 vester,

515 5336 830 5411 ίῦειιι.χιιιι
857 5353 914 5394 ιιι
936 5344 1064 5390 sciat
1091 5340 1139 5380 ιῖ
1164 5327 1380 5384 Αἶιίρίίίς
1395 5349 1517 5376 ριιηι
1557 5333 1606 5380 id
1632 5341 1735 5386 ραι,
1761 5332 1821 5383 ιιι
1842 5324 1983 5384 scire
1997 5341 2092 5381 vos

2184 4804 2252 4858 ad
2279 4802 2575 4856 humanum
2604 4796 2842 4851 favorem
2865 4790 3017 4846 ell'usi
3045 4796 3202 4851 sunt,
3227 4783 3435 4853 confusi
3456 4790 3581 4836 sunt
3607 4788 3663 4834 et
3684 4779 3754 4829 in-

2186 4890 2386 4955 terius,
2415 4887 2666 4960 quoniam
2694 4884 2834 4939 Deus
2856 4880 3044 4954 sprevit
3062 4918 3078 4944 ,
3104 4878 3155 4933 id
3179 4883 3263 4931 est
3285 4915 3301 4939 ,
3329 4869 3631 4927 cxcecavit
3650 4880 3749 4922 eos.

2188 4979 2351 5048 Quasi
2383 4959 2567 5034 dicat:
2609 4975 2684 5030 Illi
2718 4974 2935 5036 dicunt,
2978 4969 3103 5024 Non
3142 4975 3216 5020 est
3261 4963 3421 5017 Deus.
3470 4959 3604 5026 Quis
3643 4970 3754 5026 ergo

2195 5072 2330 5126 alius
2357 5070 2500 5123 dabit
2545 5067 2778 5122 salutare
2809 5060 3013 5127 Israel,
3054 5059 3106 5114 id
3151 5064 3267 5120 est,
3302 5054 3427 5124 quis
3456 5053 3683 5109 veniens
3703 5061 3755 5100 ex

2194 5163 2323 5220 Sion
2349 5163 2500 5218 dabit
2526 5161 2632 5216 illis
2661 5174 2795 5229 quos
2825 5156 2986 5210 faciet
3009 5151 3202 5215 lsrael,
3234 5151 3286 5205 id
3321 5156 3440 5211 est,
3484 5147 3656 5200 Deum
3688 5141 3755 5194 vi-

2197 5257 2385 5309 dentes
2413 5262 2468 5308 et
2490 5258 2910 5327 cognoscentes,
2955 5242 3221 5302 salutare,
3253 5236 3303 5290 id
3346 5244 3464 5298 est,
3519 5230 3758 5289 salvatio-

2198 5362 2320 5398 nem
2350 5358 2609 5400 internum
2640 5342 2741 5388 nisi
2774 5337 2923 5392 inse?
2951 5336 3084 5386 ﬂuis
3108 5329 3381 5384 separabit
3421 5340 3601 5381 grana
3625 5341 3654 5381 τι
3682 5338 3759 5366 ηειο
