3884 5558
89 363 182 429 409

604 486 923 547 PSAL‘MUS
960 492 1089 549 LIII.

88 596 127 630 IN
165 592 311 631 FINBI
370 593 419 630 IN
473 592 821 647 CARIINIBUS,
864 599 1226 642 INTELLECTUS
1282 604 1476 653 DAVID,
1533 603 1638 644 CUI

148 664 421 703 \‘ENISSENT
459 666 665 713 ZIPBEI,
707 667 775 705 ΕΤ
816 670 1178 711 Νυκτιλδεεδτ
1220 673 1370 713 SAULI
1410 677 1423 711 ἶ
1469 674 1640 714 ΝΟΝΝΕ

150 723 297 770 ιλιγιι)
337 734 698 774 ABSCONDITUS
736 739 835 777 ss'r
876 741 1011 779 aruo
1050 729 1181 782 sos?

151 845 167 876 ι
208 826 377 891 Deus,
413 827 464 881 in
495 831 712 885 nomine
742 838 833 885 tuo
865 833 1071 889 salvum
1103 852 1189 891 me
1219 836 1337 905 fac,
1364 845 1419 892 et
1444 836 1499 891 in
1530 837 1645 892 vir-

91 936 104 965 c
150 922 252 969 tute
309 927 396 970 tua
441 918 622 987 judira
674 937 780 975 me.
852 923 1027 989 Deus,
1094 927 1287 982 exaudi
1342 929 1639 983 orationem

89 1024 103 1053 ι
149 1019 346 1071 meam;
385 1010 606 1063 auribus
631 1011 847 1081 percipe
878 1016 1041 1070 verba
1070 1018 1183 1073 oris
1210 1019 1335 1074 mei.
1374 1018 1640 1085 Quoniam

91 1112 105 1143 ι
145 1096 293 1148 alieni
324 1096 738 1155 insurrexerunt
765 1103 1049 1158 adversum
1076 1122 1158 1160 me
1178 1143 1194 1173 ,
1223 1116 1278 1161 et
1302 1106 1468 1162 l'ortes
1495 1123 1641 1178 qua:-

89 1204 104 1235 t
145 1186 338 1241 Slt‘l‘lllll
361 1189 599 1244 animam
624 1208 823 1259 meam,
843 1202 898 1249 et
922 1211 1026 1249 non
1050 1208 1449 1267 proposuerunt
1473 1201 1640 1254 Deum

89 1292 103 1321 c
144 1284 258 1328 ante
285 1286 630 1346 conspectuin
670 1296 848 1336 suum.
895 1284 1036 1339 Ecce
1077 1287 1219 1340 enim
1254 1287 1395 1342 Deus
1422 1288 1641 1356 adjuvat

89 1382 104 1413 ι
143 1379 220 1418 me
239 1404 253 1429 ,
275 1376 330 1420 et
362 1366 626 1424 Dominus
648 1382 927 1443 susceptor
952 1384 1035 1429 est
1054 1375 1245 1430 anima:
1267 1392 1417 1431 meae.
1441 1377 1639 1432 Averte

90 1471 104 1502 t
146 1455 271 1509 mala
303 1458 540 1514 inimicis
562 1462 728 1527 meis,
754 1464 806 1517 in
845 1467 1072 1521 veritate
1098 1478 1186 1521 tua
1210 1468 1457 1538 disperde
1497 1469 1635 1522 illos.

88 1561 102 1591 ι
145 1541 445 1601 Voluntaria
483 1551 801 1607 sacriﬁcabo
835 1555 925 1609 tibi
948 1593 963 1619 ,
1010 1565 1064 1609 et
1105 1560 1407 1612 conlitebor
1434 1560 1639 1613 nomini

89 1650 103 1681 ι
144 1643 251 1698 ιιιο,
298 1636 561 1705 Domine,
608 1644 860 1711 quoniam
906 1646 1104 1701 bonum
1142 1656 1244 1703 est.
1275 1648 1541 1714 Quoniam
1571 1666 1639 1704 ex

85 1738 103 1773 ‹
139 1727 269 1777 omni
299 1729 648 1785 tribulatione
672 1733 912 1802 eripuisti
960 1751 1081 1803 me,
1108 1747 1162 1793 et
1187 1753 1352 1808 super
1390 1740 1641 1796 inimicos

89 1831 103 1861 ι
142 1830 275 1870 meos
304 1818 555 1888 despexit
582 1822 772 1876 oculus
794 1840 963 1880 meus.
1012 1845 1033 1880 ι

629 1930 1078 1993 ENARRATIO.

145 2014 231 2070 llic
262 2018 449 2074 titulus
478 2036 544 2075 ex
577 2022 802 2076 historia
830 2036 913 2079 est
938 2038 1184 2096 sumptus
1220 2030 1271 2101 (I
1308 2031 1436 2102 Reg.
1469 2034 1641 2104 xxvr).

88 2105 233 2161 David
258 2107 470 2179 fugiens
504 2112 721 2167 Saulem
744 2155 760 2178 ,
784 2115 944 2171 latuit
975 2120 1027 2172 in
1056 2119 1295 2176 llebron.
1322 2123 1494 2191 Quam
1528 2140 1642 2180 rem

86 2196 292 2253 scientes
314 2200 509 2269 Zipbei
537 2202 664 2256 dicti
696 2219 727 2257 a
757 2205 875 2261 vico
903 2207 1035 2277 Ziph
1057 2248 1072 2275 ,
1099 2198 1641 2269 aceusaverunteum

89 2290 209 2356 apud
233 2289 447 2347 Saulem
466 2334 483 2359 ,
519 2294 760 2351 dicentes
789 2312 804 2350 :
840 2297 977 2354 Ecce
1002 2301 1172 2357 Darid
1207 2305 1538 2362 absconditus
1568 2319 1643 2362 est

90 2382 209 2447 apud
232 2399 340 2437 nos.
374 2384 510 2438 Saul
539 2390 965 2457 persequebatur
987 2392 1175 2459 David,
1200 2405 1253 2449 et
1281 2411 1504 2467 regnum
1532 2406 1643 2453 ter-

88 2487 253 2526 renum
285 2478 634 2547 persequitur
662 2480 800 2535 ﬁlios
830 2483 980 2551 regni
1012 2485 1268 2541 caelestis.
1317 2488 1450 2559 Ziph
1494 2491 1644 2546 vicus

87 2574 183 2629 est,
211 2574 262 2618 et
309 2567 701 2637 interpretatur
743 2574 878 2641 flos,
920 2574 1046 2630 inde
1088 2577 1313 2646 Ziphei,
1361 2582 1641 2650 ﬂorentes,

88 2656 204 2720 quod
230 2656 282 2710 in
307 2657 411 2712 isto
439 2660 647 2715 mundo
667 2664 1046 2731 peccatoribus
1071 2668 1251 2722 datum
1279 2681 1392 2734 est;
1422 2674 1526 2726 vita
1548 2690 1648 2729 no-

87 2755 212 2811 stra,
257 2750 428 2819 inquit
455 2751 782 2821 Apostolus,
819 2759 1126 2814 abscondita
1171 2774 1246 2818 est
1281 2782 1397 2821 cum
1436 2765 1643 2824 Christo

88 2837 253 2893 inDeo
295 2840 433 2910 (Col.
486 2844 605 2916 ιιι),
652 2846 783 2902 latet
827 2850 1076 2907 Christus
1119 2856 1238 2923 hic,
1286 2870 1544 2928 quantum
1578 2864 1644 2919 ad

86 2932 393 3000 maiestatem
417 2976 432 3001 ,
461 2937 519 2991 in
550 2954 654 3006 qua
680 2938 1019 3009 judicaturus
1047 2957 1132 3002 est
1161 2967 1174 3003 :
1217 2950 1352 3006 latet
1382 2964 1644 3023 quantum

86 3024 141 3079 ad
168 3026 396 3084 laborem
417 3031 635 3100 piorum
662 3042 716 3089 et
740 3033 929 3092 ﬂorem
953 3038 1264 3110 impiorum,
1293 3048 1417 3114 quia
1440 3046 1645 3102 malunt

86 3119 231 3171 sancti
265 3119 317 3173 in
360 3121 467 3176 hoc
514 3124 716 3179 mundo
745 3140 995 3184 arescere
1035 3139 1089 3186 et
1115 3146 1380 3203 pauperes
1421 3150 1544 3192 esse
1588 3145 1643 3190 et

86 3207 307 3274 obscuri,
349 3219 621 3278 quantum
667 3216 735 3269 ad
786 3216 1013 3286 gloriam
1065 3223 1448 3291 temporalem,
1479 3240 1641 3295 quam

87 3296 161 3350 hic
194 3298 399 3355 ﬂorere.
433 3302 557 3357 Non
600 3314 781 3359 autem
821 3306 954 3363 latet
985 3309 1233 3368 Christus
1271 3325 1529 3383 quantum
1579 3319 1646 3373 ad

90 3402 257 3443 nomen
290 3408 483 3459 suum,
529 3395 669 3462 quod
702 3398 867 3451 etiam
922 3401 996 3454 illi
1043 3406 1372 3473 praedicant,
1404 3408 1493 3477 qui
1522 3424 1645 3464 eum

89 3473 226 3533 factis
260 3492 479 3552 negant.
529 3484 745 3553 Ziphei,
778 3487 830 3542 id
860 3499 971 3555 est,
1000 3503 1244 3548 amantes
1278 3473 1461 3552 ﬂorem
1490 3499 1648 3569 hujus

93 3567 225 3632 vitta,
256 3582 521 3628 accusant
554 3575 725 3630 David
760 3576 1014 3637 latentem
1039 3622 1054 3648 ,
1084 3584 1289 3640 scilicet
1310 3567 1646 3644 Christianos

88 3657 300 3715 volentes
323 3662 375 3716 in
401 3664 510 3719 hac
528 3665 635 3719 vita
659 3666 827 3722 latere
848 3680 1254 3731 contemnentes
1276 3677 1436 3746 hujus
1461 3680 1644 3735 mundi

86 3758 254 3801 vanam
284 3749 515 3819 gloriam
535 3788 550 3817 ,
583 3755 773 3825 ethoc
803 3756 1007 3815 faciunt
1036 3765 1272 3821 maxime
1299 3768 1439 3837 apud
1470 3785 1643 3824 sazcu-

92 3840 213 3899 lares
253 3855 579 3915 potestates,
609 3865 838 3919 quarum
868 3856 1138 3924 potentias
1184 3868 1239 3913 et
1283 3860 1515 3917 honores
1555 3863 1643 3918 isti

90 3943 429 3992 contemnunt.
456 3925 584 3995 Haec
608 3943 915 3998 referuntur
933 3947 989 3999 in
1008 3947 1193 4015 ﬁnem,
1223 3948 1277 4004 id
1298 3958 1409 4017 est,
1433 3952 1487 4007 in
1509 3968 1642 4008 con-

89 4027 478 4084 summationem
508 4038 827 4101 temporum,
845 4034 937 4089 ubi
964 4036 1017 4090 in
1041 4037 1231 4107 spiritu
1257 4038 1369 4094 Deo
1391 4042 1641 4109 servitur,

90 4123 134 4165 et
162 4124 277 4169 sunt
300 4117 596 4174 intellectus
620 4120 827 4188 David,
858 4124 909 4177 id
940 4138 1023 4180 est
1045 4166 1060 4192 ,
1090 4127 1264 4184 ﬁdelis
1299 4131 1519 4196 animae,
1549 4148 1643 4187 cu-

86 4202 258 4270 pientis
278 4208 333 4261 in
358 4208 529 4265 David
556 4226 674 4266 esse
700 4212 865 4268 David
885 4215 970 4268 vel
995 4215 1227 4284 Christi,
1252 4230 1307 4275 et
1330 4220 1397 4276 ab
1424 4237 1488 4276 eo
1515 4238 1641 4292 pro-

92 4298 271 4364 positus
296 4301 445 4367 aliis,
476 4302 761 4360 intellectus
791 4306 946 4374 dico,
993 4308 1272 4366 habendus
1315 4314 1369 4365 in
1395 4315 1644 4368 carmini-

91 4386 195 4452 bus,
224 4389 274 4445 id
301 4401 384 4447 est
404 4394 787 4450 exsultatione.
817 4395 929 4452 Iloe
965 4398 1109 4452 enim
1140 4400 1338 4454 habent
1361 4403 1534 4459 sancti
1563 4405 1644 4458 in-

87 4474 333 4547 telligere,
365 4482 456 4537 hic
496 4496 616 4537 esse
640 4485 979 4555 gaudendum
1006 4487 1059 4541 in
1092 4488 1468 4558 tribulatione,
1515 4494 1639 4563 quia

92 4569 281 4624 tandem
306 4572 421 4627 haec
442 4573 661 4628 tristitia
681 4585 925 4631 vertetur
946 4578 999 4632 in
1030 4580 1281 4650 gaudium
1309 4600 1323 4635 :
1356 4582 1643 4640 intellectus

90 4654 192 4711 dico
212 4661 542 4731 signiﬁcatus
569 4673 693 4719 tunc
715 4681 832 4719 cum
854 4678 1099 4722 venerunt
1124 4667 1309 4739 Ziphei
1329 4681 1377 4725 et
1397 4673 1641 4727 dixerunt

87 4747 145 4797 ad
175 4746 300 4802 Saul
325 4765 344 4802 :
364 4749 539 4807 Judaei
568 4754 635 4808 de
658 4753 873 4810 Christo
902 4758 969 4811 ad
1000 4774 1126 4814 suos
1155 4762 1422 4831 principes
1457 4761 1635 4834 (Joan.

84 4835 178 4904 xvn)
199 4876 213 4900 ,
240 4848 293 4893 et
321 4839 411 4894 alii
443 4842 687 4898 inﬁdeles
724 4844 788 4899 de
815 4861 1043 4916 corpore
1066 4848 1270 4913 Christi
1302 4851 1369 4905 ad
1398 4860 1641 4907 terrenos

84 4924 363 4996 principes:
390 4940 446 4984 et
467 4940 551 4985 est
569 4948 674 4987 vox
696 4935 948 4991 Ecclesia:
970 4938 1314 5010 intelligentis
1336 4941 1521 4998 ﬂorem
1544 4944 1643 4997 hu-

80 5011 154 5078 jus
179 5017 293 5072 vita:
327 5021 591 5077 caducum
635 5032 690 5078 et
738 5025 855 5079 cito.
886 5035 1249 5085 transeuntem
1277 5050 1290 5086 :
1321 5033 1443 5103 quia
1474 5036 1641 5089 omnis

82 5119 187 5160 caro
201 5109 370 5178 fenum
388 5124 436 5168 et
452 5118 619 5170 omnis
636 5116 803 5186 gloria
820 5119 931 5188 ejus
945 5125 1097 5192 quasi
1112 5126 1210 5195 ﬂos
1234 5128 1347 5194 aqri
1369 5126 1503 5195 (Isa.
1520 5126 1631 5197 XL):

84 5206 225 5268 atque
249 5205 365 5260 ideo
409 5206 463 5259 in
492 5207 593 5263 hac
622 5208 731 5263 vita
766 5210 957 5269 ﬂorere
986 5218 1314 5284 contemnit;
1355 5220 1449 5273 sed
1477 5218 1638 5287 elegit

82 5290 238 5352 potius
263 5294 347 5348 hic
374 5310 532 5350 arere
556 5298 685 5351 dum
714 5300 885 5355 hiems
910 5314 1023 5371 est,
1067 5315 1121 5361 et
1150 5306 1333 5363 ﬂorem
1384 5324 1539 5363 suum
1580 5309 1633 5361 in

85 5380 244 5438 radice
273 5387 573 5454 occultare,
608 5399 667 5443 ut
693 5391 902 5453 tandem
928 5411 1026 5452 suo
1058 5406 1294 5467 tempore
1328 5400 1540 5455 ﬂoreat.
1573 5401 1640 5455 Et

86 5482 342 5542 propterea
370 5481 438 5534 ab
465 5481 803 5539 amatoribus
824 5488 1003 5541 mundi
1027 5490 1222 5544 multas
1242 5507 1524 5558 pressuras
1545 5509 1643 5558 pa-

1195 372 1725 442 ENARRATIONES
1759 386 1824 441 IN
1865 388 2199 449 PS.-\Llll()S.

1668 503 1714 563 Α
1745 516 1860 555 sum
1893 503 1944 556 in
1976 506 2194 561 uiciniae
2245 514 2363 573 tuo,
2412 508 2789 579 gloriﬁcando,
2838 513 2881 567 si
2914 515 2979 569 ad
3016 526 3207 586 caput,
3237 523 3319 576 vel

1670 1838 1719 1898 B

3196 400 3317 458 ιω

1743 607 1829 648 me
1852 594 2170 662 gloriantem
2203 598 2255 651 in
2288 601 2502 654 nomine
2551 610 2668 667 tuo,
2721 604 2766 657 si
2809 605 2876 659 ad
2925 608 3187 662 membra.
3218 610 3321 665 Alii

1740 696 1985 753 quaerunt
2022 688 2250 743 salutem
2295 690 2347 743 in
2387 708 2485 745 suo
2516 694 2764 759 nomine,
2796 696 2848 750 in
2877 697 3108 765 divitiis,
3142 701 3193 754 in
3227 702 3323 756 ho-

1740 779 1983 843 noribus,
2016 779 2067 834 in
2099 783 2355 851 potentiis
2381 802 2393 836 :
2422 785 2514 839 sed
2541 793 2593 838 tu
2618 787 2819 841 salvum
2842 805 2923 844 me
2944 790 3051 858 fac,
3076 808 3156 845 me
3178 792 3321 858 dico,

1740 870 2123 941 intelligentem
2173 874 2298 931 alibi
2343 892 2444 930 non
2474 894 2591 933 esse
2621 880 2846 937 salutem
2893 884 2996 939 nisi
3036 886 3091 939 in
3118 889 3325 942 nomine

1740 971 1862 1025 tuo,
1892 962 1984 1017 illo
2011 964 2219 1020 scilicet
2248 968 2389 1035 quod
2422 971 2559 1037 apud
2591 972 2767 1026 szcculi
2816 972 3070 1031 ﬂorentes
3101 978 3324 1045 probro-

1741 1067 1859 1108 sum
1889 1062 1943 1108 et
1971 1055 2388 1123 ignominiosum
2420 1060 2651 1125 ducitur,
2704 1055 2773 1116 id.
2805 1072 2917 1129 est,
2958 1065 3273 1120 cruciﬁxum
3306 1086 3319 1120 :
3409 1056 3413 1060 ’

1742 1143 1877 1198 Mihi
1900 1155 2072 1199 autem
2096 1148 2229 1200 absit
2260 1148 2507 1217 gloriari,
2540 1153 2639 1206 nisi
2662 1154 2714 1206 in
2744 1168 2895 1209 cruce
2925 1155 3135 1210 Domini
3156 1161 3323 1212 nostri

1738 1233 1868 1288 Iesu
1905 1235 2100 1290 Christi
2145 1236 2288 1307 (Gal.
2338 1238 2437 1311 v1).
2488 1241 2582 1296 Illo
2626 1245 2845 1300 nomine
2896 1247 3195 1311 salvantur,
3227 1250 3321 1318 qui

1740 1324 1941 1381 Christi
1970 1342 2184 1387 crucem
2208 1344 2312 1384 non
2335 1330 2691 1398 erubescunt,
2718 1336 2912 1403 quibus
2939 1337 3169 1391 mundus
3198 1354 3323 1392 cru-

1739 1419 1930 1474 ciﬁxus
1977 1429 2087 1487 est,
2132 1430 2185 1475 et
2229 1420 2330 1491 ipsi
2378 1425 2576 1478 mundo
2604 1424 2811 1497 (lbid.).
2861 1426 2963 1492 Qui
3011 1429 3152 1482 enim
3202 1439 3321 1483 sunt

1741 1506 1968 1573 Christi,
1992 1526 2200 1563 carnem
2230 1528 2381 1565 suam
2411 1514 2783 1581 cruciﬁxerunt
2810 1534 2927 1569 cum
2958 1519 3094 1571 vitiis
3123 1527 3169 1571 et
3197 1535 3321 1573 con-

1742 1600 2069 1668 cupiscentiis
2100 1597 2241 1670 (Cal.
2272 1602 2345 1673 v).
2372 1603 2523 1659 Unde
2545 1606 2832 1679 Apostolus
2853 1609 2917 1661 ad
2941 1606 3278 1663 Timotheum
3306 1630 3319 1663 :

1744 1686 1873 1741 Noti
1907 1689 2202 1745 erubescere
2235 1691 2509 1747 Christum
2534 1697 2881 1764 cruciﬁxum,
2910 1706 2963 1753 et
2990 1716 3070 1753 me
3098 1701 3324 1754 vinctum

1744 1778 1858 1847 ejus
1882 1778 1967 1850 (Il
2007 1779 2140 1835 Tim.
2167 1785 2226 1847 ι).
2253 1783 2391 1837 Malo
2419 1798 2516 1838 suo
2544 1786 2803 1855 gloriatus
2828 1799 2911 1843 est
2936 1789 3105 1842 Adam
3138 1792 3190 1844 in
3225 1806 3327 1844 suo

1748 1870 1994 1936 nomine,
2034 1872 2125 1941 qui
2151 1873 2251 1927 sibi
2282 1874 2449 1928 voluit
2478 1876 2590 1931 ﬁeri
2622 1877 2782 1940 Deus,
2812 1878 2883 1933 Et
2921 1878 2972 1933 in
3004 1880 3191 1934 virtute
3232 1890 3325 1934 tua

1744 1956 1914 2014 libera
1944 1976 2049 2033 me.
2071 1961 2177 2031 Ipsi
2200 1962 2387 2017 volunt
2412 1980 2498 2019 me
2528 1966 2578 2019 in
2608 1966 2921 2022 inﬁrmitate
2949 1973 3200 2038 perdere,
3231 1972 3323 2038 qui

1746 2050 1800 2105 in
1832 2066 1929 2106 suo
1959 2054 2174 2108 nomine
2209 2053 2531 2125 gloriantur,
2565 2058 2656 2111 sed
2688 2066 2739 2110 tu
2775 2058 2943 2113 libera
2991 2074 3075 2113 me
3122 2061 3173 2112 in
3224 2060 3325 2113 vir-

1745 2150 1880 2205 tute,
1906 2142 1959 2197 id
1986 2150 2103 2209 est,
2133 2143 2186 2197 in
2219 2144 2507 2199 divinitate
2553 2147 2684 2201 mihi
2723 2147 2870 2202 unita
2893 2190 2906 2214 ,
2942 2149 2984 2203 si
3024 2150 3092 2202 ad
3117 2157 3277 2218 caput
3308 2167 3321 2202 :

1745 2230 1790 2285 si
1839 2232 1902 2286 ad
1932 2233 2172 2286 membra
2193 2274 2206 2297 ,
2236 2233 2425 2302 judica
2468 2251 2548 2288 me
2568 2275 2581 2299 ,
2612 2249 2730 2289 cum
2762 2236 2978 2291 veneris
3023 2238 3075 2290 in
3108 2238 3329 2303 virtute,

1746 2325 1834 2394 qui
1864 2325 2024 2380 modo
2054 2326 2348 2395 apparuisti
2383 2328 2689 2397 despectus.
2738 2329 2894 2383 Modo
2926 2331 3163 2385 concreti
3201 2339 3330 2385 sunt

1746 2412 1931 2482 Ziphei
1976 2414 2041 2468 ad
2074 2414 2241 2469 David
2264 2456 2278 2480 ,
2312 2416 2364 2470 id
2402 2424 2513 2481 est,
2561 2428 2831 2474 amatores
2858 2419 3019 2489 hujus
3047 2421 3229 2475 szeculi
3271 2429 3328 2474 et

1745 2510 2016 2557 amatores
2038 2502 2131 2558 Dei
2161 2520 2175 2557 :
2207 2505 2301 2558 sed
2330 2514 2407 2571 tu,
2437 2506 2599 2571 Deus,
2624 2508 2832 2577 judica,
2863 2509 2914 2563 id
2945 2518 3055 2576 est,
3079 2510 3325 2566 discerne

1745 2609 1910 2665 grana
1939 2610 1969 2648 a
2000 2595 2203 2663 paleis,
2235 2595 2421 2652 ﬂorem
2470 2598 2683 2654 illorum
2730 2616 2761 2655 a
2808 2610 3011 2656 nostro.
3064 2602 3328 2657 Prmsum-

1742 2690 1934 2750 ptuosa
1964 2683 2125 2738 nimis
2145 2684 2287 2739 foret
2326 2685 2441 2739 haec
2472 2687 2659 2755 petitio
2696 2704 2727 2742 a
2758 2696 2907 2743 tanto
2932 2690 3114 2760 judice
3140 2700 3326 2759 petere

1738 2774 1999 2844 judicium
2021 2815 2035 2841 ,
2087 2775 2142 2829 in
2182 2775 2336 2844 cujus
2365 2789 2656 2847 conspectu
2686 2794 2787 2834 nec
2816 2780 2937 2835 caeli
2980 2782 3164 2835 mundi
3200 2790 3327 2836 sunt

1746 2863 1887 2934 (Job.
1916 2864 2039 2933 xv),
2069 2864 2113 2918 si
2140 2879 2243 2917 non
2270 2866 2600 2935 praecederet
2621 2868 3017 2922 misericordia.
3048 2868 3213 2935 Quasi
3245 2870 3325 2924 di-

1745 2961 1831 3007 cat
1864 2971 1877 3006 :
1909 2953 2100 3009 Postea
2130 2971 2233 3009 non
2257 2955 2456 3010 timebo
2470 2954 2730 3025 judicium
2770 2965 2941 3025 tuum,
2962 2959 3007 3013 si
3038 2975 3122 3014 me
3146 2960 3198 3013 in
3229 2975 3327 3014 no-

1744 3045 1890 3097 mine
1912 3053 2002 3099 tuo
2025 3045 2228 3099 salvum
2256 3045 2628 3116 feceris,quod
2647 3048 2907 3117 judicium
2934 3051 3065 3105 mihi
3089 3052 3193 3107 erit
3219 3068 3324 3107 non

1746 3134 1813 3188 ad
1842 3149 2058 3204 ptenam
2090 3135 2185 3190 sed
2231 3136 2297 3190 ad
2323 3137 2731 3193 discretionem.
2764 3139 2905 3194 Deus
2928 3181 2943 3205 ,
2970 3142 3164 3195 exaudi
3206 3159 3321 3196 ora-

1747 3224 1939 3277 tionem
1966 3240 2135 3278 meam
2178 3224 2375 3279 factam
2407 3240 2505 3295 pro
2540 3231 2945 3296 perseverantia
2976 3246 3217 3284 meorum
3237 3272 3251 3295 ,
3280 3233 3325 3285 si

1747 3322 1907 3382 caput
1938 3332 1950 3366 :
1980 3313 2026 3368 si
2054 3314 2313 3379 membra,
2336 3317 2529 3369 exaudi
2558 3320 2845 3371 orationem
2872 3319 3085 3373 cordis:
3110 3322 3328 3374 auribus

1743 3405 1947 3475 percipe
1978 3404 2129 3459 verba
2169 3406 2274 3459 oris
2303 3407 2437 3472 mei,
2466 3422 2585 3477 qua:
2614 3408 2668 3461 in
2717 3423 2811 3463 ore
2840 3410 3057 3477 profero
3078 3449 3093 3476 ,
3129 3411 3179 3465 id
3210 3423 3291 3465 est
3310 3453 3324 3477 ,

1744 3496 1797 3550 in
1842 3494 2111 3550 evidentia
2157 3495 2234 3549 rei
2284 3497 2511 3551 ostende
2561 3506 2613 3552 te
2660 3500 2997 3567 percepisse;
3032 3501 3077 3554 si
3121 3509 3321 3569 caput,

1742 3587 1897 3641 verba
1932 3585 2075 3642 facta
2105 3601 2204 3655 pro
2231 3587 2384 3641 meis.
2412 3587 2483 3642 Et
2506 3602 2642 3658 opus
2678 3600 2761 3643 est
2786 3599 2845 3643 ut
2882 3591 3088 3645 salvum
3124 3592 3321 3655 facias,

1743 3679 1991 3748 quoniam
2018 3677 2211 3744 alieni,
2240 3692 2346 3733 non
2374 3679 2717 3747 cognatione,
2755 3681 2847 3735 sed
2880 3679 3030 3747 ﬂore,
3062 3690 3114 3735 et
3146 3681 3188 3735 si
3222 3681 3327 3736 illis

1744 3778 1899 3824 sonet
1922 3768 2097 3824 oratio
2125 3783 2263 3835 mea,
2294 3784 2401 3823 non
2429 3769 2682 3835 audiunt,
2706 3771 2830 3840 quia
2858 3787 2962 3825 non
2988 3772 3323 3842 intelligunt;

1744 3859 2134 3930 temporalibus
2154 3860 2296 3915 enim
2322 3862 2641 3930 gaudentes,
2672 3878 2776 3917 non
2802 3873 3067 3919 noverunt
3089 3873 3321 3921 aeterna:

1744 3950 1789 4004 si
1835 3959 2027 4020 caput,
2074 3949 2233 4004 alicui
2279 3950 2442 4017 facti,
2486 3952 2577 4021 qui
2612 3952 2705 4006 ﬁlii
2733 3967 2855 4008 esse
2881 3953 3200 4027 debuerunt.
3232 3954 3326 4008 In-

1743 4050 2082 4094 surrexerunt
2107 4056 2213 4095 non
2238 4041 2304 4096 ad
2336 4058 2423 4097 me
2453 4042 2849 4099 defendendum
2869 4085 2883 4110 ,
2916 4047 3006 4100 sed
3050 4047 3325 4101 adversum

1742 4147 1824 4185 me
1848 4141 1867 4183 .‘
1893 4141 1941 4185 et
1982 4132 2143 4201 fortes
2163 4172 2178 4198 ,
2211 4141 2469 4202 quantum
2505 4135 2571 4187 ad
2602 4150 2752 4189 suam
2786 4137 3175 4205 reputationem
3195 4178 3210 4202 ,
3239 4138 3324 4191 vel

1742 4221 1809 4275 de
1840 4237 1898 4277 se
1924 4231 2343 4292 praesumentes,
2390 4225 2707 4295 qumsierunt
2758 4228 2990 4279 anintam
3026 4243 3225 4292 meam,
3268 4228 3323 4281 id

1742 4318 1858 4376 est,
1884 4312 2048 4366 vitam
2078 4320 2137 4366 ut
2163 4314 2489 4383 perderent,
2518 4314 2564 4368 si
2594 4323 2754 4383 caput
2785 4332 2798 4368 :
2828 4316 2873 4369 si
2907 4317 3174 4381 membra,
3204 4318 3321 4369 ani-

1742 4419 1881 4457 mam
1911 4420 2080 4458 meam
2110 4405 2176 4460 ad
2200 4404 2637 4459 subvertendum.
2663 4402 2733 4457 Et
2757 4405 2860 4459 hoc
2883 4405 3031 4470 ideo,
3062 4407 3186 4474 quia
3217 4424 3321 4461 non

1672 4535 1720 4595 υ
1743 4507 2123 4565 proposuerunt
2165 4497 2330 4551 Deum
2362 4508 2482 4551 ante
2511 4508 2841 4567 conspectum
2885 4516 3069 4564 suum,
3103 4514 3207 4553 non
3241 4500 3323 4553 in-

1748 4582 2068 4638 tellexerunt
2096 4600 2259 4655 super
2283 4600 2509 4655 egenum
2538 4594 2595 4639 et
2619 4602 2911 4657 pauperem
2930 4629 2943 4652 ,
2970 4589 3014 4642 si
3045 4597 3205 4657 caput
3235 4603 3248 4641 :
3274 4590 3319 4642 si

1745 4674 2020 4739 membra,
2068 4692 2173 4729 non
2213 4686 2591 4745 proposuerunt
2634 4678 2801 4732 Deum
2844 4689 2964 4733 ante
2992 4690 3318 4748 conspectum

1742 4781 1920 4832 suum,
1940 4766 2065 4835 quia
2093 4767 2348 4821 smculum
2372 4766 2499 4821 illud
2530 4768 2831 4823 habuerunt
2849 4781 2968 4823 ante
2989 4782 3317 4839 conspectum

1742 4857 1920 4912 cordis
1938 4898 1952 4923 ,
1980 4860 2144 4928 magis
2168 4858 2461 4913 dilexerunt
2492 4863 2729 4915 tenebras
2745 4879 2906 4933 quam
2934 4862 3100 4915 lucem
3135 4863 3315 4933 (Joan.

1743 4945 1849 5015 tu).
1883 4947 1986 5016 Ipsi
2035 4948 2476 5014 insurrexerunt,
2516 4947 2614 5002 sed
2647 4966 2765 5019 qua:
2796 4953 2963 5006 cura?
3003 4949 3139 5005 Ecce
3183 4953 3319 5004 enim

1741 5037 1884 5093 Deus
1922 5040 2134 5111 adjuvat
2193 5055 2292 5093 me.
2346 5042 2459 5096 Hoc
2506 5042 2669 5094 modo
2702 5057 2717 5095 :
2753 5043 2837 5097 vel
2882 5053 2936 5098 et
2980 5045 3024 5098 si
3072 5060 3175 5096 non
3222 5058 3320 5110 ap-

1740 5137 1897 5195 paret
1930 5130 2091 5195 loris,
2127 5137 2306 5182 tamen
2351 5131 2496 5185 intus
2542 5130 2797 5200 adjuvat:
2840 5142 2888 5186 et
2921 5132 3170 5185 Dominus
3201 5147 3319 5183 sus-

1741 5231 1923 5286 ceptor
1958 5230 2032 5274 est
2074 5221 2267 5274 animae
2324 5239 2451 5276 mea:
2495 5223 2900 5288 resuscitando,
2942 5224 2985 5275 si
3029 5227 3185 5288 caput
3220 5235 3233 5269 :
3276 5220 3318 5271 si

1744 5309 2008 5376 membra,
2047 5309 2284 5378 suscepit
2318 5313 2552 5366 animam
2584 5326 2780 5377 meam,
2814 5320 2870 5365 ut
2897 5326 2999 5364 non
3032 5310 3321 5364 devocare-

1745 5408 1854 5468 tur,
1884 5402 1970 5457 vel
2000 5403 2241 5470 suscepit
2271 5403 2523 5458 Christus
2550 5415 2768 5455 causam
2819 5415 2990 5455 meam
3035 5398 3318 5467 agendam.
3390 5432 3391 5435 η

1740 5491 2079 5548 Avertemala
2116 5492 2343 5546 inimicis
2384 5494 2529 5547 meis.
2575 5490 2808 5543 Avertea
2840 5505 2947 5553 me,
2975 5497 3029 5541 et
3069 5498 3323 5543 converte
