3918 6412
482 452 492 467 ‘
561 442 660 502 ιιι

1204 434 1459 493 neuneu
1496 401 2152 490 ANTISSIDDORENSIS
2188 420 2337 480 ore.
2375 419 2576 477 rans.
2606 418 2648 476 ι.
2673 450 2741 460 -
2765 418 3164 476 EXEGETICA.

3713 413 3816 470 H3

562 561 676 608 tant
697 550 869 604 locum
900 556 953 604 et
984 555 1195 622 gentem
1229 564 1242 598 :
1276 562 1380 601 non
1402 543 1629 613 optatio,
1647 541 1739 596 sed
1770 537 2128 610 prophetatio.
2163 537 2209 596 A
2243 550 2261 583 ε
2311 529 2422 586 mul
2453 545 2661 585 mecum
2693 529 2876 584 dulces
2912 531 3162 599 cupiebas
3211 531 3358 585 cibos
3406 530 3459 584 in
3512 530 3678 586 domo
3724 530 3814 585 Dei

562 642 629 695 In
650 642 858 695 veritate
878 650 988 703 tua,
1018 640 1067 693 id
1096 647 1202 705 est,
1245 638 1297 691 in
1343 651 1469 691 vero
1481 634 1685 702 judicio
1717 630 1956 701 disperde
1990 628 2134 693 illos,

559 732 614 786 id
642 738 743 795 est,
770 731 967 799 dissipa
997 737 1052 783 et
1102 728 1278 783 divide
1302 742 1398 797 per
1430 734 1597 779 totum
1630 722 1908 786 mundum,
1941 721 2032 790 qui
2078 721 2133 774 in

561 820 799 876 falsitate
840 835 935 875 sua
966 834 1052 875 me
1088 818 1314 888 perdere
1334 815 1649 872 voluerunt:
1674 815 1716 868 si
1743 813 2005 879 membra,
2033 810 2135 880 ipsi

563 911 695 964 mihi
762 919 989 964 mortem
1036 915 1361 978 paraverunt
1416 903 1764 973 temporalem
1798 943 1814 968 ,
1854 902 2135 957 incurrant

560 1009 814 1055 aeternam
849 1017 862 1052 :
895 1008 948 1054 et
972 998 1075 1053 hoc
1098 1012 1203 1052 non
1230 1012 1297 1052 ex
1319 994 1657 1057 crudelitate,
1689 991 1782 1047 sed
1809 1007 1877 1046 ex
1908 1003 2035 1045 vero
2053 987 2136 1057 ju-

561 1090 704 1144 dicio
733 1106 747 1154 ;
775 1088 858 1144 vel
888 1089 939 1142 in
967 1088 1166 1143 bonum
1190 1085 1564 1157 compatiendo
1601 1084 1824 1138 dictum.
1879 1079 1925 1137 Ο
1970 1080 2131 1145 Deus,

561 1180 702 1234 mala
725 1196 843 1251 qua:
872 1181 969 1250 ipsi
1000 1188 1190 1250 putant
1214 1193 1333 1234 esse
1354 1178 1518 1243 bona,
1553 1175 1760 1231 scilicet
1785 1174 1967 1231 florem
1994 1188 2134 1243 pra:-

563 1270 730 1324 seutis
754 1270 899 1335 vitze,
930 1280 1100 1323 averte
1125 1284 1156 1323 a
1179 1270 1341 1325 corde
1373 1282 1560 1322 eorum
1591 1284 1605 1321 :
1633 1278 1687 1321 et
1715 1267 1769 1320 in
1797 1266 1993 1319 virtute
2023 1274 2135 1328 tua,

561 1360 614 1413 id
635 1369 738 1425 est,
767 1361 821 1414 in
843 1361 1055 1414 veritate
1078 1368 1468 1430 praeceptorum
1494 1368 1703 1414 tuorum
1726 1356 1966 1425 aisperde
1993 1354 2135 1409 illos.

568 1445 721 1501 Verte
741 1448 926 1516 impios
950 1456 998 1501 et
1022 1464 1123 1501 non
1145 1457 1295 1502 erunt
1322 1447 1506 1516 (Prov.
1538 1445 1636 1517 xu)
1661 1462 1673 1498 :
1698 1460 2005 1515 quanquam
2029 1460 2135 1498 non

560 1536 877 1601 meruerint,
901 1545 957 1591 tu
991 1544 1169 1591 tamen
1196 1551 1274 1607 ,εχ
1324 1537 1561 1591 bonitate
1611 1543 1701 1589 tua
1753 1536 1855 1590 hoc
1891 1534 1978 1589 fac
2010 1552 2023 1587 :
2055 1533 2137 1588 vel

560 1637 731 1682 averte
752 1626 891 1681 mala
910 1628 1135 1682 inimicis
1158 1629 1302 1683 meis.
1332 1627 1486 1684 Modo
1525 1628 1736 1692 ﬂorent,
1764 1626 1857 1681 sed
1884 1625 1993 1697 igni
2026 1639 2139 1678 sero

563 1726 774 1773 vantur.
807 1718 873 1773 Et
896 1720 949 1774 in
971 1721 1184 1774 veritate
1206 1731 1296 1774 tua
1316 1720 1553 1790 disperde
1576 1718 1714 1785 illos,
1737 1733 1874 1789 quos
1906 1718 1959 1772 in
1986 1715 2140 1771 infir-

562 1808 749 1864 mitate
777 1819 865 1863 tua
911 1810 1173 1865 tolerasti.
1218 1810 1519 1865 Votuntarie
1556 1810 1868 1880 sacriﬁcabo
1912 1809 2024 1863 tibi.
2077 1806 2132 1861 Si

2241 646 2261 679 ι
2307 627 2699 682 ambulavimus
2732 641 2855 682 cum
2902 644 3187 684 consensu.
3242 627 3433 683 Veniat
3478 644 3626 685 mors
3658 645 3817 698 Super

2241 737 2260 769 ι
2305 717 2449 783 illos;
2472 727 2525 773 et
2547 718 2876 772 descendant
2899 717 2952 771 iu
2978 718 3242 773 infernum
3265 718 3522 773 viventes.
3550 718 3817 785 Quoniam

2242 827 2260 860 ι
2306 809 2557 878 nequitiae
2586 809 2638 862 iu
2667 808 2991 864 habitaculis
3032 824 3239 874 eorum,
3282 808 3334 862 in
3384 808 3562 863 medio
3604 823 3815 861 eorum.

2240 915 2259 950 ι
2279 890 2287 897 ’
2307 899 2418 970 Ego
2444 908 2628 959 autem
2659 899 2724 951 ad
2756 898 2922 953 Deum
2948 898 3195 963 clamavi,
3222 908 3276 952 et
3302 896 3566 952 Dominus
3588 896 3818 952 salvabit

2239 1000 2261 1041 ι
2304 1004 2407 1044 me.
2435 991 2667 1060 Vespere
2683 998 2735 1044 et
2754 1004 2912 1045 mane
2939 998 2993 1045 et
3021 989 3246 1043 meridie
3277 987 3510 1042 narrabo
3536 998 3591 1043 et
3614 1003 3820 1042 annun-

2240 1102 2259 1135 ί
2304 1082 2470 1149 tiabo,
2498 1091 2552 1137 et
2572 1081 2823 1137 exaudiet
2853 1096 3040 1136 vocem
3090 1095 3284 1135 meam.
3324 1076 3579 1133 Redimct
3604 1078 3660 1131 in
3688 1092 3817 1147 pace

2242 1191 2261 1225 α
2308 1172 2541 1226 animam
2565 1186 2736 1227 meam
2755 1172 2821 1226 ab
2846 1171 3035 1240 bisqui
3054 1168 3485 1239 appropinquant
3504 1168 3668 1231 mihi,
3687 1182 3820 1237 queo

2242 1278 2261 1312 ί
2302 1261 2446 1315 niam
2478 1261 2618 1315 inter
2644 1260 2839 1314 multos
2858 1267 3014 1315 erant
3043 1274 3275 1314 mecum.
3305 1257 3576 1312 Exaudiet
3605 1256 3751 1310 Deus
3772 1264 3822 1310 et

2242 1367 2261 1403 ι
2305 1349 2606 1405 humiliabit
2632 1349 2769 1413 illos,
2790 1349 2881 1420 qui
2906 1358 2990 1404 est
3018 1357 3144 1404 ante
3169 1348 3383 1403 saecula.
3407 1346 3525 1403 Non
3560 1347 3714 1402 enim
3741 1355 3819 1400 est

2232 1461 2261 1493 4
2304 1442 2408 1496 illis
2435 1442 2885 1507 commutatio,et
2906 1456 3011 1495 non
3034 1442 3330 1495 timuerunt
3355 1439 3558 1494 Deum:
3582 1438 3822 1494 extendit

2246 1549 2264 1584 ι
2310 1547 2527 1587 manum
2558 1548 2711 1586 suam
2736 1533 2788 1586 in
2819 1530 3728 1587 retribuendo.Contaminaverunt
3753 1540 3821 1586 te-

2245 1641 2265 1676 t
2312 1633 2637 1679 stamentum
2686 1623 2825 1694 ejus,
2853 1623 3011 1679 divisi
3039 1630 3164 1677 sunt
3191 1623 3258 1677 ab
3289 1622 3366 1676 ira
3397 1621 3583 1676 vultus
3614 1620 3755 1691 ejus,
3776 1629 3824 1673 et

2241 1729 2262 1766 s
2307 1713 2860 1783 appropinquavitcor
2882 1713 3044 1770 illius.
3061 1712 3245 1767 Molliti
3261 1721 3382 1768 sunt
3402 1727 3695 1768 sermones
3716 1711 3820 1780 ejus

2247 1824 2266 1858 ε
2312 1819 2475 1875 super
2503 1805 2701 1871 oleum,
2728 1815 2784 1861 et
2806 1805 2909 1875 ipsi
2939 1803 3284 1874 suntjacula.
3313 1802 3465 1859 Jacta
3500 1818 3674 1871 super
3723 1802 3820 1857 Do-

562 1906 744 1967 caput,
780 1898 879 1969 ipsi
917 1900 1233 1971 quwsierunt
1260 1902 1492 1954 animam
1531 1915 1699 1954 nteant
1750 1899 1902 1968 quasi
1953 1898 2141 1953 nolen-
2166 1876 2216 1939 Β
2249 1916 2268 1951 ι
2314 1900 2519 1953 minum
2549 1914 2735 1954 curam
2760 1907 2927 1962 tuam,
2955 1907 3010 1952 et
3038 1897 3227 1966 ipsete
3262 1894 3544 1960 enutriet;
3583 1910 3700 1949 non
3743 1894 3823 1947 da-

564 1998 694 2055 tem,
719 1992 813 2045 sed
831 2005 929 2061 ego
958 2001 1150 2062 sponte
1176 1991 1343 2045 obtuli
1370 1991 1465 2046 tibi
1514 1990 1645 2045 illud
1687 1988 2013 2044 sacrificium
2038 2002 2052 2040 :
2093 1988 2139 2043 si

561 2082 823 2145 membra,
851 2082 1043 2137 merito
1066 2082 1321 2137 Dominus
1349 2092 1618 2151 susceptor
1651 2091 1726 2135 est
1757 2082 1946 2135 animae
1968 2096 2097 2135 mea:
2119 2097 2139 2134 .'

562 2171 756 2243 quia,o
780 2172 1021 2238 Domine,
1043 2175 1356 2238 voluntarie,
1402 2174 1454 2228 id
1498 2182 1603 2239 est,
1633 2173 1821 2243 gratis,
1854 2172 1971 2227 sine
2000 2185 2137 2240 prae-

563 2262 672 2316 mio
698 2263 996 2333 temporali,
1023 2263 1331 2333 sacriﬁcabo
1354 2263 1468 2328 tibi,
1508 2263 1871 2333 crucifigeudo
1916 2275 2137 2316 carnem

562 2367 683 2406 cum
712 2354 856 2409 vitiis
882 2364 937 2409 et
961 2355 1431 2425 concupiscentiis.
1459 2354 1527 2409 Et
1555 2356 1656 2409 hoc
1680 2370 1783 2408 non
1813 2353 1943 2408 mihi
1985 2352 2140 2407 attri-

563 2440 743 2507 buam,
761 2444 856 2498 sed
885 2444 1167 2513 conﬁtebor
1186 2446 1384 2499 nomini
1401 2454 1510 2511 tuo,
1532 2452 1700 2499 totum
1730 2444 1823 2499 tibi
1848 2443 2139 2497 attribuam

561 2532 702 2600 quod
727 2533 850 2588 boni
879 2551 1032 2607 agam
1061 2536 1179 2591 ideo
1206 2538 1405 2591 nomini
1453 2548 1563 2603 tuo,
1610 2546 1667 2592 et
1717 2551 1825 2593 non
1849 2536 1963 2601 alii,
2004 2550 2135 2606 quo-

563 2622 704 2676 niam
727 2622 915 2677 bonum
944 2635 1040 2691 est,
1089 2626 1214 2696 quia
1245 2627 1377 2680 nihil
1420 2626 1635 2682 invenio
1681 2627 1881 2682 bonum
1922 2641 2019 2695 per
2055 2639 2133 2680 se.

565 2710 631 2765 Et
676 2728 803 2769 vere
846 2724 1027 2785 prmtei
1078 2716 1206 2773 illud
1250 2716 1345 2773 tibi
1390 2719 1604 2773 tandem
1654 2724 1775 2787 post
1812 2717 2136 2773 sacrificium

563 2800 791 2860 laudabo
845 2817 917 2873 te,
969 2823 1091 2863 cum
1135 2808 1244 2865 eris
1272 2808 1453 2864 omnia
1503 2808 1555 2863 in
1604 2808 1875 2864 omnibus.
1928 2806 1996 2861 Et
2034 2805 2137 2860 hoc

562 2896 703 2964 quod
750 2897 950 2953 bonum
1004 2900 1114 2965 sit,
1171 2900 1302 2954 mihi
1360 2908 1583 2969 experto
1633 2899 1959 2954 credendum
2004 2904 2134 2951 est:

562 2987 812 3057 quoniam
840 3005 903 3042 ea:
925 2990 1066 3043 omni
1095 2989 1433 3045 tribulatione
1459 2990 1695 3059 eripuisti
1718 3004 1821 3055 me,
1861 3003 1948 3045 me
1976 2992 2138 3056 caput

564 3077 934 3133 resuscitando
960 3079 1222 3145 exterius,
1256 3081 1499 3135 membra
1548 3079 1773 3136 interius
1797 3080 1854 3135 in
1884 3093 1962 3143 re,
1989 3087 2138 3134 exte-

563 3168 678 3223 rius
706 3169 758 3223 in
790 3184 901 3239 spe.
929 3170 997 3225 Et
1029 3184 1187 3244 super
1225 3174 1462 3229 inimicos
1509 3190 1649 3228 meos
1687 3174 1918 3244 despexit
1953 3173 2137 3229 oculus

564 3276 731 3325 meus,
759 3236 971 3317 tandem
997 3263 1048 3318 in
1075 3236 1298 3333 judicio,
1322 3280 1447 3322 cum
1470 3265 1638 3336 judex
1676 3236 1884 3336 positus
1912 3280 2006 3321 ero
2048 3280 2139 3321 su-
2164 3236 2209 3298 Ο

563 3367 663 3423 per
684 3368 797 3408 eos.
825 3352 948 3410 Ideo
972 3357 1222 3426 despexit,
1252 3358 1377 3428 quia
1400 3366 1605 3413 certum
1631 3366 1711 3414 est
1738 3359 1893 3428 quasi
1916 3357 2029 3427 jam
2057 3357 2141 3412 l‘a—

560 3448 706 3495 ctum
730 3442 847 3497 tibi.
873 3443 969 3498 llic
984 3446 1269 3502 altitudine
1282 3448 1461 3503 cordis
1479 3448 1545 3502 ad
1572 3456 1623 3503 te
1640 3449 1989 3518 perveniens:
2014 3447 2138 3504 inde

559 3542 722 3596 super
748 3530 866 3586 illos
887 3533 1125 3603 despexi,
1153 3543 1207 3589 et
1236 3536 1341 3590 vidi
1368 3537 1510 3605 quod
1556 3537 1734 3591 omnis
1761 3551 1891 3592 caro
1929 3535 2135 3603 fenum,

562 3620 713 3680 Unde
737 3624 862 3679 alibi
896 3645 909 3679 :
942 3625 1198 3691 Transivi,
1230 3637 1277 3681 et
1300 3644 1414 3682 ecce
1443 3644 1547 3682 non
1587 3638 1700 3682 erat
1730 3626 1909 3699 (Psal.
1948 3628 2066 3698 56).

1094 3715 1414 3773 PSALMUS
1470 3717 1602 3773 LIV.

702 3822 757 3861 IN
794 3822 954 3862 FINEI
984 3824 1037 3863 IN
1062 3823 1383 3863 CARIHNIBUS
1416 3823 1779 3866 INTELLECTUS
1814 3826 1994 3870 mm.

638 3916 657 3952 σ
701 3897 929 3967 Exaudi,
958 3900 1121 3969 Deus,
1147 3901 1449 3959 orationem
1482 3915 1685 3969 meam,-
1708 3906 1764 3961 et
1782 3922 1849 3963 ne
1875 3907 2137 3977 despexe-

566 4008 585 4043 ι
634 3992 710 4048 ris
735 3994 1169 4062 deprecationem
1192 4012 1365 4051 meam
1398 4014 1412 4050 :
1437 3994 1655 4052 intende
1683 3999 1840 4066 mihi,
1864 4007 1920 4055 et
1944 3999 2137 4055 exaudi

566 4099 587 4133 ι
634 4098 739 4141 me.
792 4084 1151 4142 Contristatus
1200 4102 1321 4143 sum
1361 4087 1415 4143 in
1451 4089 1840 4146 exercitatione
1892 4106 2034 4157 mea,
2083 4100 2140 4149 et

566 4187 585 4222 ι
634 4172 984 4231 conturbatus
1039 4191 1158 4230 sum
1205 4191 1237 4230 a
1289 4191 1423 4233 voce
1468 4177 1695 4245 inimici,
1743 4189 1797 4235 et
1830 4196 1861 4235 a
1906 4180 2134 4235 tribula-

567 4278 588 4312 α
634 4261 780 4317 tione
832 4266 1151 4332 peccatoris.
1183 4265 1446 4332 Quoniam
1484 4267 1888 4327 declinaverunt
1945 4270 1998 4325 in
2051 4285 2138 4327 me

566 4370 586 4404 α
626 4351 974 4423 iniquitates,
1024 4365 1081 4411 et
1129 4357 1183 4411 in
1231 4358 1311 4415 ira
1362 4359 1574 4417 molesti
1625 4371 1781 4416 erant
1829 4362 1978 4416 mihi.
2031 4361 2138 4417 Cor

563 4461 583 4494 ι
628 4458 806 4498 meum
854 4448 1229 4503 conturbatum
1255 4457 1337 4505 est
1362 4451 1414 4505 in
1436 4466 1549 4518 me,
1577 4459 1633 4508 et
1669 4451 1903 4509 formido
1948 4453 2135 4509 mortis

564 4552 582 4587 ι
627 4536 818 4591 cecidit
842 4553 1004 4607 super
1022 4555 1127 4595 me.
1158 4540 1343 4597 Timor
1374 4552 1429 4599 et
1461 4553 1662 4600 tremor
1690 4554 1953 4601 venerunt
1972 4560 2136 4616 super
2162 4580 2213 4640 Β

563 4638 587 4675 ς
626 4640 714 4679 me
742 4634 797 4680 et
824 4635 1174 4685 contexerant
1192 4646 1278 4686 me
1299 4632 1548 4687 tenebrae.
1577 4634 1639 4687 Et
1661 4635 1768 4690 dixi
1797 4654 1809 4690 :
1834 4635 1966 4703 Quis
1988 4636 2137 4693 dabit

564 4732 582 4766 ι
619 4714 751 4769 mihi
816 4732 1019 4786 pennas
1074 4720 1215 4776 sicut
1254 4724 1536 4790 columba,
1590 4732 1646 4780 ot
1682 4726 1894 4794 volabo,
1946 4737 2001 4782 et
2049 4743 2134 4783 re-

566 4823 584 4857 s
629 4806 948 4873 quiescam?
998 4810 1136 4867 Ecce
1167 4813 1413 4884 clongavi
1446 4814 1656 4885 fugiens
1676 4825 1734 4887 et
1760 4818 1932 4873 mansi
1966 4818 2016 4872 in
2045 4834 2133 4875 so-

565 4913 584 4947 ι
630 4895 875 4951 litudine.
910 4899 1303 4970 Exspectabam
1341 4920 1462 4960 eum
1495 4906 1585 4975 qui
1620 4907 1825 4962 salvum
1870 4923 1957 4963 me
1984 4908 2129 4977 fecit,

562 5004 581 5037 ι
627 5002 655 5040 a
683 4988 1119 5056 pusillanimitate
1142 4994 1362 5064 spiritus
1378 5004 1432 5051 et
1459 5005 1794 5068 tempestate.
1824 4998 2128 5070 Przecipita,

562 5093 581 5128 ι
627 5076 872 5144 Domine,
897 5080 1076 5137 divide
1110 5082 1314 5155 linguas
1343 5101 1551 5153 eorum,
1577 5089 1831 5159 quoniam
1876 5090 1982 5144 vidi
2028 5090 2130 5146 ini-

560 5187 582 5222 ε
628 5170 887 5239 quitatem
915 5182 970 5229 et
1006 5177 1480 5233 contradictionem
1524 5180 1576 5232 in
1620 5181 1855 5235 civitate.
1917 5181 2011 5237 Die
2064 5197 2126 5240 ac

558 5278 580 5313 ε
620 5270 777 5317 nocte
797 5263 1297 5322 circumdabiteam
1325 5283 1487 5337 super
1515 5285 1698 5325 muros
1720 5270 1835 5339 ejus
1868 5272 2129 5343 iniquitas

558 5367 580 5402 s
623 5359 679 5407 et
706 5351 859 5407 labor
886 5355 938 5409 in
975 5356 1150 5412 medio
1175 5358 1291 5428 ejus
1324 5367 1378 5414 et
1408 5357 1692 5427 iniustitia.
1720 5360 1786 5414 Et
1809 5377 1914 5418 non
1933 5363 2128 5418 defecit

555 5460 581 5493 ς
627 5444 694 5499 de
718 5444 907 5514 plateis
929 5446 1045 5516 ejus
1072 5464 1235 5503 usura
1261 5458 1317 5505 et
1344 5450 1514 5504 dolus.
1568 5449 1831 5517 Quoniam
1861 5453 1905 5507 si
1951 5453 2128 5507 inimi-

561 5550 580 5584 ι
626 5550 721 5590 cus
751 5552 900 5593 meus
929 5538 1291 5595 maledixissct
1319 5540 1470 5605 mihi,
1510 5542 1885 5598 sustinuissem
1919 5546 2126 5613 utique.

559 5643 579 5677 ι
625 5625 691 5680 Et
718 5629 763 5681 si
791 5630 835 5686 is
857 5631 946 5699 qui
994 5631 1183 5687 oderat
1231 5644 1317 5687 me
1357 5648 1518 5703 super
1544 5648 1629 5689 me
1683 5651 1873 5706 magna
1918 5636 2129 5694 locutus

560 5735 579 5768 ι
626 5714 834 5784 luisset,
859 5721 1259 5777 abscondissem
1288 5739 1373 5778 me
1404 5722 1630 5779 forsitan
1664 5725 1834 5782 abeo.
1888 5725 1966 5780 Tu
2002 5742 2131 5781 vero

558 5824 579 5859 ς
623 5809 784 5866 homo
813 5812 1102 5879 unanimis,
1129 5813 1235 5869 dux
1264 5830 1415 5872 meus
1444 5824 1497 5870 ct
1528 5823 1688 5873 notus
1719 5832 1885 5874 meus.
1919 5816 2019 5884 Qui
2056 5818 2127 5873 si-

2250 2010 2270 2043 (
2318 1992 2398 2047 bit
2424 1993 2475 2046 in
2500 2001 2758 2046 aeternum
2787 1988 3187 2044 ﬂuctuationem
3207 1987 3370 2057 justo.
3416 1985 3497 2040 Tu
3526 2000 3665 2040 vero
3693 1985 3821 2038 Deus

2247 2102 2268 2135 ι
2313 2082 2545 2138 dedoces
2569 2097 2662 2137 eos
2682 2082 2736 2136 in
2777 2090 2996 2151 puteum
3040 2079 3310 2134 interitus.
3349 2077 3465 2133 Viri
3493 2076 3816 2147 sanguinum

2249 2187 2269 2223 ‹
2313 2179 2369 2226 et
2389 2170 2557 2226 dolosi
2586 2185 2693 2225 non
2724 2167 3084 2224 dimidiabunt
3130 2166 3246 2223 dies
3290 2181 3441 2231 suos,
3492 2180 3599 2237 ego
3650 2173 3819 2219 autem

2247 2281 2266 2315 ο
2311 2263 2542 2333 sperabo
2567 2262 2620 2316 in
2648 2268 2723 2328 te,
2748 2260 2995 2316 Domine.
3042 2277 3063 2312 ›

2802 2368 3256 2426 ENARRATIO.

2309 2464 2380 2522 In
2403 2464 2580 2534 linem,
2622 2463 2674 2518 id
2703 2470 2807 2529 est,
2838 2464 2891 2517 in
2934 2462 3227 2518 Christum.
3277 2458 3428 2515 Finis
3464 2459 3618 2530 legis.
3676 2457 3815 2513 Clui-

2238 2564 2367 2610 stus.
2394 2553 2459 2607 In
2489 2553 2716 2622 hymnis,
2744 2551 2796 2605 id
2822 2561 2922 2614 est,
2957 2550 3009 2604 in
3033 2549 3300 2604 laudibus.
3320 2548 3445 2621 Sive
3470 2548 3621 2603 enim
3653 2548 3811 2602 tribu-

2238 2645 2430 2709 lemur,
2463 2643 2578 2699 sive
2600 2641 2865 2707 laetemur,
2890 2640 2979 2696 ille
3005 2640 3301 2694 laudandus
3333 2648 3413 2693 est
3439 2639 3530 2709 qui
3562 2638 3621 2693 in
3654 2638 3812 2692 tribu-

2237 2732 2527 2788 lationibus
2554 2731 2735 2786 erudit
2770 2737 2825 2786 et
2870 2731 2924 2784 in
2949 2730 3134 2785 laetitia
3174 2729 3500 2785 consolatur.
3533 2728 3649 2784 Nos
3698 2740 3810 2783 cum

2237 2822 2454 2879 Christo
2484 2823 2538 2877 in
2568 2821 2706 2878 coelo
2744 2836 2857 2891 per.
2885 2836 3059 2891 spem,
3096 2821 3211 2892 ipse
3262 2821 3539 2876 nobiscum
3584 2820 3646 2874 in
3677 2828 3806 2873 tem

2238 2930 2337 2985 per
2365 2915 2704 2971 charitatem.
2734 2914 2875 2985 Ergo
2923 2928 3045 2969 cum
3092 2914 3338 2969 audimus
3368 2913 3669 2968 intellectus
3719 2912 3807 2983 ipsi

2237 3003 2430 3072 David,
2483 3002 2872 3058 admoneamur
2919 3012 2976 3056 et
3022 3003 3286 3074 intelligat
3331 3004 3569 3059 Ecclesia
3630 3004 3685 3058 in
3714 3019 3809 3073 quo

2238 3092 2383 3148 malo
2415 3107 2558 3147 nunc
2591 3107 2797 3158 sumus,
2827 3102 2882 3146 et
2910 3092 2976 3147 de
3003 3106 3109 3161 quo
3135 3100 3194 3146 ut
3222 3092 3515 3148 liberemur
3539 3102 3806 3162 optamus.

2239 3182 2542 3255 Intelligere
2561 3184 2820 3239 debemus
2840 3183 2905 3237 ad
2928 3184 3212 3254 imaginem
3238 3183 3332 3238 Dei
3355 3197 3451 3238 nos
3474 3198 3599 3238 esse
3627 3182 3807 3245 factos,

2242 3273 2543 3342 intelligere
2568 3273 2824 3328 debemus
2854 3273 3113 3328 honorem
3144 3281 3406 3327 nostrum.
3437 3272 3494 3326 Si
3526 3272 3636 3327 hoc
3667 3271 3807 3326 intel-

2237 3367 2476 3438 ligimus,
2504 3365 2751 3421 videmus
2780 3367 2937 3420 istam
2991 3365 3266 3435 regionem
3297 3379 3400 3419 non
3445 3379 3568 3419 esse
3616 3364 3807 3436 gaudii,

2236 3456 2333 3512 sed
2367 3455 2634 3511 maeroris.
2680 3455 2939 3510 Dominus
2984 3463 3169 3509 noster
3194 3452 3350 3509 Jesus
3388 3452 3646 3509 Christus
3669 3462 3811 3523 caput

2238 3536 2485 3599 nostrum
2511 3543 2602 3613 qui
2634 3555 2739 3598 non
2789 3550 2873 3598 est
2900 3542 3217 3613 dedignatus
3261 3541 3491 3599 formam
3547 3551 3806 3605 nostram,

2238 3633 2292 3689 id
2343 3642 2467 3700 est,
2527 3632 2756 3688 formam
2808 3631 2948 3689 servi
3003 3632 3306 3703 suscipere,
3358 3633 3616 3703 dignatur
3671 3631 3809 3687 nobis

2237 3726 2412 3784 servis
2454 3726 2568 3782 suis
2603 3734 2661 3781 et
2702 3725 2930 3781 formam
2964 3725 3156 3780 orandi
3190 3735 3246 3780 et
3272 3725 3578 3795 exemplum
3612 3723 3809 3779 vivendi

2237 3819 2389 3886 dare,
2418 3826 2476 3873 ut
2502 3818 2661 3873 nobis
2700 3817 2801 3874 iste
2829 3817 3069 3888 psalmus
3090 3816 3343 3873 declarat.

2308 3910 2542 3977 Exaudi,
2563 3909 2724 3976 Deus,
2762 3910 3049 3964 orationem
3083 3924 3249 3962 meam
3270 3908 3466 3963 factam
3502 3922 3604 3979 pro
3640 3921 3807 3979 perse-

2234 4000 2483 4056 verantia
2512 4014 2755 4055 meorum
2789 3999 2881 4070 qui
2914 3997 3029 4067 jam
3077 3999 3269 4053 initiati
3298 4007 3426 4053 sunt
3453 3996 3804 4053 sacramentis

2237 4090 2382 4146 ﬁdei.
2407 4089 2476 4144 Et
2508 4107 2572 4146 ne
2599 4091 2889 4162 despexeris
2930 4086 3342 4159 deprecationem
3376 4105 3546 4143 meam
3576 4105 3598 4145 :
3636 4088 3805 4143 Potest

2236 4180 2383 4234 enim
2411 4179 2528 4235 ﬁeri
2579 4189 2637 4234 ut
2680 4178 3002 4235 exaudiatur
3027 4176 3149 4249 quis
3190 4187 3246 4233 et
3270 4176 3611 4248 postmodum
3644 4176 3805 4245 despi-

2236 4273 2435 4338 ciatur,
2474 4272 2617 4343 quod
2644 4273 2823 4328 evenit
2852 4271 2934 4327 eis
2974 4272 3065 4342 qui
3117 4271 3304 4325 mundi
3346 4271 3503 4326 istius
3543 4271 3686 4326 bona
3718 4271 3803 4323 de

2236 4374 2517 4435 sperantes
2529 4365 2801 4434 accipiunt
2826 4373 2877 4419 et
2904 4371 3025 4435 post
3052 4364 3439 4436 despiciuntur.
3461 4364 3589 4434 quia
3616 4378 3801 4433 nequa-

2236 4472 2397 4526 quam
2472 4465 2672 4512 aaterna
2730 4457 3073 4526 appetierunt
3137 4456 3351 4510 Exaudi
3400 4456 3800 4525 deprecationem

2238 4545 2435 4604 factam
2465 4562 2564 4619 pro
2592 4548 2676 4603 his
2715 4548 2807 4619 qui
2848 4546 3213 4617 praedestinati
3256 4548 3322 4602 ad
3374 4547 3535 4602 fidem
3579 4548 3798 4603 nondum

2234 4646 2523 4703 venerunt,
2546 4646 2609 4693 ut
2659 4645 3045 4694 convertantur
3091 4638 3159 4692 ab
3202 4652 3388 4693 errore
3418 4652 3537 4701 suo,
3581 4637 3668 4691 vel
3714 4650 3799 4705 pro

2235 4729 2426 4785 iisdem
2467 4728 2714 4785 fidelibus
2751 4729 3058 4796 orationem,
3100 4740 3159 4783 ut
3184 4736 3530 4799 perseverent
3573 4728 3629 4781 in
3673 4728 3798 4780 bono

2235 4820 2531 4889 proposito,
2558 4820 2992 4890 deprecationem,
3019 4827 3076 4873 ut
3096 4817 3374 4873 auferatur
3398 4818 3582 4873 sreculi
3614 4830 3794 4876 amor;

2234 4912 2338 4966 hoc
2365 4911 2522 4966 modo
2571 4912 2805 4966 exaudi:
2849 4910 3070 4965 Intende
3106 4910 3233 4964 mihi
3277 4920 3324 4964 et
3366 4909 3563 4963 exaudi
3590 4923 3705 4972 me;
3742 4904 3797 4957 ad

2233 5001 2677 5057 similitudinem:
2722 5000 2856 5057 Cum
2886 5000 3028 5055 enim
3062 5000 3413 5071 tranquillum
3444 5000 3569 5069 quis
3602 5011 3797 5053 accom-

2234 5092 2418 5147 modat
2450 5091 2656 5145 vultum
2705 5090 2994 5161 benignum
3031 5090 3234 5160 praebet
3270 5089 3533 5143 auditum.
3564 5086 3694 5155 Quia
3721 5097 3795 5139 mo

2235 5181 2567 5237 irremissum
2606 5181 2749 5238 facio
2786 5183 2839 5237 in
2884 5182 3150 5248 oratione,
3184 5189 3237 5235 et
3269 5191 3317 5236 te
3349 5181 3685 5235 irremissum
3722 5176 3795 5229 fac

2234 5274 2287 5329 in
2314 5273 2606 5329 auditione.
2638 5274 2704 5327 Et
2752 5288 2886 5343 opus
2920 5282 3004 5328 est
3034 5271 3397 5333 exauditioue,
3441 5272 3567 5340 quia
3618 5266 3794 5322 contri-

2232 5372 2400 5417 status
2453 5381 2569 5417 sum
2625 5365 2680 5418 in
2734 5362 3096 5417 exercitatione
3149 5378 3278 5415 mea.
3346 5359 3678 5414 Exercitatio
3723 5361 3793 5407 est

2236 5453 2447 5508 honesti
2485 5453 2688 5509 laboris
2718 5453 3069 5508 continuatio.
3121 5451 3219 5507 Hic
3268 5450 3531 5505 Dominici
3577 5444 3791 5502 hominis

2234 5545 2359 5599 vitae
2388 5560 2576 5599 cursus
2609 5544 2848 5599 breviter
2900 5543 3241 5599 describitur.
3294 5539 3627 5596 Exercitatio
3660 5534 3788 5591 enim

2234 5634 2352 5703 ejus
2395 5635 2498 5689 fuit
2544 5635 2771 5705 insignis
2816 5636 2869 5689 in
2920 5633 3214 5699 miraculis,
3254 5633 3307 5687 in
3337 5631 3603 5686 doctrina.
3634 5628 3786 5695 Quam

2235 5724 2675 5781 exercitationem
2703 5724 2829 5794 quia
2857 5724 2990 5779 vidit
3025 5739 3130 5779 non
3156 5722 3419 5794 proficere
3455 5719 3787 5778 contristatus

2233 5825 2316 5873 est
2341 5833 2442 5873 non
2470 5831 2567 5888 pro
2596 5831 2675 5880 se,
2721 5817 2835 5881 sed,
2888 5829 2985 5885 pro
3015 5814 3184 5871 salute
3227 5815 3440 5870 illorum
3468 5826 3605 5883 quos
3624 5806 3781 5880 peri“
