3918 6432
114 463 203 521 M5

1193 460 1726 521 ENARMTIONES
1764 460 1831 520 IN
1869 466 2200 527 PSALMOS.

3228 487 3326 542 4H

110 583 325 647 videbat,
378 580 445 635 ad
495 576 901 659 similitudinem
944 578 1069 634 boni
1115 581 1309 636 medici
1351 581 1441 651 qui
1478 582 1529 637 in
1552 582 1657 651 ,his
1684 587 1732 645 Α
1762 582 2028 652 Spiritus:
2059 587 2283 656 plateae,
2309 588 2485 659 impii:
2518 587 2569 645 in
2605 590 2799 662 quibus
2839 597 3070 665 compita
3091 601 3328 656 omnium

113 688 229 743 quos
253 685 440 727 curare
465 670 580 724 vult
600 670 744 724 videt
768 654 941 724 artem
974 684 1127 724 suam
1156 686 1345 739 parum
1368 673 1650 741 proiicere.

111 765 167 819 Et
200 778 260 817 ne
293 763 404 816 haec
452 761 671 815 tristitia
702 759 1033 831 intelligatur
1060 776 1307 823 manens.
1340 761 1650 833 subjungit:

112 853 433 908 Conturbatus
462 867 582 905 sum
616 868 647 903 a
676 866 796 904 voce
830 849 1030 903 inimici
1056 866 1075 903 :
1106 849 1207 916 Qui
1236 850 1440 905 amicus
1470 851 1656 905 debuit

110 960 209 1000 esse
238 943 405 997 factus
434 950 521 998 est
560 942 807 996 inimicus
843 940 996 1009 cujus
1025 956 1128 996 vox
1159 940 1212 995 in
1244 942 1491 997 omnibus
1518 943 1652 997 mihi

110 1032 415 1089 contradicit.
445 1030 769 1084 Dwmonium
792 1030 949 1083 habes
970 1028 1164 1097 (Joan.
1190 1045 1283 1084 vttt
1304 1030 1345 1101 ).
1378 1030 1479 1085 Hic
1498 1032 1653 1086 homo

110 1143 195 1179 non
236 1133 305 1179 est
349 1140 380 1176 a
428 1120 543 1176 Deo
571 1133 587 1191 (
612 1121 773 1175 Joan.
813 1121 930 1191 tx).
967 1120 1225 1175 Nolumus
1267 1124 1403 1176 hunc
1438 1139 1655 1192 regnare

108 1230 239 1282 super
258 1230 345 1265 nos
376 1213 393 1280 (
420 1210 551 1264 Luc.
593 1226 683 1265 xtx
706 1209 744 1282 ).
780 1210 847 1263 Et
879 1228 909 1264 a
943 1212 1278 1265 tribulatione
1322 1212 1652 1281 peccatoris;

108 1318 209 1358 cum
248 1310 498 1371 peccator
537 1300 607 1356 sit
643 1309 698 1355 et
737 1300 975 1369 indigeat
1002 1317 1120 1357 mea
1171 1301 1365 1367 salute,
1397 1302 1654 1357 tribulant

108 1408 180 1447 me
217 1390 566 1457 verberando,
600 1390 1006 1460 colaphisando,
1076 1391 1382 1462 peccatoris,
1450 1391 1503 1445 id
1548 1400 1649 1458 est,

107 1482 510 1553 transgressoris.
564 1481 694 1549 Quae
743 1481 1019 1537 tribulatio
1066 1483 1243 1553 potius
1289 1484 1513 1539 dicenda
1567 1492 1653 1539 est

106 1573 354 1641 peccatoris
390 1588 553 1640 quant
600 1585 738 1637 mea,
770 1573 897 1641 quia
923 1587 1046 1627 cum
1088 1588 1174 1627 me
1208 1582 1363 1642 parat
1393 1574 1653 1630 tribulare

106 1665 309 1719 exterius
336 1663 634 1719 tribulatur
656 1664 903 1719 interius.
931 1664 1109 1732 Quare
1133 1679 1268 1721 voco
1297 1650 1487 1720 suam?
1514 1665 1653 1732 Quo-

108 1757 223 1807 niam
254 1754 639 1809 declinaverunt
674 1755 728 1809 in
759 1772 840 1810 me
872 1756 1192 1825 iniquitates,
1224 1758 1348 1826 quia
1380 1756 1651 1813 declinare

104 1844 350 1899 voluerunt
377 1854 629 1906 mortem,
666 1853 722 1900 et
757 1845 1099 1900 amissionem
1128 1846 1227 1901 loci
1255 1858 1310 1901 et
1348 1846 1523 1915 gentis
1553 1861 1651 1915 per

1760 677 2318 747 concupiscentiarum
2345 720 2359 745 ,
2403 690 2458 735 et
2504 681 2681 736 forum
2736 685 3056 742 tttmultuum
3090 691 3329 746 omnium

1756 781 1968 820 rerum:
1999 776 2055 821 et
2086 769 2240 836 quasi
2271 771 2683 826 occurreret.'Si
2702 772 2774 826 ita
2801 783 2881 829 est
2908 775 2958 829 in
2973 776 3191 833 civitate
3212 794 3332 848 qua:

1756 865 1841 911 est
1889 865 2041 912 extra
2085 858 2376 923 Christum,
2422 862 2701 930 requiesce
2752 872 2805 917 tu
2854 865 2998 920 intus
3035 866 3085 920 in
3127 867 3212 922 his
3238 869 3331 937 qui

1756 945 1809 999 in
1838 945 2074 1011 Christo,
2109 964 2177 1003 ne
2209 963 2389 1018 quaere
2410 950 2774 1006 solitudinem.
2803 953 2955 1022 Quod
3002 972 3218 1025 queror,
3245 959 3333 1012 in—

1755 1035 1908 1104 quit,
1960 1036 2175 1106 attingit
2228 1038 2432 1094 scilicet
2461 1038 2623 1094 falsos
2651 1041 2846 1098 fratres
2888 1044 2940 1097 in
2970 1047 3165 1114 quibus
3186 1048 3333 1103 intus

1754 1123 1939 1177 laboro
1954 1126 2204 1193 quoniam
2229 1128 2523 1182 exteriores
2550 1128 2855 1185 tolerarem.
2892 1152 2911 1185 ι
2938 1132 3167 1189 Possunt
3192 1142 3244 1191 et
3263 1138 3329 1192 ad

1755 1213 1995 1268 membra
2027 1214 2227 1269 Christi
2257 1215 2371 1270 haec
2398 1216 2607 1283 referri,
2640 1229 2698 1273 ut
2727 1220 2973 1277 Christus
3019 1238 3115 1292 pro
3160 1240 3334 1280 mem-

1753 1301 1866 1357 bris
1893 1298 2004 1357 suis
2033 1304 2113 1357 sit:
2138 1304 2312 1357 dicat?
2349 1304 2699 1362 Contristatus
2734 1326 2848 1362 sum
2878 1311 2932 1363 in
2961 1313 3332 1367 exercitatione

1753 1407 1868 1445 mea
1888 1433 1902 1457 ,
1948 1393 2001 1447 id
2024 1402 2145 1457 est,
2174 1394 2563 1449 contristantur
2614 1397 2714 1451 mei
2758 1398 2984 1452 multum
3015 1398 3332 1456 laborantes

1754 1480 1806 1534 in
1838 1480 2080 1536 doctrina
2131 1496 2217 1536 me
2271 1484 2562 1549 imitando,
2594 1494 2648 1541 et
2698 1488 2831 1542 nihil
2877 1489 3218 1557 proﬁcientes
3244 1491 3329 1546 vel

1751 1586 1976 1640 parum:
2004 1572 2088 1626 vel
2115 1614 2129 1637 ,
2159 1573 2213 1627 in
2260 1576 2627 1631 exercitatione
2671 1595 2785 1632 mea
2812 1620 2826 1642 ,
2858 1580 2983 1651 quia
3028 1580 3154 1636 mali
3202 1597 3326 1637 cum

1712 1704 1715 1707 λ
1752 1662 1877 1717 mali
1931 1663 2040 1717 sint
2094 1672 2349 1719 exercent
2378 1665 2548 1721 bonos
2575 1684 2588 1720 :
2616 1668 2660 1723 si
2711 1668 2881 1724 bonus
2902 1685 2989 1730 es.
3021 1686 3127 1725 non
3160 1672 3329 1726 habes

1753 1753 2030 1809 inimicum
2070 1755 2172 1810 nisi
2199 1754 2418 1810 malum.
2451 1754 2618 1811 Porro
2643 1759 2737 1813 tibi
2761 1774 2823 1815 ea
2847 1760 3105 1815 bonitatis
3145 1761 3327 1831 regula

1752 1844 1969 1915 praeﬁxa
2006 1856 2091 1900 est
2140 1853 2201 1900 ut
2260 1845 2487 1901 imiteris
2534 1847 2829 1903 bonitatem
2880 1848 3058 1903 Patris
3106 1850 3202 1915 tui,
3233 1851 3326 1919 qui

107 1949 250 1988 meam
300 1946 550 1997 mortem,
598 1948 758 2003 quam
811 1934 990 2001 potius
1044 1949 1143 2004 per
1194 1943 1421 1989 mortem
1475 1949 1648 1988 meam
1679 1945 1725 2006 Β
1754 1935 1920 1990 solem
1970 1950 2124 1990 suum
2150 1934 2281 1989 oriri
2330 1933 2461 1990 facit
2488 1950 2651 2005 super
2677 1936 2847 1992 bonos
2897 1946 2951 1993 et
2982 1938 3171 1995 malos.
3216 1937 3326 1994 Sed

106 2023 409 2078 incurrerunt
435 2041 449 2076 :
481 2023 591 2087 vel,
616 2038 743 2078 suas
767 2023 1081 2093 iniquitates
1116 2024 1486 2093 imposuerunt
1519 2024 1649 2079 mihi

107 2111 325 2168 facientes
348 2128 434 2167 me
463 2113 703 2168 hostiam
733 2128 834 2182 pro
871 2114 1111 2183 peccatis
1150 2113 1287 2179 suis,
1323 2123 1383 2168 ut
1408 2113 1649 2168 Numan-

107 2206 183 2260 tiui
207 2208 285 2275 qui
313 2206 584 2276 captivum
630 2206 781 2276 prius
825 2204 963 2261 bene
997 2206 1320 2270 tractabant,
1364 2213 1419 2261 et
1462 2213 1648 2276 postea

108 2306 229 2350 extra
267 2297 539 2351 civitatem
573 2296 830 2351 ducentes
870 2304 926 2351 et
955 2296 1291 2365 imponentes
1338 2295 1438 2365 ipsi
1466 2294 1647 2350 omnia

106 2393 287 2455 peccata
315 2400 407 2440 sua
439 2385 777 2455 lapidabant,
827 2393 1082 2456 putantes
1124 2399 1221 2455 per
1262 2385 1365 2440 hoc
1407 2384 1645 2455 purgari.

108 2472 394 2530 Putaveruut
422 2476 573 2531 enim
612 2474 780 2530 Judaei
816 2476 958 2544 quod
991 2475 1044 2529 in
1076 2483 1251 2531 morte
1287 2475 1484 2530 Christi
1513 2489 1645 2544 pur-

109 2576 288 2636 garetur
309 2568 456 2625 locus
483 2577 542 2624 et
565 2583 715 2639 gens.
748 2566 816 2621 Et
838 2569 892 2622 in
917 2569 999 2622 ira
1033 2583 1193 2638 quam
1224 2567 1526 2622 habuerunt
1551 2580 1649 2637 pro

110 2657 357 2713 amissione
379 2657 483 2714 loci
515 2665 574 2713 et
598 2658 773 2728 gentis
794 2658 999 2713 molesti
1019 2669 1169 2713 erant
1194 2658 1341 2713 mihi.
1366 2658 1492 2715 lrati
1515 2657 1648 2713 mihi

110 2752 221 2805 unde
249 2750 342 2806 sibi
365 2750 532 2805 irasci
565 2749 901 2805 debuerunt:
952 2764 1051 2804 suo
1078 2750 1222 2804 enim
1252 2757 1498 2819 peccato,
1538 2763 1647 2803 non

108 2853 203 2893 meo
224 2839 460 2908 captivati
488 2846 643 2899 sunt.
679 2828 1004 2906 putaverunt
1030 2839 1196 2902 enim,
1224 2837 1350 2907 quia
1379 2850 1560 2905 regem
1589 2848 1648 2890 se

109 2930 381 2996 nominavit,
425 2929 569 2984 iram
614 2927 982 2984 Romanorum
1027 2928 1328 2999 principum
1366 2928 1647 2983 incurrere

109 3032 203 3075 cum
242 3019 443 3077 Iudaeus
479 3029 647 3088 esset,
688 3028 743 3075 et
792 3020 912 3074 ideo
968 3018 1041 3074 illi
1093 3019 1216 3073 irati
1264 3025 1438 3072 erant.
1474 3015 1644 3083 Unde,

110 3111 205 3178 quia
231 3117 415 3167 molesti
442 3121 597 3167 erant
628 3112 752 3181 quia
781 3111 1171 3164 declinaverunt
1198 3110 1256 3162 in
1282 3124 1363 3163 me
1386 3108 1643 3177 iniquita-

110 3210 181 3266 tes,
221 3219 301 3256 cor
342 3221 511 3257 meum
543 3204 910 3258 conturbatum
938 3210 1015 3257 est
1041 3202 1099 3257 in
1138 3218 1240 3257 me.
1266 3201 1644 3255 Conturbatum

1752 2024 1876 2078 talis
1897 2065 1912 2089 ,
1938 2039 2058 2079 cum
2093 2024 2331 2079 extendit
2358 2023 2694 2079 dilectionem
2726 2034 2783 2080 ut
2808 2027 2970 2081 etiam
3003 2027 3188 2098 diligat
3222 2028 3324 2081 ini-

1750 2114 1962 2178 micos,
2013 2113 2301 2168 multorum
2378 2114 2527 2169 rabie
2593 2115 3031 2171 circumvallatus
3090 2116 3321 2187 quadam

1742 2204 1983 2260 humana
2035 2203 2349 2259 inﬁrmitate
2398 2206 2719 2271 succubuit,
2767 2207 2902 2261 vidit
2945 2222 3005 2263 se
3052 2209 3323 2277 penetrari

1744 2293 1886 2347 mala
1912 2293 2262 2362 persuasione
2296 2293 2580 2359 diabolica,
2610 2303 2669 2348 ut
2700 2296 2880 2350 odium
2912 2296 3095 2351 induat
3126 2298 3323 2352 adver-

1748 2397 1868 2438 sum
1916 2384 2197 2438 inimicos:
2226 2382 2499 2439 reluctans
2558 2384 2681 2441 odic
2736 2394 2796 2439 ut
2842 2386 3127 2456 perliceret
3175 2387 3316 2441 dile-

1748 2474 1981 2530 ctionem
2013 2476 2065 2529 in
2107 2476 2221 2545 ipsa
2246 2474 2386 2529 lucta
2410 2476 2655 2529 turbatus
2679 2484 2778 2540 est,
2820 2476 2919 2533 hoc
2940 2478 3097 2532 modo
3126 2478 3323 2532 contri-

1744 2571 1935 2618 etatus.
1983 2561 2336 2620 Conturbatus
2384 2580 2499 2616 sum
2546 2563 2956 2632 interius,dum
2980 2566 3081 2622 hac
3123 2576 3323 2637 pugnat

1745 2656 2005 2719 charitas,
2026 2656 2128 2710 hac
2145 2656 2347 2711 odium.
2378 2657 2419 2709 Α
2444 2672 2582 2719 voce,
2614 2658 2667 2711 id
2689 2666 2791 2722 est,
2818 2673 2846 2710 a
2871 2660 3320 2724 contradictione,

1744 2754 1805 2801 et
1826 2759 1932 2799 non
1960 2745 2135 2799 solum
2162 2760 2192 2798 a
2216 2745 2646 2801 contradictione
2670 2787 2685 2810 ,
2715 2747 2807 2801 sed
2856 2748 3017 2800 etiam
3042 2763 3071 2801 a
3101 2748 3323 2801 tribula-

1748 2835 1886 2889 tione
1917 2835 2223 2904 peccatoris.
2256 2833 2371 2888 Duo
2399 2844 2736 2905 suntgenera
2769 2834 3139 2891 inimicorum:
3175 2852 3316 2892 unus

1746 2928 2027 2994 occultus,
2067 2937 2122 2984 et
2175 2928 2313 2983 alter
2370 2935 2621 2995 apertus;
2664 2943 2802 2983 unus
2873 2928 3135 2995 interior,
3184 2928 3323 2983 alter

1746 3018 2017 3073 exterior:
2052 3026 2279 3087 uterque
2325 3015 2539 3071 auferre
2586 3026 2815 3071 conatur
2839 3032 2868 3070 a
2898 3018 3054 3073 nobis
3079 3018 3129 3072 id
3179 3019 3327 3074 unde

1748 3108 1990 3178 superari
2022 3116 2221 3177 potest.
2250 3106 2501 3161 Exterior
2527 3107 2718 3161 nititur
2742 3106 2953 3163 auferre
2985 3106 3316 3171 facultatem,

1749 3198 1975 3254 interior
2026 3212 2157 3252 vero
2201 3197 2542 3251 charitatcm.
2587 3197 2719 3252 Cutu
2756 3199 2899 3252 enim
2953 3196 3041 3252 ille
3098 3198 3329 3254 interior

110 3291 238 3344 estad
265 3292 461 3350 horam.
489 3292 589 3347 sed
618 3292 671 3346 in
706 3305 812 3357 me,
854 3306 959 3346 non
992 3300 1147 3347 extra
1173 3307 1282 3346 me.
1315 3291 1426 3346 Hoc
1456 3291 1643 3347 volun-
1671 3311 1717 3372 ο
1751 3290 1922 3344 hostis
1966 3288 2252 3342 adversum
2308 3301 2405 3341 nos
2444 3286 2645 3341 excitat
2691 3287 3016 3342 exteriorem
3069 3292 3174 3343 nan
3212 3296 3320 3344 tam

109 3387 195 3433 tate
218 3395 343 3445 mea,
371 3382 491 3450 quia
526 3380 852 3442 voluntarie,
893 3394 998 3434 non
1030 3387 1270 3444 coactus,
1301 3378 1553 3433 transtuli
1587 3379 1639 3432 in

111 3482 177 3523 me
196 3472 648 3528 conturbationem
679 3483 943 3526 meorum.
977 3467 1044 3521 Et
1069 3470 1193 3538 quia
1224 3468 1499 3523 voluntate
1520 3467 1641 3522 veni

111 3559 162 3613 ad
200 3562 481 3630 passionem
517 3603 537 3629 ,
609 3577 718 3618 non
794 3562 1116 3617 necessitate
1144 3601 1159 3626 ,
1220 3560 1447 3630 formido
1506 3575 1645 3612 mor-

111 3652 176 3715 tis,
209 3654 253 3708 id
290 3664 387 3721 est,
435 3670 592 3711 mors
639 3655 761 3710 aliis
810 3653 1164 3709 formidabilis
1214 3652 1419 3715 cecidit,
1460 3651 1511 3705 id
1537 3658 1641 3713 est,

111 3755 279 3799 mortua
307 3758 403 3813 est,
430 3763 593 3819 super
617 3763 698 3802 me
720 3746 924 3802 scilicet
948 3745 1112 3801 etiam
1148 3744 1392 3799 veniens.
1420 3741 1475 3796 id
1497 3740 1641 3795 enim

106 3832 213 3905 juris
229 3840 431 3903 quodin
448 3839 576 3895 aliis
598 3839 829 3894 habebat
874 3836 1108 3906 perdidit
1136 3836 1359 3891 veniens
1385 3832 1451 3887 ad
1493 3831 1642 3886 illum

110 3924 149 3979 in
170 3942 304 3995 quem
338 3930 467 3985 nihil
512 3928 653 4000 juris
700 3926 905 3982 habuit.
956 3926 1001 3981 Ο
1030 3941 1190 3988 mors,
1218 3940 1303 3979 ero
1336 3937 1474 3977 mors
1516 3931 1642 3984 tua,

110 4034 273 4075 morsus
308 4037 391 4076 ero
438 4020 647 4091 inferne
686 4018 834 4091 (οδε.
889 4016 1033 4087 xm).
1084 4014 1335 4071 Ostensio
1375 4010 1644 4082 quomodo

112 4122 237 4178 super
261 4128 375 4167 eum
393 4112 548 4167 venit
576 4124 743 4165 mors.
771 4108 950 4163 Timor
977 4106 1186 4163 scilicet
1206 4104 1433 4159 animiet
1450 4112 1644 4155 tremor

110 4201 308 4267 corporis
352 4208 601 4257 venerunt
638 4214 793 4267 super
815 4213 913 4252 me.
947 4195 1087 4250 Vera
1110 4194 1301 4249 mortis
1328 4189 1641 4259 descriptio.

113 4284 162 4339 Et
182 4300 286 4359 post
300 4302 530 4348 mortem
557 4299 917 4346 curemorem
936 4294 1272 4340 contexerant
1297 4299 1379 4337 me
1400 4282 1640 4344 tenebrw,

110 4377 207 4442 quia
229 4386 457 4438 mortuus
495 4381 633 4437 nihil
659 4379 796 4435 lucis
827 4378 993 4434 habet
1020 4394 1034 4431 :
1064 4376 1149 4432 vel
1184 4377 1408 4431 tenebris
1431 4414 1445 4439 ,
1485 4372 1536 4427 id
1560 4380 1645 4427 est

113 4470 378 4538 tenebrosi,
424 4472 556 4528 caeci
586 4479 641 4526 et
686 4470 997 4541 ignorantes
1036 4467 1164 4538 quid
1207 4466 1485 4531 facerent,
1514 4480 1641 4518 con-

113 4564 305 4615 texerant
346 4579 424 4618 me
453 4562 691 4631 undique
723 4577 805 4614 me
832 4559 1010 4614 lumen
1055 4557 1237 4613 mundi
1278 4565 1460 4627 tegere
1488 4564 1644 4626 puta-

1746 3380 1874 3435 facit
1897 3388 1958 3433 ut
1993 3377 2202 3433 auferat
2230 3375 2538 3432 facultatem
2570 3393 2730 3447 quam
2760 3388 2817 3433 ut
2842 3379 3066 3433 interius
3092 3379 3143 3433 in
3169 3380 3321 3434 nobis

1743 3465 2261 3523 feriatcbaritatem.
2301 3465 2575 3519 Amandus
2602 3473 2685 3519 est
2712 3479 2839 3535 ergo
2863 3466 3032 3521 hostis
3056 3467 3316 3531 exterior,
3392 3522 3401 3530 ,

1743 3564 1803 3612 ut
1850 3557 1929 3611 sic
1958 3555 2265 3610 vindicatur
2284 3554 2527 3607 interior.
2555 3553 2678 3608 Ideo
2705 3554 2953 3609 turbatus
2978 3570 3094 3609 sum
3126 3554 3327 3611 timens

1743 3646 1996 3700 amittere
2045 3644 2366 3697 charitatem
2417 3651 2471 3696 et
2514 3643 2650 3697 verti
2704 3643 2756 3697 in
2810 3644 3014 3698 odium.
3054 3643 3321 3709 Quoniam

1742 3736 2135 3790 declinaverunt
2174 3735 2228 3787 in
2252 3749 2334 3786 me
2354 3733 2683 3802 iniquitates,
2712 3732 2761 3787 id
2789 3742 2907 3799 est,
2940 3734 3187 3805 proprias
3222 3735 3323 3789 ini-

1740 3828 1977 3899 quitates
2007 3827 2137 3881 mihi
2164 3827 2567 3894 imposuerunt;
2594 3840 2714 3879 cum
2741 3824 2843 3894 ipsi
2875 3834 3056 3881 essent
3084 3825 3234 3895 impii
3265 3833 3323 3881 et

1743 3916 2085 3987 blasphemi,
2135 3915 2383 3969 dixerunt
2435 3914 2521 3969 me
2566 3913 2786 3983 impium
2826 3921 2882 3969 et
2926 3913 3317 3983 blasphemum.

1743 4007 1813 4063 Et
1839 4008 1893 4062 in
1926 4008 2009 4060 ira
2035 4046 2050 4072 ,
2080 4006 2133 4061 id
2157 4014 2262 4070 est,
2306 4005 2359 4058 in
2396 4003 2596 4072 injusto
2647 4002 2828 4058 furore
2856 4042 2873 4071 ,
2920 4018 3027 4057 non
3063 4005 3117 4057 in
3170 4001 3320 4071 justa

1743 4114 1905 4156 causa
1929 4098 2134 4152 molesti
2154 4104 2303 4152 erant
2340 4094 2502 4149 mihi:
2532 4103 2587 4148 et
2615 4095 2737 4149 ideo
2764 4110 2855 4148 cor
2896 4110 3065 4148 meum
3103 4102 3320 4147 contur-

1743 4189 1923 4244 batum
1950 4201 2023 4243 est
2051 4189 2105 4242 in
2130 4204 2234 4251 me,
2258 4186 2310 4241 id
2339 4193 2441 4252 est,
2470 4185 2613 4240 intus
2637 4183 2879 4240 aestuavi.
2906 4183 3019 4251 Qua
3043 4184 3108 4238 de
3132 4197 3317 4248 causa,

1742 4278 2049 4349 subjungit:
2090 4275 2157 4330 Et
2188 4274 2414 4346 formido
2463 4273 2648 4327 mortis
2693 4273 2877 4327 cecidit
2925 4288 3080 4341 super
3118 4288 3236 4335 me,
3265 4272 3319 4326 id

1743 4377 1849 4434 est,
1898 4369 2048 4424 timui
2102 4383 2171 4422 ne
2216 4380 2281 4421 ex
2313 4379 2499 4421 eorum
2530 4364 2693 4418 nimia
2724 4363 3072 4434 perversione
3128 4376 3156 4415 a
3188 4362 3320 4416 cha-

1744 4461 1905 4516 ritate
1950 4467 2191 4513 verterer
2240 4456 2293 4509 in
2344 4454 2545 4511 odium.
2599 4452 2751 4519 Quod
2794 4452 2978 4507 odium
3034 4458 3118 4505 est
3173 4464 3327 4505 mors

1745 4552 1976 4615 animae,
2020 4550 2160 4605 sicut
2199 4562 2230 4601 e
2286 4544 2559 4601 contrario
2605 4543 2821 4599 dilectio
2889 4541 3022 4596 vita.
3088 4540 3329 4609 Exponit.

112 4658 268 4704 verunt
307 4664 567 4722 ponentes
606 4630 664 4707 in
694 4667 909 4707 crucem
937 4690 955 4717 ,
997 4650 1063 4705 de
1090 4663 1249 4705 cruce
1276 4648 1328 4703 in
1357 4647 1603 4717 sepulcro
1625 4688 1640 4711 ,
1675 4653 1722 4712 ο
1747 4642 2016 4714 quomodo
2061 4638 2292 4695 formido
2324 4636 2514 4691 mortis
2555 4634 2703 4688 venit
2755 4648 2916 4703 super
2958 4646 3102 4687 eum.
3138 4630 3331 4685 Timor

112 4735 379 4799 claudentes
405 4746 567 4800 etiam
597 4743 921 4814 sepulcrum.
954 4741 1083 4795 Erat
1122 4740 1215 4795 lux
1234 4756 1352 4794 vera
1375 4755 1492 4809 qua
1521 4738 1648 4791 illu-

112 4826 455 4889 minat‘omnem
486 4834 749 4889 hominem
768 4833 1050 4888 venientem
1089 4833 1143 4885 in
1180 4832 1317 4884 hunc
1344 4829 1598 4882 mundum
1623 4868 1641 4895 ,

113 4922 149 4965 et
188 4923 392 4978 mundus
439 4940 558 4979 eum
611 4940 717 4978 non
769 4922 1025 4992 cognovit.
1059 4920 1126 4974 In
1162 4919 1374 4991 propria
1411 4919 1549 4973 venit
1593 4926 1642 4971 et

116 5007 177 5056 lui
209 5026 311 5064 eum
336 5030 434 5067 non
464 5022 765 5084 receperunt
797 5012 977 5083 (Joan.
1012 5010 1072 5080 ι).
1103 5009 1469 5079 Augustinus:
1497 5026 1516 5058 ι
1548 5006 1645 5061 Εει

116 5104 259 5154 autem
306 5106 543 5173 quaedam
600 5104 793 5160 civitas
828 5102 1079 5157 omnibus
1124 5100 1346 5157 confusa
1396 5098 1644 5170 gentibus

116 5184 222 5241 nihil
243 5192 435 5251 habens
460 5212 565 5252 non
601 5196 821 5268 dignum
850 5194 1183 5250 confusione.
1212 5193 1415 5249 Civitas
1439 5200 1640 5255 autem,

117 5276 217 5342 quia
254 5285 335 5350 qui
385 5286 437 5340 in
487 5302 548 5342 ea
595 5296 722 5342 sunt
766 5289 871 5341 hoc
920 5300 1028 5356 quo
1058 5284 1309 5340 confundi
1349 5284 1642 5338 debuerant

119 5367 467 5430 munimentum
518 5378 619 5432 sibi
671 5377 906 5440 ducunt,
958 5375 1396 5441 contradicentes
1423 5372 1642 5429 Christo

122 5458 207 5508 taIll
245 5477 339 5517 non
366 5469 627 5523 credendo
652 5483 810 5538 quam
850 5466 989 5522 male
1034 5468 1295 5522 vivendo:
1329 5465 1466 5520 muri
1508 5478 1641 5519 con-

122 5539 316 5608 fusionis
346 5555 585 5612 humanae
607 5598 621 5617 .
651 5557 991 5612 sublimiores
1041 5555 1183 5609 factu
1232 5554 1543 5625 impietatis,
1573 5552 1640 5607 de

125 5632 285 5700 lluibus
318 5660 451 5717 saepe
472 5650 698 5705 dicitur:
724 5647 781 5703 Si
808 5647 895 5703 hic
940 5647 1094 5703 ﬁeret
1128 5646 1486 5709 Christianus,
1512 5644 1639 5713 quid

127 5732 384 5789 l“maneret
415 5738 686 5809 paganus?
711 5735 900 5791 Casuri
931 5748 1058 5793 sunt
1108 5738 1163 5793 hi
1222 5737 1360 5793 muri
1409 5736 1639 5804 septimo

130 5822 236 5873 treat
280 5824 487 5885 circuitu
513 5831 651 5902 (los.
694 5827 795 5901 vr),
846 5831 898 5886 id
948 5842 1063 5896 cst,
1100 5846 1263 5901 opere
1311 5827 1643 5901 semiformis

1748 4746 1795 4791 et
1838 4745 2031 4789 tremor
2071 4739 2313 4787 venerunt
2362 4742 2517 4797 super
2538 4742 2639 4789 me,
2670 4734 2727 4780 ut
2758 4740 2941 4795 supra.
2970 4724 3036 4777 Et
3064 4738 3172 4776 non
3212 4722 3325 4776 mi-

1749 4840 1891 4889 rum,
1915 4823 2040 4893 quia
2068 4827 2405 4875 contexerant
2444 4832 2525 4869 me
2566 4814 2822 4879 tenebrte,’
2847 4814 2902 4868 id
2930 4820 3048 4877 est,
3078 4810 3230 4864 timui
3259 4817 3321 4864 ut

1751 4917 1982 4973 tenebrae
2033 4913 2271 4982 undique
2324 4926 2410 4965 me
2457 4908 2812 4964 involverunt.
2855 4904 2959 4971 Qui
3020 4903 3162 4958 enim
3208 4900 3323 4955 odit

1720 5006 1961 5076 fratrem
1996 5021 2151 5058 suum
2194 5003 2249 5057 in
2297 5000 2517 5055 tenebris
2562 5009 2635 5052 est
2672 4995 2726 5067 (I
2747 4995 2912 5051 Ioan.
2955 4992 3040 5065 ιι).
3069 4992 3137 5046 Et
3162 4991 3317 5045 dixi:
3396 5034 3405 5045 .

1747 5099 1876 5166 Quis
1899 5097 2043 5152 dabit
2076 5094 2204 5150 mihi
2244 5108 2439 5164 pennas
2460 5091 2591 5145 sicut
2620 5087 2871 5143 columba:
2889 5086 2915 5140 7
2945 5084 3109 5152 Quasi
3138 5082 3315 5137 dicat:

1747 5186 2109 5245 Cbntristatus
2128 5194 2182 5241 et
2208 5183 2559 5239 conturbatus
2580 5179 2852 5249 arguendo
2872 5176 3018 5232 illum
3038 5172 3319 5243 populum,

1747 5277 2099 5342 obsecrando,
2125 5272 2449 5343 increpando
2473 5311 2487 5337 ,
2517 5279 2570 5326 et
2591 5284 2779 5340 parum
2810 5263 3140 5337 proliciendo
3169 5260 3315 5315 dixi:

1750 5369 1881 5436 Quis
1909 5367 2052 5421 dabit
2081 5364 2208 5418 mihi
2242 5378 2437 5433 pennas
2465 5404 2483 5426 ,
2524 5358 2730 5415 scilicet
2780 5351 3231 5410 resurrectionem
3259 5356 3323 5401 ει·

1747 5455 2236 5528 impassibilitatem
2274 5451 2401 5504 mihi
2439 5450 2581 5514 dim,
2607 5450 2740 5501 sicut
2785 5442 3066 5505 columba,
3092 5439 3143 5492 in
3179 5436 3319 5490 sim-

1743 5549 1984 5619 plicitate
2011 5554 2063 5601 et
2112 5541 2417 5598 innocentia
2460 5539 2545 5593 vel
2592 5540 2643 5592 in
2672 5540 2774 5591 hoc
2795 5532 2954 5589 simili
2984 5570 3001 5596 ,
3031 5528 3154 5598 quia
3176 5542 3320 5583 sicut

1746 5642 1835 5698 illa
1859 5640 2073 5694 turbata
2100 5636 2279 5706 aliqua
2304 5632 2547 5687 molestia
2579 5628 2757 5683 avolat
2783 5642 2814 5680 a
2838 5625 2981 5687 nido,
3006 5636 3109 5676 non
3133 5631 3315 5674 tamen

1746 5734 1902 5803 longe
1952 5730 2246 5794 recedens,
2294 5725 2387 5781 sed
2452 5719 2848 5778 circumvolans
2894 5716 2971 5772 ita
3020 5728 3158 5781 ego,
3207 5712 3312 5767 etsi

1749 5843 1947 5898 corpus
2005 5827 2086 5882 eis
2136 5820 2500 5886 subtraham,
2539 5832 2645 5874 non
2700 5824 2882 5872 tamen
2933 5811 3311 5871 aﬂ’cctionem;
