3884 5576
546 426 652 485 διδ
725 408 730 411 ἠ

1183 429 1448 488 REMIGII
1485 425 2144 486 ANTISSIODORENSIS
2183 425 2338 483 OPP.
2381 423 2562 482 PARS
2592 414 2632 482 l.
2661 457 2730 467 ---
2760 419 3165 482 EXEGETICA.

3717 425 3814 481 Mli

545 527 630 595 vel
663 541 794 594 sicut
833 539 1106 607 columba’,
1160 549 1218 596 ut
1247 541 1349 596 sim
1373 534 1564 594 similis
1596 538 1670 592 illi
1717 535 1980 591 columbae
2020 551 2138 604 qua:
2169 541 2212 596 Λ
2247 536 2297 588 in
2358 534 2723 604 captivitatem
2773 542 2828 589 et
2888 532 2938 587 in
2967 532 3278 588 servitutem
3327 531 3593 602 gentium.
3644 532 3712 586 Et
3739 534 3812 586 dt-

550 642 748 684 emtssa
801 608 869 686 de
945 647 1071 686 arca
1125 631 1296 686 noluit
1347 629 1548 684 morari
1610 629 1663 682 in
1723 626 1910 681 lutosis
1957 624 2125 689 locis,

550 719 645 773 sed
698 720 861 776 rediit
907 723 975 776 ad
1009 738 1192 776 arcam
1241 717 1392 792 (Gen.
1446 720 1530 790 ιιι)
1572 719 1659 773 ubi
1691 717 1928 788 quietem
1979 717 2128 771 inve-

551 807 656 873 nit,
689 807 763 862 ita
808 822 907 880 ego
951 807 1138 865 nolens
1175 824 1394 864 manere
1436 808 1490 863 in
1531 804 1721 863 lutosis
1759 807 2013 863 cordibus
2039 804 2134 861 Ju-

552 896 791 952 daiorum
838 898 1078 955 transibo
1117 901 1182 955 ad
1214 908 1401 970 gentes
1430 897 1482 952 iu
1521 897 1714 967 quibus
1763 889 2130 965 requiescam,

553 989 677 1055 quia
709 990 780 1044 ibi
826 991 1095 1047 inveniam
1143 991 1500 1047 humilitatem
1547 1000 1602 1046 et
1643 986 2130 1046 mansuetudinem.

552 1077 723 1149 Super
746 1097 897 1152 quem
927 1083 1264 1153 requiescam,
1297 1082 1398 1136 nisi
1435 1099 1590 1152 super
1633 1079 1877 1136 humilem
1905 1091 1951 1134 et
1980 1097 2134 1134 man-

552 1179 752 1224 suetum
782 1182 830 1225 et
851 1181 1150 1227 trementem
1179 1174 1330 1228 verba
1356 1190 1469 1228 mea
1502 1172 1637 1245 (Isa.
1670 1173 1803 1244 1.x)?
1836 1171 2032 1228 Peunte
2056 1171 2134 1226 di-

552 1269 750 1314 cuntur
780 1279 811 1314 a
838 1260 1130 1332 pendendo,
1163 1260 1432 1328 columba,
1455 1263 1605 1333 quasi
1637 1262 1780 1317 cella:
1807 1261 2041 1326 alumna,
2082 1259 2133 1315 id

550 1362 637 1407 est
680 1353 1008 1423 domestica,
1058 1358 1354 1413 secundum
1395 1356 1679 1412 lsidorum.
1725 1355 1790 1410 Et
1847 1355 2138 1424 assumptis

550 1443 743 1512 pennis
771 1445 952 1501 volabo
997 1457 1043 1501 et
1083 1449 1418 1519 requiescam.
1455 1445 1564 1508 Vel,
1604 1447 1656 1500 in
1705 1444 1900 1502 omium
1944 1458 2138 1500 ascen-

550 1532 699 1601 dam,
730 1545 786 1591 et
811 1535 884 1592 ibi
913 1537 1111 1594 sedebo
1137 1539 1202 1594 ad
1229 1539 1507 1594 dexteram
1533 1530 1729 1601 Patris,
1756 1535 1862 1602 vel,
1887 1535 2136 1591 recedam

553 1637 584 1675 a
611 1620 810 1679 Judzeis
841 1641 938 1697 per
962 1628 1343 1697 praadicatores
1387 1641 1568 1691 meos,
1614 1633 1670 1680 et
1705 1625 2042 1693 requiescam
2080 1622 2137 1679 in

553 1714 823 1781 gentibus,
855 1717 982 1785 quia
1009 1716 1327 1772 immortalis
1363 1724 1418 1771 et
1457 1715 1800 1786 impassibilis
1831 1713 2002 1769 factus
2026 1729 2140 1769 me-

552 1805 659 1861 lius
679 1809 848 1876 potuit
873 1809 1055 1864 venire
1076 1811 1128 1865 in
1151 1812 1398 1866 notitiam
1423 1811 1666 1882 gentium
1688 1825 1848 1879 quam
1870 1808 2136 1865 mortalis.

2232 627 2347 680 vide
2391 627 2597 697 linguas
2666 636 2887 691 eorum,
2941 625 2994 679 id
3046 634 3171 690 est,
3241 625 3296 678 in
3357 624 3544 678 varias
3605 623 3813 693 linguas

2233 715 2471 787 gentium
2517 717 2842 787 dissipentur
2868 756 2882 783 ,
2930 725 2989 770 ut
3033 731 3156 770 eum
3193 715 3353 770 modo
3384 715 3496 770 sint
3521 715 3691 769 unius
3727 715 3814 766 lin-

2233 823 2371 877 guaz,
2432 808 2562 862 liant
2604 806 2892 862 multarum
2934 823 2948 861 :
2996 806 3082 862 vel
3131 806 3301 861 divide
3356 805 3570 875 linguas
3616 821 3813 864 eorum,

2234 897 2486 951 excaecati
2517 897 2624 952 sint
2658 884 2807 952 intus
2841 904 2896 951 et
2934 896 3112 952 divisi.
3142 896 3333 951 Dieant
3374 895 3467 950 alii
3493 897 3624 966 quia
3662 894 3816 948 boues

2233 995 2308 1039 est
2335 999 2353 1037 :
2377 985 2470 1040 alii
2492 1003 2617 1051 non,
2638 986 2726 1040 sed
2749 985 2944 1040 seducit
2969 985 3147 1040 turbas
3173 983 3356 1056 (Joan.
3378 983 3500 1055 vn).
3525 982 3646 1038 Hoc
3669 986 3815 1038 modo

2235 1070 2427 1139 divide,
2466 1085 2526 1129 ut
2554 1075 2607 1129 in
2637 1075 2918 1144 promissis
2958 1074 3151 1130 salvari
3196 1075 3510 1140 credentes,
3541 1075 3598 1128 id
3640 1083 3748 1136 est,
3770 1074 3814 1128 in

2235 1166 2540 1222 carnalibus
2566 1165 3050 1232 observationibus,
3078 1180 3184 1222 non
3215 1174 3436 1222 teneant
3457 1164 3814 1235 complentia;

2237 1257 2516 1312 credentes
2571 1257 2744 1312 solum
2803 1255 3163 1312 sacerdotium
3224 1257 3526 1312 secundum
3579 1255 3814 1310 ordinem

2234 1347 2414 1404 Aaron
2458 1349 2720 1419 recipiant
2763 1348 3121 1404 sacerdotium
3151 1361 3482 1418 permanens
3527 1345 3817 1402 secundum

2236 1437 2480 1492 ordinem
2527 1436 2934 1501 Melchisedech,
2975 1431 3032 1492 et
3072 1437 3152 1492 sic
3189 1435 3408 1492 tandem
3438 1444 3704 1490 neutrum
3731 1434 3814 1488 ha-

2237 1526 2420 1584 beant.
2463 1526 2604 1582 Nihil
2651 1527 2794 1583 enim
2848 1527 2915 1582 de
2962 1527 3048 1583 his
3094 1527 3252 1582 modo
3299 1526 3607 1582 secundum
3659 1524 3815 1593 legem

2237 1627 2422 1690 agunt,
2449 1627 2504 1674 et
2531 1635 2636 1674 non
2669 1619 2884 1684 mirum,
2919 1619 3045 1688 quia
3073 1633 3178 1673 non
3210 1625 3393 1689 potest
3431 1623 3598 1670 vetus
3629 1615 3815 1683 absque

2239 1729 2379 1770 novo
2405 1713 2639 1784 impleri,
2669 1714 2793 1785 quia
2838 1714 2890 1768 in
2928 1712 3022 1768 illo
3047 1719 3174 1768 sunt
3199 1710 3606 1783 promittentia,
3647 1709 3702 1762 in
3733 1709 3817 1761 isto

2238 1806 2606 1876 complentia°:
2640 1815 2693 1863 et
2721 1806 2774 1861 in
2812 1806 2919 1861 hoc
2952 1819 3059 1861 non
3086 1812 3170 1860 est
3197 1802 3534 1860 refundenda
3581 1799 3741 1869 culpa
3773 1801 3813 1850 in

553 1894 684 1962 Quis
712 1897 840 1952 mihi
875 1900 976 1954 hoc
1006 1899 1175 1967 dabit,
1218 1901 1420 1956 scilicet
1443 1909 1641 1972 praeter
1668 1902 1794 1956 me?
1824 1899 2028 1955 Nullus.
2070 1899 2137 1953 Et
2165 1887 2211 1947 Β
2238 1913 2532 1960 auctorem.
2565 1903 2825 1970 Quoniam
2857 1903 2964 1958 vidi
2990 1903 3314 1974 iniquitatem
3355 1910 3405 1956 et
3447 1897 3814 1954 contradictio-

552 1987 676 2056 quia
723 1988 971 2046 inﬁrmus
999 2007 1117 2046 sum
1143 2007 1210 2048 ex
1240 1993 1575 2048 humanitate
1597 2033 1612 2058 ,
1657 1988 1751 2049 sed
1790 2007 1907 2048 sum
1943 2001 2135 2063 potens

553 2095 620 2136 ex
647 2080 948 2158 divinitate,
973 2084 1120 2140 Ecce.
1148 2085 1312 2153 Quasi
1339 2087 1512 2143 dicat:
1539 2087 1596 2142 lu
1621 2089 1725 2143 hoc
1744 2094 1986 2158 apparet,
2009 2086 2136 2157 quia

553 2183 622 2224 ex
643 2185 762 2226 mea
791 2155 991 2229 virtute
1018 2189 1223 2244 pennas
1253 2178 1456 2246 sumpsi
1489 2193 1594 2232 non
1622 2178 1816 2243 aliena,
1853 2179 1979 2248 quia
1999 2177 2138 2231 elon-

553 2264 695 2331 gavi,
727 2263 881 2336 longe
909 2267 1141 2332 recessi,
1179 2267 1382 2338 fugiens
1413 2267 1675 2323 lutulenta
1719 2269 1883 2323 corda
1921 2266 2138 2323 Iudaeo-

556 2369 702 2419 rum,
728 2365 776 2409 et
811 2358 980 2411 mansi
1008 2358 1063 2412 in
1089 2357 1390 2426 solitudine,
1423 2359 1474 2414 id
1503 2368 1606 2424 est,
1640 2359 1693 2413 in
1724 2359 1977 2414 cordibus
2003 2373 2134 2430 gen-

557 2439 729 2498 tilium
761 2445 852 2514 qui
895 2446 1216 2502 infructuosi
1257 2456 1415 2502 erant
1451 2457 1505 2502 et
1544 2448 1730 2504 inculti
1763 2448 1900 2520 lege,
1932 2456 1988 2503 et
2009 2461 2140 2518 pro-

555 2533 842 2602 phetarum
867 2535 1092 2607 scriptis
1116 2545 1170 2592 et
1200 2538 1626 2607 patriarcharum
1672 2538 1977 2609 exemplis;
2016 2537 2140 2606 vel,

556 2641 672 2679 ecce
699 2624 804 2681 feci
840 2627 980 2696 quod
1004 2627 1272 2684 volebam.
1304 2629 1369 2684 Et
1399 2630 1593 2686 merito
1619 2631 1721 2686 hoc
1746 2630 1896 2700 potui
1929 2629 2139 2697 facere,

558 2713 683 2784 quia
713 2717 1071 2786 exspectabam
1095 2735 1212 2774 eum
1248 2721 1338 2790 qui
1364 2719 1566 2775 salvum
1594 2737 1674 2776 me
1702 2721 1821 2791 fecit
1855 2739 1888 2776 a
1915 2720 2140 2792 pusilla-

560 2805 795 2862 nimitate
837 2809 1052 2878 spiritus
1082 2820 1128 2864 et
1165 2821 1504 2882 tempestate:
1551 2813 1676 2882 quia
1721 2829 1843 2868 cum
1883 2813 2142 2884 patientia

558 2895 922 2953 obedientiam
956 2900 1184 2970 implens
1209 2916 1308 2971 ego
1337 2902 1644 2959 Dominicus
1673 2904 1835 2960 homo
1870 2919 1976 2960 non
2019 2919 2144 2973 pro-

557 2995 812 3056 peranter
839 2988 944 3059 egi,
975 2989 1068 3044 sed
1095 2992 1474 3060 exspectabam
1506 3005 1652 3056 eum,
1681 2993 1887 3048 scilicet
1907 2993 2143 3049 Verbum

561 3075 692 3128 mihi
735 3077 1092 3144 personaliter
1136 3079 1381 3144 unitum,
1423 3081 1515 3150 qui
1561 3079 1777 3135 tandem
1813 3081 2018 3135 salvum
2058 3096 2144 3136 me

561 3163 693 3220 fecit
726 3165 866 3232 ideo,
895 3168 1021 3236 quia
1049 3183 1170 3221 eum
1196 3169 1502 3238 exspectavi
1532 3188 1564 3223 a
1588 3169 2018 3238 pusillanimitate
2040 3171 2145 3241 spi-

2235 2011 2351 2048 nem
2373 1994 2428 2049 in
2451 1994 2675 2048 civitate.
2705 1993 2863 2063 Digni
2885 2001 3011 2049 sunt
3044 1993 3146 2049 hac
3173 2005 3358 2063 poena,
3387 1989 3662 2061 quoniam
3689 1989 3816 2041 cives

2234 2092 2361 2140 sunt
2401 2090 2457 2138 et
2493 2097 2599 2137 non
2623 2082 2858 2138 civiliter
2883 2083 3090 2148 vivunt,
3116 2091 3174 2137 et
3213 2081 3337 2137 ideo
3367 2080 3598 2152 gravius
3635 2078 3813 2134 debent

2234 2169 2432 2240 perire.
2457 2169 2661 2226 Civitas
2706 2170 2850 2224 enim
2893 2178 2978 2226 est
3032 2169 3373 2240 congregatio
3419 2167 3712 2222 hominum
3759 2165 3812 2217 ad

2230 2265 2353 2335 jure
2381 2264 2686 2320 vivendum.
2715 2264 2782 2319 Et
2807 2262 2976 2319 Judaei
2999 2263 3066 2318 ad
3092 2261 3562 2333 comparationem
3591 2260 3809 2332 gentium

2237 2355 2384 2412 cives
2407 2368 2584 2422 erant,
2611 2355 2736 2426 quia
2765 2355 2936 2426 legem
2961 2362 3282 2425 acceperant
3310 2369 3432 2424 qua:
3462 2368 3568 2409 eos
3604 2366 3812 2420 congre-

2237 2462 2364 2518 gare
2392 2447 2578 2503 debuit
2615 2447 2683 2504 ad
2717 2446 2840 2518 jure
2877 2447 3184 2503 vivendum.
3213 2446 3272 2501 In
3316 2446 3422 2502 hac
3463 2446 3698 2501 civitate
3731 2443 3810 2497 ini-

2237 2539 2416 2610 quitas
2443 2539 2641 2594 eratin
2679 2553 2862 2610 opere,
2904 2539 2970 2595 ad
3009 2538 3113 2594 hoc
3140 2537 3284 2608 quod
3310 2537 3468 2604 dixit,
3501 2537 3811 2605 praecipita:

2238 2629 2420 2684 omnia
2449 2642 2638 2683 eorum
2670 2642 2833 2698 opera
2857 2637 3013 2683 erant
3043 2635 3231 2683 contra
3257 2627 3549 2683 Dominum
3568 2667 3590 2692 ,
3614 2637 3809 2681 eontra-

2239 2720 2402 2776 dictio
2447 2720 2500 2774 in
2538 2718 2737 2786 verbis,
2769 2721 2836 2774 ad
2875 2720 2979 2776 hoc
3016 2721 3158 2791 quod
3188 2720 3345 2786 dixit,
3378 2721 3585 2775 divide.
3622 2719 3694 2775 Et
3723 2734 3808 2772 non

2239 2810 2411 2866 solum
2427 2809 2543 2866 hac
2558 2820 2682 2866 sunt
2699 2811 2750 2865 in
2775 2811 2862 2866 illa
2879 2811 3118 2877 civitate,
3136 2812 3229 2868 sed
3251 2812 3303 2866 in
3325 2812 3588 2867 omnibus
3615 2811 3809 2880 majori-

2241 2907 2343 2958 bus
2393 2911 2450 2957 et
2498 2901 2841 2959 minoribus:
2874 2911 2930 2959 et
2982 2915 3090 2958 non
3143 2903 3210 2959 ad
3251 2913 3486 2974 tempus,
3531 2904 3636 2960 sed
3690 2904 3808 2958 dicta

2242 3001 2412 3059 nocte,
2461 2992 2514 3048 id
2559 3001 2662 3059 est,
2721 2992 2933 3048 assidue
2985 2992 3324 3047 circumdabit
3378 3009 3495 3047 eam
3543 2993 3805 3056 civitatem

2243 3084 2489 3154 iniquitas
2515 3085 2692 3140 omnis
2732 3101 2887 3154 super
2915 3101 3093 3140 muros
3119 3085 3251 3154 ejus,
3308 3083 3722 3151 circumdabit,
3766 3083 3805 3135 id

2245 3181 2349 3240 est,
2383 3174 2735 3244 amplectetur
2769 3174 3163 3232 multitudinem
3189 3175 3370 3246 populi
3398 3175 3568 3240 illius,
3601 3191 3723 3246 qua:
3745 3182 3809 3228 est

563 3253 719 3320 ritus,
748 3253 798 3308 id
825 3263 930 3320 est,
972 3236 1368 3323 imbecillitate,
1401 3267 1459 3312 ut
1487 3257 1540 3313 in
1572 3236 1732 3313 i’etro
1757 3267 1812 3314 et
1837 3260 1889 3313 in
1917 3258 2035 3315 aliis
2063 3236 2144 3314 di-
2169 3236 2215 3297 (ἶ
2247 3236 2349 3321 sibi
2379 3236 2710 3326 munimento
2738 3266 2892 3336 quasi
2922 3281 3133 3332 murus,
3157 3236 3426 3322 inta-ntum
3458 3274 3520 3322 ut
3553 3236 3806 3336 ⁷ὶιιίψιίιῖιςι

567 3344 788 3413 scipulis
814 3345 926 3416 qui,
957 3347 1105 3416 prius
1129 3347 1304 3416 pusilli
1338 3348 1525 3414 animi,
1556 3347 1773 3403 fuerunt
1800 3357 1920 3419 post
1945 3347 2144 3403 Christi

561 3434 920 3490 avolationem
946 3437 1165 3492 ﬁrmati.
1196 3437 1262 3492 Et
1297 3454 1328 3492 a
1361 3446 1680 3508 tempestate
1709 3454 1822 3492 mea
1843 3479 1858 3504 ,
1894 3439 1949 3494 id
1974 3447 2080 3504 est,
2113 3453 2145 3493 a

561 3525 855 3580 saevissima
887 3528 1278 3596 persecutione.
1325 3529 1392 3583 Et
1433 3529 1487 3582 in
1536 3529 1640 3584 hoc
1685 3528 1986 3597 exemplum
2023 3529 2146 3582 vita:

560 3614 764 3682 praebet
790 3614 1040 3687 Christus
1081 3625 1244 3687 eaput
1291 3617 1550 3672 membris
1596 3617 1708 3672 suis
1753 3617 1896 3686 quod
1934 3617 2038 3672 illis
2075 3618 2147 3672 sit

561 3705 851 3774 agendum,
878 3721 999 3761 eum
1023 3708 1248 3762 multum
1272 3708 1518 3762 laborent
1544 3708 1597 3762 in
1630 3709 1859 3763 subditis
1879 3717 1936 3763 et
1952 3722 2144 3779 parum

563 3794 874 3862 proliciant,
902 3796 1109 3852 scilicet
1137 3796 1551 3866 confugiendum
1582 3797 1665 3851 vel
1701 3812 1926 3868 corpore
1962 3799 2016 3852 in
2047 3797 2146 3853 ali-

565 3897 724 3952 quem
757 3893 1025 3939 secretum
1085 3885 1300 3952 locum,
1344 3885 1430 3941 vel
1486 3887 1632 3942 intus
1689 3886 1755 3941 ad
1801 3885 2145 3956 tranquillam

563 3973 762 4028 mentis
816 3975 1032 4029 sedem:
1081 3983 1141 4029 ut
1195 3975 1322 4045 quia
1375 3974 1668 4032 laborando
1714 3984 1768 4030 et
1805 3975 2145 4046 praedicando

564 4063 827 4132 prolicere
884 4077 989 4117 non
1031 4074 1255 4134 possunt
1279 4105 1294 4129 ,
1324 4065 1536 4134 prosint
1583 4066 1664 4120 eis
1687 4065 1772 4120 vel
1799 4064 2008 4120 orando
2032 4105 2048 4130 ,
2078 4078 2146 4120 ne

561 4168 688 4208 cum
725 4152 919 4208 talibus
952 4155 1219 4209 versando
1239 4156 1420 4212 odium
1449 4157 1690 4211 incidant
1715 4197 1730 4221 ,
1759 4156 1902 4226 quod
1930 4156 2036 4211 illis
2062 4165 2148 4212 est

562 4243 915 4314 prohibitum,
939 4245 1066 4316 quid
1093 4246 1295 4302 dictum
1325 4255 1427 4313 est,
1457 4246 1665 4318 Diligite
1691 4247 1928 4302 inimicos
1955 4257 2145 4302 vestros

564 4336 778 4407 (Matth.
812 4337 888 4409 v).
927 4338 995 4393 Et
1017 4347 1094 4406 tu,
1129 4338 1369 4407 Domine,
1401 4341 1492 4409 qui
1521 4340 1728 4397 salvum
1772 4356 1858 4397 me
1909 4341 2084 4397 fecisti
2115 4355 2142 4395 a

565 4434 882 4497 tempestate
928 4428 1238 4486 Judzeorum
1260 4471 1275 4496 ,
1306 4431 1431 4501 quia
1466 4432 1778 4502 iniquitates
1805 4448 1933 4488 suas
1975 4433 2027 4488 in
2059 4446 2146 4487 me

562 4519 988 4588 declinaverunt,
1019 4521 1300 4595 Prwcipita
1327 4539 1421 4580 eos
1445 4534 1494 4579 et
1517 4525 1688 4580 divide
1711 4526 1917 4598 linguas
1938 4541 2138 4581 eorum.

563 4607 699 4687 Tres
732 4611 987 4667 historias
1011 4613 1101 4670 hie
1122 4616 1320 4687 tangit:
1358 4617 1786 4672 submersionem
1814 4616 2016 4674 factam
2040 4615 2141 4670 sub

563 4686 678 4754 Noe
725 4699 877 4770 (Gen.
930 4705 1062 4774 vn),
1104 4686 1422 4760 divisionem
1483 4706 1789 4776 linguarum
1839 4708 2036 4765 factam
2090 4712 2142 4766 in

564 4789 918 4847 aedificatione
948 4796 1110 4850 turris
1135 4795 1322 4868 (Num.
1337 4797 1475 4869 va),
1492 4799 1911 4855 ahsorhitionem
1933 4801 2142 4857 Dathan

565 4887 622 4935 et
671 4881 898 4947 Abiron,
932 4885 1022 4954 qui
1074 4887 1180 4941 duo
1230 4896 1550 4955 spreverunt
1585 4887 1765 4943 Aaron
1791 4889 2141 4945 constitutum

565 4985 595 5023 a
622 4969 849 5025 Domino
889 4973 1225 5028 sacerdotem
1271 4989 1368 5044 per
1391 4990 1607 5028 manum
1643 4974 1808 5046 Moysi
1838 4975 2026 5030 fratris
2060 4978 2142 5032 sui

563 5067 622 5114 et
647 5070 872 5132 accepto
901 5062 1172 5118 thuribulo
1201 5073 1484 5134 cmperunt
1519 5064 1828 5120 sacriﬁcare
1865 5067 1917 5119 in
1963 5067 2142 5121 taber-

565 5152 790 5219 naculo;
822 5153 914 5210 sed
958 5163 1142 5224 aperta
1173 5166 1257 5211 est
1289 5167 1433 5211 terra
1466 5196 1480 5219 ,
1521 5165 1576 5211 et
1620 5157 1900 5226 deglutivit
1930 5159 2137 5214 Dathan

565 5250 624 5296 et
662 5243 865 5299 Ahiron
893 5244 1057 5299 duces
1097 5244 1389 5316 impietatis
1419 5245 1582 5299 illius.
1609 5245 1874 5300 Cteteram
1903 5247 2142 5303 multitu-

566 5329 744 5386 dinem
771 5334 1196 5389 consentientem
1227 5335 1363 5398 istis,
1389 5335 1718 5402 consumpsit
1750 5336 1889 5406 ignis
1909 5339 1976 5392 de
2003 5339 2141 5395 coelo

568 5433 580 5437 _
673 5420 685 5431 ο
764 5436 785 5440 _
817 5420 981 5449 ’νυ-μ
1033 5422 1145 5462 Tha
1217 5420 1331 5458 Νη..
1386 5423 1486 5464 ’,ηρ
1535 5422 1666 5472 dicit
1713 5427 1948 5477 (“ﬂando
2047 5429 2140 5478 ge"

2245 3356 2317 3411 sit
2337 3369 2500 3424 super
2528 3355 2647 3411 illos
2671 3371 2875 3421 muros,
2902 3364 2962 3411 ut
2995 3364 3212 3426 superet
3237 3364 3420 3426 caput,
3448 3357 3502 3412 id
3529 3367 3646 3420 est,
3678 3370 3807 3410 nien-

2245 3454 2353 3500 tem
2378 3459 2587 3501 eorum.
2615 3444 2708 3502 Sic
2731 3445 2860 3503 caeci
2890 3453 3016 3500 sunt
3055 3453 3115 3498 ut
3153 3445 3284 3500 nihil
3311 3454 3476 3517 agant
3503 3433 3721 3500 ratione
3741 3443 3804 3497 vel

2243 3533 2360 3606 lege
2393 3536 2534 3604 quod
2564 3535 2733 3600 alibi._
2756 3533 2826 3610 Et
2852 3536 2908 3590 in
2940 3536 3178 3590 verticem
3206 3536 3374 3606 ipsius
3410 3537 3674 3608 iniquitas
3709 3536 3802 3604 ejus

2244 3623 2513 3692 descendet
2537 3623 2557 3695 (
2580 3623 2726 3678 Psal.
2780 3639 2852 3678 vn
2872 3623 2912 3695 ).
2953 3621 3022 3678 Et
3071 3625 3126 3678 in
3177 3625 3346 3679 medio
3373 3625 3512 3695 ejus,
3544 3625 3602 3680 id
3632 3636 3730 3688 est,
3758 3625 3800 3675 in

2245 3714 2538 3783 majoribus
2586 3715 2678 3785 qui
2727 3722 2853 3770 sunt
2903 3715 3056 3784 quasi
3113 3729 3237 3769 ossa
3287 3715 3340 3769 in
3394 3715 3581 3770 medio
3634 3715 3798 3786 posita.

2243 3808 2412 3874 labor,
2461 3810 2515 3866 id
2561 3819 2665 3876 est,
2693 3813 2970 3882 oppressio
3016 3812 3376 3878 subditorum,
3426 3821 3477 3867 et
3507 3813 3738 3882 justitia,
3763 3812 3802 3864 id

2243 3907 2346 3965 est,
2380 3900 2576 3971 iniusta
2601 3901 2823 3972 judicia.
2848 3901 2925 3957 De
2952 3903 3147 3972 quibus
3169 3902 3400 3958 dicitur':
3441 3900 3536 3957 Va:
3561 3904 3717 3958 vobis
3733 3904 3801 3971 qui

2235 3989 2544 4059 justi/icatis
2582 3991 2798 4062 impium
2832 4008 2928 4062 pro
2967 3992 3288 4056 muneribus,
3331 4002 3379 4046 et
3402 3993 3678 4063 justitiam
3691 3991 3801 4062 justi

2245 4081 2466 4149 aufertis
2499 4082 2565 4135 ab
2592 4098 2652 4136 eo
2682 4081 2700 4152 (
2724 4079 2835 4136 Isa.
2857 4099 2892 4136 v
2912 4081 2930 4152 )
2951 4122 2965 4146 ,
2993 4081 3076 4137 vel
3108 4097 3262 4151 super
3282 4098 3461 4136 muros
3485 4083 3606 4152 ejus
3633 4083 3793 4150 iniqui-

2246 4181 2344 4236 tas,
2378 4171 2432 4227 id
2461 4179 2566 4238 est,
2596 4187 2760 4243 super
2785 4172 3034 4243 przelatos
3061 4172 3153 4241 qui
3197 4185 3316 4226 eam
3352 4173 3631 4238 muniunt,
3658 4174 3799 4230 lator,

2246 4262 2298 4320 id
2352 4271 2438 4318 est
2463 4263 2684 4329 bellum,
2724 4263 2937 4330 seditio,
2990 4272 3046 4318 et
3080 4263 3183 4319 hoc
3228 4263 3370 4330 ideo,
3418 4265 3549 4333 quia
3579 4264 3654 4320 ibi
3687 4265 3798 4331 ἕψει

2244 4352 2412 4418 stitia,
2442 4353 2525 4409 vel
2546 4394 2563 4420 ,
2589 4370 2758 4424 super
2785 4369 2963 4431 muros
2991 4350 3417 4425 ejus-iniquitas,
3444 4355 3498 4410 id
3530 4364 3636 4421 est,
3665 4368 3797 4422 super

2245 4443 2545 4498 custodiam
2590 4443 2924 4513 angelorum,
2972 4452 3033 4497 ut
3077 4441 3248 4511 major
3277 4443 3347 4498 sit
3372 4444 3637 4514 iniquitas
3661 4457 3795 4514 quam

2245 4531 2554 4600 angelorum
2591 4533 2853 4589 custodia.
2880 4532 2947 4600 Ο,
2986 4533 3110 4590 boui
3160 4534 3362 4589 habent
3387 4536 3610 4606 angelos
3634 4544 3795 4591 custo-

2246 4620 2361 4686 des,
2385 4620 2477 4676 sed
2503 4620 2630 4677 mali
2649 4637 3024 4693 quamcunque
3045 4623 3342 4679 custodiam
3369 4638 3401 4677 a
3424 4638 3487 4678 se
3517 4624 3791 4695 repellant:

2243 4722 2290 4766 et
2336 4712 2393 4766 in
2432 4713 2606 4767 medio
2666 4713 2803 4782 ejus,
2855 4714 2906 4769 id
2957 4723 3060 4779 est,
3122 4713 3174 4767 in
3203 4714 3480 4769 communi
3522 4724 3630 4769 tam
3681 4711 3795 4782 apud

2242 4806 2514 4877 principes
2545 4821 2706 4876 quam
2734 4807 2876 4876 apud
2916 4807 3148 4875 plebem,
3181 4805 3328 4861 labor
3359 4815 3407 4861 et
3450 4807 3729 4876 iujustitia,
3753 4804 3792 4856 id

2244 4904 2348 4959 est,
2379 4895 2644 4952 laboriosa
2693 4897 2974 4967 injustitia.
3009 4898 3102 4953 Vel
3149 4897 3250 4968 ipsi
3308 4898 3526 4953 modum
3576 4900 3629 4954 in
3657 4895 3792 4954 aliti-

2244 4983 2430 5040 candis
2459 4985 2627 5039 muris
2671 4987 2961 5051 excedunt,
2991 4996 3047 5041 et
3082 4987 3227 5057 ipsos
3270 5002 3460 5043 muros
3485 4989 3666 5044 studio
3693 5002 3789 5056 pn-

2243 5073 2427 5130 vitatis
2470 5086 2746 5145 superant.
2781 5077 3026 5134 Ostendit
3072 5093 3138 5134 ex
3170 5088 3323 5149 parte
3371 5095 3498 5150 qua:
3539 5079 3789 5149 injustitia.

2248 5160 2314 5214 lit
2352 5180 2454 5218 non
2477 5164 2662 5234 defecit
2685 5166 2749 5220 de
2771 5165 2957 5236 plateis
2989 5167 3103 5238 ejus
3139 5184 3322 5233 usura,
3354 5168 3406 5222 id
3431 5177 3538 5235 est,
3568 5169 3622 5222 in
3650 5166 3790 5222 mani-

2246 5247 2383 5308 festo
2411 5252 2612 5308 habent
2637 5269 2873 5320 usuram,
2904 5257 3046 5324 quod
3072 5256 3494 5326 perditissimam
3521 5266 3626 5313 est.
3649 5257 3789 5312 Omne

2246 5339 2388 5396 enim
2435 5342 2634 5396 malum
2677 5344 3064 5400 exsecrabilius
3116 5345 3386 5409 redditur,
3433 5359 3562 5400 cum
3607 5344 3788 5416 publica

2246 5433 2663 5488 orsisumntione
2699 5441 2982 5488 tractatur.
3030 5433 3099 5487 Et
3139 5434 3313 5491 dolus.
3365 5435 3417 5488 id
3443 5443 3551 5492 est.
3591 5437 3786 5488 circnm-
