3884 5732
25 370 169 424 417

1146 364 1673 426 ENARRATIONES
1713 364 1780 421 IN
1821 366 2136 424 PSALMOS

2491 343 2534 351 ..-
2561 343 2578 348 -
2611 338 2682 366 ...η

3216 371 3319 426 M8

25 489 218 552 sima,
245 502 398 556 quam
422 485 741 555 quiexcrcet
767 483 964 538 frustra
982 485 1311 539 Dominicam
1336 486 1632 538 orationem
1663 486 1708 543 Α
1744 485 1906 539 Ι)ειιιιι
1938 485 2108 538 direxi
2147 500 2244 554 pro
2273 485 2690 554 perseverantia.
2742 484 2902 552 Quasi
2943 484 3086 539 dicat
3115 502 3127 538 :
3165 485 3236 539 ita
3263 492 3319 540 et

25 589 267 642 caritat,
283 593 396 632 cum
416 578 632 646 gravius
645 577 875 630 sumitur
891 576 1119 630 vindicta
1136 591 1294 644 quam
1317 576 1386 629 sit
1406 575 1629 640 oll'cnsa,

26 680 99 722 ιιι
133 684 243 736 pro
270 667 490 736 colapho
518 666 890 720 homicidium.
921 666 986 720 Et
1014 666 1056 720 si
1080 665 1289 736 publice
1319 667 1369 719 id
1401 681 1505 720 non
1532 683 1630 719 au-

27 759 181 811 dent
205 757 386 811 dolose
410 755 613 810 faciunt
630 773 642 809 :
662 765 715 811 et
739 757 877 821 ideo,
895 755 1436 826 Domine,prmcipita,
1459 755 1633 808 divide

30 851 266 917 linguas
292 848 633 918 eorum,quia
655 849 852 918 injuste
890 849 1097 913 vivunt,
1133 863 1162 901 a
1183 849 1380 918 quibus
1406 849 1634 903 maxime

36 940 382 993 cavendum.
434 939 589 993 Nulla
640 939 782 993 enim
832 939 999 1009 peslis
1052 937 1318 994 efficacior
1346 937 1409 992 ad
1440 954 1636 992 nocen-

27 1027 173 1080 dum
213 1041 378 1096 quam
413 1026 692 1082 familiaris
722 1027 987 1083 inimicus.
1023 1026 1281 1093 Quoniam
1314 1029 1359 1080 si
1395 1027 1636 1080 inimicus

29 1118 262 1173 scilicet
294 1126 514 1188 apertus
550 1119 899 1173 maledixisset
941 1119 1096 1184 mihi,
1139 1120 1498 1172 sustinuissent
1529 1119 1636 1172 uti-

26 1226 161 1277 que.
191 1210 555 1266 Tolerabilius
581 1210 726 1266 enim
753 1211 961 1265 videtur
987 1210 1128 1280 quod
1159 1210 1416 1282 probatur
1440 1210 1639 1280 suscipi

29 1316 149 1353 non
183 1301 525 1372 inopinatum
557 1319 569 1356 :
601 1303 648 1356 si
689 1303 928 1356 inimicus
969 1302 1057 1356 ille
1092 1301 1180 1372 qui
1214 1302 1347 1356 civis
1384 1317 1491 1356 non
1534 1309 1636 1366 est,

29 1389 131 1457 qui
163 1377 329 1444 idola
369 1389 526 1454 colit,
567 1388 918 1444 maledixisset
959 1390 1107 1454 mihi,
1139 1389 1450 1459 denegando
1485 1389 1537 1443 in
1583 1405 1640 1443 se

24 1480 126 1549 jus
156 1496 322 1535 suum
346 1479 588 1536 Creatori
615 1496 732 1547 suo,
756 1481 1116 1534 sustinuissent
1141 1481 1347 1551 utique,
1377 1481 1427 1535 id
1449 1491 1549 1547 est,
1573 1479 1640 1535 ab

32 1569 148 1623 hac
196 1570 450 1638 prmsenti
497 1584 656 1639 poena
699 1585 977 1641 parcerem
1019 1571 1092 1635 ei,
1132 1585 1196 1624 eo
1235 1571 1378 1640 quod
1421 1587 1525 1625 non
1564 1569 1638 1624 fui

31 1660 442 1728 pramuntiatus
468 1661 541 1715 illi
571 1661 764 1730 populo
794 1653 1074 1717 ferendum
1103 1662 1396 1716 videretur.
1431 1661 1496 1715 Et
1519 1662 1564 1716 si
1595 1663 1638 1716 is

30 1751 132 1816 qui
160 1750 345 1804 oderat
373 1767 454 1805 me
476 1751 681 1806 scilicet
706 1761 908 1822 aperte,
941 1752 1032 1822 qui
1059 1767 1117 1807 se
1140 1752 1310 1807 civem
1336 1768 1441 1806 non
1472 1752 1638 1806 simu-

1733 589 1829 628 vos
1859 573 2017 628 facile
2054 575 2103 628 in
2138 575 2439 645 bujusmodi
2471 576 2705 645 negotio.
2749 573 2814 627 Et
2860 591 2939 627 me
2991 574 3315 628 clamantem

1731 667 1951 720 salvavit
1980 683 2201 736 vespere,
2237 685 2387 721 mane
2416 678 2464 721 et
2491 668 2726 732 meridie,
2767 667 2818 720 id
2847 677 2950 730 εει,
2981 667 3032 719 in
3068 667 3320 734 passione

1733 769 1851 824 quae
1877 755 2087 824 vesperi
2115 756 2314 825 incepit
2347 756 2576 810 salvavit
2602 756 2778 810 dando
2802 755 3136 824 patientiam,
3169 770 3320 807 mane

1734 845 1965 899 salvavit
1987 846 2166 900 dando
2201 847 2677 902 resurrectionem.
2709 846 2839 913 Qua,-
2871 861 3028 900 mane
3065 844 3203 899 facta
3238 851 3323 898 est

1735 950 1859 989 cum
1889 935 2066 988 adhuc
2098 936 2332 990 tenebrae
2373 946 2592 1001 essent,
2631 945 2685 989 et
2714 937 2929 990 meridie
2970 935 3197 990 salvavit
3228 949 3324 1002 per

1737 1025 2107 1079 ascensionem
2157 1042 2276 1095 qua:
2324 1042 2390 1080 co
2437 1036 2673 1096 tempore
2707 1027 2844 1080 facta
2895 1036 2998 1082 est.
3033 1027 3098 1083 Et
3141 1042 3240 1095 ego
3269 1027 3322 1081 in

1738 1117 1994 1171 membris
2031 1116 2163 1170 meis
2198 1117 2420 1170 narrabo
2471 1135 2673 1187 vespere
2714 1119 3028 1186 patientiam
3071 1133 3244 1171 meam
3275 1127 3323 1171 et

1737 1205 2060 1261 annuntiabo
2104 1222 2255 1259 ntanc
2299 1207 2463 1260 vitam
2512 1207 2948 1262 resurrectionis.
2993 1207 3059 1260 Et
3110 1208 3326 1262 meridie

1736 1296 1978 1350 exaudiet
2012 1311 2186 1348 vocem
2224 1312 2417 1349 meam.
2459 1295 2608 1350 Sicut
2637 1297 2852 1352 meridie
2879 1311 2962 1350 me
2985 1297 3323 1361 clarificavit,

1721 1387 1808 1441 ‘ita
1856 1396 1907 1441 et
1939 1402 2087 1440 meos
2120 1386 2367 1451 meridie,
2421 1388 2474 1441 id
2523 1398 2626 1450 est,
2677 1389 2729 1443 in
2761 1389 3034 1444 connnuni
3085 1405 3324 1443 resurre-

1737 1478 1938 1541 ctione,
1967 1492 2087 1532 cum
2120 1479 2353 1531 maxima
2400 1478 2666 1533 claritudo
2700 1479 2808 1533 veri
2840 1479 2969 1534 solis
3004 1480 3128 1540 erit,
3157 1497 3324 1534 exau-

1736 1567 1838 1620 diet
1869 1583 1953 1622 me
1976 1567 2340 1633 clarificando,
2369 1569 2506 1632 illos,
2535 1568 2617 1623 vel
2650 1585 2852 1639 vespere
2879 1579 2924 1623 et
2954 1586 3106 1623 mane
3133 1570 3186 1624 id
3209 1578 3320 1635 est,

1737 1657 1790 1712 in
1818 1659 2201 1730 prosperitate,
2241 1660 2364 1729 quia
2401 1669 2526 1715 tunc
2554 1670 2636 1715 est
2672 1677 2766 1714 aer
2793 1670 3159 1730 temperatus:
3191 1677 3320 1714 nar-

1737 1749 1862 1802 rabo
1887 1759 1934 1803 et
1955 1750 2294 1812 annuntiabo,
2316 1750 2528 1805 scilicet
2551 1750 2898 1807 clamandum
2924 1753 2989 1804 ad
3015 1752 3322 1816 Dominum,

35 1841 215 1906 labat,
249 1860 404 1914 super
423 1860 501 1898 me
524 1861 711 1915 magna
743 1843 948 1899 loculus
973 1845 1178 1914 fuisset,
1210 1843 1340 1898 mibi
1368 1845 1638 1898 eontradi-
1670 1846 1712 1904 Β
1739 1850 1785 1894 et
1809 1840 2047 1902 meridie,
2076 1840 2128 1894 id
2159 1849 2272 1906 est,
2313 1841 2367 1894 in
2413 1842 2778 1908 adversitate,
2822 1842 2945 1912 quia
2973 1854 3097 1898 tunc
3124 1853 3202 1898 est
3235 1861 3328 1897 aer

34 1932 247 1996 cendo,
279 1934 661 1988 abscondissem
701 1951 782 1989 me
819 1935 1043 2005 forsitan
1075 1935 1138 1988 ab
1179 1952 1260 2000 eo,
1300 1935 1544 2004 forsitan,
1587 1934 1639 1989 id

35 2034 155 2087 est,
187 2040 316 2079 vere
351 2026 726 2081 subtraherem
755 2043 839 2082 me
866 2027 936 2093 ei,
967 2038 1025 2082 ut
1051 2027 1128 2082 sic
1157 2042 1278 2080 eum
1319 2027 1588 2096 placarem
1623 2045 1638 2082 :

37 2115 130 2168 vel
162 2116 547 2170 abscondissem
585 2133 664 2170 me
699 2133 728 2170 a
756 2133 936 2186 paena,
959 2117 1346 2172 dissimulando
1374 2115 1488 2184 ejus
1514 2132 1638 2186 pec—

37 2212 258 2257 catum.
310 2203 384 2258 Tu
431 2222 570 2271 vero,
618 2204 800 2262 Judzee
847 2209 1023 2269 homo,
1069 2207 1121 2262 id
1170 2215 1289 2272 est,
1342 2207 1638 2274 rationalis,

39 2304 317 2364 quantum
350 2299 414 2352 ad
462 2299 710 2368 gentiles,
748 2299 839 2369 qui
886 2316 945 2355 se
976 2299 1470 2364 denominaverunt,
1504 2316 1640 2353 una-

42 2385 210 2438 nimis
243 2385 538 2439 secundum
569 2386 995 2451 similitudinem,
1021 2386 1123 2452 vel,
1147 2387 1236 2456 qui
1265 2401 1384 2441 esse
1410 2385 1642 2443 debuisti

41 2476 341 2528 unanimis.
377 2475 501 2530 Dux
544 2493 708 2541 meus,
740 2493 898 2547 quem
933 2494 1032 2548 ego
1077 2478 1143 2532 ad
1190 2479 1292 2532 hoc
1336 2478 1542 2532 institui
1583 2485 1642 2532 ut

42 2579 203 2619 esses
231 2565 335 2619 dux
367 2576 422 2620 et
451 2568 706 2638 magister
737 2570 964 2623 aliorum
999 2569 1296 2624 instructus
1323 2584 1419 2639 per
1447 2569 1638 2639 legem.

44 2655 117 2711 Et
151 2667 306 2711 notus
338 2675 481 2711 meus
513 2660 806 2713 secundum
839 2660 1389 2730 consanguinitatem,
1419 2661 1508 2729 qui
1537 2677 1646 2714 me-

42 2765 170 2800 cum
201 2748 443 2815 capiebas
484 2748 660 2802 dulces
703 2749 864 2815 cibos,
898 2750 1080 2814 idest,
1108 2749 1198 2818 qui
1239 2745 1502 2820 praecepta
1548 2749 1642 2803 Dei

43 2839 229 2894 dulcia
278 2855 486 2893 mecmn
533 2841 784 2911 capiebas
831 2842 883 2896 in
913 2841 1221 2913 Synagoga,
1269 2842 1394 2911 quia
1442 2851 1497 2896 et
1528 2843 1644 2913 ipse

43 2929 301 2984 Christus
339 2930 531 3000 legitur
558 2932 609 2985 in
649 2931 930 3004 Synagoga
975 2932 1166 2986 librmn
1195 2933 1468 3001 accepisse
1497 2941 1551 2987 et
1587 2933 1641 2987 in

43 3037 112 3077 eo
163 3023 360 3093 legisse
387 3021 536 3093 (Luc.
575 3024 672 3093 iv),
701 3023 880 3088 simul,
926 3023 978 3078 id
1019 3032 1120 3088 est,
1155 3023 1343 3078 eodem
1381 3030 1638 3092 tempore.

47 3112 118 3166 Et
165 3115 222 3166 in
262 3113 418 3166 domo
449 3112 544 3166 Dei
573 3113 953 3168 ambulavimus
984 3130 1100 3167 cum
1143 3129 1418 3179 consensu,
1455 3113 1506 3167 id
1536 3121 1640 3178 est,

1747 1930 2176 1986 ferventissimus
2226 1948 2240 1986 :
2291 1933 2392 1986 hoc
2435 1933 2593 1988 modo
2640 1933 2904 1987 exaudiet.
2951 1934 3322 2004 Augustinus:

1746 2041 1766 2074 ι
1800 2021 1866 2076 Ει
1897 2034 1952 2076 ιιι
1983 2024 2242 2077 annuntia
2274 2041 2480 2095 vespere
2502 2025 2818 2094 patientiam
2848 2027 3148 2090 morientis,
3175 2043 3327 2081 mane

1739 2110 1964 2182 gloriam
1996 2113 2350 2183 resurgentis,
2378 2114 2594 2168 meridie
2626 2113 2985 2168 aeternitatem
3017 2129 3138 2168 cum
3165 2114 3328 2180 Patre

1742 2203 2059 2268 residentis,
2099 2204 2188 2258 ubi
2218 2204 2567 2275 interpellans
2592 2220 2690 2276 pro
2719 2205 2852 2272 suis,
2882 2205 3125 2260 exaudiet
3155 2221 3326 2258 vocem

1741 2311 1912 2349 meam
1947 2293 2124 2349 hanc:
2161 2313 2180 2346 ›
2224 2293 2459 2348 Redimet
2503 2297 2555 2348 in
2596 2312 2724 2365 pace
2764 2296 2998 2350 animam
3038 2312 3230 2362 meam,
3269 2297 3324 2349 in

1738 2403 1888 2459 pace,
1917 2394 1977 2442 ut
2000 2387 2090 2442 det
2117 2385 2245 2441 mihi
2275 2387 2638 2452 dilectionem,
2666 2397 2721 2442 et
2750 2387 2803 2441 in
2835 2402 2928 2442 eos
2956 2387 3045 2457 qui
3074 2387 3242 2453 intus,
3273 2397 3328 2442 et

1741 2476 1798 2531 in
1827 2491 1923 2532 eos
1967 2476 2060 2546 qui
2101 2475 2254 2531 foris.
2303 2475 2537 2529 Redimet
2585 2478 2637 2529 in
2687 2493 2814 2546 pace
2859 2479 3091 2530 animam
3133 2493 3328 2544 meam,

1741 2568 1909 2624 vitam
1940 2584 2116 2624 meam
2158 2569 2372 2624 redimet
2403 2584 2432 2623 a
2467 2563 2800 2625 mortalitate
2828 2580 2882 2624 et
2925 2569 3282 2640 passibilitate
3310 2588 3323 2624 :

1740 2659 1797 2712 in
1835 2675 1962 2729 pace
2006 2673 2279 2729 nunquam
2309 2658 2524 2714 valente
2567 2659 2895 2729 Oppositum,
2944 2677 3111 2713 meam
3148 2659 3200 2714 in
3245 2676 3326 2726 re,

1742 2764 1884 2803 nunc
1918 2763 2159 2803 meorum
2212 2748 2264 2802 in
2299 2763 2414 2818 spe,
2461 2747 2547 2803 vel
2578 2749 2630 2802 in
2663 2757 2811 2803 tanta
2853 2763 3007 2818 pace,
3057 2758 3115 2801 ut
3161 2749 3326 2802 etiam

1742 2838 1966 2910 diligam
1995 2839 2265 2894 inimicos.
2300 2840 2376 2892 Ab
2400 2841 2479 2894 his
2515 2842 2605 2911 qui
2632 2841 3048 2910 appropinquant
3081 2840 3229 2893 mihi.
3260 2840 3327 2894 Et

1741 2934 1868 3004 quia
1898 2934 2326 3003 appropinquare
2346 2943 2398 2988 et
2425 2934 2477 2987 in
2507 2934 2703 2987 bonum
2730 2941 2905 3003 potest
2933 2933 3125 3002 accipi,
3155 2934 3327 2986 deter-

1742 3026 1914 3080 minat
1940 3025 2208 3095 quomodo
2240 3023 2768 3095 appropinquabant,
2804 3023 2908 3090 vel,
2946 3023 3066 3079 ideo
3100 3038 3325 3092 separa-
3378 3061 3396 3076 -.

1745 3117 1824 3172 bit
1865 3134 1951 3174 me
1995 3118 2061 3172 ab
2095 3117 2223 3183 illis,
2250 3119 2500 3188 quoniam
2532 3119 2668 3172 inter
2707 3117 2898 3171 multos
2929 3127 3077 3172 erant
3102 3134 3327 3183 mecum,

47 3203 102 3255 in
138 3202 302 3256 domo
340 3202 432 3256 Dei
471 3201 764 3256 concordes
801 3201 1082 3257 sacriﬁciis
1124 3202 1483 3257 interfuimus.
1525 3203 1642 3270 Quo
1670 3192 1714 3255 C
1748 3208 1932 3274 idest,
1971 3208 2228 3276 quoniam
2270 3207 2356 3262 hic
2389 3222 2509 3262 cum
2552 3207 2687 3260 meis
2720 3205 2938 3260 fuerunt
2978 3207 3240 3270 concreti,
3269 3217 3330 3262 ut

48 3310 140 3347 me
177 3293 435 3362 perducis
465 3302 555 3347 tuo
583 3293 820 3348 scelere?
853 3293 1049 3364 Utique
1079 3303 1137 3348 ut
1166 3294 1267 3348 hoc
1292 3293 1467 3348 dicam
1486 3335 1501 3358 ,
1542 3292 1640 3348 Ve-

49 3387 164 3437 niat
200 3399 342 3436 mors
378 3399 535 3452 super
565 3383 700 3438 illos.
739 3384 836 3440 llic
865 3385 1030 3455 tangit
1059 3385 1202 3448 illam
1236 3385 1446 3439 tertiam
1477 3386 1645 3440 bisto-

50 3475 214 3529 riam.
283 3475 437 3529 Sicut
492 3474 793 3529 incendium
852 3475 1194 3530 mortificavit
1247 3476 1646 3530 consentientes

48 3567 350 3634 majoribus
374 3567 579 3620 Datban
601 3575 654 3620 et
676 3567 877 3620 Abiron
904 3565 1093 3636 (Num.
1118 3565 1252 3637 xvi),
1279 3565 1355 3619 sic
1380 3565 1645 3619 incentiva

50 3661 313 3713 vitiorum
352 3660 635 3714 devastent
668 3659 892 3714 istorum
925 3659 1179 3712 minores.
1224 3656 1290 3710 Et
1331 3657 1646 3710 descendant

52 3767 246 3807 eorum
278 3749 484 3820 prtelati
524 3749 575 3802 in
603 3748 866 3818 infernum
894 3749 1136 3812 viventes,
1173 3748 1225 3802 id
1266 3757 1378 3812 est,
1417 3749 1648 3802 scientes

50 3842 392 3896 descendant
438 3841 490 3893 in
541 3839 960 3909 profunditatem
1011 3839 1283 3893 vitiorum.
1334 3839 1408 3892 De
1455 3839 1648 3908 quibus

56 3936 261 3989 dictum
288 3941 390 3996 est,
422 3930 514 3985 Va:
539 3931 676 3985 vobis
699 3931 787 4001 qui
820 3930 1019 3985 habetis
1051 3929 1215 3984 claves
1243 3930 1530 4000 sapientiw,
1563 3947 1650 3982 ue-

55 4040 153 4093 que
178 4024 279 4094 ipsi
305 4023 535 4087 intratis,
559 4037 649 4075 nec
672 4021 803 4075 alios
827 4022 1023 4075 intrare
1049 4021 1340 4088 permittitis
1371 4017 1520 4089 (Luc.
1550 4019 1645 4088 χι).

58 4116 215 4169 Sicut
244 4114 451 4168 Dathan
483 4122 538 4168 et
564 4113 791 4176 Abiron,
822 4127 956 4181 quos
987 4111 1135 4165 vivos
1165 4110 1444 4181 deglutivit
1481 4119 1645 4172 terra,

6 4267 16 4277 κ
57 4217 112 4260 et
144 4205 360 4266 merito,
394 4205 641 4274 quoniam
674 4203 918 4274 nequitia:
944 4203 996 4255 in
1023 4201 1335 4255 habitaculis
1365 4217 1566 4263 eorum,
1597 4201 1646 4252 id

56 4306 159 4358 est,
205 4294 260 4348 in
293 4307 523 4364 corpore
557 4293 697 4362 quod
725 4293 1227 4347 contaminaverunt
1256 4293 1320 4346 de
1356 4306 1518 4362 Opere
1549 4291 1648 4344 ini-

59 4385 305 4455 quitatis.
337 4385 403 4439 Et
434 4385 488 4438 in
526 4384 695 4437 medio
722 4400 922 4446 eorum,
952 4383 1001 4438 id
1034 4393 1136 4448 est,
1175 4382 1227 4436 in
1252 4384 1432 4437 corde.
1477 4383 1650 4438 Aliter

61 4478 114 4530 in
156 4475 356 4529 bonum
391 4493 402 4529 :
443 4474 488 4530 Ο
530 4474 774 4540 Domine,
819 4474 940 4543 quia
971 4474 1114 4528 cives
1141 4482 1284 4538 ειιιιι,
1317 4473 1440 4543 quia
1483 4489 1648 4543 popu-

64 4567 145 4620 Ius
183 4565 272 4620 ille
317 4574 399 4621 est
431 4564 539 4619 dux
583 4580 734 4619 meus
780 4573 834 4618 et
881 4572 1038 4619 notus
1079 4579 1252 4630 meus,
1299 4565 1469 4618 veniat
1508 4581 1646 4618 mors

60 4673 222 4726 super
270 4655 402 4726 illos_
439 4671 459 4710 :
517 4653 667 4710 Verte
718 4655 923 4724 impios,
973 4663 1021 4708 et
1085 4670 1186 4708 non
1245 4662 1394 4706 erunt
1453 4650 1644 4724 (Prov.

64 4723 193 4821 ni).
249 4747 318 4801 Et
366 4723 677 4802 descendant
731 4723 796 4800 in,
831 4746 1092 4814 infernum
1144 4746 1384 4809 viventes,
1438 4723 1490 4799 id
1542 4754 1644 4810 εει,

65 4848 455 4910 recognoscant
513 4848 731 4908 peccata
794 4853 925 4903 sua,
987 4846 1043 4890 et
1106 4836 1413 4906 resculpant
1470 4850 1532 4889 ea
1593 4843 1652 4890 ut

63 4934 172 4987 sint
222 4931 484 4986 viventes.
537 4929 602 4984 Et.
647 4941 783 4997 opus
829 4937 942 4992 est,
995 4927 1249 4995 quoniam
1299 4925 1548 4994 nequitize
1595 4925 1650 4979 in

66 5021 393 5077 habitaculis
430 5034 615 5076 eorum
651 5027 706 5074 et
737 5019 790 5072 in
825 5017 1002 5071 medio
1045 5032 1252 5081 eorum,
1298 5016 1346 5070 id
1385 5026 1487 5081 est,
1517 5031 1651 5086 quo—

67 5113 215 5166 niam
253 5111 321 5165 de
349 5125 510 5180 opere
551 5107 854 5178 iniquitatis
883 5108 1385 5162 contaminaverunt
1428 5121 1646 5162 carnem

67 5208 122 5254 et
151 5209 248 5254 cor
268 5215 442 5254 suum.
477 5200 686 5269 Ubique
732 5197 821 5252 hic
847 5198 1254 5252 commendatur
1283 5197 1436 5252 nobis
1460 5213 1647 5252 exem-

67 5294 218 5361 plum
241 5293 446 5346 vivendi
473 5295 522 5347 in
555 5292 731 5362 capite
762 5299 966 5354 nostro,
991 5298 1046 5343 et
1073 5290 1306 5344 ostendit
1339 5291 1468 5358 quid
1508 5304 1646 5359 prte—

70 5387 165 5440 lati
201 5387 425 5442 debeant
458 5401 616 5458 agere
651 5397 820 5453 super
849 5382 1183 5436 subditorum
1233 5381 1647 5437 incorrectione.

71 5480 150 5533 llli
185 5480 276 5548 qui
304 5479 476 5534 taliter
507 5480 700 5534 vivunt
736 5473 931 5543 triplici
963 5476 1306 5530 damnatione
1344 5477 1597 5546 peribunt
1630 5487 1645 5523 :

70 5573 178 5636 vel,
204 5572 278 5626 illi
303 5573 426 5627 mibi
442 5571 848 5630 contradicunt,
874 5568 946 5621 illi
975 5568 1141 5637 gratis
1163 5582 1247 5620 me
1269 5567 1392 5620 odio
1413 5569 1644 5622 habent:
1669 5565 1674 5574 ‘

70 5680 164 5732 ego
199 5670 366 5716 autem
405 5662 503 5717 illis
538 5677 646 5716 non
691 5656 891 5718 restiti,
930 5655 1052 5710 illos
1097 5671 1201 5710 non
1245 5655 1517 5720 maledixi,
1553 5654 1684 5732 sed,

1744 3300 1899 3370 palea
1925 3315 2046 3354 cum
2086 3314 2277 3370 grano,
2308 3313 2426 3366 quae
2455 3297 2621 3350 multa
2651 3305 2734 3351 est
2772 3296 2837 3350 ad
2869 3297 3329 3365 comparationem

1745 3389 1921 3460 grani,
1952 3388 2035 3442 vel
2058 3388 2353 3443 secundum
2389 3387 2549 3440 aliam
2580 3387 2984 3442 translationem
3019 3403 3034 3442 :
3066 3386 3121 3440 ln
3149 3386 3330 3442 multis

1743 3492 1892 3536 erant
1917 3498 2134 3542 mecum,
2159 3489 2214 3534 et
2235 3481 2336 3534 boc
2359 3480 2516 3534 modo
2538 3479 2902 3549 propinquant
2928 3497 2939 3531 :
2969 3494 3089 3533 nam
3117 3494 3330 3535 mecum

1745 3578 1900 3624 erant
1931 3571 1982 3626 in
2024 3569 2310 3640 baptismo,
2351 3569 2404 3622 in
2436 3568 2748 3638 Evangelio,
2788 3568 2840 3624 in
2874 3567 3329 3634 solemnitatibus,

1748 3659 1798 3712 in
1839 3660 2026 3729 paucis
2062 3676 2166 3715 non
2207 3675 2440 3723 mecum,
2474 3660 2568 3713 sed
2613 3659 2664 3713 in
2704 3659 2788 3712 bis
2826 3659 3014 3728 paucis
3055 3659 3105 3712 in
3135 3659 3332 3728 quibus

1748 3768 1854 3806 non
1879 3768 2111 3816 mecum,
2136 3768 2242 3807 non
2269 3753 2348 3808 eis
2371 3759 2596 3823 prosunt
2616 3751 2780 3806 multa
2807 3751 2858 3804 in
2879 3751 3074 3820 quibus
3098 3765 3329 3807 mecum.

1749 3844 1862 3898 [loc
1892 3843 2022 3897 dicit
2068 3859 2135 3897 ne
2169 3843 2363 3912 aliquis
2401 3843 2669 3911 desperet.
2704 3842 2760 3897 Si
2801 3842 2944 3898 enim
2981 3843 3332 3909 commutari,

1751 3937 1800 3990 id
1827 3943 1931 4001 est,
1963 3934 2205 3990 converti
2252 3934 2473 3999 vellent,
2527 3934 2711 4003 utique
2752 3934 3113 3988 salvarentur.
3165 3933 3332 3989 Multa

1750 4029 1862 4082 bzec
1901 4035 2025 4081 sunt
2072 4025 2311 4096 Apostoli
2353 4024 2459 4079 εει
2500 4026 2692 4097 linguis
2737 4026 3007 4080 hominum
3054 4024 3241 4095 loquar
3285 4034 3333 4079 et

1753 4117 2076 4186 angelorum,
2116 4125 2172 4169 ει
2198 4124 2392 4169 Ctrtcra
2427 4133 2440 4168 :
2475 4131 2664 4185 usque,
2696 4115 3003 4168 charitatem
3031 4124 3204 4167 autem
3231 4131 3334 4170 non

1749 4208 1991 4269 habeam,
2043 4205 2174 4260 nihil
2201 4223 2314 4259 sum
2356 4205 2405 4273 (1
2435 4205 2556 4260 Cor.
2587 4205 2729 4275 xm).
2767 4205 2856 4258 Illa
2896 4220 3122 4260 numero
3153 4206 3333 4276 plura,

1752 4299 1867 4352 hcce
1895 4297 2134 4366 pondere
2178 4295 2410 4363 majora.
2447 4296 2589 4364 Ergo
2629 4296 2680 4348 in
2728 4295 2812 4349 bis
2852 4297 3104 4350 omnibus
3144 4311 3329 4350 sacra-

1754 4389 1948 4442 mentis
1993 4402 2228 4452 mecum,
2273 4388 2326 4441 in
2377 4388 2641 4442 cliaritate
2691 4402 2794 4439 non
2841 4400 3073 4440 mecum.
3119 4386 3332 4438 Revera

1756 4479 1968 4534 redimet
2009 4479 2240 4533 animam
2276 4493 2444 4531 meam
2484 4477 2550 4548 ab
2596 4476 2721 4542 illis,
2768 4476 2892 4544 quia
2944 4492 3029 4531 me
3057 4476 3339 4546 exaltabit,

1754 4571 1874 4625 illos
1896 4567 2129 4636 dejiciet.
2160 4567 2422 4622 Exaudiet
2451 4566 2612 4630 Deus,
2649 4567 2856 4620 scilicet
2883 4583 2967 4622 me
2997 4568 3334 4624 humiliatqu

1752 4659 2062 4725 exaltando,
2093 4668 2140 4711 et
2172 4655 2467 4710 humiliabit
2517 4655 2728 4710 tandem
2769 4655 2889 4712 illos
2933 4657 3020 4712 bio
3050 4657 3240 4719 elatos,
3281 4666 3338 4716 et

1756 4749 1976 4820 poterit,
2018 4746 2142 4816 quia
2180 4756 2254 4800 est
2289 4755 2408 4798 ante
2438 4745 2654 4812 sarcula,
2699 4745 2933 4799 Verbum
2966 4747 3174 4802 scilicet
3203 4747 3335 4803 milii

1753 4840 1980 4902 unitum,
2007 4853 2164 4909 quem
2188 4838 2262 4892 illi
2296 4839 2576 4892 mortalem
2605 4847 2944 4908 putaverunt.
2973 4840 3096 4894 Ideo
3119 4841 3336 4896 tandem

1756 4930 2200 4995 lulmiliabuntnr,
2254 4931 2379 5000 quia
2430 4948 2532 4986 non
2560 4941 2635 4984 est
2677 4929 2783 4984 illis
2837 4930 2926 4985 hic
2977 4931 3336 4989 commutatio,

1753 5021 1950 5077 Nolunt
1984 5021 2300 5077 commutari
2336 5021 2403 5075 de
2438 5031 2611 5077 morte
2637 5021 2703 5074 ad
2739 5021 2930 5086 vitam,
2959 5023 3082 5091 quia
3121 5019 3339 5072 concul-

1753 5123 1876 5169 eant
1895 5115 2208 5185 sanguinem
2228 5111 2357 5183 justi
2384 5113 2436 5166 in
2460 5131 2567 5185 quo
2590 5112 2729 5166 facta
2752 5121 2833 5166 cst
2859 5111 2950 5167 illa
2977 5109 3215 5165 mutatio.
3242 5106 3340 5167 Vel

1753 5205 1872 5261 ideo
1907 5205 2350 5266 lmmiliabuntur,
2381 5208 2508 5274 quia
2545 5220 2646 5259 non
2681 5202 2783 5256 erit
2811 5201 2917 5256 illis
2953 5211 3078 5255 tunc
3101 5211 3342 5250 commu~

1755 5295 1903 5348 latio.
1935 5294 2131 5349 Omnes
2158 5293 2366 5364 quidem
2409 5309 2756 5365 resurgemus,
2783 5291 2872 5342 sed
2903 5308 3002 5344 non
3029 5300 3203 5339 omnes
3246 5283 3339 5338 im-

1753 5385 2073 5437 mulabimur
2117 5383 2172 5456 (1
2215 5379 2333 5437 Cor.
2393 5388 2485 5457 xv)
2545 5403 2556 5437 :
2617 5381 2742 5450 quia
2799 5379 2946 5448 impii
3012 5373 3346 5430 immortales

1751 5473 1967 5542 quidem
2012 5481 2189 5537 erunt,
2239 5471 2329 5526 sed
2378 5473 2683 5541 passibiles.
2739 5466 2805 5517 IL't
2854 5467 3051 5522 merito
3099 5463 3200 5515 hoc
3240 5461 3354 5544 illis.

1750 5562 1980 5622 eveniet,
2009 5562 2132 5631 quia
2165 5577 2265 5614 non
2291 5562 2577 5616 timuerunt
2611 5557 2774 5610 Deum
2809 5569 2968 5622 quem
2995 5551 3144 5622 quasi
3173 5551 3352 5604 horai.-

1752 5666 1873 5705 nem
1904 5651 2311 5710 damnaverunt,
2349 5648 2402 5702 id
2430 5660 2533 5712 est,
2570 5660 2672 5700 me.
2720 5641 2782 5694 Et
2822 5642 2945 5698 ideo
2979 5637 3204 5696 extendit
3236 5654 3362 5724 ητα·-¹
