3918 6442
535 373 644 430 -Ηθ

1178 370 1436 428 REMlGll
1482 360 2127 425 ANTlSSlODORENSlS

2228 360 2326 418 PP.
2357 359 2536 417 PARS
2572 361 2594 416 ι
2627 389 2696 403 --
2732 357 3141 418 EXEGETICA.

3691 355 3802 410 4ὶο

543 486 668 554 quia
692 493 747 539 et
770 483 856 538 hic
881 492 936 538 et
961 483 1013 536 in
1037 482 1235 546 futuro,
1266 493 1320 536 et
1345 484 1446 537 hoc
1485 478 1742 542 ostendit,
1777 475 2118 531 Contamina-
2143 479 2191 538 Α
2219 474 2634 541 ῐίεξίηᾶίεειιεεεε
2661 481 3042 544 apparuerunt,
3075 472 3199 540 quia
3232 469 3449 524 excitati
3472 478 3598 523 sunt
3636 471 3800 523 multi

541 585 723 629 verunt
751 581 1108 627 testamentum
1134 572 1268 640 eius,
1303 573 1352 626 id
1379 579 1480 635 est,
1511 568 1755 638 permisit
1784 567 1900 620 illos
1921 572 2111 619 conta—

544 664 751 718 minare
774 661 966 733 legem,
996 639 1329 715 attendentes
1361 667 1565 714 tantum
1603 656 1888 727 promissa,
1917 639 1977 708 et'
2008 669 2114 708 non

541 755 880 814 attendentes
905 755 1246 825 complentia,
1272 752 1592 823 accipientes
1624 759 1796 812 vetus,
1831 763 1935 802 non
1977 745 2115 801 reci-

542 851 751 921 pientes
783 861 1001 910 novum,
1034 845 1085 899 id
1108 854 1209 909 est,
1237 844 1553 914 recipientes
1575 839 1893 895 sacriﬁcium
1912 837 2114 901 Aaron,

541 939 1008 996 et‘Melchisedech
1034 944 1344 1006 respuentes
1367 953 1380 989 :
1407 935 1511 990 hoc
1531 934 1597 989 de
1615 931 1830 987 iudicis.
1859 929 1914 986 Si
1937 938 2118 984 autem

542 1032 611 1086 de
651 1029 932 1094 hazreticis,
976 1029 1476 1084 contaminavernnt
1512 1033 1891 1081 testamentum
1919 1023 2036 1087 Dei,
2065 1021 2118 1075 id

543 1130 650 1183 est,
706 1134 888 1174 sacras
947 1117 1253 1189 Scripturas
1303 1131 1472 1188 pravo
1513 1115 1780 1171 intellectu
1810 1153 1825 1180 ,
1876 1113 1962 1168 vel
2018 1113 2120 1166 hoc

547 1211 706 1266 modo
752 1228 764 1263 :
822 1209 1045 1263 Abraha:
1093 1210 1247 1263 dicta:
1277 1199 1805 1279 sunt'promissiones
1846 1215 1892 1260 et
1934 1204 2119 1259 semini

543 1302 676 1370 ejus.
727 1299 842 1354 Non
871 1298 1025 1364 dicit,
1071 1308 1119 1352 et
1160 1298 1460 1363 seminibus,
1501 1297 1650 1368 quasi
1689 1297 1744 1348 in
1771 1294 1945 1347 multis
1983 1291 2119 1347 :sed

541 1391 694 1460 quasi
723 1391 779 1444 in
806 1405 930 1452 uno,
953 1399 997 1441 et
1027 1387 1210 1442 semini
1235 1395 1346 1451 tuo,
1373 1388 1461 1457 qui
1479 1396 1550 1440 est
1579 1383 1815 1439 Christus
1847 1381 1988 1455 (Gal.
2011 1382 2116 1451 ιιι).

546 1475 602 1528 1η
635 1475 736 1528 hoc
769 1488 896 1543 ergo
925 1471 1140 1526 Christo
1166 1473 1489 1541 promissum
1517 1478 1598 1525 cst
1625 1475 2026 1525 testamentum.
2052 1465 2120 1520 In

545 1565 739 1619 semine
773 1574 862 1616 tuo
894 1561 1266 1617 benedicentur
1301 1577 1474 1614 omnes
1514 1569 1706 1630 gentes.
1737 1557 1815 1612 Tu
1843 1558 1931 1627 qui
1967 1557 2120 1612 dimi-

547 1655 664 1710 sisti
689 1654 943 1709 unitatem
958 1653 1194 1708 omnium
1211 1651 1472 1719 gentium,
1487 1664 1519 1704 ο
1534 1648 1806 1714 haeretica,
1822 1656 1875 1702 et
1893 1648 1946 1702 in
1967 1656 2122 1718 parte

547 1743 874 1809 remansisti,
903 1741 1281 1798 contaminasti
1330 1747 1707 1795 testamentum
1738 1736 1871 1806 ejus.
1921 1737 1990 1791 Et
2017 1737 2122 1791 hoc

2215 567 2282 622 ad
2321 567 2722 638 investigandas
2763 581 2948 620 sacras
2999 565 3325 634 Scripturas,
3362 563 3514 632 juxta
3556 562 3803 632 Aposto-

2217 656 2326 711 lum
2354 675 2364 709 :
2391 657 2837 728 Oportetjhaareses
2853 668 3050 722 esse,ut
3068 657 3154 726 qui
3172 655 3376 725 probati
3394 663 3513 708 sunt
3536 654 3685 707 inter
3713 671 3804 706 tos

2215 747 2479 816 manifesti
2503 745 2848 819 ﬁant.(lCor.
2877 745 2973 817 xx).
3005 746 3196 800 Molliti
3225 754 3345 799 sunt
3367 760 3633 798 sermones
3659 743 3802 812 ejus,

2217 838 2269 893 id
2289 848 2393 904 est,
2418 837 2692 900 intellecti,
2718 849 2763 893 et
2787 839 2886 909 ipsi
2905 847 3023 892 sunt
3038 836 3242 907 jacula.
3269 834 3434 903 Quasi
3455 835 3604 890 dicat
3635 852 3649 886 :
3685 833 3801 886 Etsi

2217 927 2326 982 sint
2390 928 2613 993 molles,
2657 937 2836 983 tamen
2893 935 3015 983 sunt
3053 924 3229 996 jacula
3269 927 3338 979 ad
3390 923 3806 978 convincendos

2221 1024 2383 1081 falsos
2416 1022 2609 1079 fratres
2635 1033 2823 1078 contra
2873 1023 3180 1078 barreticam
3229 1021 3574 1093 pravitatem,
3632 1019 3804 1072 corda

2219 1117 2558 1173 inimicorum
2591 1115 2978 1185 transﬁgentia,
3012 1117 3184 1186 ignem
3214 1114 3378 1170 divini
3402 1112 3608 1166 amoris
3639 1111 3699 1164 in
3730 1109 3806 1164 eis

2219 1209 2531 1273 excitantia,
2558 1207 2930 1263 interﬁcientia
2973 1214 3369 1276 persecutorem
3393 1212 3447 1258 ει
3473 1200 3803 1262 excitantia,

2220 1298 2559 1369 discipulum.
2601 1296 2741 1368 Ergo
2769 1299 2894 1366 quia
2918 1295 3175 1351 Dominus
3213 1310 3300 1349 me
3330 1292 3631 1356 exaudivit,
3686 1303 3805 1344 meo

2221 1387 2467 1457 exemplo
2505 1388 2656 1459 jacta
2703 1404 2859 1458 super
2923 1387 3207 1441 Dominum
3255 1384 3553 1455 cogitatum
3605 1391 3804 1443 tuum,

2220 1496 2436 1536 omnem
2486 1481 2897 1536 sollicitudinem
2945 1491 3090 1534 tuam
3138 1479 3192 1533 in
3239 1493 3361 1533 eum
3403 1476 3648 1547 projiee,
3698 1473 3804 1528 noli

2221 1573 2588 1628 contaminare
2618 1579 2994 1628 testamentum
3022 1569 3158 1639 ejus,
3187 1579 3235 1624 et
3263 1569 3371 1638 ipse
3411 1578 3456 1622 et
3491 1567 3728 1621 enutriet
3757 1565 3806 1616 in

2221 1660 2560 1719 sermonibus
2585 1661 2715 1727 suis,
2744 1669 2802 1714 ut
2827 1660 3076 1730 proﬁcias
3105 1659 3172 1714 de
3196 1659 3392 1713 virtute
3421 1656 3473 1711 in
3510 1657 3796 1718 virtutem,

2222 1761 2268 1806 et
2301 1751 2396 1807 tibi
2437 1751 2582 1820 justo
2631 1767 2733 1805 non
2782 1750 2926 1804 dabit
2950 1751 3346 1820 ﬂuctuationem
3388 1749 3443 1801 in
3493 1757 3802 1801 veternum:

549 1837 706 1891 modo
735 1837 1236 1890 contaminaverunt
1260 1832 1426 1888 Judaei
1452 1832 1621 1904 legem
1647 1831 1774 1897 Dei,
1805 1830 1932 1901 quia
1961 1829 2114 1883 divisi

2228 1842 2321 1898 etsi
2349 1842 2414 1896 ad
2445 1850 2652 1911 tempus
2691 1841 2781 1894 det
2817 1840 2910 1895 tibi
2948 1840 3360 1893 commotionem
3408 1835 3648 1900 mentis,
3697 1849 3803 1889 non

546 1937 667 1981 sunt
697 1929 748 1981 in
777 1927 858 1981 illt.
894 1935 1245 1991 testamento,
1297 1933 1608 1995 scparantes
1653 1932 1808 1978 vetus
1859 1937 1888 1976 a
1936 1934 2118 1976 novo:

546 2017 675 2073 illud
704 2018 1040 2088 recipientes,
1067 2018 1207 2072 istud
1230 2026 1569 2088 respuentes,
1589 2015 1917 2072 sacriﬁcium
1938 2029 2125 2070 secun-

547 2109 671 2164 dum
707 2109 950 2164 ordinem
978 2109 1162 2164 Aaron
1199 2110 1551 2179 recipientes,
1600 2116 1655 2163 et
1690 2107 2014 2162 sacriﬁcium
2039 2120 2124 2161 se-

547 2201 781 2254 cundum
816 2199 1060 2255 ordinem
1088 2198 1474 2256 Melchisedech
1505 2197 1978 2274 respuentes..Vel,
2008 2198 2121 2252 hae-

548 2288 702 2343 retici
736 2288 886 2342 divisi
922 2298 1042 2342 sunt
1092 2288 1159 2344 ab
1205 2288 1410 2343 unitate
1457 2287 1742 2353 Ecclesiae,
1794 2287 1846 2341 in
1878 2301 1983 2356 qua
2017 2299 2122 2340 una

548 2381 705 2447 ﬁdes,
744 2397 908 2436 unum
934 2381 1202 2451 baptisma
1229 2396 1242 2432 :
1277 2380 1382 2447 vel,
1411 2379 1566 2435 divisi
1605 2388 1748 2444 sunt,
1775 2378 1831 2433 id
1854 2385 1956 2442 est,
1989 2373 2125 2431 divti-

547 2475 743 2528 dentur
761 2486 794 2526 a
819 2485 924 2526 non
948 2470 1437 2526 contaminantibus
1463 2476 1862 2532 testamentum,
1888 2475 1947 2522 ut
1972 2466 2123 2537 palea

549 2577 580 2617 a
627 2578 796 2635 grano
821 2602 837 2629 ,
884 2563 1000 2618 sive
1027 2561 1195 2618 Judaei
1216 2602 1230 2627 ,
1281 2561 1392 2616 sive
1421 2559 1535 2615 falsi
1582 2559 1876 2616 Christiani
1906 2577 1920 2614 :
1948 2559 2012 2613 ab
2041 2559 2122 2613 ira

548 2656 720 2712 vultus
743 2655 896 2725 ejus,
941 2654 994 2710 id
1021 2664 1142 2721 est,
1191 2654 1259 2709 ab
1285 2653 1363 2707 ira
1387 2654 1516 2721 justi
1540 2651 1726 2721 judicii
1754 2650 1900 2720 ejus,
1927 2666 2048 2720 qua:
2071 2650 2124 2704 in

549 2745 698 2802 vultu
717 2787 731 2811 ,
758 2746 810 2801 id
831 2753 949 2811 est,
976 2745 1261 2815 prmsentia
1292 2745 1385 2801 Dei
1410 2743 1857 2800 manifestabitur.
1895 2741 2012 2809 Vel,
2045 2742 2126 2796 di-

549 2836 822 2902 videntur,
854 2837 905 2890 id
933 2846 1042 2898 est,
1083 2836 1475 2905 separabantur
1502 2835 1566 2889 ab
1592 2834 1671 2890 ira
1700 2833 1871 2888 vultus
1899 2833 2040 2903 ejus,
2073 2831 2125 2886 id

549 2938 653 2994 est,
681 2930 748 2984 ab
775 2931 914 2984 irato
933 2928 1102 2982 vultu.
1136 2927 1374 2982 Tollatur
1393 2928 1582 2997 impius
1619 2943 1681 2982 ne
1703 2926 1876 2979 videat
1900 2923 2126 2995 gloriam

551 3019 648 3073 Dei
676 3017 811 3087 (Isa.
843 3017 1014 3087 xxvr),
1036 3016 1121 3070 vel
1149 3016 1304 3071 divisi
1334 3025 1483 3079 sunt,
1513 3024 1572 3068 ut
1599 3014 1800 3069 dictum
1827 3022 1932 3077 est,
1955 3011 2124 3067 Judaei

552 3109 608 3164 in
640 3116 985 3172 testamento,
1027 3107 1112 3162 vel
1156 3107 1395 3162 haeretici
1425 3107 1480 3160 in
1515 3120 1668 3160 saera
1716 3104 2016 3175 Scriptura.
2048 3101 2125 3155 Ab

2224 1931 2372 1986 dabit
2403 1939 2461 1985 ut
2486 1941 2700 1985 maneat
2723 1931 2778 1983 in
2801 1939 3074 1993 wternum,
3111 1937 3170 1981 ιιι
3215 1929 3268 1980 in
3294 1926 3458 1981 Petro
3497 1941 3607 1980 non
3651 1941 3802 1977 man-

2224 2021 2312 2077 sit.
2359 2019 2532 2076 Aliter
2585 2037 2599 2074 :
2663 2018 2819 2073 laeta
2867 2035 3021 2088 super
3066 2017 3347 2071 Dominum
3391 2032 3575 2070 curam
3631 2025 3797 2066 tuam.

2223 2111 2386 2181 Quasi
2436 2112 2599 2176 dicat,
2632 2110 2815 2164 molliti
2859 2120 2981 2164 sunt
3026 2125 3286 2163 sermones
3310 2107 3444 2177 ejus,
3477 2114 3550 2170 ει,
3575 2122 3613 2160 o
3645 2103 3796 2159 Chri-

2225 2205 2420 2263 stiane.
2450 2202 2492 2255 si
2523 2202 2700 2255 adhuc
2726 2201 2842 2254 duri
2894 2208 3018 2254 sunt
3056 2199 3168 2263 tibi,
3198 2199 3303 2252 noli
3332 2197 3640 2266 despicere,
3693 2193 3796 2247 noli

2225 2296 2293 2348 ad
2357 2292 2724 2348 inﬁdelitatem
2774 2291 3059 2347 divertere.
3127 2289 3250 2345 ldeo
3301 2288 3394 2342 tibi
3443 2289 3617 2341 durus
3679 2292 3789 2347 est,

2226 2385 2353 2455 quia
2394 2383 2570 2438 adhuc
2598 2381 2736 2438 lacte
2763 2395 2822 2435 es
2856 2380 3196 2435 nutriendus.
3237 2378 3393 2433 laeta
3434 2392 3593 2446 super
3623 2374 3798 2428 Doms-

2226 2491 2349 2529 num
2377 2489 2558 2527 curam
2592 2483 2756 2536 tuam,
2803 2483 2859 2526 et
2886 2487 2990 2526 non
3015 2471 3157 2524 dabit
3202 2471 3256 2523 in
3283 2479 3534 2523 asternum
3560 2469 3792 2536 ﬂuctu-

2227 2566 2418 2619 tionem
2437 2562 2607 2634 justo,
2635 2562 2761 2632 quia
2791 2561 2894 2616 erit
2925 2561 3017 2614 tibi
3060 2567 3246 2630 portus
3282 2557 3492 2613 salutis.
3549 2555 3637 2610 Tu
3663 2571 3795 2617 vero,

2226 2655 2389 2721 Deus,
2415 2654 2636 2708 deduces
2660 2670 2748 2708 eos
2774 2653 2828 2707 in
2872 2662 3084 2722 puteum
3111 2651 3369 2704 interitus.
3421 2647 3592 2718 Quasi
3630 2649 3787 2711 dicat,

2228 2748 2347 2803 illos
2391 2756 2572 2802 autem
2614 2745 2706 2816 qui
2754 2744 2946 2799 nolunt
2981 2742 3187 2812 jactare
3225 2757 3412 2798 curam
3457 2743 3513 2795 in
3565 2750 3656 2807 te,
3683 2737 3792 2803 Tu.

2227 2839 2381 2910 quasi
2422 2839 2596 2904 dicat,
2647 2850 2804 2907 quem
2836 2851 3055 2892 necesse
3082 2844 3164 2890 est
3200 2848 3318 2890 esse
3357 2835 3635 2906 judicem,
3683 2835 3798 2906 quia

2229 2931 2371 2988 Deus
2399 2932 2466 2987 de
2493 2930 2724 2985 tenebris
2757 2930 3090 2985 somniorum
3135 2930 3298 2984 duces
3325 2928 3377 2981 in
3405 2927 3665 2983 tenebras
3696 2935 3796 2979 tor-

2229 3032 2550 3076 mentorum.
2613 3018 2725 3073 Viri
2771 3019 3085 3089 sanguinum
3116 3030 3162 3073 et
3214 3017 3384 3071 dolosi
3425 3032 3529 3070 non
3557 3015 3798 3068 dimidia-

2231 3113 2355 3164 bunt
2383 3112 2491 3165 dies
2530 3128 2674 3175 suos,
2722 3111 2768 3166 si
2799 3111 2902 3166 hoc
2931 3111 2999 3164 ad
3026 3108 3239 3165 Judasos
3285 3107 3542 3172 refertur,
3574 3109 3656 3164 sic
3684 3108 3795 3177 jun-

525 3201 635 3271 'ira
663 3198 830 3254 vultus
855 3197 990 3267 ejus,
1027 3197 1079 3251 id
1104 3205 1219 3261 est,
1248 3197 1500 3252 excmcali
1530 3205 1654 3251 sunt
1680 3196 1906 3251 interius
1935 3195 2002 3250 ab
2034 3207 2127 3248 oc-

2228 3205 2372 3277 gitur
2410 3217 2533 3258 cum
2578 3202 2863 3272 superiori.
2892 3201 3106 3256 Diceret
3133 3201 3324 3270 aliquis
3352 3215 3366 3254 :
3396 3199 3585 3255 Nonne
3612 3197 3796 3269 prode-

554 3291 696 3346 calta
728 3291 806 3344 ira
837 3289 929 3344 Dei
956 3304 1075 3359 quae
1103 3298 1186 3344 est
1225 3290 1278 3343 in
1308 3288 1450 3344 illius
1477 3287 1648 3352 vultu,
1678 3287 1780 3342 etsi
1823 3301 1930 3340 non
1977 3287 2046 3340 sit
2073 3285 2126 3339 in

551 3381 700 3438 vultu
729 3382 1024 3437 hominum.
1073 3378 1142 3435 Et
1183 3381 1610 3451 appr0pinquavit
1637 3395 1728 3434 cor
1752 3378 1916 3432 illius.
1962 3377 2128 3432 Casei-

553 3482 664 3529 tate
693 3472 831 3528 facta
861 3472 914 3528 in
946 3471 1127 3537 Israel,
1156 3471 1603 3542 appropinquavit
1630 3486 1721 3524 cor
1745 3468 1910 3534 illius,
1941 3469 1993 3523 id
2021 3477 2124 3534 est,

551 3567 800 3621 voluntas
827 3565 920 3619 Dei
950 3573 1009 3619 ut
1037 3563 1312 3634 plenitudo
1337 3563 1576 3634 gentium
1604 3562 1853 3625 intraret,
1909 3559 1993 3614 vel
2019 3560 2131 3614 hae-

555 3659 741 3714 reticis
787 3658 972 3713 divisis
1001 3673 1031 3712 a
1061 3672 1193 3712 sano
1221 3657 1519 3721 intellectu,
1569 3653 1653 3708 vel
1685 3652 1884 3708 Iudaeis
1912 3669 2016 3707 non
2044 3667 2132 3708 re-

555 3748 883 3818 cipientibus
911 3746 1117 3801 Novum
1140 3745 1563 3808 Testamentum,
1595 3751 1649 3797 et
1671 3742 1990 3806 dicentibus,
2018 3741 2131 3794 Du-

557 3854 650 3891 rus
678 3848 750 3891 est
778 3837 861 3890 hic
885 3852 1052 3890 sermo
1075 3834 1163 3905 τίει
1189 3835 1304 3905 quis
1330 3831 1795 3904 poteritservare?
1817 3829 2000 3900 (Ioan.
2030 3830 2130 3898 vi).

557 3927 878 3983 Putantibus
913 3941 1128 3982 carnem
1158 3923 1359 3980 Christi
1393 3922 1692 3978 frustratim
1723 3921 1915 3976 debere
1949 3922 2130 3988 incidi,

557 4027 614 4072 et
649 4016 910 4086 sacrilego
948 4029 1096 4070 more
1143 4013 1385 4079 comedi,
1434 4027 1558 4066 cum
1597 4011 1842 4066 Christus
1888 4010 2129 4065 diceret:

561 4109 683 4165 Nisi
721 4105 1156 4161 manducaveritis
1184 4120 1392 4158 carnem
1430 4103 1529 4171 ﬁlii
1564 4103 1786 4158 hominis
1813 4113 1860 4156 et
1901 4102 2133 4157 biberitis

556 4201 679 4270 ejus
696 4199 999 4268 sanguinem
1019 4195 1184 4267 Ibid.)
1215 4195 1322 4250 lllis
1352 4204 1647 4250 retrorsum
1677 4193 2018 4256 abeuntibus,
2041 4209 2134 4262 ap-

553 4287 1025 4361 rpropinquavitcor
1051 4286 1212 4350 illius,
1230 4286 1281 4342 id
1305 4295 1407 4351 est,
1432 4285 1678 4340 voluntas
1700 4284 1860 4348 illius,
1885 4299 2003 4355 qua:
2018 4294 2137 4339 erat

562 4383 916 4456 spiritualiter
945 4381 1287 4453 intelligenda
1318 4381 1373 4436 in
1399 4381 1503 4436 illis
1533 4381 1704 4436 sacris
1727 4380 1926 4443 verbis,
1952 4397 2139 4451 appro-

558 4477 848 4548 pinquavit,
875 4473 1079 4529 scilicet
1114 4488 1219 4528 non
1241 4471 1732 4528 contaminantibus
1759 4480 2134 4527 testamentum

2230 3305 2353 3353 runt
2377 3298 2457 3351 eis
2495 3295 2684 3366 legalia
2715 3295 2994 3350 instituta?
3040 3304 3168 3358 non,
3213 3294 3336 3364 quia
3365 3292 3437 3347 illi
3465 3292 3564 3346 viri
3589 3290 3794 3360 sangui-

2230 3406 2376 3454 num,
2405 3387 2457 3443 id
2487 3397 2588 3452 est,
2614 3386 2991 3442 interfectores
3018 3366 3239 3451 Christi,
3267 3377 3372 3439 nan
3404 3385 3575 3440 solum
3607 3382 3796 3438 facien-

2230 3487 2332 3544 tes,
2363 3478 2455 3533 sed
2500 3479 2896 3534 consentientes
2922 3491 3088 3546 pravo
3128 3475 3401 3530 intellectu
3442 3473 3577 3544 legis
3621 3471 3713 3528 Dei
3743 3487 3792 3525 se

2229 3577 2286 3622 et
2310 3567 2442 3626 alios
2472 3568 2782 3638 perdentes,
2814 3584 2916 3622 non
2945 3567 3290 3621 dimidiabunt
3316 3566 3423 3620 dies
3452 3582 3599 3631 suos,
3629 3566 3683 3620 id
3703 3572 3794 3625 est.

2230 3674 2338 3713 non
2367 3660 2693 3729 separabunt
2743 3669 2981 3730 tempora
3013 3674 3134 3724 sua,
3186 3659 3239 3714 id
3267 3669 3370 3722 est,
3421 3657 3590 3713 Vetus
3618 3657 3792 3713 Testa-

2232 3762 2468 3804 mentum
2498 3767 2529 3805 a
2579 3749 2745 3806 Novo.
2782 3751 2936 3807 Sicut
2987 3753 3215 3807 credunt
3265 3751 3395 3805 illud
3443 3765 3562 3806 esse
3589 3765 3794 3806 servan‘

2233 3842 2383 3907 dum,
2412 3842 2552 3898 istud
2580 3858 2708 3910 non,
2757 3845 2883 3914 quia
2903 3844 3091 3913 juncta
3116 3853 3264 3911 sunt,
3310 3844 3398 3898 illa
3430 3853 3559 3899 sunt
3587 3841 3794 3915 promito

2236 3934 2438 3998 tentia,
2492 3934 2594 3989 ista
2640 3936 2959 4004 complentia
2991 3954 3003 3990 :
3035 3945 3088 3989 et
3130 3939 3222 4008 qui
3270 3951 3436 3991 unum
3482 3935 3602 3990 sine
3639 3945 3793 3991 altero

2233 4022 2346 4077 vult
2373 4023 2541 4092 sequi,
2574 4032 2822 4080 neutrum
2856 4025 3016 4080 habet
3043 4043 3057 4080 :
3092 4026 3173 4080 vel
3205 4027 3272 4081 de
3296 4027 3548 4082 omnibus
3590 4036 3697 4081 tam
3721 4025 3794 4079 Ju-

2235 4115 2364 4170 dmis
2409 4131 2568 4186 quam
2617 4115 2884 4186 gentibus,
2933 4118 3087 4187 quasi
3133 4118 3298 4184 dicat,
3351 4134 3537 4173 revera
3579 4119 3793 4173 deduies
3855 4181 3857 4183 ι

2233 4219 2329 4259 eos
2373 4204 2426 4258 in
2469 4215 2687 4275 puteum
2719 4207 2990 4269 interitus,
3030 4207 3156 4276 quia
3206 4209 3308 4261 viri
3337 4211 3656 4278 sanguinuns
3686 4215 3791 4262 lun-

2235 4293 2422 4349 dentes
2450 4296 2763 4366 sangninem
2792 4296 3095 4351 animarum
3125 4307 3179 4352 et
3208 4313 3517 4368 corporum,
3539 4307 3598 4354 et
3617 4298 3788 4358 dolosi,

2238 4387 2290 4441 id
2315 4395 2413 4451 est,
2446 4387 2931 4444 circumvenientes
2968 4388 3164 4444 fratres
3211 4389 3264 4444 in
3313 4390 3548 4459 negotio,
3600 4407 3701 4444 non
3723 4389 3791 4442 di-

2238 4477 2528 4532 midiabunt
2573 4480 2682 4533 dies
2728 4497 2884 4547 suos,
2934 4481 2987 4534 id
3029 4489 3134 4546 est,
3169 4495 3274 4536 non
3324 4482 3655 4551 separabunt
3694 4479 3790 4532 dies

561 4567 698 4637 ejus.
731 4567 798 4621 Et
823 4567 924 4620 hoc
954 4567 1113 4619 modo
1140 4565 1586 4634 appropinquavit.
1639 4563 1832 4618 Molliti
1879 4572 2000 4618 sunt
2027 4580 2136 4618 ser-
2162 4547 2213 4607 Ῐ)
2238 4568 2370 4623 istos
2401 4584 2431 4622 a
2459 4568 2648 4624 diebus
2673 4572 2914 4634 aeternis,
2964 4580 3214 4641 putantes
3261 4547 3458 4625 nullam
3491 4586 3616 4626 esse
3643 4572 3786 4626 vitam

564 4674 740 4714 mones
768 4657 880 4727 ejus
914 4671 1068 4725 super
1093 4654 1285 4721 oleum,
1311 4657 1363 4709 id
1392 4665 1492 4719 est,
1536 4655 1892 4724 penetrabiles
1919 4655 2045 4711 facti
2081 4664 2138 4712 et

565 4750 754 4807 molles
803 4765 834 4804 a
865 4747 1062 4803 duritia
1111 4747 1221 4812 illa,
1271 4763 1431 4817 quam
1473 4748 1574 4819 ipsi
1627 4747 2007 4803 intellexerunt
2043 4749 2136 4818 qui

566 4845 855 4910 dixerunt,
882 4841 1058 4896 Durus
1084 4851 1156 4896 est
1194 4842 1277 4895 hic
1320 4859 1487 4897 sermo
1521 4841 1679 4914 (Ibid.
1705 4841 1746 4915 ),
1795 4844 2139 4912 quemadmo-

566 4939 692 4993 dum
730 4937 886 4991 Petro
912 4933 1001 5004 qui
1032 4950 1128 5004 pro
1154 4934 1274 4990 aliis
1299 4934 1571 5004 discipulis
1597 4935 1729 4990 dixit
1756 4952 1770 4987 :
1802 4934 2039 5000 Domine,
2069 4935 2139 4990 ad

562 5045 715 5102 quem
740 5028 926 5082 ibimus
943 5028 968 5081 ?
995 5026 1159 5081 Verba
1173 5028 1288 5082 vitae
1309 5028 1463 5082 habes
1480 5029 1496 5097 (
1506 5027 1666 5096 Ibid.)
1686 5046 1698 5080 :
1727 5027 1938 5099 spiritus
1953 5029 2140 5098 estqui

566 5120 963 5186 viviﬁcat,oaro
993 5130 1160 5174 autem
1183 5119 1389 5187 inﬁrma
1409 5129 1491 5174 est
1513 5117 1725 5190 (Matth.
1752 5121 1924 5190 xxvr),
1951 5121 2003 5176 id
2034 5129 2137 5188 est,

565 5215 730 5268 verba
755 5217 844 5266 tua
883 5212 1235 5283 spiritualitcr
1274 5212 1539 5267 intellecta
1575 5211 1876 5276 viviﬁcant;
1904 5212 2138 5267 carnali-

549 5312 650 5359 ‘ter
673 5320 801 5359 vero
825 5303 1100 5360 intellecta
1143 5304 1482 5358 mortiﬁcant.
1532 5301 1694 5372 Super
1714 5302 1906 5369 oleum,
1933 5303 1986 5359 id
2026 5311 2130 5369 est,

565 5397 736 5466 magis
770 5411 929 5466 quam
951 5394 1128 5450 oleum
1152 5404 1396 5464 penetrat
1423 5409 1593 5464 usque
1619 5394 1684 5448 ad
1711 5409 1833 5449 ossa
1861 5409 2138 5450 sermones

515 5548 528 5568 λ
565 5496 744 5541 autem
771 5487 866 5542 Dei
890 5501 1059 5556 usque
1081 5486 1148 5540 ad
1174 5485 1433 5540 medullas
1456 5486 1700 5540 cordium
1717 5503 1732 5540 :
1749 5485 2136 5550 vel,ha:reticis

563 5575 1058 5631 contaminantibus
1105 5573 1482 5630 testamentum
1532 5573 1651 5640 Dei,
1686 5583 1740 5629 et
1773 5576 2136 5631 dividentihus

563 5679 624 5744 se
649 5663 717 5716 ab
743 5665 947 5721 unitate
993 5664 1269 5720 catholica:
1296 5664 1417 5719 ﬁdei
1434 5705 1450 5730 ,
1480 5667 1903 5736 appropinquavit
1929 5684 2019 5722 cor
2063 5667 2132 5721 ilo

561 5752 686 5819 lius,
711 5755 834 5824 quia
861 5755 1160 5812 voluntates
1188 5756 1378 5813 divinae
1406 5771 1522 5828 quae
1548 5757 1789 5814 latebant
1818 5757 1872 5812 in
1897 5756 2134 5830 Scriptu-

2237 4657 2338 4712 nisi
2366 4657 2544 4712 istam.
2580 4657 2679 4714 Vel
2713 4659 2814 4714 hoc
2845 4659 3000 4713 modo
3031 4675 3132 4712 non
3154 4659 3522 4723 dimidiabunt,
3567 4669 3626 4714 ut
3651 4656 3786 4716 simul

2238 4749 2475 4804 serviant
2501 4765 2646 4805 nunc
2676 4750 2804 4813 Deo,
2841 4766 2984 4806 nunc
3025 4751 3341 4806 Hammona:
3381 4733 3642 4807 vicissim.
3671 4750 3786 4818 Quia

2239 4856 2343 4894 non
2383 4841 2596 4910 potestis
2643 4841 2846 4895 duobus
2891 4841 3127 4897 Dominis
3175 4843 3366 4896 servire
3415 4843 3644 4915 (Matth.
3691 4844 3785 4910 τι),

2240 4931 2372 4987 dicit
2413 4947 2591 4988 sermo
2637 4934 2882 5000 divinus,
2931 4949 3037 4990 non
3080 4946 3259 5006 potest
3311 4939 3412 4993 hoc
3459 4939 3623 4993 simul
3667 4931 3783 4992 esse.

2239 5019 2530 5094 Gregorius
2570 5042 2582 5078 :
2634 5043 2654 5076 ι
2707 5025 2831 5080 Dies
2880 5043 3003 5080 suos
3058 5043 3381 5098 nequaquam
3421 5029 3781 5088 dirnidiabunt,

2239 5113 2362 5184 quia
2390 5129 2695 5184 perversam
2723 5125 2957 5171 mentem
3005 5132 3157 5171 suam
3189 5134 3286 5172 nec
3313 5119 3364 5172 in
3402 5119 3658 5174 extremis
3692 5131 3784 5172 mu-

2242 5207 2447 5260 tahunt.
2481 5225 2501 5258 ι
2535 5206 2884 5262 Cassiodorus
2915 5223 2930 5260 :
2965 5207 3072 5264 Hos
3099 5208 3233 5263 tales
3262 5209 3396 5264 dicit
3437 5224 3543 5264 non
3589 5209 3782 5280 implere

2238 5300 2352 5356 dies
2373 5315 2521 5365 suos,
2542 5300 2758 5369 quando
2778 5315 2899 5355 cum
2919 5300 3018 5354 sibi
3045 5300 3256 5371 longam
3273 5301 3435 5356 vitam
3464 5301 3781 5370 promittunt,

2237 5392 2552 5462 repentinus
2596 5391 2678 5446 eis
2702 5393 3044 5462 superveniet
3093 5393 3362 5448 interitus.
3394 5393 3530 5448 Nam
3565 5392 3780 5448 omnium

2238 5483 2354 5540 dies
2381 5483 2432 5537 in
2455 5480 2921 5552 praedestinatione
2947 5492 3243 5538 noscuntur
3283 5498 3402 5538 esse
3428 5484 3654 5538 deﬁniti.
3693 5479 3780 5546 Ego

2235 5584 2410 5630 autem
2437 5583 2597 5644 caput
2617 5583 2672 5630 et
2700 5575 2940 5628 membra
2960 5575 3166 5629 scilicet
3186 5573 3497 5630 dimidiabo.
3523 5573 3592 5629 Et
3622 5585 3780 5630 causa.

2233 5665 2582 5737 quare?Nam
2596 5667 2811 5724 sperabo
2823 5668 2876 5721 in
2891 5676 2958 5732 te,
2977 5665 3218 5730 Domine,
3232 5680 3393 5736 super
3417 5676 3466 5720 te
3484 5666 3696 5736 jactabo
3707 5674 3778 5716 cu-

2234 5773 2351 5813 ram
2374 5773 2570 5824 meam,
2585 5766 2639 5814 et
2653 5758 2771 5814 ideo
2787 5758 2859 5814 illi
2875 5757 3204 5815 deducentur
3226 5757 3278 5812 in
3301 5766 3521 5829 puteum
3537 5758 3773 5814 interitus.
