3884 5554
58 304 165 359 ιιι

623 410 937 467 I‘SALMUS
976 410 1085 469 LV.

58 547 112 584 IN
159 544 317 584 "NE!
356 543 453 583 PRO
488 534 860 591 Ρορυιο,ὀυι
900 544 932 579 Δ
968 540 1186 582 εικετιε
1225 540 1393 582 ιοῖςαε
1432 542 1636 582 FACTUS

127 616 230 654 EST
271 615 322 652 IN
370 613 550 653 TITULI
590 613 953 663 INSCBIPTIONE
993 612 1091 651 1P5!
1133 612 1330 662 ωνω,
1389 611 1497 654 CUI
1537 610 1635 653 ΤΕ-

131 684 343 723 ΞΙΕΚΕΝΤ
380 682 488 723 ΕυΙ
525 682 819 721 Αιιοριιηι
857 682 907 721 IN
943 682 1103 722 GETH.

133 797 155 829 ι
199 779 453 834 Miserere
497 777 619 841 mei,
674 779 831 840 Deus,
881 778 1136 846 quoniam
1184 776 1516 832 conculcavit
1549 789 1636 831 me

56 889 75 919 ι
125 868 292 921 homo
317 884 332 920 :
362 876 471 919 tota
500 866 583 919 die
611 866 927 935 impugnans
957 866 1231 919 tribulavit
1255 882 1359 919 me.
1408 862 1636 919 Concul-

56 981 74 1013 ι
128 970 390 1016 caverunt
421 976 505 1015 me
533 960 730 1015 inimici
782 959 884 1013 mei
926 968 1033 1013 tota
1061 958 1169 1022 die,
1198 958 1450 1027 quoniam
1482 956 1633 1010 multi

53 1073 72 1102 ι
121 1052 385 1107 bellantes
409 1051 686 1105 adversum
718 1064 821 1103 me.
860 1048 945 1103 Ab
971 1048 1251 1102 altitudine
1278 1048 1382 1101 diei
1414 1045 1631 1109 timebo,

54 1163 72 1195 ε
122 1161 227 1216 ego
261 1160 389 1197 vero
418 1144 469 1198 in
498 1152 548 1198 te
575 1143 822 1213 Sperabo.
872 1141 928 1196 In
962 1141 1071 1194 Deo
1096 1140 1325 1193 laudabo
1354 1152 1632 1193 sermones

51 1256 69 1287 ε
120 1251 294 1300 meos,
322 1236 375 1289 in
413 1234 519 1289 Deo
542 1234 774 1303 speravi,
802 1248 909 1287 non
943 1232 1140 1287 timebo
1161 1231 1288 1300 quid
1318 1230 1481 1285 faciat
1501 1228 1630 1283 mihi

51 1344 68 1375 ι
122 1340 273 1381 caro.
306 1324 443 1378 Tota
473 1324 558 1379 die
603 1323 764 1377 verba
810 1338 926 1377 mea
957 1322 1395 1384 exsecrabantur,
1444 1318 1633 1373 adver-

53 1437 70 1470 ε
117 1433 241 1472 sum
274 1433 361 1473 me
382 1432 567 1472 omnes
596 1418 949 1487 cogitationes
974 1431 1160 1470 eorum
1193 1415 1244 1470 in
1274 1414 1493 1468 malum.
1541 1411 1631 1466 ln-

49 1522 71 1557 s
119 1506 443 1560 habitabant
469 1514 525 1562 et
570 1506 901 1561 abscondent
943 1505 1065 1574 ipsi,
1112 1504 1422 1560 calcaneum
1453 1516 1629 1557 meum

47 1615 66 1648 ι
114 1598 509 1653 observabant.
564 1596 716 1653 Sicut
762 1597 1137 1653 sustinuerunt
1159 1595 1396 1651 animam
1426 1608 1622 1657 meam,

46 1703 66 1737 ι
119 1700 222 1755 pro
267 1684 433 1740 nihilo
483 1685 659 1741 salvos
684 1684 850 1741 facies
892 1685 1029 1751 illos,
1060 1686 1113 1739 in
1144 1686 1221 1739 ira
1251 1684 1474 1755 populos
1498 1698 1631 1738 con-

1182 298 1708 357 ENAllllATlUNES
1747 302 1811 355 IN
1854 300 2189 358 PSAIMOS.

1667 420 1712 477 Α
1742 429 1935 484 corpus
1980 413 2112 481 ejus,
2164 415 2217 469 id
2262 421 2366 477 est,
2404 411 2696 469 Ecclesiam
2740 425 3153 485 persequuntur.
3206 417 3316 475 Nos

3207 307 3311 362 42?.

1738 519 1861 559 cum
1911 504 2125 558 Christo
2163 505 2216 558 in
2254 504 2391 560 caelo
2433 520 2530 574 per
2575 519 2747 573 spem,
2798 506 2912 574 ipse
2950 507 3226 563 nobiscum
3259 509 3314 564 in

1740 602 1881 649 terra
1923 609 2021 663 per
2051 595 2370 649 cliaritatem
2411 595 2502 665 qui
2544 595 2596 648 in
2630 596 2885 649 membris
2931 598 3044 651 suis
3075 598 3317 667 quotidie

1735 686 1943 755 paritur
1987 700 2155 755 usque
2185 686 2252 740 ad
2284 686 2800 742 consummationem
2836 688 3037 743 saeculi.
3080 688 3140 743 ln
3179 688 3317 744 caelo

1728 774 1841 844 jam
1888 775 2107 829 sedebat
2157 791 2280 831 cum
2324 778 2377 831 in
2429 787 2570 832 terra
2616 778 2819 833 diceret
2854 798 2866 832 :
2906 778 3090 843 Saule,
3132 779 3314 845 Saule,

1734 866 1858 935 quid
1902 881 1981 918 me
2011 867 2331 935 persequeris
2368 867 2507 937 (Act.
2534 867 2659 939 ix)?
2694 868 2838 934 Quos
2860 879 3233 939 persecutores
3263 870 3315 923 in

1735 956 1838 1009 hoc
1872 954 2081 1025 psalmo
2116 956 2344 1010 tolerare
2378 955 2631 1026 jubemur
2671 966 2725 1012 et
2761 959 2828 1012 ad
2857 960 3155 1013 orationem
3188 973 3317 1011 con-

1733 1045 1920 1115 fugere
1962 1063 1975 1099 :
2025 1046 2241 1115 preprie
2288 1055 2466 1100 autem
2513 1046 2669 1115 longe
2717 1048 2852 1101 fiant
2894 1064 2925 1102 a
2978 1050 3180 1103 sanctis
3220 1045 3315 1117 qui

1732 1138 1917 1201 corde,
1952 1151 2056 1190 non
2087 1150 2331 1207 corpore.
2368 1136 2586 1207 Legitur
2629 1149 2807 1192 autem
2839 1138 3028 1203 David,
3076 1154 3196 1193 cum
3226 1137 3313 1191 fu-

1733 1237 1883 1299 geret
1906 1228 2055 1293 Sani,
2079 1229 2217 1297 apud
2238 1228 2547 1301 Allophylos
2567 1230 2955 1298 peregrinatus,
2979 1244 3083 1284 non
3101 1238 3313 1284 tentus:

1735 1333 1834 1372 nec
1860 1318 2054 1390 legitur
2101 1320 2166 1373 de
2202 1319 2551 1387 inscriptione
2580 1320 2755 1388 aliqua
2789 1320 2926 1374 tituli
2962 1320 3101 1374 illius
3127 1320 3313 1384 David,

1732 1411 1875 1478 quod
1917 1425 2015 1465 nos
2049 1410 2116 1464 ad
2153 1410 2467 1480 mysterium
2514 1411 2581 1465 ab
2611 1411 2834 1466 historia
2882 1418 3120 1477 revocat,
3160 1421 3218 1463 ut
3261 1411 3314 1463 in

1733 1499 1903 1553 David
1941 1499 2214 1554 Christum
2248 1500 2636 1570 intelligamus,
2677 1517 2834 1570 quem
2877 1516 2984 1555 non
3029 1501 3200 1555 solum
3240 1508 3318 1553 te-

1733 1601 1984 1656 nuerunt,
2015 1594 2109 1648 sed
2142 1594 2318 1648 adhuc
2343 1593 2809 1665 tenentAllophyli
2845 1594 2896 1647 in
2921 1592 3080 1648 Geth.
3110 1591 3317 1661 Corpus

1734 1682 1876 1738 enim
1923 1682 2142 1745 Christi,
2184 1683 2421 1752 quandiu
2451 1691 2534 1738 est
2575 1683 2628 1737 in
2672 1684 2773 1737 hac
2804 1684 2932 1749 vita,
2983 1684 3053 1737 ab
3097 1682 3183 1735 his
3223 1681 3316 1751 qui

46 1796 64 1827 ι
113 1777 341 1848 fringes.
390 1777 551 1842 Deus,
599 1779 764 1832 vitam
817 1792 992 1833 meam
1041 1776 1353 1832 annuntiavi
1388 1775 1506 1840 tibi,
1533 1788 1628 1844 po-
1658 1767 1704 1828 B
1731 1775 1887 1846 longe
1917 1784 2045 1829 sunt
2074 1790 2104 1829 a
2138 1774 2354 1829 Christo
2382 1784 2597 1830 tenetur
2627 1776 2679 1829 in
2710 1775 2868 1839 Gelli,
2910 1775 2963 1829 id
2989 1784 3091 1840 est,
3124 1775 3176 1827 in
3207 1782 3316 1830 tor-

44 1888 63 1920 s
114 1869 275 1923 suisti
305 1869 571 1939 lacrymas
595 1885 743 1925 meas
766 1870 819 1924 in
848 1878 1138 1940 conspectu
1168 1878 1277 1923 tuo.
1320 1867 1470 1923 Sicut
1491 1876 1545 1921 et
1570 1867 1623 1920 in

44 1978 63 2007 ι
117 1959 480 2027 promissione
531 1970 643 2023 tua,
698 1968 826 2013 tunc
867 1967 1249 2014 convertentur
1277 1957 1476 2013 inimici
1520 1956 1624 2013 mei

44 2064 62 2096 ι
112 2056 431 2100 retrorsum.
464 2046 519 2101 ln
546 2060 866 2117 quacunque
891 2047 976 2101 die
1008 2047 1330 2100 invocavero
1358 2055 1408 2101 te
1430 2085 1446 2110 ,
1497 2060 1627 2100 ecce

44 2154 61 2185 ι
113 2134 346 2202 cognovi
372 2141 627 2204 quoniam
676 2135 816 2192 Deus
846 2151 997 2191 meus
1038 2150 1119 2190 es.
1168 2135 1224 2189 In
1256 2134 1365 2190 Deo
1398 2134 1628 2190 laudabo

40 2244 58 2274 ι
114 2224 363 2288 verbum,
411 2225 464 2279 in
497 2225 721 2281 Domino
751 2226 978 2284 laudabo
1030 2241 1335 2283 sermonem
1369 2244 1381 2280 :
1417 2226 1469 2280 in
1510 2226 1622 2280 Deo

41 2333 59 2364 ι
108 2313 349 2382 speravi,
384 2329 489 2369 non
519 2316 720 2370 timebo
739 2316 866 2385 quid
898 2314 1059 2371 faciat
1086 2317 1217 2370 mihi
1246 2317 1425 2371 homo.
1458 2316 1515 2370 In
1542 2330 1628 2370 me

39 2424 57 2454 ι
110 2414 266 2468 sunt,
318 2405 491 2470 Deus,
541 2416 664 2461 vota
698 2415 810 2471 tua,
859 2423 979 2477 quae
1030 2408 1246 2462 reddam
1295 2407 1630 2461 laudationes

40 2516 57 2541 ι
108 2496 233 2549 tibi.
265 2496 531 2562 Quoniam
562 2500 806 2569 eripuisti
837 2500 1073 2554 animam
1122 2514 1295 2555 meam
1340 2501 1406 2556 de
1431 2509 1624 2565 morte,

37 2607 55 2635 ι
101 2595 162 2639 et
197 2587 363 2656 pedes
391 2602 539 2643 meos
567 2589 633 2643 de
662 2588 833 2659 lapsu,
861 2598 919 2644 ut
948 2589 1190 2660 placeam
1216 2604 1401 2647 coram
1428 2590 1538 2644 Deo
1570 2588 1626 2643 in

37 2698 55 2729 ι
109 2678 317 2734 lumine
343 2681 655 2736 viventium.
706 2700 725 2733 ι

614 2770 1063 2829 ENARRATIO.

104 2861 457 2919 Constructio
486 2864 646 2917 tituli.
674 2864 799 2919 llaec
819 2880 938 2933 quae
964 2873 1195 2934 aguntur
1223 2865 1276 2921 in
1298 2866 1399 2921 hoc
1418 2865 1623 2936 psalmo

1732 1866 1923 1930 calari,
1950 1866 2155 1921 scilicet
2186 1866 2238 1920 in
2269 1868 2558 1937 pressaris.
2592 1867 2646 1921 ln
2673 1868 2926 1921 torculari
2959 1876 3137 1921 autem
3168 1864 3315 1919 utilis

1731 1959 1791 2014 fit
1820 1974 2095 2030 pressura,
2125 1958 2385 2030 quidquid
2422 1973 2797 2029 pressurarum
2829 1960 3109 2030 patiuntur
3134 1957 3308 2012 sancti

1730 2068 1762 2107 a
1809 2052 2035 2108 diversis
2080 2052 2209 2107 utile
2253 2061 2379 2117 est,
2425 2060 2681 2121 operatur
2724 2052 2868 2107 enim
2918 2051 3310 2121 probationem.

1730 2142 2027 2198 Attendant
2056 2156 2185 2213 ergo
2212 2142 2356 2197 hunc
2382 2142 2645 2213 psalmum
2674 2142 2764 2210 qui
2795 2143 2846 2195 in
2874 2141 3143 2212 pressaris
3164 2148 3309 2200 sunt,

1731 2249 1837 2288 non
1863 2240 2043 2287 tamen
2070 2232 2390 2303 astringitur
2428 2248 2530 2287 vox
2557 2231 2662 2287 illis
2686 2232 2777 2302 qui
2807 2240 2960 2286 extra
2986 2230 3311 2301 passionem.

1730 2323 1825 2379 Est
1848 2333 2029 2378 autem
2052 2338 2154 2378 vox
2176 2323 2400 2388 Christi,
2438 2324 2671 2377 maxime
2710 2324 2761 2376 in
2784 2337 3013 2392 persona
3046 2320 3313 2374 membro-

1730 2430 1869 2469 rum.
1903 2415 2153 2480 Attende,
2184 2430 2216 2470 o
2238 2413 2562 2477 Christiane,
2588 2414 2884 2483 psalmum,
2914 2411 3004 2483 qui
3042 2426 3163 2464 cum
3192 2425 3313 2478 pre-

1730 2506 1924 2571 meris,
1972 2506 2082 2561 noli
2132 2519 2388 2561 recusare
2421 2520 2751 2575 pressuram,
2801 2505 2896 2560 sed
2942 2513 3001 2557 ut
3032 2503 3127 2558 tibi
3166 2502 3312 2555 utilis

1730 2594 1841 2658 fiat,
1892 2595 2119 2664 confuge
2168 2596 2238 2651 ad
2289 2595 2615 2661 orationem,
2667 2610 2773 2649 una
2818 2593 2917 2660 sis,
2964 2602 3020 2649 et
3066 2591 3312 2648 manabia

1725 2686 1909 2742 vinum
1937 2687 2155 2756 dignum
2185 2685 2378 2755 poculo
2407 2686 2570 2755 regis.

1799 2776 2047 2831 Miserere
2091 2777 2214 2842 mei,
2252 2776 2413 2841 Deus,
2453 2774 2700 2847 oppressi
2748 2775 2802 2829 in
2831 2772 2991 2838 Geth,
3038 2772 3230 2842 capitis
3256 2779 3311 2825 et

1725 2866 2093 2921 membrorum
2144 2875 2202 2920 ut
2232 2866 2347 2921 haec
2383 2880 2635 2937 pressura
2673 2864 2741 2919 ad
2775 2864 3149 2934 probationem
3188 2860 3302 2922 ﬁat,

30 2955 356 3009 referantur
403 2955 456 3009 in
503 2956 661 3011 linem
695 2966 1029 3026 temporum,
1079 2964 1138 3010 ut
1183 2972 1288 3012 non
1335 2959 1403 3012 ad
1450 2958 1622 3011 histo-
1722 2971 1833 3011 non
1867 2956 1935 3010 ad
1972 2955 2350 3025 perditionem.
2387 2955 2456 3009 Et
2497 2970 2633 3025 opus
2668 2963 2772 3020 est,
2810 2954 3058 3023 quoniam
3099 2948 3309 3004 concul-

28 3046 177 3098 riam
207 3045 564 3114 accipiantur,
595 3046 646 3100 id
684 3055 790 3110 est,
821 3046 874 3100 in
908 3045 1293 3116 plenitudinem
1316 3056 1615 3117 temporum

1723 3051 1857 3105 cavit
1886 3066 1968 3103 me
1994 3050 2172 3114 homo,
2206 3049 2382 3105 omnis
2416 3050 2564 3120 longe
2611 3048 2781 3117 [actus
2822 3066 2854 3101 a
2884 3046 3099 3101 sanctis.
3134 3044 3304 3111 Quam

25 3136 384 3191 attribuenda
414 3136 601 3201 David,
632 3135 795 3206 capiti
826 3145 881 3191 et
905 3138 1139 3205 corpori,
1189 3136 1241 3191 id
1272 3146 1378 3202 est,
1406 3137 1622 3192 Christo
1648 3121 1693 3184 C
1725 3140 2045 3212 gravissima
2069 3148 2123 3193 et
2150 3139 2502 3210 ignominiosa
2533 3152 2784 3207 pressura
2812 3152 2897 3192 me
2934 3136 3147 3207 premit,
3181 3135 3305 3204 quia

26 3240 168 3279 vero
205 3224 398 3279 David.
433 3224 583 3279 Tunc
610 3241 729 3279 cum
773 3224 1044 3295 allophyli,
1075 3225 1128 3281 id
1158 3234 1258 3289 est,
1311 3226 1625 3296 alienigena:

24 3316 117 3370 vel
146 3315 372 3385 potione
398 3315 651 3371 cadentes
675 3315 844 3371 Judaei
872 3324 927 3371 et
950 3331 1138 3372 eorum
1168 3317 1389 3382 similes,
1419 3318 1626 3375 scilicet

26 3404 331 3467 increduli,
371 3404 625 3459 inebriati
652 3404 793 3459 dulci
820 3403 1033 3460 fortuna
1065 3406 1222 3474 hujus
1266 3407 1411 3471 vitae,
1445 3417 1624 3461 tenue-

25 3505 159 3548 runt
192 3495 249 3548 in
280 3491 434 3560 Ceth,
466 3494 520 3549 id
546 3502 629 3551 est
672 3495 727 3552 in
781 3495 1058 3560 torculari,
1090 3497 1297 3554 scilicet
1330 3498 1384 3552 in
1411 3512 1625 3567 pressu-

21 3602 113 3649 ra,
147 3600 222 3640 ne
248 3586 479 3641 mundus
506 3587 680 3641 abiret
707 3596 827 3656 post
850 3602 997 3653 eum,
1043 3587 1191 3647 facta
1219 3597 1346 3645 tunc
1388 3604 1486 3659 pro
1521 3604 1620 3659 po-

22 3676 205 3746 pulo,
256 3675 309 3730 id
340 3685 442 3739 est,
478 3692 577 3746 pro
603 3676 906 3732 eruditione
930 3678 1133 3747 populi,
1178 3687 1236 3733 ut
1285 3679 1425 3736 Deus
1466 3688 1625 3735 eruat

20 3784 155 3824 eum
189 3768 262 3822 ab
291 3767 381 3823 illo
407 3768 596 3836 populo
625 3769 715 3838 qui
755 3785 788 3821 a
814 3769 1008 3824 sanctis
1055 3769 1204 3841 longe
1229 3771 1399 3840 factus
1440 3781 1515 3824 est
1542 3770 1623 3825 in-

19 3858 322 3927 scriptione
351 3857 513 3920 tituli,
558 3858 609 3912 id
636 3866 739 3923 est,
769 3868 1010 3915 remotus
1053 3860 1120 3915 ab
1174 3861 1258 3916 his
1283 3861 1376 3931 qui
1422 3861 1625 3916 inscri-

21 3951 278 4020 ptiouem
310 3948 448 4003 tituli
486 3958 826 4018 receperunt,
873 3950 964 4019 qui
989 3952 1222 4021 scriptus
1247 3961 1332 4007 est
1377 3967 1409 4006 a
1449 3952 1623 4007 Pilato

21 4057 200 4111 super
223 4048 384 4112 caput
411 4039 559 4106 Jesu,
609 4042 780 4096 tribus
808 4042 1008 4113 linguis
1036 4044 1287 4113 scriptus,
1338 4045 1488 4114 quasi
1528 4045 1624 4099 tri-

20 4135 133 4187 bus
166 4131 403 4187 testibus
446 4131 797 4186 confirmatus
824 4149 836 4185 :
868 4130 1025 4187 Iesus
1056 4133 1370 4188 Nasarenus
1407 4150 1500 4188 rea:
1520 4132 1623 4187 luo

19 4224 297 4277 dirarum.
331 4221 532 4279 Omnes
578 4222 669 4291 qui
717 4219 899 4277 Jesum
947 4237 1125 4292 regem
1158 4223 1434 4281 humiliter
1483 4224 1622 4279 reci-

18 4316 214 4385 piunt,
263 4324 321 4369 et
347 4312 450 4368 sub
479 4314 571 4368 illo
606 4326 745 4385 ‘rege
781 4314 989 4380 vivunt,
1041 4314 1184 4368 hunc
1230 4314 1437 4369 titulum
1485 4314 1621 4369 reci-

18 4407 222 4475 piunt;
281 4404 375 4473 qui
425 4414 604 4458 autem
651 4403 925 4459 Christum
956 4419 1136 4474 regem
1185 4405 1386 4461 habere
1432 4409 1620 4459 nolunt

19 4496 378 4565 inscriptione
396 4494 553 4564 hujus
576 4495 715 4549 tituli
739 4496 889 4565 longe
914 4495 1049 4551 fiunt
1071 4513 1103 4550 a
1128 4496 1320 4550 sanctis
1347 4496 1439 4565 qui
1460 4496 1619 4551 dixe-

22 4595 159 4640 runt
205 4584 384 4639 Pilato
412 4600 426 4637 :
454 4584 581 4638 Noli
624 4584 820 4653 dicere,
865 4601 957 4640 rex
1004 4584 1336 4649 Judworum,
1377 4586 1466 4640 sed
1498 4586 1623 4653 quia

17 4676 138 4744 ipse
196 4674 336 4727 dixit
390 4689 567 4744 regem
609 4689 667 4730 se
708 4675 1020 4730 Judtcorum
1064 4674 1246 4746 (loan.
1288 4677 1436 4745 xix).
1493 4676 1625 4743 Qui-

18 4764 131 4819 bus
164 4762 263 4816 ille
307 4762 623 4831 ignoranter
668 4764 897 4837 praebuit
926 4764 1291 4820 testimonium
1339 4766 1620 4832 veritatis,

18 4853 226 4908 dicens
257 4865 277 4905 :
312 4850 462 4916 Quod
514 4853 724 4921 scripsi,
764 4854 968 4922 scripsi.
1027 4853 1192 4921 Quasi
1251 4855 1395 4910 dicat
1432 4873 1446 4910 :
1485 4855 1622 4925 Quid

20 4944 168 4999 mihi
202 4946 516 5017 suggeritis
568 4945 899 5003 falsitatem?
942 4944 1057 5000 Non
1102 4956 1379 5003 commuto
1420 4950 1619 5005 verita-

18 5044 137 5088 tem
166 5075 187 5100 ,
275 5035 495 5106 populus
554 5038 703 5110 longe
754 5035 925 5106 factus
979 5054 1012 5091 a
1064 5040 1297 5104 sanctis,
1363 5039 1621 5096 Iudaicus

13 5123 418 5193 principaliter
466 5127 552 5195 qui
608 5142 668 5183 se
715 5125 847 5180 dicit
894 5142 1075 5196 regem
1123 5144 1228 5184 non
1273 5130 1472 5186 habere
1516 5132 1620 5187 nisi

14 5210 319 5267 Caesarem
371 5230 384 5265 :
439 5218 705 5280 secundo,
750 5217 926 5271 omnis
972 5218 1201 5287 populus
1237 5220 1329 5287 qui
1386 5235 1485 5290 pro
1536 5236 1621 5275 re-

14 5319 134 5370 gno
193 5314 421 5359 terreno
460 5307 619 5363 Deum
674 5309 732 5363 in
785 5322 844 5362 se
896 5324 1118 5378 regnare
1172 5325 1276 5364 non
1332 5315 1621 5381 permittit.

16 5394 122 5447 Est
206 5404 397 5447 autem
447 5412 535 5452 rex
586 5398 652 5453 ad
703 5405 921 5475 terrena
988 5407 1276 5465 terrenus,
1331 5402 1399 5456 ad
1459 5400 1626 5459 caele-

11 5485 128 5538 stia
185 5484 453 5548 caelestis,
504 5505 598 5545 nec
646 5490 702 5543 in
768 5487 870 5541 hoc
915 5501 1295 5554 peccaverunt,
1346 5496 1488 5554 quod
1538 5507 1625 5548 re-

1727 3231 1890 3285 etiam
1942 3231 2041 3285 sub
2086 3228 2310 3299 pedibus
2338 3227 2530 3284 calcat.
2574 3227 2780 3281 Alludit
2824 3227 2891 3280 ad
2939 3225 3170 3289 titulum,
3216 3225 3307 3278 ubi

1727 3320 1927 3375 dictum
1952 3327 2052 3383 est,
2079 3319 2135 3371 in
2173 3317 2447 3371 torculari.
2489 3316 2614 3381 Mei,
2657 3316 2899 3370 membra
2940 3330 3078 3378 mea,
3120 3324 3175 3368 et
3202 3314 3305 3367 hoc

1725 3426 1833 3466 non
1879 3413 1947 3466 ad
1981 3420 2211 3482 tempus,
2256 3412 2351 3467 sed
2382 3419 2491 3465 tota
2520 3411 2624 3476 die,
2676 3410 2728 3463 id
2766 3418 2870 3475 est,
2918 3418 3026 3462 tota
3060 3407 3162 3459 hac
3196 3405 3305 3457 vita

1724 3501 2037 3571 impugnans
2068 3501 2209 3555 male
2235 3500 2484 3565 vivendo,
2515 3500 2814 3555 doctrinam
2833 3496 3172 3567 respuendo,
3204 3497 3302 3548 tri-

1727 3591 1921 3645 bulavit
1952 3608 2052 3647 me.
2087 3592 2194 3647 Sed
2223 3606 2256 3646 ο
2283 3591 2611 3657 Christiane,
2644 3604 2713 3646 ne
2733 3588 2901 3644 defice
2931 3588 2987 3642 in
3018 3585 3305 3643 conculca-

1727 3683 1894 3750 tione,
1940 3682 2160 3738 attende
2187 3698 2345 3753 quem
2389 3683 2626 3738 invoces.
2655 3680 2818 3748 Quasi
2843 3680 2985 3734 enim
3014 3678 3219 3749 primus
3249 3676 3303 3731 in

1724 3775 1981 3830 torculari
2016 3775 2202 3830 botrus
2240 3774 2340 3828 fuit
2367 3775 2420 3829 in
2460 3773 2804 3829 tribulatione
2835 3770 3103 3835 Christus,
3129 3784 3161 3823 a
3195 3782 3303 3837 quo

1722 3866 1881 3922 botro
1906 3865 2048 3921 calix
2088 3865 2178 3921 ille
2208 3865 2483 3921 inebrians
2510 3862 2779 3935 profluxit.
2812 3861 2941 3916 Tota
2964 3863 3068 3927 die,
3108 3860 3159 3915 id
3196 3868 3300 3921 est,

1723 3965 1838 4012 toto
1884 3967 2127 4027 tempore
2173 3975 2186 4010 :
2225 3956 2393 4011 Nemo
2421 3970 2552 4027 ergo
2592 3955 2762 4020 dicat,
2809 3953 2911 4008 fuit
2949 3952 3100 4022 prius
3135 3950 3303 4005 tribu-

1724 4048 1890 4113 latio,
1948 4063 2092 4103 nunc
2145 4063 2249 4103 non
2300 4056 2400 4102 est.
2453 4046 2511 4102 Si
2568 4061 2675 4101 non
2734 4043 3049 4107 tribalaris,
3093 4056 3198 4095 non
3243 4053 3303 4093 es

1722 4137 2081 4194 Christianus.
2121 4135 2567 4191 Conculcaverunt
2598 4149 2677 4188 me
2701 4132 2898 4187 inimici
2922 4131 3020 4184 mei
3050 4138 3158 4184 tota
3190 4129 3309 4192 die,

1722 4230 1847 4299 quia
1886 4229 2041 4294 dixit,
2066 4229 2241 4293 homo,
2285 4244 2353 4283 ne
2399 4228 2521 4299 quis
2551 4228 2617 4283 de
2661 4242 2770 4280 uno
2800 4224 3032 4292 accipiat
3062 4229 3296 4285 tantum,

1724 4320 2049 4377 determinat
2085 4319 2214 4389 quid
2245 4334 2341 4389 per
2381 4319 2651 4373 hominem
2684 4316 2811 4372 velit
2854 4314 3045 4382 accipi,
3092 4312 3304 4367 scilict

1723 4424 1910 4466 omnes
1950 4409 2071 4464 illos
2111 4409 2203 4478 qui
2242 4417 2368 4462 sunt
2393 4409 2630 4463 membra
2669 4405 2918 4468 hominis,
2960 4403 3013 4457 id
3037 4411 3140 4464 est,
3182 4400 3297 4454 dia-

1727 4498 1852 4563 boli,
1895 4498 1961 4553 de
1999 4513 2105 4569 quo
2148 4498 2350 4552 dictum
2388 4505 2510 4551 est:
2541 4495 2793 4549 Inimicus
2839 4494 2991 4547 homo
3032 4493 3130 4545 hoc
3177 4490 3301 4559 fecit

1727 4587 1941 4659 (Matth.
1969 4584 2109 4656 xui).
2142 4587 2272 4654 Quae
2298 4587 2539 4641 membra
2567 4582 2783 4647 diaboli,
2813 4596 3026 4652 semper
3055 4581 3302 4634 nituntur

1725 4675 2044 4732 conculcare
2075 4678 2313 4731 membra
2358 4674 2579 4730 Christi.
2625 4673 2755 4728 Tota
2793 4674 2897 4738 die,
2945 4672 2998 4726 id
3028 4681 3142 4737 est,
3188 4680 3300 4747 toza

1724 4769 1826 4824 hac
1853 4767 2102 4836 praesenti
2150 4767 2279 4821 vita.
2311 4766 2378 4820 Et
2418 4773 2641 4837 possunt
2669 4765 3003 4830 conculcare,
3054 4768 3305 4833 quoniam

1726 4856 1878 4911 multi
1910 4857 2159 4911 bellantes
2195 4858 2474 4910 adversum
2499 4873 2600 4910 me.
2634 4855 2755 4911 Ideo
2782 4857 3049 4919 bellantes,
3080 4853 3206 4922 quia
3235 4853 3305 4907 ab.

1722 4942 1999 5002 altitudine
2033 4946 2159 5011 diei,
2196 4947 2453 5002 subaudis
2492 4946 2764 5009 deficiunt,
2814 4946 2867 5001 id
2894 4955 2997 5010 est,
3039 4959 3068 4996 a
3110 4942 3297 5011 cogni-

1723 5038 1867 5092 tione
1894 5036 2189 5106 majestatis
2213 5037 2359 5090 illius
2382 5038 2485 5092 diei
2512 5035 2662 5104 cujus
2703 5035 2981 5092 duodecim
3007 5034 3150 5087 hora:
3176 5038 3303 5085 sunt

1722 5130 2007 5186 duodecim
2040 5129 2268 5200 apostoli
2309 5127 2496 5198 (Joan.
2523 5127 2624 5198 xi).
2655 5127 2757 5194 Qui
2785 5129 2898 5182 dies
2919 5127 2972 5181 in
2999 5125 3106 5178 alto
3129 5122 3302 5175 latens

1722 5233 1827 5274 non
1854 5230 1938 5276 est
1963 5220 2211 5289 cognitus
2238 5235 2267 5273 a
2288 5221 2504 5289 populo,
2537 5218 2625 5288 qui
2660 5234 2690 5268 a
2720 5218 2914 5271 sanctis
2950 5215 3096 5281 longe
3133 5210 3303 5277 {actus

1722 5320 1817 5364 cst.
1858 5311 1964 5368 Sed
1990 5312 2228 5381 nunquid
2270 5312 2338 5366 ab
2364 5311 2469 5369 hac
2509 5308 2785 5365 altitudine
2814 5308 3018 5370 timebo,
3051 5313 3107 5357 ut
3141 5302 3207 5357 ab
3230 5316 3304 5357 ea

1720 5398 1977 5468 jadicer‘!
2007 5402 2147 5466 Non,
2175 5403 2351 5472 potius
2378 5403 2457 5457 illi
2483 5400 2765 5461 timebunt,
2794 5397 3087 5452 secundum
3111 5406 3304 5460 quam-

1727 5490 1847 5544 dam
1887 5492 2290 5548 translationem
2336 5500 2395 5545 et
2419 5508 2528 5547 non
2562 5502 2685 5554 ego,
2730 5488 2856 5554 quia
2895 5489 2949 5541 in
2977 5496 3024 5538 te
3064 5482 3301 5551 sperabo,
