3884 5480
515 368 625 426 tes
811 432 816 436 _
1124 369 1386 426 liEMlGll
1426 350 2093 430 ANTISSIODORENSIS
2131 369 2286 432 opp.
2327 376 2528 434 rans.
2566 375 2610 432 ι.
2650 408 2719 418 -
2750 375 3165 436 EXEGETICA.
3694 380 3784 436 nt

516 486 571 540 id
596 492 698 549 cst,
724 490 991 553 potentes,
1019 483 1110 537 sed
1141 484 1381 555 nuuquid
1406 499 1500 540 eos
1524 485 1709 540 timebo
1731 492 1951 555 propter
1971 485 2105 539 mul-
2133 491 2179 550 Α
2208 505 2337 544 vera
2369 491 2422 545 in
2455 491 2674 557 malum,
2707 493 2830 561 quia
2870 493 3068 548 malum
3100 493 3441 557 intestinum,
3477 493 3685 548 vulnus
3710 498 3781 550 in.

516 575 801 630 titudinem
840 573 927 630 vel
956 584 1176 644 propter
1202 575 1564 641 altitudinem,
1593 592 1714 631 cum
1747 576 1834 630 illa
1867 577 2106 647 potentia
2208 582 2470 646 sanabile,
2495 584 2620 653 quia
2647 583 2862 653 quando
2891 585 3008 655 plus
3036 585 3232 655 tegitur
3264 593 3415 638 tanto
3446 585 3691 654 amplius
3716 588 3782 641 in-

516 668 590 722 sit
612 667 741 732 diei,
786 666 837 721 id
862 676 969 732 est,
1000 667 1309 737 temporalis
1329 676 1384 721 et
1417 668 1527 723 cito
1575 667 1908 733 transitoria,
1950 668 2107 737 quasi
2208 673 2434 727 curahili
2466 674 2749 743 putredine
2777 675 3070 730 snuciatur.
3107 695 3126 728 ι
3166 676 3279 740 Vel,
3302 675 3615 730 secundum
3645 677 3783 733 aliam

519 760 680 816 unius
717 760 863 815 diei?
906 758 1259 827 Subauditur,
1298 776 1426 815 non.
1458 760 1526 815 Et
1564 760 1818 831 supponit
1864 775 2106 815 causam.

518 849 633 921 Ego
688 868 806 905 vero
852 852 1004 922 quasi
1049 851 1260 921 justus,
1308 860 1625 906 mansuetus
1677 859 1733 905 et
1780 850 1901 921 pius
1951 866 2111 920 spero

519 942 573 995 in
600 951 653 996 te
675 940 844 1010 justo,
875 951 1157 997 mansueto
1181 950 1235 997 et
1264 942 1373 1012 pio.
1405 940 1522 1008 Vel,
1546 942 1733 996 timebo
1769 958 1860 1012 ego
1885 943 1948 996 ab
1981 941 2108 996 alti-

517 1032 700 1086 tudine
733 1032 864 1096 diei,
890 1040 949 1085 ut
989 1032 1235 1087 deliciam
1274 1032 1373 1087 sub
1405 1046 1570 1087 onere
1602 1032 1655 1086 in
1692 1033 1940 1099 meridie,
1971 1032 2112 1087 sicut

520 1120 594 1173 illi
619 1121 711 1193 qui
743 1136 900 1174 mane
921 1129 1158 1190 portant,
1186 1128 1243 1175 et
1271 1129 1460 1190 postea
1504 1120 1779 1175 deﬁciunt.
1821 1120 1953 1192 Ego,
1982 1135 2111 1187 non,

520 1210 614 1264 sed
645 1211 825 1279 potius
865 1210 938 1264 illi
971 1211 1238 1284 timebunt
1268 1211 1332 1265 ab
1372 1210 1649 1265 altitudine
1693 1211 1819 1276 diei,
1865 1211 1917 1265 id
1949 1220 2055 1277 est,
2083 1227 2115 1267 a

521 1316 653 1355 vero
689 1301 801 1356 sole
835 1302 1086 1357 veniente
1122 1304 1189 1357 ad
1227 1300 1514 1370 judicium.
1552 1303 1620 1358 Et
1665 1311 1725 1358 ut
1765 1318 1865 1375 ego
1914 1306 2115 1374 possim

462 1385 471 1392 ’
520 1407 763 1461 sperare,
795 1394 847 1445 in
898 1390 1006 1447 Deo
1057 1391 1285 1446 laudabo
1333 1391 1591 1458 Verbum,
1646 1394 1699 1449 id
1747 1403 1869 1458 est,
1922 1394 2117 1449 Filium

521 1482 669 1537 Patri
720 1492 1068 1538 comteruum.
1123 1482 1397 1550 Laudabo,
1451 1500 1553 1540 non
1609 1501 1704 1541 ero
1750 1485 1856 1542 illis
1903 1486 2118 1560 similis,

527 1573 619 1642 qui
648 1588 773 1627 eum
807 1587 987 1643 regem
1027 1573 1227 1627 habere
1279 1575 1491 1641 nolunt,
1523 1575 1619 1631 sed
1662 1576 1817 1645 quasi
1845 1575 2122 1633 hominem

529 1672 900 1719 contemnunt.
937 1663 994 1717 ln
1044 1664 1271 1719 Domino
1312 1664 1543 1720 laudabo
1583 1652 1867 1733 sermones,
1920 1668 1974 1722 itl
2015 1675 2118 1732 est,

528 1756 965 1825 praedicationem
1022 1756 1090 1811 de
1142 1771 1208 1810 eo
1275 1755 1509 1821 factam,
1583 1757 1668 1811 vel
1737 1772 1927 1811 omnes
1994 1773 2115 1812 ser-

2211 761 2635 827 translationem,
2671 762 2931 819 Sustinuit
2966 765 3143 820 anima
3172 781 3308 829 mea,
3339 774 3397 820 et
3425 774 3518 819 est
3566 779 3784 823 sensus:

2211 849 2474 905 Sustinuit
2517 852 2635 907 illos
2677 854 2854 907 anima
2893 871 3009 908 mea
3046 855 3211 909 etiam
3254 852 3424 909 falsos
3470 852 3696 917 fratres,
3728 855 3787 910 ita

2212 942 2341 996 mihi
2383 942 2569 998 dicens
2600 961 2613 997 :
2643 942 2819 999 Sull'er
2861 945 3000 1009 illos,
3030 960 3125 999 ora
3176 960 3273 1014 pro
3314 945 3445 1000 illis.
3485 941 3604 998 Pro
3651 944 3789 998 sibilo

2210 1030 2381 1085 salvos
2412 1031 2571 1101 facies
2602 1032 2742 1098 illos,
2771 1034 2824 1088 id
2846 1043 2931 1089 est
2955 1034 3072 1090 sine
3100 1035 3289 1089 labore
3324 1033 3408 1088 vel
3439 1036 3647 1103 gratis,
3675 1043 3729 1087 et
3748 1035 3790 1087 in

2214 1122 2317 1176 hoc
2343 1123 2501 1176 docet
2527 1123 2661 1178 tales
2683 1139 2802 1179 esse
2828 1124 3134 1181 tolerandos
3158 1143 3172 1179 :
3198 1126 3449 1180 undecim
3483 1126 3640 1180 enim
3660 1125 3793 1179 disci-

2214 1209 2369 1278 pulos
2395 1211 2557 1281 elegit
2590 1212 2727 1267 Deus
2751 1212 2818 1267 ad
2847 1213 3243 1282 probationem,
3276 1222 3337 1268 ut
3379 1213 3510 1268 illos
3550 1213 3792 1267 imitando

2216 1302 2283 1356 ad
2309 1301 2695 1372 perfectionem
2739 1304 3018 1369 ducamur,
3043 1304 3291 1358 undecim
3334 1305 3402 1358 ad
3446 1306 3791 1358 tentationem

2217 1409 2337 1463 qua:
2363 1393 2608 1449 ﬁdelibus
2635 1394 2781 1450 utilis
2809 1402 2911 1461 est,
2941 1410 3036 1464 pro
3069 1396 3255 1460 nihilo,
3284 1395 3336 1449 id
3372 1403 3486 1461 est,
3532 1394 3661 1449 sine
3676 1408 3793 1464 pr:-

2218 1484 2535 1539 cedentibus
2556 1485 2762 1540 meritis
2788 1485 3090 1555 suislsalvos
3120 1484 3300 1550 faciet,
3325 1495 3387 1540 ut
3419 1488 3700 1540 latronem
3722 1487 3793 1554 qui

2221 1574 2287 1641 de
2315 1574 2598 1630 latrocinio
2628 1575 2694 1629 ad
2718 1575 3000 1646 judicium,
3032 1576 3099 1632 de
3120 1576 3327 1647 judicio
3350 1578 3424 1630 'ad
3469 1589 3716 1638 enicem,
3744 1574 3794 1628 de

2222 1679 2382 1719 cruce
2426 1665 2480 1719 in
2518 1665 2825 1737 paradisum
2857 1664 2972 1719 ivit.
3018 1664 3224 1721 Aliter:
3255 1663 3407 1721 Sicut
3441 1666 3795 1719 sustinuerat

2222 1755 2454 1808 animam
2497 1771 2685 1809 meam.
2738 1754 2845 1810 Sed
2899 1762 2954 1810 et
2995 1769 3093 1825 ego
3138 1756 3359 1811 orabam
3403 1771 3510 1825 pro
3557 1756 3688 1819 illis,
3714 1755 3795 1809 hoc

529 1858 735 1899 triones.
797 1845 1088 1900 Sermones
1144 1845 1288 1899 enim
1353 1854 1476 1901 tuos
1539 1854 1634 1901 aut
1683 1846 1969 1901 unmdaces
2021 1847 2115 1901 hae
2148 1851 2190 1910 Β
2219 1845 2395 1899 sciens
2422 1846 2545 1915 quin
2569 1862 2662 1915 pro
2688 1846 2873 1911 nihilo,
2903 1845 2953 1899 id
2978 1856 3079 1911 est,
3107 1845 3262 1901 facile
3280 1845 3455 1900 salvos
3481 1844 3793 1914 faciesillos,

528 1936 713 2004 bebis,
753 1948 808 1994 et
845 1939 965 1994 ideo
1004 1950 1158 2004 tuos,
1216 1950 1311 1994 aut
1358 1940 1403 1994 si
1451 1955 1677 1995 veraces
1713 1949 1910 2004 erunt,
1964 1951 2020 1994 et
2068 1940 2128 1995 si

527 2043 624 2083 eos
662 2045 691 2084 a
732 2030 860 2095 Deo,
890 2045 996 2085 non
1024 2045 1056 2083 a
1092 2037 1147 2083 te
1186 2030 1401 2100 putabis
1428 2030 1658 2092 habere;
1692 2045 1910 2085 veraces
1935 2039 2113 2094 erunt,

526 2121 622 2174 sed
664 2129 718 2174 tu
768 2120 1018 2175 mendax.
1062 2120 1234 2175 Aliter
1279 2138 1292 2173 :
1336 2120 1620 2175 Timcbunt
1656 2128 1835 2178 autem
1874 2123 2128 2193 «ιιιειιιιιυσΔ

526 2226 636 2281 que
675 2211 767 2281 qui
807 2212 966 2267 modo
1004 2212 1345 2282 superbiant,
1372 2212 1465 2281 qui
1506 2213 1664 2271 modo
1700 2215 1793 2269 alti
1828 2223 1971 2270 sunt.
2006 2213 2118 2285 Ego

529 2313 649 2359 vero
695 2303 909 2358 interim
942 2302 1136 2358 timere
1164 2302 1441 2375 prmelfgo,
1473 2315 1527 2359 ut
1570 2320 1675 2359 non
1706 2306 1992 2375 desperare
2022 2303 2119 2359 tibi

531 2411 715 2467 cogar.
746 2395 811 2451 Et
836 2396 912 2471 -in
963 2394 1052 2448 illa
1096 2409 1194 2467 spe
1243 2412 1350 2451 non
1395 2413 1490 2452 ero
1532 2397 1756 2461 otiosus,
1794 2396 1887 2451 sed
1923 2394 2120 2449 iaciam

529 2486 765 2543 cilicium
792 2491 1086 2565 sperantis,
1108 2491 1233 2563 quia
1257 2493 1312 2546 in
1338 2490 1444 2546 Deo
1472 2491 1681 2547 scilicet
1703 2493 1965 2556 existens,
1996 2489 2119 2544 lau-

530 2580 669 2634 dabo
716 2573 978 2637 sermones
1016 2598 1177 2649 meos,
1204 2584 1258 2638 id
1300 2592 1383 2639 est
1423 2582 1720 2639 laudabiles
1764 2583 1980 2648 faciam,
2010 2591 2122 2638 tum

533 2669 794 2741 dignitate
841 2672 996 2727 bona:
1041 2673 1198 2739 vitae,
1243 2682 1354 2728 tum
1403 2674 1651 2729 veritate.
1693 2674 1786 2729 ille
1828 2674 2124 2730 laudabiles

532 2759 665 2815 facit
699 2776 978 2817 sermones
1000 2763 1089 2832 qui
1120 2763 1269 2836 prius
1294 2764 1430 2817 heue
1454 2771 1731 2832 operatur,
1757 2762 1949 2817 deinde
1981 2764 2129 2832 praeJ

536 2850 706 2915 dicat,
729 2850 882 2920 iuxta
920 2851 1051 2906 illud
1081 2870 1095 2905 :
1131 2850 1261 2918 Quae
1290 2854 1625 2924 capit-Iesus
1655 2853 1826 2923 facere
1855 2863 1904 2908 et
1941 2853 2125 2907 docere

540 2940 682 3012 (Act.
712 2938 776 3015 ι).
819 2940 885 2995 Et
908 2941 1032 2997 ideo
1058 2957 1164 2996 non
1194 2941 1315 2998 dico
1361 2951 1588 3007 tantum,
1618 2944 1849 3014 sperabo
1881 2942 1975 2998 sed
2010 2958 2126 3012 spe-

535 3032 648 3085 ravi
686 3044 901 3106 semper
945 3033 1000 3086 in
1037 3032 1169 3099 Deo,
1201 3041 1255 3087 et
1290 3033 1409 3089 ideo
1437 3050 1542 3111 non
1593 3035 1783 3089 timebo
1808 3033 1932 3106 quid
1961 3032 2125 3103 faciat

2216 1933 2321 1998 vel,
2357 1935 2459 1989 illis
2493 1936 2672 2004 gravis
2717 1943 2837 1988 erat
2879 1935 2988 1988 vita
3028 1949 3167 1999 mea,
3203 1944 3260 1990 et
3305 1935 3411 1989 hoc.
3457 1935 3590 1989 sine
3631 1949 3795 1989 eorum

2221 2024 2437 2090 tlanmo,
2472 2024 2622 2093 quia,
2644 2039 2678 2078 ο
2704 2024 2861 2088 Deus,
2892 2035 2948 2077 tu
2968 2024 3138 2078 salvos
3167 2026 3328 2094 facies
3345 2026 3492 2089 illos,
3521 2024 3606 2089 id,
3627 2034 3708 2078 est
3733 2039 3799 2077 reo

2218 2116 2504 2171 suscitabis
2536 2131 2567 2170 a
2596 2124 2789 2182 morte,
2829 2110 2921 2171 Sed
2966 2133 3061 2186 pro
3100 2116 3288 2182 nihilo,
3320 2118 3373 2173 id
3397 2127 3488 2173 est
3526 2133 3637 2187 pro
3672 2116 3792 2171 nulla

2218 2223 2406 2263 eorum
2435 2208 2687 2263 utilitate.
2722 2206 2912 2262 Omnes
2943 2208 3153 2279 quidem
3192 2224 3558 2279 resurgentem,
3593 2210 3686 2263 sed
3711 2224 3794 2260 nos

2221 2314 2397 2353 omnes
2421 2296 2816 2351 immutabimur
2842 2295 2893 2367 (1
2921 2295 3047 2352 Cor.
3080 2298 3193 2366 xv).
3222 2297 3291 2352 Et
3316 2312 3514 2352 revera
3550 2313 3654 2368 pro
3678 2296 3797 2350 nulla

2220 2398 2406 2443 eorum
2434 2387 2683 2450 utilitate,
2709 2388 2836 2458 quia
2861 2388 2913 2441 in
2944 2388 3021 2442 ira
3048 2402 3209 2456 quam
3234 2396 3565 2444 meruerunt
3590 2387 3798 2443 confrin-

2222 2493 2315 2549 ges
2340 2493 2433 2533 eos
2459 2476 2657 2547 duplici
2686 2478 3028 2532 contritione.
3055 2477 3150 2533 Vel
3179 2478 3232 2532 in
3258 2477 3488 2531 bonum.
3520 2476 3643 2531 Hoc
3666 2476 3799 2529 mlo

2223 2567 2401 2622 salvos
2442 2566 2610 2621 facies
2640 2582 2654 2622 :
2688 2563 2753 2619 In
2780 2565 2860 2620 ira
2898 2566 3116 2636 populos
3147 2566 3470 2636 confringes,
3502 2565 3799 2620 eracusmlo

2224 2660 2540 2729 nequitiam,
2571 2658 2819 2714 donando
2849 2659 3248 2729 gratiamyquia
3277 2667 3447 2712 erunt
3486 2658 3548 2712 in
3597 2659 3677 2712 ira
3715 2668 3800 2710 ter-

2225 2752 2338 2817 riti,
2383 2751 2818 2807 tribulationibus
2857 2753 3059 2817 vexati,
3095 2752 3197 2806 (ille
3234 2752 3461 2817 firmati,
3495 2752 3678 2823 gratis
3713 2750 3800 2807 sai-

2225 2843 2355 2897 vati.
2382 2842 2495 2901 lloc
2522 2842 2681 2897 tundo
2708 2840 3024 2913 confringes,
3054 2844 3155 2899 hoc
3188 2843 3349 2899 modo
3375 2843 3627 2898 salvabis
3656 2861 3669 2896 :
3695 2842 3798 2910 quia

2226 2947 2326 3003 ego
2369 2934 2605 2987 nuntiavi
2651 2933 2754 2988 illis
2797 2936 2955 2988 vitam
2990 2950 3187 2999 meam,
3230 2932 3395 3003 quam
3437 2933 3631 2999 ftnda,
3661 2949 3798 3003 quam

2227 3038 2391 3094 prava
2440 3023 2567 3078 olim
2612 3022 2717 3077 fuit
2746 3039 2760 3075 :
2794 3039 2937 3077 nunc
2981 3040 3109 3079 vero
3157 3038 3321 3094 quam
3371 3022 3631 3093 pulchra,
3662 3037 3799 3093 quasi

537 3121 668 3177 mihi
706 3124 857 3189 caro,
883 3123 934 3178 id
973 3132 1057 3179 est
1093 3124 1348 3190 carnalis,
1376 3126 1485 3180 cito
1508 3126 1795 3192 transiens,
1822 3126 1930 3181 cito
1958 3125 2128 3179 inter-
2229 3124 2416 3168 sane“!
2444 3127 2543 3186 Pel‘
2566 3115 2796 3184 Βηηίδιη
2839 3124 3006 3179 illam.
3031 3124 3089 3169 ei
3115 3115 3219 3169 hoc
3248 3115 3343 3169 libi
3375 3116 3690 3170 διιτίῦιιθιιε
3714 3130 3799 3167 ηαι

538 3211 734 3266 iturus.
760 3211 861 3279 Qui
910 3221 1068 3267 antea
1104 3215 1313 3268 dixerat
1341 3233 1355 3268 :
1386 3213 1632 3269 Miserere
1668 3216 1791 3282 mei,
1816 3213 1979 3279 Deus,
2003 3229 2123 3283 quo-

2229 3204 2380 3269 mihi,
2413 3215 2472 3258 ut
2510 3205 2612 3260 Bltll
2658 3202 2767 3259 illis
2811 3205 2865 3259 in
2909 3205 3214 3275 exemplum
3264 3206 3649 3276 resipiscendi,
3673 3205 3801 3274 just:

536 3301 683 3355 niam
708 3301 1029 3357 conculcavil
1055 3319 1135 3358 me
1156 3303 1335 3371 homo,
1364 3303 1636 3373 quomodo
1665 3320 1808 3360 nunc
1838 3305 1988 3371 dicit,
2022 3320 2123 3359 non

2225 3294 2570 3363 Apostolum,
2618 3296 2709 3365 qui
2757 3297 2902 3365 prius
2949 3296 3029 3365 [ai
3077 3308 3399 3367 perseeutor,
3436 3298 3801 3367 blasphemus:

536 3389 728 3444 timebo
757 3389 884 3463 quid
922 3391 1083 3458 faciat
1120 3390 1248 3445 mihi
1288 3393 1456 3447 caro?
1484 3392 1559 3449 lbi
1592 3390 1924 3465 respexit‘ad
1948 3393 2127 3449 cultu-
2228 3400 2372 3440 nunc
2390 3396 2570 3441 autem
2601 3379 3026 3441 misericordiam.
3056 3384 3361 3442 consecutus
3396 3405 3540 3454 sum,
3574 3398 3631 3442 ut
3661 3390 3713 3442 in
3741 3403 3801 3440 ne

539 3493 683 3544 ram,
712 3478 803 3535 hic
842 3488 1024 3535 autem
1061 3483 1321 3552 prospicit
1365 3486 1432 3539 ad
1472 3485 1657 3540 vinum
1686 3485 1829 3556 quod
1859 3484 1984 3539 inde
2008 3498 2127 3538 ma-

537 3576 654 3627 nat.
686 3568 749 3623 Et
778 3570 928 3625 ideo:
960 3570 1087 3625 Non
1113 3571 1300 3627 timebo
1330 3574 1456 3643 quid
1479 3573 1643 3643 faciat
1669 3575 1799 3627 mihi
1828 3589 1975 3639 caro,
2002 3573 2128 3647 quia

538 3671 672 3711 caro
699 3657 834 3712 nihil
860 3666 1040 3727 potest
1082 3659 1186 3715 nisi
1212 3659 1267 3713 in
1294 3674 1536 3715 carnem.
1567 3662 1635 3717 Et
1655 3662 1784 3731 quid
1811 3660 1944 3717 facit
1965 3662 2131 3718 caro?

546 3748 678 3804 Tota
700 3749 806 3817 die,
828 3750 882 3804 id
896 3759 999 3816 est,
1022 3750 1238 3806 assidue
1259 3752 1411 3806 verba
1439 3768 1556 3807 mea
1583 3754 2005 3809 exsecrabantur.
2031 3754 2131 3811 Hic

540 3848 767 3911 apparet
792 3842 935 3911 quod
960 3856 1103 3900 unus
1131 3832 1391 3912 loquitur.
1434 3840 1600 3897 Verba
1626 3861 1741 3899 mea
1768 3845 1824 3900 in
1859 3854 1912 3902 te
1940 3834 2129 3901 lauda-

542 3928 670 3985 bilia
699 3930 1074 4003 blasphemant
1099 3948 1114 3987 :
1144 3948 1265 4004 quae
1291 3934 1411 3989 dico
1439 3951 1572 4000 mea,
1604 3938 1679 3991 ita
1705 3946 1907 4004 tamen,
1938 3946 1996 3992 ut
2021 3953 2049 3992 a
2079 3947 2131 3995 te

540 4020 693 4074 data.
716 4020 1049 4093 Augustinus
1074 4040 1088 4077 :
1122 4041 1142 4074 ί
1166 4023 1405 4095 Roga,et
1428 4039 1535 4079 non
1564 4026 1673 4081 eris
1702 4041 1932 4094 vacuus;
1958 4028 2128 4083 conli-

545 4117 659 4164 tere
678 4119 847 4175 tuum,
872 4120 929 4166 et
953 4127 1058 4168 non
1083 4113 1192 4169 eris
1221 4114 1481 4185 ingratus.
1510 4135 1531 4168 ι
1556 4117 1844 4171 Adversum
1861 4134 1942 4173 me
1955 4135 2131 4174 omnes

540 4201 886 4271 cogitationes
921 4218 1137 4271 eorum;
1180 4205 1336 4274 quasi
1375 4205 1520 4261 dicat
1553 4225 1567 4261 :
1605 4223 1712 4262 non
1755 4209 1927 4264 solum
1970 4208 2131 4267 vo‘ces

539 4298 671 4344 sum
697 4291 972 4346 adversum
999 4309 1101 4360 me,
1127 4295 1220 4350 sed
1242 4295 1407 4349 etiam
1430 4311 1611 4351 onines
1630 4301 1995 4369 cogitationes.
2023 4300 2131 4357 Sed

541 4382 669 4453 quia
710 4384 995 4440 adversum
1042 4401 1165 4442 eum
1206 4375 1429 4456 possent
1457 4403 1599 4455 esse,
1630 4398 1685 4445 et
1713 4399 1892 4446 tamen
1931 4393 1990 4447 in
2036 4393 2132 4448 bo-

540 4492 694 4543 num,
725 4476 846 4533 ideo
880 4477 1029 4543 dicit,
1068 4479 1124 4533 in
1165 4479 1386 4534 malum.
1416 4479 1668 4538 Ostendit
1711 4486 1983 4554 quomodo
2012 4502 2126 4541 om-

537 4581 634 4621 nes
663 4581 843 4619 eorum
871 4568 1207 4637 cogitationes
1235 4570 1291 4627 in
1331 4570 1552 4638 malum,
1580 4575 1835 4644 quoniam
1864 4577 2135 4631 inhabita;

539 4654 694 4708 bunt.
725 4653 907 4725 Aliqui
944 4657 1156 4713 illorum
1198 4660 1505 4718 inhabitare
1548 4678 1608 4719 se
1649 4680 1860 4721 meeum
1907 4667 2128 4722 simula-

543 4746 702 4812 bunt,
740 4748 795 4802 in
827 4748 1066 4805 Ecclesia
1100 4753 1450 4824 suscipiendo
1476 4755 1763 4827 baptisma,
1787 4759 2129 4830 suscipiendo

539 4853 740 4895 nomen
780 4838 1177 4910 Christianum,
1226 4845 1374 4901 velut
1417 4845 1583 4905 ludas
1615 4851 1708 4927 qui
1755 4851 1922 4909 falsus
1959 4850 2130 4908 frater

537 4937 683 4996 erat,
717 4930 808 5001 qui
850 4930 914 4985 in
962 4947 1187 5007 numero
1235 4936 1621 5007 discipulorum
1661 4953 1798 5007 erat,
1829 4951 1878 4995 et
1908 4943 2128 5007 abscon-

538 5021 693 5088 dent,
721 5020 774 5077 id
812 5029 898 5077 est
926 5023 1170 5081 incorde
1195 5026 1349 5083 dolos
1375 5036 1576 5101 tegent,
1610 5030 1832 5086 insidias
1857 5033 2127 5101 parabunt

542 5121 801 5185 tanquam
838 5113 964 5170 falsi
1000 5114 1204 5174 fratres
1244 5120 1337 5195 qui
1380 5120 1713 5181 introiertmt
1750 5123 2034 5197 explorare
2060 5125 2129 5180 li—

543 5203 810 5256 herlntem
850 5212 1101 5260 nostram
1130 5223 1143 5254 :
1169 5208 1410 5261 ostendit
1451 5209 1720 5258 nuomndn
1765 5212 2079 5262 nhscondent
2111 5229 2125 5255 ,-

2158 4536 2205 4596 D

2228 3476 2515 3530 ostenderet
2545 3476 2764 3531 divitias
2784 3470 3184 3533 misericordiae
3211 3494 3322 3534 sua:
3340 3477 3397 3550 (I
3430 3477 3572 3533 Tim.
3605 3480 3667 3547 l).
3707 3478 3801 3531 Non

2230 3565 2349 3620 ideo
2395 3566 2779 3621 annuutiamus
2827 3562 2993 3621 vitam
3040 3575 3282 3622 nostram
3314 3568 3446 3632 Deo,
3476 3578 3539 3624 ut
3587 3569 3799 3639 ipseco-

2227 3666 2471 3727 gnoseat,
2514 3659 2610 3714 sed
2657 3659 3015 3714 humilitatem
3063 3669 3303 3715 nostram
3349 3662 3641 3717 attendens
3677 3662 3805 3732 igno-

2228 3748 2362 3802 scat.
2401 3746 2513 3817 Ego
2561 3748 2800 3802 nuntiari
2846 3746 2952 3802 illis
3000 3748 3159 3801 vitam
3204 3760 3399 3814 vneam,
3441 3764 3610 3818 quam
3659 3752 3800 3803 vitam

2228 3836 2381 3907 prius
2408 3837 2509 3890 tibi
2529 3837 2785 3890 nuntiari.
2814 3832 2883 3890 Et
2912 3845 2967 3891 tu
3003 3836 3225 3907 posuisti
3268 3836 3535 3907 lacrymas
3562 3853 3724 3902 utens,
3760 3837 3801 3890 il

2230 3935 2312 3980 est
2336 3925 2671 3997 lacrymosas
2696 3939 2886 3995 preces
2916 3926 2970 3979 in
3008 3923 3280 3995 conspectu
3308 3935 3420 3990 tuo,
3454 3927 3508 3981 id
3537 3936 3624 3981 est
3650 3940 3799 3980 exau-

2231 4016 2355 4071 disti
2379 4029 2492 4071 eas.
2518 4016 2672 4071 Sicut
2690 4025 2746 4070 et
2767 4015 2819 4069 in
2842 4016 3201 4086 promissione
3226 4026 3350 4071 tua:
3376 4024 3437 4070 tu
3458 4018 3604 4071 enim
3628 4016 3801 4087 promi

2230 4108 2371 4171 sisti,
2383 4107 2441 4161 1n
2453 4120 2780 4175 quacunque
2791 4107 2879 4161 die
2891 4114 3450 4177 peceatorconversus
3476 4109 3799 4179 ingemuerit,

2232 4197 2413 4254 salvus
2445 4198 2550 4252 erit
2575 4197 2792 4268 (Exerit.
2834 4202 3049 4269 sxxm).
3080 4197 3138 4253 Si
3166 4207 3346 4254 autem
3367 4198 3495 4253 illud
3525 4199 3583 4254 in
3621 4198 3798 4253 malm

2232 4290 2515 4361 accipitur,
2540 4288 2607 4345 In
2627 4291 2710 4344 ira
2737 4275 2961 4360 populos.
2978 4291 3298 4362 confrmges,
3322 4300 3475 4357 tunc,
3499 4291 3641 4347 Deus
3662 4293 3795 4347 vita

2230 4405 2418 4453 meam,
2446 4390 2526 4445 sic
2553 4390 2620 4445 ad
2651 4386 2927 4460 superiora
2965 4389 3251 4462 jungitur:
3291 4389 3405 4461 Ipsi
3447 4387 3796 4458 inhabitabant

2231 4487 2279 4533 et
2303 4479 2636 4532 abscondent.
2668 4479 2782 4549 Ego
2809 4488 2987 4535 tamen
3015 4464 3325 4535 annuntiaui
3353 4481 3516 4535 vitant
3545 4496 3732 4543 meant,
3754 4478 3797 4533 id

2229 4578 2335 4636 est,
2360 4571 2613 4640 proposui
2638 4586 2727 4627 me
2747 4570 2851 4626 illis
2872 4571 3180 4642 exemplum
3208 4571 3362 4631 bona:
3381 4573 3528 4628 vitae.
3551 4572 3612 4628 Si
3641 4581 3796 4627 autem

2230 4661 2282 4716 in
2310 4676 2543 4731 persona
2574 4662 2771 4733 capitis
2792 4662 3019 4735 legimus
3038 4663 3261 4730 dictum,
3287 4663 3431 4719 Deus
3452 4665 3608 4719 vitam
3629 4680 3794 4727 meum.

2228 4753 2368 4810 sicut
2396 4762 2451 4809 et
2477 4762 2674 4809 caetera
2716 4756 3029 4824 hucusque,
3060 4757 3166 4812 etsi
3194 4756 3444 4827 quaedam
3508 4772 3607 4827 pro
3651 4769 3795 4811 mem-

2230 4845 2361 4913 bris,
2413 4846 2601 4902 eodem
2648 4847 2807 4903 modo
2858 4848 3150 4904 dicemus:
3209 4848 3301 4903 Illi
3351 4849 3717 4904 inhabitabant
3755 4858 3793 4900 et

2231 4938 2564 4993 abscondent.
2590 4939 2706 5011 Ego
2727 4949 2922 5006 autem,
2948 4958 2978 4994 ο
3000 4939 3161 5007 Deus,
3187 4943 3346 4996 vitam
3367 4959 3539 4996 meam
3561 4932 3665 4996 illis
3684 4956 3793 4993 an.

2229 5029 2374 5095 tiavi,
2405 5029 2458 5085 id
2488 5038 2594 5095 est,
2620 5032 2875 5103 proposui
2912 5030 3017 5085 illis
3040 5031 3106 5086 ad
3139 5031 3460 5087 imitandum
3491 5032 3605 5097 tibi,
3637 5031 3686 5085 id
3706 5036 3789 5089 at.

2229 5118 2294 5171 ad
2329 5119 2587 5175 honorem
2625 5128 2794 5174 tuum.
2824 5118 2892 5174 Et
2931 5130 2988 5174 tu
3026 5120 3245 5191 posuisti
3272 5120 3541 5191 lacrymas
3566 5118 3790 5182 meas,id

2227 5219 2330 5262 est.
2362 5212 2692 5266 laervmosas
2717 5228 2907 5264 preces
2932 5211 3103 5264 factas
3131 5227 3229 5266 nm
3257 5213 3419 5266 meis.
3442 5208 3513 5258 ’ῆι
3548 5218 3790 5264 rans-ests
