3918 6468
116 474 197 530 ηε

1152 457 1710 520 ἘΝΑΒΒΑἸΊΟΝΕΞ
1748 458 1812 514 IN
1853 459 2185 519 PSALMOS.

3213 471 3317 527 ιεε

113 608 189 665 per
206 587 425 660 gratiam,
449 583 515 639 tu
533 585 617 639 isti
651 593 700 639 te
725 595 1089 653 possessorem
1116 594 1313 640 meum,
1340 577 1512 633 fecisti
1542 590 1629 631 me
1656 576 1705 637 Α
1733 583 1951 630 notatur
1972 585 2025 631 et
2046 592 2164 647 per,
2186 584 2292 632 etc.
2326 575 2492 641 Tune,
2512 576 2562 650 id
2593 586 2693 645 est,
2719 579 2771 633 in
2802 579 2889 635 illa
2910 584 3322 643 annuntiatione

112 677 449 755 possessionem
481 687 619 733 tuam
647 694 660 729 :
702 685 755 732 et
779 691 883 729 non
914 672 1084 729 solum
1110 688 1274 735 nunc,
1302 671 1397 726 scd
1426 671 1481 723 in
1503 685 1635 740 qua-

112 788 269 842 cunque
295 770 371 823 die
391 769 683 823 invocevero
724 777 789 820 te.
838 765 905 820 Et
943 765 1069 835 quia
1104 763 1278 817 fecisti
1309 776 1396 817 me
1425 775 1637 832 posses-

109 862 274 916 sionem
300 866 454 922 tuam,
485 856 537 911 in
572 854 681 910 Deo
715 854 941 909 laudabo
971 853 1195 908 Verbum
1218 866 1238 905 :
1269 869 1373 907 non
1406 866 1501 908 ero
1528 851 1635 907 illis

110 950 274 1015 similis,
290 948 375 1019 qui
395 948 581 1004 Filium
602 946 698 1003 Dei
724 962 905 1019 regem
925 945 1126 1001 habere
1148 945 1356 1010 nolunt,
1379 944 1631 1010 laudabo,

108 1040 252 1105 idest,
279 1039 375 1094 ﬁde
400 1047 451 1094 et
476 1053 637 1108 opere
669 1039 949 1093 ostendam
978 1035 1298 1091 laudabilem
1329 1035 1546 1099 Filium,
1576 1036 1631 1089 in

105 1129 205 1195 Deo,
234 1128 279 1184 id
304 1136 399 1194 est,
428 1129 478 1182 in
509 1127 787 1197 majestate
812 1128 904 1182 Dei
931 1127 1128 1182 Patris.
1160 1126 1227 1180 In
1256 1125 1483 1181 Domino
1516 1126 1633 1179 Iau-

104 1222 208 1275 ilabo
224 1236 488 1275 mortem
512 1235 709 1284 meum,
742 1220 833 1289 qui
852 1220 901 1275 si
929 1228 1014 1274 est
1039 1234 1201 1276 verax
1230 1232 1294 1273 ex
1328 1218 1419 1273 illo
1448 1226 1550 1285 est,
1576 1218 1632 1273 in

106 1311 187 1365 Deo
207 1312 402 1382 speravi,
418 1322 472 1366 et
492 1311 612 1367 ideo
633 1328 734 1366 non
756 1312 945 1366 timebo
966 1311 1095 1381 quid
1117 1310 1279 1379 faciat
1304 1310 1431 1364 mihi
1451 1311 1627 1364 homo.

103 1402 213 1457 Nihil
251 1403 380 1457 enim
428 1411 603 1474 potest
629 1402 792 1458 homo
818 1402 919 1457 nisi
960 1401 1103 1472 quod
1132 1401 1292 1457 homo
1337 1401 1389 1455 in
1435 1415 1631 1470 corpus

102 1498 268 1560 potest,
310 1491 635 1546 in-animam
674 1507 804 1547 vero
848 1492 978 1546 nihil
1026 1491 1115 1546 ille
1156 1491 1248 1561 qui
1297 1499 1505 1545 tantum
1547 1497 1631 1546 est

102 1582 256 1646 homo;
290 1583 455 1653 potius
483 1582 634 1637 illum
665 1583 857 1639 timebo
897 1582 986 1654 qui
1024 1590 1187 1653 potest
1225 1592 1271 1637 et
1309 1583 1540 1635 animam
1580 1590 1629 1635 et

102 1688 248 1742 corpus
276 1674 475 1729 mittere
516 1676 573 1729 in
614 1675 899 1746 gehennam
944 1673 1159 1745 (Matth.
1208 1673 1282 1745 ι).
1326 1673 1391 1727 Et
1440 1673 1493 1727 in
1544 1672 1629 1727 his

101 1766 303 1821 omnibus
325 1765 625 1835 persolvam
652 1776 790 1832 vota,
831 1781 937 1821 non
968 1779 1061 1821 ero
1090 1766 1350 1836 ingratus.
1396 1764 1503 1819 Sed
1538 1764 1629 1819 illa

101 1865 189 1907 rota
213 1862 287 1909 tua
305 1864 461 1911 sunt:
502 1855 629 1925 quia
657 1872 806 1910 omne
834 1857 1015 1910 datum
1054 1856 1337 1925 optimum,
1380 1865 1433 1909 et
1479 1869 1629 1909 omne

1736 667 1860 721 vitae
1884 682 2015 723 sum.
2040 667 2142 735 Qui
2163 677 2321 725 erant
2357 670 2555 724 inimici
2597 684 2958 729 convertentur
2993 688 3317 745 retrorsum,

1735 764 1795 812 ut
1824 756 1969 835 ﬁant.
2004 773 2284 828 sequaces.
2335 759 2403 814 In
2448 776 2757 832 quacunque
2792 763 2878 818 die
2911 765 3215 822 invocavero
3242 779 3313 824 te.

1733 846 1813 902 Ne
1845 847 1987 903 dicat
2026 847 2221 919 aliquis
2249 850 2657 906 conversionem
2687 851 2846 908 istam
2877 862 3087 912 tantum
3117 859 3183 913 ad
3225 874 3323 916 eos

1732 938 2007 1007 pertinere
2028 940 2121 1009 qui
2152 940 2203 993 in
2232 941 2506 1010 primitiva
2551 942 2789 999 Ecclesia
2810 984 2825 1009 ,
2866 946 3049 1002 statim
3091 959 3214 1019 post
3238 967 3325 1007 re-

1733 1029 2126 1084 surrectionem
2172 1039 2299 1085 sunt
2330 1032 2600 1087 conversi.
2628 1032 2695 1086 In
2720 1050 3029 1108 quacunque
3055 1038 3141 1094 die
3161 1080 3175 1106 ,
3206 1041 3326 1098 sive

1734 1118 1788 1173 in
1815 1120 2113 1188 primitiva,
2154 1124 2268 1178 sive
2304 1123 2357 1178 in
2403 1124 2745 1180 subsccutiva
2792 1126 3069 1197 Ecclesia,
3106 1132 3321 1189 invoca-

1731 1208 1867 1264 bunt
1896 1217 1949 1264 te
1984 1211 2110 1265 mei.
2152 1210 2292 1267 Ecce
2321 1215 2500 1269 cuncti
2525 1215 2708 1271 statim
2745 1218 2799 1272 in
2827 1220 3157 1290 experientia
3196 1239 3322 1294 per-

1730 1298 1954 1369 cipient,
1986 1300 2113 1371 quia
2141 1301 2284 1357 Deus
2311 1303 2520 1360 illorum
2565 1322 2645 1372 es,
2688 1308 2739 1363 id
2766 1319 2870 1375 est,
2894 1312 3326 1372 misericorditer

1731 1403 1896 1461 agens
1927 1406 2051 1447 cum
2082 1393 2183 1449 eis.
2228 1394 2295 1449 In
2341 1395 2453 1451 Deo
2488 1397 2715 1454 laudabo
2749 1402 2977 1469 verbum,
3010 1404 3065 1458 in
3095 1404 3320 1462 Domino

1729 1476 1959 1533 laudabo
1988 1496 2297 1538 sermonem.
2339 1484 2632 1558 Postquam
2669 1492 3018 1561 cognoverint
3060 1501 3112 1549 te
3138 1495 3327 1566 propi-

1731 1569 1865 1625 tium
1895 1572 1997 1628 sibi
2026 1572 2225 1640 Deum,
2271 1576 2560 1635 laudabilia
2604 1580 2808 1638 facient
2848 1585 3050 1656 scripta
3079 1602 3176 1642 sua
3201 1603 3321 1657 quze

1730 1662 1951 1718 mittent
1997 1664 2274 1734 Ecclesiis,
2325 1670 2411 1727 vel
2452 1674 2891 1744 prtedicationem
2947 1681 3000 1733 in
3050 1692 3321 1737 conventu

1731 1748 1992 1820 ﬁdelium,
2022 1765 2078 1810 et
2102 1772 2407 1815 sermonem
2432 1777 2587 1818 suum
2612 1780 2773 1835 quem
2817 1768 2884 1823 ad
2924 1769 3158 1841 aliquem
3188 1773 3321 1828 diri-

1730 1851 1879 1911 gent,
1912 1845 1996 1899 vel
2024 1844 2282 1913 Verbum,
2316 1850 2368 1905 id
2397 1862 2517 1919 est,
2563 1854 2757 1911 Filium
2802 1865 2951 1914 tuum
2972 1900 2988 1926 ,
3034 1871 3095 1916 ut
3127 1878 3315 1932 supra.

101 1944 251 1997 donum
275 1945 548 2015 perfectum
576 1944 849 1999 desursum
877 1955 949 1999 est
982 1943 1124 2015 (Jac.
1168 1945 1229 2014 i).
1278 1944 1348 1998 Et
1376 1942 1460 1997 illa
1485 1953 1620 2007 vota,
1656 1926 1700 1986 Β
1728 1928 1913 2022 ξοῐεει
1962 1935 2048 1991 hic
2085 1938 2323 1996 Trinitas
2372 1932 2549 2001 notari
2569 1986 2584 2012 ,
2631 1947 2684 2003 in
2717 1946 2855 2015 Deo,
2886 1950 2941 2006 in
2968 1926 3229 2022 Domino;
3262 1957 3317 2012 in

101 2033 167 2087 illa
188 2035 424 2090 sacriﬁcia
452 2051 559 2090 non
590 2044 749 2091 extra
782 2052 868 2091 me
897 2036 1179 2107 accipiam,
1212 2036 1305 2091 sed
1333 2036 1422 2091 ubi
1452 2035 1628 2091 nullus

101 2124 234 2181 hostis
258 2125 456 2181 auferre
480 2135 699 2198 potest;
741 2125 802 2180 In
832 2143 914 2181 me
939 2137 1086 2192 sunt,
1130 2126 1302 2192 Deus,
1345 2136 1464 2180 vota
1502 2135 1627 2189 tua,

101 2233 189 2285 qua:
214 2218 293 2273 tibi
332 2219 580 2285 reddam,
633 2220 840 2275 scilicet
887 2220 1233 2275 laudationes.
1281 2217 1338 2274 Si
1382 2219 1628 2274 volumus

104 2306 184 2362 Deo
204 2309 507 2374 sacriﬁcare,
540 2325 646 2365 non
678 2320 829 2366 extra
858 2320 1104 2381 petamus
1128 2312 1269 2381 quod
1295 2311 1490 2368 oli'erre
1533 2327 1629 2366 vo-

103 2397 253 2453 lumus.
288 2399 339 2454 ln
384 2402 537 2456 nobis
566 2410 651 2457 est
679 2402 853 2457 laudis
902 2404 1216 2469 incensum,
1258 2402 1378 2458 ﬁdei
1424 2402 1631 2458 sacriﬁ-

103 2493 250 2549 cium:
294 2495 543 2565 quidquid
600 2494 905 2561 oﬁ'erimus,
959 2496 1283 2551 accendatur
1339 2497 1626 2551 charitate.

105 2584 313 2649 Quoniam
339 2587 575 2657 eripuisti
613 2587 843 2640 animam
884 2604 1051 2641 meam
1083 2588 1147 2642 de
1179 2596 1363 2642 morte.
1394 2587 1520 2642 “(ec
1548 2597 1631 2642 est

105 2668 169 2725 illa
192 2673 281 2728 vita
306 2691 457 2746 quam
495 2676 836 2731 annuntiavit
864 2675 960 2731 illi.
989 2675 1231 2732 Mortuus
1255 2692 1428 2743 eram,
1458 2692 1553 2747 per
1580 2686 1632 2733 te

104 2765 208 2820 tivo.
235 2766 291 2821 In
315 2785 390 2823 me
409 2778 529 2824 sunt
556 2778 675 2823 vota
711 2768 885 2823 laudis
923 2785 1040 2839 qua:
1079 2769 1172 2823 tibi
1215 2769 1450 2822 reddant.
1496 2768 1632 2823 Amo

105 2855 230 2910 Deum
257 2872 443 2924 meum,
467 2872 629 2913 nemo
653 2857 785 2913 mihi
811 2857 957 2913 illum
984 2857 1177 2913 aufert.
1201 2857 1441 2911 Animam
1464 2874 1632 2911 meam

104 2947 289 3015 eripuisti
310 2950 368 3003 de
387 2959 550 3004 morte
581 2948 935 3012 inﬁdelitatis,
957 2948 1039 3002 vel
1067 2948 1131 3002 de
1161 2956 1325 3002 morte
1355 2947 1629 3002 vitiorum.

107 3034 154 3086 lz‘t
187 3037 315 3105 pedes
341 3056 514 3105 nteos,
563 3038 617 3094 id
665 3047 748 3094 est
788 3053 977 3094 omnes
1034 3037 1346 3093 all'ectioucs
1386 3052 1533 3092 meas
1569 3037 1634 3091 de

105 3126 238 3196 lapsu,
264 3131 355 3197 vel,
386 3133 574 3203 pedes,
621 3133 673 3188 id
713 3140 796 3188 est
851 3147 1036 3203 opem.
1070 3130 1135 3185 Ut
1188 3131 1419 3201 placeant
1456 3147 1633 3185 coram

106 3218 285 3277 Domino
313 3224 362 3277 in
389 3224 589 3280 lumine
610 3226 907 3289 viventium,
935 3234 991 3279 ut
1012 3224 1290 3279 ambulans
1321 3239 1500 3279 coram
1525 3224 1632 3278 Deo

1732 2018 1842 2077 Deo
1870 2039 1885 2078 :
1926 2037 2123 2083 caetera
2152 2037 2213 2083 ut
2235 2044 2420 2099 supra.

2279 2138 2598 2198 PSALMUS
2633 2144 2765 2200 LVI.

1732 2246 1786 2286 IN
1816 2245 1977 2286 FINBI
2003 2245 2069 2284 NE
2098 2246 2382 2289 DISPERDAS
2410 2249 2590 2311 υΑνιρ,
2618 2253 2672 2292 IN
2698 2255 2882 2295 TITULI
2914 2257 3281 2304 INSCRIPTIONE
3301 2292 3316 2313 ο

1911 2317 2018 2357 CUI
2048 2316 2290 2359 FUGERET
2323 2321 2357 2359 Δ
2388 2321 2539 2361 FACIE
2566 2324 2696 2364 εΑυι.
2727 2326 2778 2364 IN
2808 2326 3135 2371 SPELUNCAI.

1808 2423 1827 2457 ‹
1867 2403 2125 2461 Miserere
2162 2406 2293 2472 mei,
2329 2407 2505 2474 Deus,
2534 2410 2794 2467 miserere
2820 2415 2944 2479 mei,
2979 2418 3235 2486 quoniam
3263 2420 3318 2473 in

1740 2511 1757 2543 ι
1793 2494 1854 2549 ιε’
1871 2493 2095 2549 conﬁdit
2117 2496 2297 2551 anima
2319 2511 2459 2552 mea.
2491 2499 2560 2553 Et
2582 2501 2634 2554 in
2657 2504 2847 2558 umbra
2870 2503 3075 2561 alarum
3106 2516 3320 2565 tuarum

1739 2599 1758 2633 ι
1792 2582 2049 2652 Sperabo,
2102 2584 2276 2643 donec
2329 2595 2569 2644 transeat
2615 2591 2891 2662 iniquitas.
2944 2595 3200 2654 Clamabo
3251 2602 3321 2657 ad

1739 2690 1758 2725 ι
1792 2673 1961 2729 Deum
1990 2676 2336 2744 altissimum,
2368 2680 2535 2735 Deum
2557 2683 2651 2751 qui
2688 2682 2952 2741 benefecit
2978 2688 3130 2744 mihi.
3172 2689 3319 2746 Misit

1740 2780 1760 2813 ι
1797 2762 1863 2818 de
1884 2764 2044 2832 ctelo,
2071 2774 2127 2821 et
2154 2765 2404 2824 liberavit
2427 2784 2547 2825 me:
2574 2772 2719 2826 dedit
2748 2774 2800 2827 in
2821 2777 3166 2845 opprobrium
3190 2796 3321 2836 con-

1738 2870 1758 2904 ι
1791 2852 2069 2910 culcantes
2106 2870 2223 2911 me.
2271 2856 2417 2913 Misit
2455 2859 2596 2915 Deus
2625 2861 3053 2921 misericordiam
3085 2885 3236 2923 suam
3266 2881 3323 2924 ct

1740 2960 1760 2995 ι
1797 2944 2082 3001 veritatem
2106 2960 2284 3012 suam,
2300 2956 2354 3002 et
2372 2948 2570 3020 eripuit
2592 2951 2829 3007 animam
2852 2969 3025 3010 meam
3049 2958 3113 3012 de
3142 2960 3320 3014 modio

1741 3051 1759 3085 ε
1792 3034 2093 3091 catulorum
2128 3035 2373 3103 leonum,
2405 3039 2634 3096 dormivi
2660 3042 3033 3101 conturbatus.
3062 3046 3183 3101 Filii
3222 3048 3321 3104 ho-

1739 3146 1757 3179 ε
1791 3128 2019 3194 minum,
2048 3130 2240 3186 dentes
2267 3146 2453 3187 eorum
2494 3149 2645 3189 arma
2688 3144 2743 3192 et
2789 3138 3025 3209 sagittae,
3058 3149 3112 3196 et
3137 3140 3318 3213 lingua

1742 3237 1759 3270 ι
1793 3234 1978 3296 eorum
2010 3220 2219 3292 gladius
2236 3232 2446 3279 acutus.
2476 3225 2728 3283 Exaltare
2757 3243 2919 3299 super
2954 3232 3120 3287 εωιοε
3153 3234 3315 3298 Deus,

105 3309 294 3378 placeam
333 3317 378 3372 ei
423 3316 478 3372 in
507 3315 727 3383 lumine,
775 3316 826 3372 id
854 3325 938 3372 est
965 3317 1016 3371 in
1047 3315 1283 3380 Christo,
1316 3314 1407 3384 qui
1436 3324 1517 3368 est
1543 3313 1626 3367 lu-
1657 3318 1701 3380 ί]
1739 3329 1756 3361 ι
1790 3320 1845 3365 ει
1886 3312 1939 3366 in
1977 3312 2125 3368 omni
2158 3321 2301 3368 terra
2342 3314 2511 3385 gloria
2544 3324 2655 3370 tua.
2684 3316 2961 3389 Laqueum
2990 3335 3322 3390 paraverunt

108 3418 197 3458 men
231 3409 357 3476 quod
400 3409 665 3463 illuminat
709 3425 911 3464 onmem
952 3409 1211 3462 hominem
1256 3408 1536 3461 venientem
1577 3406 1633 3460 in

106 3493 208 3548 hunc
236 3498 468 3554 mundum
509 3497 697 3568 (Joan.
729 3498 804 3567 t);
855 3498 967 3563 vel,
998 3499 1052 3551 in
1093 3497 1285 3551 lumine
1321 3496 1631 3562 virentium,

106 3579 245 3641 lumen
264 3589 525 3644 viventium
554 3589 789 3645 ﬁdelium
816 3598 898 3644 est
924 3598 982 3643 ut
1018 3587 1184 3658 gratis
1213 3586 1381 3641 Deum
1421 3585 1632 3651 colant,

107 3675 184 3743 vel,
211 3676 366 3735 lumen
401 3680 683 3736 viventium
724 3680 1028 3750 prudentia,
1068 3678 1208 3733 sicut
1238 3678 1470 3731 tenebrae
1501 3676 1634 3730 insi-

107 3766 317 3834 pientium
347 3772 593 3828 stultitia.
629 3770 683 3827 Si
709 3773 830 3842 quis
862 3772 914 3826 in
944 3786 1077 3826 voce
1098 3770 1290 3838 capitis
1316 3768 1429 3822 vult
1464 3775 1635 3822 totum

108 3858 321 3927 psnlmmn
357 3863 569 3936 legere,
612 3863 689 3918 ita
727 3863 905 3919 dicet:
941 3862 1019 3916 Ita
1063 3860 1427 3917 exsecrabunt
1473 3860 1635 3913 verba

110 3965 198 4006 mea
234 3963 281 4010 et
315 3956 626 4013 calcaneum
664 3970 844 4010 meum
890 3969 1113 4020 omnes,
1151 3962 1334 4024 utpote
1360 3952 1448 4023 qui
1480 3951 1640 4007 susti-

110 4052 255 4101 nentes
278 4057 422 4103 erant
449 4048 688 4104 animant
713 4062 913 4106 meam.
940 4048 991 4102 id
1014 4054 1098 4102 est
1114 4086 1130 4112 ,
1170 4046 1365 4117 quibus
1388 4046 1493 4099 vita
1520 4058 1640 4098 mea

110 4137 246 4201 gravis
272 4149 381 4195 erat
419 4141 486 4197 ad
513 4139 827 4196 videndum.
862 4138 927 4193 Et
953 4138 1207 4209 quoniam
1242 4136 1352 4191 vita
1395 4150 1514 4190 mea
1543 4135 1641 4189 fuit

112 4223 188 4281 illis
209 4232 361 4298 oneri,
403 4242 458 4289 et
499 4239 787 4302 prepterea
818 4230 959 4284 mala
995 4228 1305 4299 supradicta
1340 4227 1471 4281 mihi
1502 4227 1641 4279 intu-

110 4312 264 4385 lerunt,
292 4340 379 4392 pro
404 4325 572 4379 nihilo
600 4322 770 4378 salvos
792 4323 952 4393 [acies
984 4321 1121 4388 illos,
1146 4322 1201 4376 id
1232 4328 1335 4385 est,
1361 4319 1504 4373 nullo
1532 4333 1645 4372 ιιιε-

112 4408 190 4464 rito
216 4413 404 4470 illorum
435 4416 798 4488 przcccdente.
847 4414 971 4469 Sola
1012 4412 1382 4469 misericordia
1413 4410 1645 4466 salvahit

110 4512 206 4565 COS.
246 4506 558 4563 remittendo
606 4514 867 4576 peccata:
911 4505 993 4560 vel
1044 4503 1495 4575 quemadmodum
1549 4517 1643 4570 pro

111 4592 254 4659 nihilo,
282 4596 330 4652 id
356 4606 457 4665 est,
494 4598 766 4654 immerito
793 4595 1069 4668 gravediui
1107 4596 1270 4651 vitam
1320 4608 1496 4648 meam
1549 4594 1643 4646 ha-

1742 3419 1761 3453 c
1795 3403 2020 3471 pedibus
2066 3404 2201 3459 meis
2227 3444 2242 3471 ,
2277 3413 2331 3461 et
2381 3406 2799 3465 incurvaverunt
2839 3412 3075 3468 animam
3120 3430 3319 3470 meam.

1742 3511 1761 3544 ι
1799 3492 2071 3550 Fodcrunt
2102 3504 2229 3552 ante
2251 3496 2444 3553 faciem
2473 3514 2647 3555 meam
2675 3500 2908 3570 foveam,
2938 3513 2993 3560 et
3018 3506 3325 3564 inciderunt

1715 3585 1761 3641 ἰ
1798 3588 1852 3643 in
1896 3603 2039 3644 eam.
2087 3587 2342 3644 Paratum
2383 3605 2480 3646 cor
2522 3607 2722 3660 meum,
2753 3594 2915 3662 Deus,
2946 3606 3197 3667 paratmn
3227 3617 3325 3657 cor

1744 3697 1763 3730 ε
1802 3693 2001 3743 meum,
2044 3680 2298 3745 cantabo,
2336 3689 2392 3735 et
2439 3681 2703 3752 psalmum
2732 3685 2905 3741 dicam
2937 3687 3183 3745 Domino.
3213 3692 3327 3747 Ex-

1743 3788 1762 3822 t
1800 3784 1981 3842 surge,
2015 3770 2183 3841 gloria
2232 3787 2374 3837 mea,
2398 3788 2646 3845 exsurge,
2674 3777 2990 3846 psalterium
3017 3788 3071 3835 et
3091 3783 3323 3848 cithara,

1744 3881 1763 3914 ι
1801 3878 2087 3933 exsurgam
2119 3863 2374 3920 diluculo.
2398 3866 2713 3923 Conﬁtehor
2750 3871 2843 3925 tibi
2876 3872 2928 3926 in
2959 3874 3188 3944 populis,
3224 3877 3329 3931 Do-

1746 3973 1763 4004 ι
1800 3954 1963 4019 mine,
1994 3963 2048 4008 et
2068 3954 2333 4024 psalmum
2354 3956 2530 4013 dicam
2554 3959 2649 4014 tibi
2676 3961 2726 4015 in
2760 3963 3031 4031 gentibus.
3061 3966 3329 4033 Quoniam

1747 4066 1765 4099 ι
1802 4047 2141 4117 magniﬁcata
2166 4057 2248 4104 est
2277 4064 2448 4119 usque
2493 4051 2560 4106 ad
2593 4052 2763 4109 caelos
2802 4056 3173 4115 misericordia
3204 4050 3361 4128 tua,‘

1749 4154 1767 4188 ι
1802 4146 1859 4191 ει
1895 4152 2066 4208 usque
2092 4139 2160 4194 ad
2187 4139 2358 4195 nubes
2379 4142 2579 4198 veritas
2606 4151 2716 4197 tua.
2759 4144 3012 4201 Exaltare
3038 4163 3199 4218 super
3220 4165 3333 4206 cm-

1750 4246 1768 4279 ‹
1807 4228 1904 4292 los,
1936 4228 2098 4296 Deus,
2122 4238 2176 4285 et
2199 4245 2364 4301 super
2388 4247 2605 4287 onmem
2638 4244 2834 4290 terram
2866 4237 3033 4308 gloria
3065 4249 3173 4295 tua.
3216 4261 3235 4292 ι
3316 4248 3323 4271 ι

2309 4322 2762 4382 ENARRATIO.

1817 4408 1989 4480 Caput
2018 4418 2261 4467 nostrum
2286 4411 2564 4479 Christus,
2608 4416 2747 4470 sicut
2774 4432 2962 4487 passus
2992 4430 3074 4475 est
3107 4431 3167 4476 ut
3206 4438 3335 4479 suos

1748 4501 1967 4556 doceret
1992 4501 2045 4555 in
2071 4503 2172 4558 hac
2203 4503 2310 4557 vita
2333 4505 2465 4573 pati,
2494 4513 2550 4558 et
2579 4508 2877 4561 resurrexit
2897 4517 2955 4562 ut
2975 4525 3125 4580 spem
3155 4500 3338 4567 rcSur:

1749 4592 1906 4663 gendi
1951 4593 2137 4659 daret,
2186 4594 2259 4649 ita
2308 4604 2364 4649 et
2410 4596 2589 4650 oravit
2632 4605 2691 4651 ut
2736 4612 2831 4653 eos
2876 4614 3037 4656 orare
3080 4602 3335 4669 doceret,

111 4679 312 4753 buerunt,
329 4689 400 4744 ita
425 4659 521 4760 pro
544 4689 726 4755 nihilo,
742 4659 922 4752 id—est,
939 4688 1057 4742 sine
1082 4687 1273 4742 merito
1297 4685 1465 4739 salvos
1487 4684 1645 4752 [acies
1678 4659 1724 4718 D
1750 4685 2203 4753 quemadmodum
2235 4686 2286 4739 in
2318 4686 2421 4742 hoc
2445 4686 2652 4756 psalmo
2673 4689 2726 4743 in
2749 4705 2857 4760 quo
2884 4705 3191 4748 mensuram
3216 4697 3343 4750 cha-

110 4774 220 4844 illos,
244 4781 289 4836 in
314 4800 417 4854 quo
445 4784 682 4841 maxima
713 4785 803 4839 Dei
827 4784 1121 4854 percipitur
1144 4779 1513 4835 misericordia
1538 4793 1553 4841 ;
1592 4785 1648 4831 et

113 4866 166 4922 ita
191 4875 246 4929 ad
282 4876 378 4932 hoc
420 4877 773 4948 perveniens,
815 4886 869 4930 ut
906 4876 1077 4930 salvos
1106 4873 1306 4942 facias,
1355 4870 1648 4940 confringes

113 4964 307 5031 Populos,
336 4968 386 5023 id
420 4979 524 5034 est,
552 4969 681 5022 vitia
706 4967 1021 5039 populorum
1052 4966 1109 5019 in
1133 4965 1213 5018 ira
1239 4973 1352 5026 tua,
1381 4961 1435 5015 id
1460 4969 1563 5025 est,
1597 4959 1648 5013 in

114 5056 495 5116 consideratione
528 5062 621 5116 irae
648 5069 752 5115 tute
792 5060 1007 5125 futuras,
1052 5058 1153 5113 hoc
1188 5056 1395 5112 scilicet
1419 5054 1648 5120 ordine;

116 5138 240 5211 Deus,
264 5150 411 5204 vitam
451 5167 616 5205 meam
644 5149 956 5204 ‘annuntiavi
982 5149 1101 5213 tibi,
1136 5148 1354 5219 posuisti
1391 5146 1650 5215 lacrymas

115 5245 225 5289 nicas
250 5240 297 5292 in
326 5253 597 5312 conspectu
626 5251 738 5307 tuo,
769 5241 821 5295 id
863 5239 1056 5305 est,illi
1086 5239 1177 5310 qui
1206 5239 1310 5293 mei
1336 5236 1503 5292 futuri
1529 5244 1654 5290 sunt

116 5328 468 5385 annuntiabunt
491 5330 587 5385 tibi
610 5330 775 5384 vitam
800 5344 951 5384 suam
974 5339 1174 5394 actam,
1190 5337 1246 5383 et
1266 5336 1320 5381 tu
1340 5327 1559 5396 posuisti
1581 5326 1654 5379 la-

116 5429 282 5483 trymas
301 5436 437 5475 meas
461 5423 512 5475 in
532 5431 807 5490 conspectu
832 5429 941 5487 tuo,
970 5420 1023 5474 id
1049 5428 1135 5475 est
1155 5460 1169 5485 ,
1195 5419 1313 5474 illos
1342 5434 1436 5490 pro
1460 5419 1655 5488 quibus

117 5502 203 5559 ludi
216 5506 486 5581 lacrymas,
504 5512 955 5583 quemadmodum
970 5514 1035 5569 ad
1050 5522 1451 5569 monumentum
1468 5512 1602 5566 Laza
1613 5512 1655 5566 ri

118 5589 401 5666 lacrymatus
428 5613 511 5658 est
538 5602 718 5674 (Joan.
744 5604 846 5674 ιι),
875 5620 980 5659 non
1023 5620 1119 5674 pro
1162 5604 1368 5659 Lazaro
1389 5645 1402 5669 ,
1436 5604 1530 5658 sed
1560 5620 1657 5673 pro

118 5683 392 5755 Signiﬁcatis
428 5705 598 5750 morte
625 5694 837 5749 Lazari.
863 5693 930 5748 In
956 5706 1228 5765 conspectu
1254 5704 1364 5759 tuo,
1396 5695 1446 5748 id
1474 5703 1576 5759 est,
1603 5695 1654 5748 in

119 5774 413 5851 bcncplacito
444 5788 737 5856 praiscntia:
766 5796 889 5843 tum.
936 5787 1083 5843 Sicut
1128 5796 1175 5841 et
1217 5786 1270 5840 in
1317 5786 1657 5856 promissione

119 5878 208 5943 tua,
231 5878 277 5932 id
303 5890 395 5945 est,
422 5881 555 5937 sicut
584 5891 637 5936 tu
672 5884 965 5954 promisisti
999 5894 1051 5938 ct
1081 5900 1177 5955 ego
1214 5884 1470 5954 promisi,
1516 5890 1657 5954 quod

441 5978 704 6038 Parnm“
754 5981 1044 6041 CXXXI.

1751 4776 1929 4831 ritatis
1987 4776 2243 4831 insinuat.
2295 4776 2599 4831 Concordat
2647 4778 2791 4833 enim
2842 4782 3023 4838 verbis
3067 4783 3343 4855 Evangelii

1751 4868 1947 4939 quibus
1966 4867 2198 4922 dicitur:
2226 4867 2481 4936 Majorem
2509 4868 2607 4922 hac
2626 4869 2954 4926 dilectionem
2984 4890 3133 4927 nemo
3162 4876 3342 4943 liabet,

1752 4973 1806 5017 ut
1829 4963 2058 5015 animant
2088 4978 2237 5015 suam
2263 4960 2376 5031 quis
2396 4972 2555 5031 ponat
2574 4979 2669 5032 pro
2691 4965 2873 5018 amicis
2892 4966 3002 5018 suis
3017 4965 3198 5036 (Joan.
3225 4970 3339 5038 xv),

1752 5056 2028 5125 quoniam,
2062 5054 2108 5109 si
2152 5053 2339 5107 delicis
2382 5052 2483 5108 sub
2518 5063 2809 5123 praecepto,
2834 5056 3122 5110 conﬁrmat
3151 5066 3201 5111 te
3242 5074 3341 5113 suo

1757 5146 2026 5217 exemplo.
2055 5145 2114 5200 Si
2147 5153 2326 5201 autem
2354 5146 2658 5215 exemplum
2704 5146 2799 5201 tibi
2843 5146 3055 5202 diilirilc
3099 5151 3337 5214 videtur,

1762 5241 1963 5310 incipe,
1994 5248 2050 5293 et
2081 5238 2291 5307 juvabit
2322 5246 2375 5292 te
2400 5238 2490 5307 qui
2522 5238 2664 5294 dedit
2706 5249 2761 5293 et
2800 5240 3083 5295 auxilium.
3130 5241 3342 5298 Titulus

1760 5332 1852 5387 hic
1877 5338 1979 5386 est.
2006 5330 2134 5385 Haec
2154 5329 2321 5385 verba
2347 5328 2656 5385 referuntur
2682 5330 2737 5384 in
2766 5330 2953 5399 ﬁnem,
2986 5331 3036 5385 id
3067 5341 3171 5397 est,
3201 5332 3252 5386 in
3282 5332 3345 5386 il-

1764 5422 1872 5478 lum
1900 5421 1968 5476 ad
1997 5436 2159 5491 quem
2185 5435 2374 5476 omnes
2393 5419 2525 5489 justi
2562 5420 2804 5485 tendunt,
2834 5436 2941 5490 quo
2965 5422 3178 5490 adepto,
3212 5422 3343 5477 nihil

1762 5513 1904 5567 ultra
1932 5511 2287 5576 desideratur,
2325 5510 2376 5565 id
2404 5518 2507 5576 est,
2555 5510 2609 5564 in
2647 5509 2956 5574 Christum;
3008 5510 3249 5566 instituta
3278 5513 3346 5568 ad

1761 5606 1864 5661 hoc
1906 5611 1967 5658 ut
1991 5603 2221 5672 quisque
2265 5601 2439 5657 ﬁdelis
2481 5616 2549 5656 ne
2579 5615 2894 5669 corrumpas
2937 5600 3344 5671 inscriptionem

1760 5696 1899 5753 tituli
1930 5695 2122 5759 David,
2149 5693 2517 5750 subtrahendo
2548 5700 2600 5746 te
2625 5691 2864 5747 dominio
2891 5691 3051 5759 illius,
3093 5702 3147 5749 ct
3187 5695 3350 5751 dene-

1762 5790 1939 5861 gando
1969 5788 2045 5843 illi
2081 5801 2305 5857 regnum
2352 5786 2405 5840 in
2452 5792 2525 5850 te,
2562 5785 2705 5855 quod
2737 5792 2914 5841 tamen
2960 5784 3149 5848 habet,
3183 5787 3346 5849 velis,

1765 5885 1922 5949 nolis,
1948 5880 2397 5950 quemadmmlum
2424 5877 2591 5933 Judaei
2621 5877 2711 5946 qui
2752 5878 3002 5931 dixerunt
3028 5895 3039 5931 :
3088 5874 3345 5929 Nolumus

2836 5970 2865 6029 1
2878 5971 2908 6028 't
3128 5997 3142 6022 ι
