3884 5644
648 413 759 472 ω

1277 412 1533 470 ΙὶΕΜΙΟΙΙ
1557 409 2203 470 ‘ANTISSIODORE‘NSI:

2305 408 2421 465 lPP.
2466 408 2642 466 PARS
2702 410 2742 465 l.
2784 441 2849 451 —
2888 409 3295 467 EXEGETICA.
3758 413 3824 473 lit

646 530 787 583 [tunc
804 540 1019 597 regnare
1039 540 1193 595 super
1214 541 1305 578 nos
1329 523 1479 597 (Luc.
1504 526 1648 593 XIX);
1675 534 1747 587 et,
1772 542 1939 594 regem
1963 540 2063 577 non
2081 523 2233 577 liabc-
2264 527 2309 585 Λ
2337 524 2483 576 oumi
2527 523 2750 591 petenti.
2797 523 2944 579 Misit
2995 526 3176 595 itaque
3210 525 3441 582 Verbum
3486 539 3649 593 suum,
3673 529 3727 584 de
3758 549 3823 601 quo

646 632 764 675 ntus
777 618 878 671 nisi
893 614 1153 671 Cwsarem
1176 613 1224 687 (l
1231 615 1362 687 bid.)
1374 620 1391 680 ,‘
1405 618 1767 687 etuti-scriptus
1788 624 1929 671 esset
1948 615 2033 670 ille
2051 612 2234 669 titulus

648 708 826 762 tribus
853 705 1053 773 linguis
1076 706 1228 773 quasi
1256 706 1422 760 tribus
1446 707 1671 761 testibus
1691 706 2060 770 conﬁrmatus,
2084 705 2234 760 dixe-

644 806 774 852 runt
814 798 882 852 ad
920 796 1154 851 Pilatum
1186 812 1199 849 :
1251 793 1376 848 Noli
1395 796 1619 850 scribere
1660 812 1751 851 rea:
1783 795 2113 858 Juda’orum,
2143 793 2233 848 sed

641 888 766 959 quia
799 889 906 959 ipse
933 888 1085 950 dixit,
1129 902 1219 941 rea:
1261 902 1378 940 sum
1417 886 1768 943 Judworuut:
1798 887 1994 955 quibus
2022 885 2110 940 ille
2150 900 2232 938 re-

640 978 862 1047 spondit
886 996 900 1032 :
933 976 1087 1042 Quod
1111 976 1334 1046 scripsi,
1372 977 1557 1045 scripsi
1587 975 1769 1047 (Joan.
1796 976 1931 1047 xu).
1960 975 2122 1042 Quasi
2149 974 2232 1028 di-

636 1079 826 1125 ceret:
863 1067 933 1124 Ut
967 1068 1095 1138 quid
1122 1068 1254 1122 mihi
1293 1068 1583 1139 suggeritis
1613 1066 1944 1122 falsitatem?
1978 1081 2083 1121 non
2112 1079 2231 1120 cor-

637 1174 832 1230 rumpo
861 1159 1178 1222 veritatem,
1223 1159 1348 1229 quia
1378 1174 1409 1213 a
1439 1157 1650 1213 saaculis
1678 1158 1757 1213 sic
1784 1165 1869 1212 est
1911 1156 2227 1227 dispositum

644 1267 750 1308 non
779 1260 958 1322 potest
987 1251 1205 1306 mutari.
1236 1251 1446 1306 Revera
1475 1266 1566 1306 rex
1597 1259 1717 1306 est:
1749 1251 1795 1307 si
1818 1250 2081 1306 homines
2104 1261 2229 1302 eum

636 1342 828 1398 nolunt
860 1357 1075 1413 regem,
1107 1341 1280 1411 angeli
1332 1349 1511 1396 tamen
1557 1340 1779 1395 habent.
1827 1338 2227 1409 Inscriptionem

632 1437 758 1491 dico
783 1435 981 1492 factam
1008 1444 1139 1490 tunc
1169 1451 1284 1489 eum
1331 1434 1529 1505 fugeret
1580 1432 1748 1487 David
1789 1430 2143 1501 spiritualiter
2171 1430 2225 1484 in

633 1530 957 1601 speluncam.
987 1528 1157 1583 David
1200 1528 1413 1598 fugiens
1451 1525 1614 1588 Saul,
1644 1525 1802 1580 latuit
1844 1526 1898 1579 in
1945 1522 2221 1592 spelunca,

636 1620 880 1684 humilis,
912 1628 1225 1674 mansuetus
1251 1628 1304 1672 et
1338 1617 1478 1687 pius,
1510 1615 1719 1686 fugiens
1755 1615 2081 1683 superbum,
2124 1613 2224 1668 im-

631 1720 979 1766 mansuetum
1006 1718 1061 1764 et
1092 1709 1314 1779 impium
1345 1726 1358 1762 :
1392 1708 1445 1762 in
1483 1723 1590 1778 qua
1625 1707 1788 1762 etiam
1812 1706 2069 1775 spelunca
2098 1718 2217 1774 par-

631 1811 739 1859 tem
779 1801 1083 1872 chlamydis
1122 1798 1237 1868 ejus
1270 1799 1531 1865 abscidit,
1576 1800 1630 1854 in
1680 1797 2047 1853 testimonium
2077 1795 2220 1867 quod

2334 616 2535 671 dictum
2580 626 2662 671 est
2686 622 2705 672 ἐ
2736 616 2803 672 In
2841 619 3096 688 principio
3143 628 3256 673 erat
3315 614 3551 683 Verbum,
3579 629 3623 673 et
3667 618 3822 680 Verba:

2330 716 2445 759 erat
2476 708 2616 777 apud
2648 707 2815 763 Deum
2844 707 3027 779 (Joau.
3060 708 3122 781 I).
3155 708 3225 764 Et
3255 709 3485 765 liberavit
3509 728 3584 765 me
3610 712 3667 768 de
3688 730 3821 771 mons

2330 795 2482 852 litate
2519 806 2573 853 et
2607 790 2985 866 passibilitate,
3016 798 3083 854 de
3130 799 3537 855 conculcatione
3576 798 3819 868 intimorum,

2331 894 2385 939 et
2438 886 2491 940 in
2544 902 2663 941 mea
2722 886 3042 942 liberatione
3084 887 3339 944 liberavit
3386 896 3441 944 et
3486 904 3627 944 meos
3669 891 3711 944 in
3749 909 3819 961 spe.

2328 975 2485 1031 Dedit
2525 989 2706 1033 autem
2733 979 2787 1033 in
2824 980 3156 1049 opprobrium
3189 979 3544 1035 conculcautes
3569 998 3659 1046 me,
3680 979 3819 1037 ludam

2328 1069 2539 1125 scilicet
2586 1070 2968 1126 conculcantes
3015 1072 3333 1144 sanguinem
3378 1070 3508 1142 justi
3556 1081 3608 1126 et
3656 1084 3819 1128 eontem-

2326 1159 2440 1228 ptui
2469 1158 2750 1226 habentes,
2804 1174 3058 1229 magnum
3085 1160 3470 1232 opprobrium,
3516 1162 3633 1231 quia
3669 1178 3817 1231 regnum

2326 1256 2382 1303 et
2408 1252 2771 1306 sacerdotium
2810 1252 2863 1307 in
2892 1267 3001 1322 quo
3036 1254 3269 1309 maxime
3316 1252 3665 1325 gloriabantur
3686 1256 3817 1309 amise-

2326 1349 2473 1406 runt,
2497 1340 2564 1397 de
2590 1341 2807 1397 civitate
2843 1342 2934 1398 illa
2967 1345 3202 1399 maxima
3233 1344 3286 1399 in
3316 1359 3423 1413 qua
3452 1343 3707 1399 Dominum
3728 1347 3815 1398 Ocri-

2323 1428 2520 1484 derunt
2544 1420 2697 1499 ejecti
2729 1441 2887 1498 sunt;
2912 1442 2990 1500 et,
3011 1433 3063 1488 in
3089 1434 3275 1489 eadem
3303 1420 3537 1504 paschali
3561 1434 3815 1489 solemnitate

2322 1521 2601 1590 captivati,
2651 1522 2850 1578 diversi
2896 1539 2994 1595 per
3022 1525 3279 1579 mundum
3305 1525 3533 1596 capsarii
3562 1525 3813 1579 Christiane.

2323 1627 2439 1666 rum
2471 1611 2595 1667 farti
2622 1621 2766 1679 sunt,
2790 1615 2915 1685 quia
2941 1625 3157 1670 servant
3188 1615 3354 1671 libros
3381 1616 3512 1686 legis
3538 1624 3588 1669 et
3612 1616 3811 1686 propheta-

2323 1715 2440 1755 rum
2477 1704 2672 1772 quibus
2722 1703 2952 1774 gentiles
2987 1706 3377 1760 convincuntur
3417 1716 3473 1768 et
3514 1706 3680 1781 ﬁdeles
3703 1708 3810 1760 aedili-

2319 1801 2535 1858 centur,
2564 1793 2767 1849 similes
2796 1794 2924 1850 facti
2977 1804 3103 1850 sunt
3131 1810 3274 1851 cmco
3301 1796 3514 1852 habenti
3547 1796 3809 1867 speculumet

626 1906 750 1948 eum
772 1889 1020 1949 occidere
1050 1890 1310 1958 potuisset
1330 1888 1383 1961 (I
1408 1887 1535 1960 Reg.
1562 1886 1735 1960 xxrv).
1767 1886 1846 1941 Ita
1870 1895 1926 1951 et
1946 1885 2216 1949 Christus,
2248 1889 2294 1951 Β
2323 1898 2378 1937 se
2410 1883 2582 1953 ipsum
2614 1885 2666 1939 in
2696 1900 2761 1940 eo
2788 1902 2895 1941 non
2942 1886 3186 1952 videnti,
3221 1887 3317 1943 sed
3359 1889 3613 1961 prmbenti
3654 1888 3743 1942 aliis
3770 1888 3807 1940 ad

624 1998 787 2053 quem
817 1983 1065 2053 superbia
1094 1980 1402 2038 Judzeorum
1436 1981 1861 2053 persequebatur
1884 1990 1940 2035 et
1963 1979 2214 2050 impietas

619 2074 852 2145 justum,
888 2074 1149 2130 humilem
1197 2083 1252 2131 et
1289 2075 1473 2146 pium,
1517 2074 1673 2129 latuit
1710 2089 1741 2128 a
1772 2072 2075 2145 cognitione
2117 2070 2212 2126 Ju-

622 2165 862 2221 dzeorum
903 2165 957 2221 in
1001 2165 1234 2221 humana
1271 2174 1461 2221 natura
1497 2164 1651 2237 quasi
1699 2165 1753 2220 in
1794 2164 2069 2236 spelunca.
2104 2164 2210 2221 Vo-

621 2240 725 2313 luit
769 2258 972 2324 videri,
1022 2267 1079 2313 ut
1121 2274 1226 2314 non
1279 2269 1726 2328 cognosceretur,
1772 2274 1876 2314 non
1919 2260 2204 2331 cognosci,

618 2357 680 2405 ut
728 2358 1200 2415 contemneretur;
1241 2349 1453 2407 occulte
1501 2349 1643 2407 inter
1686 2350 1935 2407 homines
1966 2349 2207 2406 ambula-

618 2438 731 2503 vlt,
763 2436 973 2494 faciens
1001 2437 1201 2504 divina,
1250 2438 1461 2508 patiens
1488 2438 1746 2505 humana,
1774 2438 1946 2495 donec
1972 2439 2026 2495 in
2061 2439 2207 2511 ligno

615 2525 1063 2598 suspenderetur,
1095 2526 1195 2593 vel,
1227 2542 1351 2583 cum
1390 2526 1546 2582 latuit
1573 2527 1627 2585 in
1656 2526 1924 2598 sepulcro.
1956 2527 2031 2584 lbi
2057 2529 2204 2584 enim

615 2616 709 2687 qui
737 2631 861 2672 eum
891 2617 1254 2687 persecutus?
1289 2617 1417 2687 quia
1463 2616 1611 2679 nulla
1652 2618 1877 2674 historia
1908 2618 2105 2689 legitur
2136 2620 2207 2676 de

617 2707 780 2764 titulo
805 2708 974 2765 David
1007 2707 1099 2780 qui
1130 2708 1216 2766 hic
1241 2718 1326 2767 est
1358 2710 1657 2781 appositus,
1690 2712 1789 2768 hoc
1819 2712 1986 2767 trahit
2015 2728 2115 2769 nos
2134 2713 2204 2769 ad

613 2800 957 2873 mysterium.
1418 2852 1429 2859 .

682 2889 933 2947 Hiserere
970 2893 1104 2958 mei,
1145 2890 1321 2959 Deus,
1367 2894 1607 2951 miserere
1654 2896 1776 2950 mei.
1821 2895 2198 2968 Augustinus:

609 2980 713 3049 Qui
737 2997 860 3038 eum
893 2981 1056 3039 Patre
1103 2983 1393 3040 miseretur
1425 2985 1501 3040 tui
1534 2985 1588 3040 in
1619 2994 1672 3042 te
1695 2986 1913 3051 clamat,
1956 2989 2200 3044 miserere

609 3073 731 3127 mei.
760 3073 877 3128 Vox
905 3072 1110 3129 Christi
1161 3075 1370 3145 capitis.
1408 3074 1656 3132 Miserere
1701 3079 1837 3144 mei,
1869 3079 2071 3136 Christi
2114 3080 2199 3135 la-

609 3160 777 3218 tentis
805 3161 858 3215 in
886 3162 1163 3232 spelunca,
1193 3166 1566 3222 resuscitando
1600 3174 1654 3223 et
1691 3167 1973 3225 educendo
2011 3170 2064 3225 in
2097 3186 2196 3226 no-

2319 1972 2606 2029 videndum
2635 1990 2649 2027 :
2677 1985 2732 2030 et
2758 1976 2972 2031 tandem
3000 1977 3147 2032 dabit
3180 1977 3234 2036 in
3261 1985 3520 2032 reternum
3550 1979 3805 2048 opprobrium

2314 2064 2520 2121 similes
2547 2081 2668 2120 cum
2699 2065 2803 2121 illis
2836 2066 2929 2136 qui
2971 2067 3293 2122 conculcant
3341 2066 3612 2123 Christum
3637 2069 3679 2122 in
3703 2082 3805 2121 meo

2313 2155 2428 2211 bris
2450 2156 2581 2213 suis.
2612 2156 2765 2224 Quod
2795 2168 2978 2214 autem
3008 2159 3175 2225 misit,
3231 2158 3504 2235 subiungit
3531 2179 3547 2216 :
3580 2160 3699 2215 Misit
3721 2160 3803 2213 best

2313 2247 2724 2313 misericordiam
2758 2265 2933 2315 suam,
2964 2250 3015 2305 id
3060 2259 3164 2316 est,
3214 2252 3438 2307 verbum
3482 2250 3800 2307 suurninﬁrmi-

2313 2339 2410 2395 tati
2439 2339 2689 2396 humana:
2715 2342 3154 2412 compatieutem.
3189 2342 3255 2397 Et
3305 2344 3569 2399 ceritatem
3610 2352 3800 2405 ssaa,ct

2310 2442 2410 2499 per
2439 2428 2588 2484 illum
2620 2429 2767 2486 misit
2797 2446 2977 2487 veram
3022 2433 3383 2504 cognitionem
3417 2434 3499 2489 sui
3543 2449 3637 2504 qua
3668 2434 3707 2487 in
3734 2445 3798 2485 re

2312 2517 2556 2586 lestibus,
2599 2529 2658 2575 ut
2696 2529 2753 2576 et
2780 2522 3025 2583 homines
3052 2538 3176 2578 eum
3202 2533 3575 2595 agnoscerent.
3603 2520 3661 2576 Et
3680 2522 3795 2583 eripsit

2310 2612 2542 2666 animam
2570 2628 2759 2679 mecm,
2812 2614 2864 2669 id
2893 2623 2998 2682 est,
3028 2615 3195 2670 vitam
3224 2630 3402 2670 meam
3448 2624 3501 2670 et
3539 2630 3733 2670 meorum
3765 2612 3794 2664 is

2309 2719 2399 2760 me
2428 2722 2443 2759 :
2472 2704 2537 2760 de
2564 2706 2736 2761 medio
2767 2705 3066 2762 catulorum
3118 2705 3324 2761 leonum
3345 2747 3362 2773 ,
3410 2707 3461 2761 id
3488 2719 3596 2772 est,
3636 2706 3792 2760 decon-

2307 2796 2458 2853 muni
2488 2799 2776 2864 sententia,
2807 2797 3034 2860 leonum,
3090 2799 3142 2854 id
3187 2807 3289 2865 est,
3340 2799 3630 2871 principum
3659 2797 3791 2853 lolco-

2307 2902 2426 2942 rum
2455 2896 2508 2943 et
2550 2887 2843 2942 catulorum
2892 2886 3129 2955 Icarium,
3179 2888 3231 2943 id
3279 2896 3395 2953 est,
3445 2887 3657 2943 Judaicze
3688 2884 3791 2955 plebs

2305 2994 2455 3049 quae,
2503 2979 2891 3036 consentiendo
2941 2978 3245 3034 crudelitati
3275 2979 3595 3049 principum,
3620 2978 3786 3032 factast

2304 3072 2456 3141 quasi
2483 3070 2691 3127 catulus
2718 3071 2954 3127 leonum.
2988 3071 3055 3127 Et
3083 3086 3218 3141 opus
3249 3071 3352 3143 fuit
3379 3080 3437 3126 ut
3464 3071 3685 3142 eriperet,
3716 3067 3786 3136 quia

2303 3164 2560 3230 dormivi,
2607 3164 2659 3219 id
2710 3172 2829 3230 est,
2874 3165 3112 3220 animam
3161 3164 3337 3237 posui.
3370 3164 3476 3222 Sed
3499 3165 3613 3236 quia
3636 3162 3785 3218 domum

607 3251 786 3307 titiam
800 3252 1073 3324 gentium,
1097 3256 1340 3313 miserere
1365 3271 1607 3313 meorum
1634 3258 1687 3314 in
1716 3274 1825 3329 me,
1855 3260 2017 3327 Deus,
2048 3262 2196 3318 sciti-
2222 3240 2273 3307 C
2304 3253 2610 3324 ambiguum
2639 3264 2741 3321 est,
2778 3255 2920 3324 quod
2956 3257 3023 3312 de
3052 3255 3378 3313 dormitione
3416 3256 3595 3311 mortis
3617 3255 3694 3309 hoc
3714 3250 3783 3303 velit
3823 3264 3825 3317 λ

604 3353 693 3401 eet
719 3345 811 3415 qui
839 3353 1014 3417 potes.
1044 3346 1111 3402 Et
1139 3347 1324 3417 debes,
1346 3350 1594 3421 quoniam
1622 3353 1675 3407 in
1703 3361 1752 3407 te
1779 3353 1995 3423 conﬁdit
2019 3357 2198 3412 anima

603 3451 742 3503 mea,
773 3445 831 3494 et
855 3453 1123 3506 meorum,
1146 3441 1291 3511 quod
1314 3457 1412 3513 per
1438 3459 1534 3498 con
1559 3452 1797 3502 notatur.
1828 3443 2082 3517 Conﬁdit,
2117 3449 2198 3503 di-

606 3543 692 3594 co,
726 3538 783 3587 et
816 3545 1035 3602 semper
1070 3533 1357 3589 conﬁdam.
1397 3534 1465 3589 Et
1502 3536 1559 3591 in
1598 3538 1784 3594 umbra
1823 3539 2031 3595 alarum
2076 3551 2200 3596 tua-

603 3637 720 3676 rum
755 3624 998 3694 sperabo,
1029 3624 1083 3681 id
1113 3634 1198 3682 est
1234 3627 1335 3682 sub
1376 3630 1708 3698 protectione
1742 3630 1970 3688 duorum
1998 3632 2192 3690 Testa-

607 3720 935 3781 mentorum,
968 3714 1051 3770 vel
1100 3716 1155 3772 in
1202 3717 1415 3789 gemina
1461 3719 1746 3785 charitate,
1777 3721 1881 3789 vel,
1922 3723 2024 3779 sub
2062 3738 2192 3794 pro-

601 3804 840 3861 tectione
907 3806 1404 3865 misericordiarum
1472 3818 1685 3867 tuarum
1747 3821 1968 3886 protege
2023 3829 2110 3871 me
2159 3829 2191 3871 s

599 3892 803 3967 frigore
830 3895 1157 3955 abundantis
1198 3899 1517 3971 iniquitatis,
1552 3911 1610 3958 et
1651 3912 1737 3959 est
1771 3905 2083 3976 metaphora
2121 3907 2191 3963 ab

602 3986 815 4043 avibus.
841 3986 1020 4045 Donec
1040 3998 1271 4046 transeat
1296 3991 1567 4063 iniquitas,
1595 3994 1648 4049 id
1675 4002 1761 4051 est
1786 4003 1899 4051 tota
1927 3996 2029 4053 hac
2055 4012 2190 4067 prte-

600 4076 742 4130 senti
769 4076 898 4141 vita,
922 4077 1072 4147 quia,
1093 4078 1625 4138 sicutdecedentibus
1643 4082 1804 4154 justis
1827 4100 2043 4156 semper
2067 4101 2187 4143 sue-

601 4164 801 4221 cedunt
828 4166 943 4234 alii,
976 4167 1051 4223 ita
1085 4169 1140 4224 in
1170 4168 1272 4226 hac
1295 4170 1405 4226 vita
1434 4171 1814 4231 decedentibus
1835 4175 2033 4246 iniquis
2066 4191 2189 4234 suc-

600 4255 800 4312 cedunt
826 4257 937 4313 alii.
976 4257 1045 4313 Et
1070 4259 1265 4317 merito
1291 4261 1530 4332 sperabo,
1559 4264 1684 4334 quia
1727 4266 1964 4322 clamabo
2008 4267 2061 4324 in
2101 4284 2187 4325 me

596 4355 653 4401 et
690 4346 743 4402 in
770 4347 906 4411 meis
934 4356 995 4403 ut
1021 4339 1364 4407 clamandum
1398 4361 1500 4420 est,
1531 4356 1656 4425 quia
1696 4353 1879 4413 fervor
1901 4359 2186 4417 charitatis

528 4517 533 4522 .
592 4439 804 4495 clamor
821 4450 907 4498 est
934 4445 1115 4501 cordis
1143 4461 1158 4500 :
1193 4445 1297 4502 hac
1324 4461 1540 4520 semper
1564 4450 1818 4508 testuahit
1849 4467 1945 4508 eor
1979 4468 2181 4510 meum.

594 4530 681 4595 Ad
715 4529 878 4586 Deum
909 4532 1247 4604 altissimum,
1276 4539 1368 4609 qui
1409 4555 1517 4597 non
1551 4542 1773 4598 exaudit
1804 4545 1906 4600 nisi
1937 4546 2179 4602 claman-

598 4634 729 4678 tem.
767 4623 904 4691 Quia
956 4627 1254 4688 altissimus
1294 4639 1401 4699 est,
1441 4648 1550 4693 non
1597 4634 1873 4693 dissolutis
1908 4638 2181 4706 manibus,

596 4728 704 4769 non
732 4715 959 4782 genibus
983 4718 1248 4776 debilibus
1289 4723 1685 4781 intendendum
1709 4735 1795 4783 est
1819 4742 2054 4784 mecum.
2085 4728 2180 4784 Al-

588 4804 840 4865 tissimus
878 4817 963 4864 est
992 4819 1050 4865 et
1087 4813 1369 4881 proximus
1398 4832 1412 4868 :
1445 4814 1588 4873 Deus
1626 4816 1694 4873 de
1732 4817 1911 4890 longe,
1944 4818 2087 4876 Deus
2116 4820 2182 4878 de

594 4912 783 4969 prope.
815 4898 1091 4957 Exhibitio
1117 4905 1516 4973 praeteritorum
1554 4922 1705 4979 spem
1735 4910 1940 4980 prabet
1970 4909 2181 4968 futuro-

460 5039 485 5049 ,
584 5004 713 5043 rum
742 5006 755 5042 :
781 4987 932 5061 longe
956 5008 989 5046 a
1013 4996 1373 5063 peccatoribus
1397 4998 1542 5055 salus
1571 4997 1747 5071 (Psal.
1773 5001 1987 5074 cxvm).
2013 5003 2181 5061 Juxta

586 5089 666 5143 est
692 5076 948 5137 Dominus
968 5083 1054 5141 bis
1073 5086 1165 5155 qui
1184 5089 1436 5146 tribulato
1453 5100 1574 5147 sunt
1591 5092 1746 5147 corde
1760 5091 1933 5166 (Psal.
1957 5096 2178 5169 XXXIII),

596 5172 658 5225 Et
694 5172 799 5230 hoc
839 5190 1037 5247 magna
1072 5194 1187 5249 spe,
1247 5183 1372 5253 quia
1428 5183 1667 5239 clamabo
1728 5188 1795 5242 ad
1861 5184 2032 5261 Deum
2088 5190 2221 5261 qui,

589 5273 702 5326 )am
755 5262 881 5319 bene
931 5266 1053 5335 fecit
1088 5270 1236 5326 milii.
1275 5269 1337 5326 Si
1362 5272 1500 5327 enim
1529 5288 1649 5325 cum
1704 5258 1906 5328 inimici
1949 5258 2178 5332 essemus

591 5351 770 5423 (Rom.
792 5355 866 5428 v).
894 5359 1020 5414 bene
1040 5360 1185 5429 fecit,
1211 5362 1380 5417 multo
1399 5363 1573 5433 magis
1605 5379 1770 5418 nunc.
1795 5364 1943 5419 Misit
1963 5366 2028 5422 de
2049 5370 2175 5424 coelo

589 5451 639 5486 at
679 5443 916 5496 liberauit
963 5465 1067 5494 me-
1114 5449 1219 5503 Hie
1264 5451 1515 5502 Christus
1552 5451 1792 5512 loquitur
1837 5454 1894 5510 in
1940 5456 2178 5511 humana

2206 4597 2263 4660 D

2300 3345 2522 3418 intelligi
2556 3347 2659 3403 hoe
2690 3347 2847 3402 modo
2890 3348 3236 3415 determinat,
3283 3352 3627 3404 conturbatus.
3652 3344 3781 3401 besal-
3821 3352 3823 3405 λ

2297 3437 2411 3508 ptio
2439 3438 2629 3494 mortis
2658 3455 2671 3491 :
2709 3438 2942 3493 Dormiri
2971 3440 3331 3495 conturbatus.
3387 3440 3487 3508 Qui
3514 3448 3564 3496 te
3588 3434 3780 3494 conturbas

2296 3529 2523 3584 verunt?
2549 3528 2648 3598 ﬁlii
2676 3525 2966 3595 hominum,
3018 3529 3070 3585 id
3096 3537 3200 3596 est,
3246 3529 3339 3585 lilii
3367 3529 3778 3602 patriarcharumet

2295 3622 2679 3691 prophetarum
2746 3620 3041 3676 secundum
3106 3635 3359 3689 carnem;
3420 3636 3523 3676 non
3577 3615 3776 3675 secundus

2294 3714 2669 3771 imitationem.
2699 3713 2903 3781 Quibus
2927 3714 3129 3769 armis?
3155 3713 3275 3770 Noli
3300 3714 3575 3771 attendere
3593 3716 3775 3766 cessantis

2293 3822 2508 3873 manus,
2547 3807 2642 3862 sed
2669 3805 2885 3861 attende
2912 3816 3181 3860 armatum
3211 3820 3274 3862 os
3298 3823 3311 3859 :
3342 3806 3467 3876 quia
3496 3805 3649 3859 dentes
3668 3807 3773 3853 torti

2292 3913 2465 3952 arma.
2503 3895 2644 3951 Reus
2671 3906 2745 3951 est
2773 3896 2955 3950 mortis
2986 3894 3202 3967 (Matth.
3236 3894 3412 3967 xxvr).
3444 3894 3636 3957 Dentes,
3670 3888 3705 3943 id
3726 3890 3772 3938 est

2292 3987 2565 4047 mordacia
2595 3987 2779 4043 verba.
2809 3986 2879 4041 Et
2908 3988 3130 4059 sagittw,
3165 3987 3217 4043 id
3248 3995 3332 4043 est
3361 3985 3563 4044 occulta
3611 3978 3770 4038 consili?-

2294 4076 2615 4134 Occidamus
2658 4091 2803 4142 eum,
2850 4092 2918 4132 ne
2949 4075 3087 4131 forte
3121 4077 3353 4134 mundus
3397 4086 3515 4148 post
3556 4088 3656 4131 eum
3677 4068 3771 4124 3W

2290 4166 2471 4241 (Joan.
2504 4168 2624 4241 xu).
2659 4167 2727 4223 Et
2756 4169 2935 4241 lingua
2973 4187 3178 4239 eorum,
3209 4170 3264 4228 id
3311 4181 3393 4229 est
3426 4173 3601 4228 mortis
3631 4176 3767 4224 senm“

2290 4260 2384 4326 tia,
2427 4259 2636 4332 gladius
2665 4270 2869 4316 acutus.
2902 4249 3183 4333 Cruci/i943,
3214 4264 3460 4335 cruciﬁge
3501 4264 3654 4337 (loca.
3686 4268 3762 4319 till-

2289 4351 2396 4409 Sed
2425 4367 2546 4423 qua:
2571 4367 2701 4407 cura
2741 4352 2869 4423 quid
2900 4352 2975 4409 illi
3019 4354 3072 4408 in
3123 4370 3210 4410 me
3242 4354 3636 4412 machiuentur?
3666 4344 3779 4403 Eu!"

2284 4454 2399 4500 lare
2424 4460 2579 4514 super
2612 4442 2784 4509 caelos,
2830 4443 2988 4499 Deus.
3038 4445 3229 4500 Exalta
3265 4461 3353 4501 me
3390 4448 3635 4502 hominem
3668 4446 3762 4506 Sull"

2286 4538 2508 4610 angelos
2570 4548 2623 4594 et
2691 4539 3083 4610 archangelos,
3159 4540 3244 4596 vel
3310 4556 3475 4614 super
3529 4532 3759 4613 patriarcha

3796 3621 3818 3911 l

3766 4550 3798 5016 l

2287 4639 2340 4687 et
2368 4631 2695 4701 prophetas,
2753 4641 2811 4687 ut
2855 4647 2951 4703 per
2998 4648 3086 4689 me
3130 4632 3326 4688 Filium
3376 4643 3520 4690 tuum
3562 4629 3775 4687 exaltatum-

2284 4721 2543 4778 exalteris
2579 4731 2655 4788 tu,
2689 4722 2826 4779 Deus
2857 4723 2997 4778 altus
3040 4732 3097 4779 et
3142 4723 3433 4795 gloriosus.
3463 4722 3525 4779 Et
3552 4719 3678 4793 gloria
3692 4724 3755 4771 tu.

2284 4809 2454 4882 gloria
2506 4811 2958 4875 resurrectionis,
3043 4809 3183 4865 unde
3259 4819 3316 4866 tu
3386 4811 3494 4868 eris
3554 4805 3753 4880 gloriosis.

2284 4903 2555 4960 exaltetnr
2600 4919 2758 4975 super
2804 4921 3010 4959 onmem
3079 4914 3295 4959 terram.
3351 4902 3515 4961 Jndrei
3567 4892 3752 4958 uolneri"

2284 4994 2381 5050 tibi
2423 4994 2647 5066 gloriam
2692 4986 2830 5049 dare
2895 4993 2949 5049 in
3011 4993 3193 5050 Iudaea
3246 5009 3263 5048 :
3314 4995 3411 5051 sed
3467 5006 3558 5059 tu,
3615 4984 3749 5060 glori“

2288 5090 2433 5137 tuam
2485 5079 2767 5138 manifesta
2814 5096 2912 5153 per
2947 5089 3116 5136 totum
3165 5082 3450 5149 mundum,
3482 5082 3574 5138 etsi
3600 5090 3671 5132 non
3699 5082 3749 5121 ω’

2284 5189 2381 5246 per
2425 5174 2632 5245 paleas,
2684 5184 2863 5229 tamen
2914 5188 3076 5245 super
3104 5160 3295 5245 grana.
3347 5171 3491 5229 lstud
3542 5153 3748 5251 fultus“?

2284 5273 2463 5321 tanter
2488 5263 2887 5332 interpositum,
2915 5278 3058 5319 nunc
3087 5263 3226 5318 redit
3252 5261 3316 5317 ad
3351 5261 3496 5318 illud.
3526 5258 3631 5314 Filii
3652 5254 3749 5304 ἑθεν

2281 5372 2424 5420 num,
2453 5356 2629 5410 dentes
2673 5370 2852 5409 eorum
2884 5371 3035 5408 arma
3066 5363 3113 5409 et
3143 5354 3345 5425 sagitta:
3369 5367 3387 5405 :
3416 5353 3629 5425 loqueris

2280 5461 2462 5505 verunt
2502 5449 2717 5498 aedibus
2760 5449 2907 5500 meis.
2950 5448 3003 5502 id
3028 5457 3131 5506 est.
3161 5447 3549 5503 imnedimenda
3576 5434 3693 5495 ΞΜ

3833 2722 3837 2875 ll

3831 2904 3833 2965 Α

3829 3004 3831 3053 4

3827 3100 3829 3141 l

3826 3180 3827 3229 ι

3823 3280 3825 3317 l

3821 3366 3823 3405 l

3819 3434 3821 3495 Δ

3817 3522 3819 3583 4
