3918 6418
22 457 111 519 iis

1113 449 1652 507 ENAR'RATIONES
1686 448 1753 504 IN
1796 446 2129 505 PSALMOS.

3150 454 3255 512 430

24 576 42 607 s
72 552 267 624 pedibus
317 551 445 604 meis
473 591 487 613 ,
529 548 577 603 id
624 556 726 611 est,
775 547 1069 617 crepationi
1120 556 1174 600 et
1223 544 1566 616 promissioni
1598 556 1641 610 Α
1674 546 1829 596 nubes
1858 583 1873 608 ,
1929 543 1979 597 id
2027 554 2144 606 est,
2208 543 2589 612 praedicatores
2646 543 2891 613 pluentes
2956 546 3263 613 doctrinis,

22 662 154 710 mem,
197 645 318 712 quia
366 659 466 714 per
501 642 597 696 hos
627 640 791 711 pedes
839 655 934 709 per
970 640 1224 693 mundum
1257 638 1474 706 gradior
1518 637 1570 691 in

22 736 238 792 mtitiam
296 733 595 787 hominum.
651 732 952 801 increpatio
1014 732 1080 785 de
1147 729 1437 799 prseteritis
1489 727 1575 783 vel

23 827 365 898 priest-ritibus,
416 824 707 895 promissio
754 824 821 877 de
858 823 1073 876 futuris.
1133 841 1150 873 ι
1203 820 1319 886 Vel,
1359 820 1574 891 pedibus

25 920 144 983 meis,
197 917 247 970 id
293 924 394 976 est.
433 914 711 986 apostolis.
768 914 837 968 Et
876 916 1273 967 incurvaverunt
1321 912 1574 976 animam,

25 1011 65 1062 id
104 1018 197 1075 est,
250 1008 675 1062 humiliaverunt
705 1014 965 1077 quantum
996 1006 1064 1060 ad
1098 1004 1309 1059 iilorum
1364 1002 1579 1073 opinio-

23 1114 144 1161 nem,
201 1097 302 1162 vel,
354 1107 531 1151 morte
561 1104 877 1167 presserunt
922 1105 977 1150 et
1028 1096 1093 1149 de
1126 1094 1265 1149 cmlo
1311 1094 1581 1163 deponere

24 1191 292 1243 voluerunt.
326 1188 603 1243 Fodcrunt
631 1199 750 1244 ante
796 1189 981 1260 faciem
1018 1204 1187 1242 meam
1237 1187 1460 1255 foveam,
1515 1200 1583 1241 ne

23 1298 105 1353 me
155 1284 505 1352 proﬁcerem;
557 1291 786 1336 mortem
837 1281 972 1336 mihi
1023 1280 1233 1335 occulte
1293 1290 1346 1335 et
1427 1278 1581 1347 quasi

28 1375 261 1443 ignoranti
300 1382 657 1443 paraverunt.
706 1372 813 1429 Sed
860 1384 983 1427 ante
1032 1372 1223 1441 facient
1275 1387 1481 1435 meam,
1530 1369 1582 1423 id

27 1476 123 1531 est,
162 1481 240 1519 me
280 1466 509 1530 sciente,
561 1481 649 1521 me
703 1480 807 1521 non
839 1466 1123 1535 ignorante
1168 1478 1355 1518 eorum
1407 1462 1586 1516 consi-

32 1556 102 1608 lia.
148 1554 208 1608 Et
237 1555 331 1625 ipsi
366 1555 668 1609 inciderunt
692 1556 753 1609 in
780 1572 914 1617 eam,
945 1570 1055 1609 non
1102 1570 1221 1625 ego,
1264 1554 1389 1624 quia
1441 1568 1586 1609 mors

31 1660 127 1699 mea
154 1645 249 1699 fuit
273 1662 465 1701 eorum
497 1648 789 1702 cxcmcatio
821 1666 833 1700 :
878 1647 983 1711 vel,
1016 1646 1317 1700 inciderunt
1356 1646 1409 1699 in
1438 1661 1584 1699 mor-

38 1748 124 1791 tem
147 1748 417 1793 :ctermm.
470 1738 772 1794 Conﬁrmat
810 1755 907 1798 uos
938 1740 1023 1795 his
1050 1740 1249 1804 verbis,
1301 1740 1455 1809 quasi
1501 1738 1584 1793 di-

33 1831 329 1898 censzQuid
377 1832 514 1885 mihi
564 1829 746 1888 facere
789 1842 1081 1902 potuerunt
1134 1832 1224 1901 qui
1276 1846 1361 1885 me
1407 1847 1591 1901 perse-

1676 645 1924 690 tonautes
1978 636 2173 701 minis,
2226 645 2576 691 coruscantes
2639 637 2932 692 miraculis.
2995 637 3151 705 Quod
3206 649 3267 693 ut

1678 724 1773 782 ﬁat
1796 766 1810 791 ,
1840 726 2072 781 exaltare
2100 744 2255 796 super
2282 726 2437 781 cados
2462 768 2477 792 ,
2526 727 2667 781 Deus
2694 767 2711 794 ,
2758 738 2805 782 et
2857 746 3013 799 super
3060 746 3268 786 omnem

1680 825 1909 883 terram,
1962 817 2129 886 gloria
2183 829 2295 872 tua.
2351 818 2641 884 Exaltare,
2696 835 2801 874 non
2832 820 2977 890 quod
3029 822 3170 878 Dens
3213 822 3264 876 in

1679 921 1737 961 se
1783 906 2010 961 exaltari
2051 908 2242 977 possit,
2285 910 2377 963 sed
2419 909 2658 964 exaltare
2701 911 2841 979 apud
2884 912 3131 968 notitiam
3169 914 3268 967 ho-

1682 997 1909 1063 minum,
1932 1008 2267 1068 assumptum
2293 1000 2564 1055 hominem
2597 1000 2903 1067 cxaltando,
2934 1011 3015 1065 ut,
3044 1012 3095 1057 te
3121 1004 3273 1057 exal-

1687 1098 1821 1155 tato,
1870 1089 2137 1144 exaltetur
2178 1105 2341 1161 super
2388 1106 2607 1146 omnem
2646 1102 2844 1146 terram
2883 1092 3056 1161 gloria
3088 1104 3199 1147 tua.

2223 1245 2545 1305 PSALMUS
2583 1248 2737 1304 LVII.

1685 1376 1737 1416 IN
1773 1375 1936 1416 ΗΜΕὶί
1970 1377 2035 1415 ΝΕ
2069 1376 2355 1418 υιειιειιυλε
2382 1379 2541 1417 DAVID
2574 1380 2626 1418 IN
2661 1381 2842 1419 TITULI
2882 1381 3275 1423 ιιιεειιιιττιοιιε.

1762 1472 1780 1506 ι
1810 1455 1865 1508 Si
1891 1470 2018 1510 vere
2041 1455 2505 1526 utiquejustitiam
2528 1457 2829 1527 loquimini.
2855 1469 3001 1515 recte
3018 1459 3277 1529 iudicate,

1691 1566 1709 1598 ι
1758 1546 1848 1599 lilii
1874 1546 2171 1600 hominum.
2216 1547 2428 1601 Etenim
2458 1548 2510 1602 in
2531 1549 2698 1603 corde
2749 1549 3064 1618 iniquitates
3084 1564 3280 1619 opera—

1691 1656 1710 1686 ι
1761 1635 1889 1689 mini
1920 1635 1971 1689 in
1996 1644 2162 1700 terra,
2189 1637 2479 1707 injustitias
2501 1654 2692 1693 manus
2714 1648 2907 1693 vestra:
2934 1625 3282 1696 concinnant.

1693 1745 1711 1779 ι
1755 1726 1987 1781 Alienati
2029 1734 2157 1780 sunt
2193 1736 2509 1797 peccatores
2551 1744 2582 1782 a
2629 1728 2811 1794 vulva,
2864 1740 3185 1787 erraverunt
3217 1730 3287 1785 ab

1696 1838 1713 1868 ι
1764 1828 1943 1884 utero,
1965 1818 2130 1873 locuti
2156 1826 2279 1873 sunt
2301 1817 2457 1874 falsa.
2481 1817 2656 1874 Furor
2682 1818 2789 1874 illis
2815 1820 3111 1875 secundum
3137 1820 3289 1876 simio

35 1921 125 1974 culi
166 1922 322 1978 sunt?
370 1922 444 1977 Se
495 1923 641 1992 ipsos
688 1925 866 1993 potius
914 1923 1353 1989 damnaverunt,
1408 1921 1483 1977 ila
1531 1932 1586 1976 et
1619 1908 1659 1966 Β
1694 1931 1711 1963 ι
1759 1911 2038 1966 litudinem
2080 1912 2367 1982 serpentis,
2412 1912 2555 1967 SlCUl
2582 1913 2782 1982 aspidis
2814 1913 2992 1969 ειη-ἀρε
3033 1925 3087 1970 ει
3130 1916 3290 1970 Oblti-

40 2012 162 2067 vobis
190 2014 314 2067 nihil
358 2023 591 2084 possunt
626 2014 826 2071 facere.
870 2014 1037 2082 Quasi
1083 2014 1251 2078 dicat,
1304 2013 1406 2083 ipsi
1452 2012 1587 2068 mihi

41 2113 198 2171 parant
240 2105 449 2162 foveam
482 2146 496 2172 ,
550 2108 706 2176 quasi
759 2107 1023 2178 ignoranti
1077 2115 1131 2161 et
1174 2106 1329 2175 quasi
1377 2106 1585 2160 invito:

42 2195 135 2259 sed,
168 2209 400 2265 paratum
428 2214 526 2273 cor
552 2213 747 2263 meum,
780 2197 943 2262 Deus,
982 2197 1049 2252 ad
1081 2198 1275 2252 mortis
1310 2196 1590 2266 experien-

46 2285 147 2339 tiam
181 2287 482 2343 voluntarie
524 2288 783 2344 obediens
810 2302 972 2352 sum;
1006 2296 1253 2357 paratum
1296 2287 1461 2341 etiam
1498 2303 1592 2339 cor

49 2392 202 2443 meum,
246 2377 294 2432 id
325 2387 429 2442 est,
478 2394 723 2433 meorum
766 2378 836 2432 ad
867 2376 1198 2432 oil‘creudum
1252 2376 1348 2431 tibi
1378 2376 1591 2431 sacriﬁ-

46 2466 158 2519 cium
183 2508 196 2532 ,
234 2477 288 2522 et
329 2467 449 2523 ideo
503 2469 725 2525 cantabo
762 2468 957 2531 corde,
1013 2477 1060 2523 et
1111 2467 1372 2536 psalmum
1419 2467 1593 2543 dicam

51 2572 178 2624 opere
216 2559 459 2627 Domino,
517 2561 569 2615 id
605 2569 715 2626 est,
744 2560 1007 2616 honorem
1053 2559 1267 2616 Domini
1300 2574 1315 2613 :
1346 2559 1450 2625 vel,
1473 2560 1595 2615 ideo

53 2661 248 2716 paratum
272 2669 359 2705 cor
385 2669 587 2717 meum,
621 2653 747 2722 quia
790 2652 894 2708 hoc
918 2652 1077 2709 modo
1103 2692 1119 2718 ,
1159 2666 1255 2708 ero
1286 2652 1383 2709 tibi
1421 2652 1598 2708 canti-

54 2758 164 2809 eam,
192 2746 237 2801 id
266 2757 343 2801 est
378 2747 691 2803 delectatio.
746 2749 836 2815 Et,
886 2758 944 2803 ut
975 2762 1076 2821 ego
1109 2757 1354 2814 cantem,
1411 2764 1597 2802 exsur-

54 2851 114 2903 9e,
136 2837 280 2907 gloria
325 2857 459 2895 mea.
503 2840 547 2896 0
596 2822 795 2911 corpus
839 2854 1060 2905 meum,
1110 2855 1256 2895 nunc
1304 2840 1599 2911 ignominia

60 2941 161 2989 mea,
206 2928 392 2985 factum
422 2929 602 3003 gloria
634 2944 755 2985 mea
784 2944 878 3000 per
904 2929 1369 2985 immortalitatem
1419 2938 1472 2985 et
1497 2930 1599 2985 im-

56 3020 432 3088 passibilitatem,
474 3040 694 3094 exsurge
722 3024 788 3079 de
821 3023 1094 3093 sepulcro.
1149 3023 1250 3089 Tu,
1284 3024 1428 3089 dico,
1461 3024 1603 3093 psal-

60 3110 201 3163 terium
224 3122 267 3166 et
290 3114 524 3179 cithara,
570 3114 775 3170 iaciens
818 3114 1027 3181 divina,
1077 3116 1291 3184 patiens
1316 3114 1553 3169 humana
1584 3132 1597 3167 :

60 3196 221 3257 iaciens
256 3206 455 3273 divina,
491 3206 843 3276 psalterium;
876 3208 1086 3277 patiens
1126 3208 1386 3274 humana,
1432 3208 1603 3262 citha-

62 3304 119 3343 ra.
158 3293 204 3349 in
252 3312 352 3353 uno
392 3268 764 3357 instrumento
807 3268 914 3355 duo
955 3316 1179 3370 organa.
1214 3301 1283 3356 Et
1321 3268 1448 3372 quia
1500 3302 1603 3357 hoc
1630 3268 1675 3330 Ο

61 3382 343 3471 “manu?
384 3389 599 3471 dictum
624 3398 742 3453 est,
794 3405 900 3446 non
933 3390 1259 3455 dubitative,
1305 3392 1425 3446 ideo
1477 3394 1608 3446 sub-

60 3470 224 3545 iungit:
250 3476 573 3553 Exsurgam,
616 3491 673 3535 et
724 3483 849 3549 hoc,
882 3483 1137 3538 diluculo.
1164 3484 1488 3555 Exsurgam,
1522 3484 1606 3538 di-

64 3575 126 3626 00,
164 3575 211 3621 ct
232 3570 294 3624 ad
339 3587 598 3643 magnam
632 3574 948 3636 utilitatem,
1000 3576 1128 3645 quia
1181 3576 1468 3645 conﬁtebor
1512 3576 1605 3629 tibi

65 3652 105 3705 in
138 3660 313 3729 popuiis
340 3703 355 3727 ,
401 3664 668 3732 Domine,
714 3666 768 3722 id
794 3677 903 3733 est,
936 3668 988 3722 in
1017 3668 1217 3725 Iudaeis
1258 3670 1453 3725 faciam
1509 3671 1605 3725 tibi

66 3743 155 3800 ticri
179 3752 563 3812 confessionem
614 3756 808 3824 laudis,
841 3769 889 3813 et
940 3776 1046 3814 non
1078 3760 1253 3815 solum
1285 3762 1338 3816 in
1379 3760 1605 3827 Iudaeis,

69 3836 135 3887 sed
170 3840 311 3896 etiam
356 3844 628 3915 psalmum
658 3849 829 3902 dicant
873 3850 964 3904 tibi
994 3851 1053 3904 in
1092 3851 1353 3921 gentibus,
1407 3852 1461 3906 id
1502 3862 1604 3914 est,

70 3922 107 3975 in
130 3931 281 3994 gentili
310 3935 533 4006 populo,
566 3936 617 3991 id
667 3948 770 4003 est,
805 3940 942 3995 bene
981 3940 1257 4010 aperando
1311 3940 1508 3996 faciam
1558 3951 1609 3996 te

71 4014 228 4076 laudari
271 4026 323 4079 in
368 4029 648 4099 gentibus.
684 4030 875 4101 Merito
917 4041 968 4087 te
1014 4031 1310 4087 laudabunt
1348 4033 1610 4093 )udaicus

72 4114 247 4179 populus
269 4126 322 4172 et
345 4121 584 4189 gentilis,
614 4123 864 4192 quoniam
894 4124 1233 4194 magniﬁcam
1261 4135 1335 4180 est
1358 4143 1520 4196 usque
1540 4128 1609 4181 ad

74 4200 188 4255 celos
208 4207 559 4266 misericordia
588 4222 701 4277 tua,
729 4222 778 4267 et
809 4230 971 4284 usque
994 4214 1063 4267 ad
1095 4216 1254 4271 nubes
1282 4217 1467 4271 veritas
1496 4227 1607 4270 tua.

78 4289 253 4351 Videtur
291 4303 421 4359 ordo
479 4314 842 4375 prieposterus
867 4346 881 4370 ,
922 4307 1046 4375 quia
1102 4308 1292 4362 veritas
1343 4309 1396 4362 in
1439 4308 1610 4374 ccelis,

72 4376 114 4434 id
154 4400 239 4457 est,
280 4395 332 4451 in
360 4396 569 4467 angelis
593 4411 701 4465 qua
731 4396 1046 4466 pmpoilent
1084 4398 1173 4453 ubi
1206 4413 1339 4467 pure
1384 4407 1435 4452 et
1484 4400 1613 4453 sim-

77 4476 241 4543 Pliciter
280 4499 501 4559 paretur
526 4488 791 4543 voluntati
823 4488 1019 4544 divina:
1048 4505 1061 4544 :
1092 4490 1161 4544 ad
1188 4492 1349 4545 nubes
1382 4507 1527 4555 vero,
1559 4492 1611 4546 id

77 4576 152 4635 εδει
176 4579 541 4643 pmdicatores
567 4580 997 4643 constituendos,
1028 4596 1164 4650 opus
1190 4580 1291 4635 fuit
1316 4583 1610 4637 misericor-

78 4659 157 4714 dis.
196 4663 362 4725 Potest
395 4680 573 4726 tamen
605 4679 659 4725 et
687 4671 741 4725 in
769 4672 958 4726 ordine
986 4672 1065 4725 sic
1098 4671 1241 4742 legi:
1270 4671 1509 4739 Domine,
1552 4676 1606 4727 in

78 4753 169 4809 talo
208 4762 558 4819 misericordia
588 4774 700 4829 tua,
731 4764 855 4834 quia
884 4764 1135 4819 homines
1161 4766 1390 4820 miseros
1421 4773 1475 4820 tu
1506 4766 1607 4821 mi-

80 4847 253 4915 seraris,
289 4863 341 4908 et
371 4855 660 4925 praebendo
692 4849 797 4911 illis
828 4855 1277 4923 miscricordiam,
1307 4867 1608 4913 commata-

81 4932 186 4991 ιίοηθ
210 4946 613 5003 resurrectionis
662 4945 870 5023 angelis
913 4948 1185 5013 associas,
1228 4948 1320 5018 qui
1371 4948 1494 5003 caeli
1530 4949 1610 5004 di-

82 5033 233 5083 cuntur
275 5044 489 5106 propter
515 5036 863 5097 eminentiam
891 5038 1171 5104 virtutum,
1214 5048 1269 5095 et
1298 5040 1375 5096 sic
1405 5042 1460 5094 in
1484 5041 1609 5095 caelo

84 5114 407 5181 misericordia.
443 5128 510 5183 Et
545 5131 734 5184 veritas
778 5140 890 5195 tua,
938 5132 989 5185 id
1036 5141 1159 5197 est,
1206 5148 1333 5188 vera
1377 5134 1615 5206 cognitio

86 5216 162 5301 ξιξιε
199 5216 353 5285 angeli
396 5220 745 5290 praepollent,
795 5223 1059 5277 descendit
1108 5241 1268 5295 usque
1314 5226 1383 5279 ad
1432 5227 1611 5291 nubes,

90 5294 126 5387 id
159 5312 243 5370 est,
273 5323 437 5379 usque
478 5314 543 5368 ad
566 5314 822 5377 homines
868 5322 1039 5370 tectos
1081 5316 1223 5371 nube
1251 5318 1458 5381 carnis,
1486 5318 1613 5387 quia

89 5382 240 5449 dediin
278 5398 418 5456 illam
440 5419 621 5459 veram
646 5404 1010 5475 cognitionem
1040 5414 1096 5460 ct
1135 5406 1459 5463 hominibus.
1498 5382 1615 5473 l’el,

95 5478 393 5546 misericordia
418 5503 529 5559 tua,
554 5495 605 5549 id
636 5505 738 5558 est,
763 5496 1072 5551 misericors
1098 5504 1218 5550 tuus
1241 5498 1617 5567 magniﬁcatus

94 5577 154 5619 εει
175 5588 318 5645 “S‘tue
341 5586 405 5638 ad
444 5588 607 5643 ρωιοε
635 5588 1063 5642 constituendos.
1095 5586 1163 5640 Et
1214 5590 1401 5644 veritas
1426 5602 1537 5655 tua,
1562 5591 1615 5643 in

102 5672 175 5725 (Ιυο
208 5668 412 5742 impletae
438 5691 559 5736 sunt
600 5697 789 5737 omnes
829 5683 1213 5751 promissiones
1239 5723 1253 5749 ,
1285 5692 1368 5738 est
1434 5685 1619 5741 valens

102 5760 229 5848 υξίιιιε
277 5768 336 5821 ad
375 5772 536 5828 nubes
588 5775 1025 5839 constituendas,
1081 5784 1140 5828 ut
1197 5790 1303 5831 non
1331 5775 1502 5831 solum
1545 5776 1620 5830 fa-

109 5851 187 5899 ciat
210 5853 373 5927 caelos,
424 5863 470 5917 id
510 5876 629 5932 est,
676 5866 967 5921 virtutibus
996 5866 1250 5921 sublimes
1276 5906 1291 5931 ,
1331 5868 1422 5923 sed
1456 5869 1615 5924 etiam

1696 2021 1715 2055 ι
1764 2002 1931 2058 rantis
1968 2018 2131 2057 aures
2177 2019 2325 2059 suas.
2357 2003 2488 2071 Quae
2532 2019 2639 2059 non
2687 2006 2938 2062 exaudiet
2979 2021 3168 2062 vocem
3208 2008 3290 2062 in-

1697 2112 1716 2146 ι
1764 2095 2137 2159 cantantium,
2189 2104 2245 2151 et
2290 2094 2518 2150 veneﬁci
2570 2096 2898 2152 incantantis
2965 2098 3287 2169 sapientem.

1698 2206 1717 2237 ι
1764 2186 1909 2243 Deus
1936 2196 2184 2242 conteret
2204 2188 2394 2243 dentes
2415 2202 2605 2243 eorum
2634 2188 2685 2242 in
2708 2203 2805 2244 ore
2826 2189 3089 2258 ipsorum,
3120 2189 3291 2245 molas

1698 2296 1715 2323 ι
1763 2276 1981 2332 leonum
1998 2275 2302 2349 confringet
2322 2277 2604 2333 Dominus.
2646 2277 2729 2332 Ad
2752 2278 2977 2333 nihilum
3003 2279 3295 2335 devenient

1697 2383 1717 2417 ι
1767 2374 2023 2438 tanquam
2068 2382 2208 2436 aqua
2263 2367 2577 2432 decurrens,
2626 2367 2857 2423 intendit
2904 2383 3090 2423 areum
3135 2384 3294 2425 suum

1698 2478 1717 2510 ι
1765 2460 1938 2515 donec
1962 2458 2327 2515 inﬁrmentur.
2361 2460 2514 2515 Sicut
2560 2474 2687 2514 cera
2714 2474 2835 2530 quae
2858 2458 3000 2526 ﬂuit,
3045 2459 3295 2517 auferen-

1701 2567 1719 2600 ι
1770 2558 1902 2604 tur:
1933 2564 2096 2621 super
2119 2550 2320 2606 cecidit
2364 2550 2524 2621 ignis,
2556 2559 2612 2605 et
2650 2566 2757 2605 non
2796 2550 3049 2606 viderunt
3099 2549 3294 2609 solem.

1703 2663 1720 2696 ι
1769 2644 2089 2714 Priusquam
2142 2644 2506 2716 intelligerent
2533 2643 2701 2716 spina:
2739 2652 2935 2700 vestrm
2968 2644 3293 2710 rhamnum;

1702 2753 1721 2786 ι
1768 2736 1909 2790 sicut
1935 2736 2200 2801 viventes,
2232 2735 2312 2791 sic
2344 2736 2396 2789 in
2428 2736 2507 2790 ira
2541 2735 2800 2792 absorbet
2837 2748 2953 2790 eos.
3000 2734 3297 2791 Laetabitur

1704 2847 1722 2881 ι
1760 2828 1941 2899 justus
1978 2844 2103 2883 cum
2132 2828 2329 2884 viderit
2355 2827 2672 2895 vindictam,
2704 2842 2899 2884 manus
2923 2842 3052 2884 suas
3094 2828 3299 2883 lavabit

1705 2938 1725 2972 ι
1772 2920 1825 2975 in
1847 2920 2109 2990 sanguine
2135 2920 2455 2990 peccatoris.
2474 2919 2702 2977 Etdicet
2720 2921 2915 2977 homo:
2939 2920 2986 2976 si
3010 2919 3299 2991 utiqueess

1708 3031 1726 3066 s
1763 3012 1970 3069 fructus
1991 3013 2162 3084 justo,
2178 3016 2364 3085 utique
2385 3023 2471 3071 est
2490 3015 2633 3071 Deus
2648 3014 2900 3084 judicans
2914 3030 3007 3073 eos
3022 3015 3074 3072 in
3092 3023 3256 3072 terra.
3270 3033 3291 3067 ι

2272 3108 2719 3165 ENARRATIO.

1778 3199 1902 3255 “th
1922 3200 2085 3255 verba
2109 3199 2268 3268 hujus
2288 3201 2478 3272 psalmi
2508 3202 2817 3257 referuntur
2840 3204 2894 3258 in
2912 3204 3096 3273 ﬁnem,
3120 3204 3173 3259 id
3195 3213 3299 3269 est,

1709 3291 1762 3344 in
1796 3291 2098 3358 Christum,
2121 3291 2186 3345 ad
2211 3307 2371 3362 quem
2400 3292 2555 3361 ﬁnem
2588 3308 2777 3349 omnes
2797 3293 2929 3363 justi
2960 3295 3204 3360 tendunt,
3234 3295 3303 3349 ad

1708 3383 1812 3437 hoc
1839 3384 2136 3452 proposita,
2178 3393 2239 3438 ut
2267 3394 2347 3449 tu,
2375 3384 2603 3455 populus
2632 3385 2907 3451 Judaicus,
2955 3402 3061 3443 non
3095 3388 3305 3457 disper-

1708 3475 1805 3528 das
1825 3474 2015 3540 Davil,
2048 3474 2098 3528 id
2138 3483 2242 3540 est,
2272 3475 2548 3530 Christum
2588 3476 2642 3529 in
2676 3477 3010 3547 inscriptione
3052 3478 3213 3543 tituli,
3247 3478 3303 3533 id

1708 3576 1811 3631 εει,
1846 3566 1895 3620 in
1937 3567 2235 3621 mutatione
2264 3567 2413 3637 regni
2437 3568 2537 3622 sibi
2578 3569 2796 3640 ascripti
2827 3570 3153 3641 etacquisiti
3176 3584 3305 3625 san-

1709 3658 1875 3728 guine
1905 3673 2023 3711 suo.
2054 3657 2331 3726 Praecipue
2354 3658 2524 3713 Judazi
2548 3660 2615 3712 ad
2641 3662 2741 3714 hoc
2772 3669 3077 3722 monentur,
3106 3661 3303 3718 deinde

1713 3762 1880 3807 totum
1923 3754 2219 3807 humanum
2265 3768 2457 3823 genus,
2493 3762 2550 3806 ut
2598 3754 2856 3823 redempti
2904 3769 3001 3824 per
3027 3753 3305 3810 Christum

1710 3863 1818 3901 non
1852 3846 2017 3901 alium
2041 3847 2141 3902 sibi
2170 3861 2351 3918 regem
2381 3848 2733 3903 constituant.
2763 3846 3014 3902 Praevidit
3036 3847 3307 3918 Propheta

1714 3939 1989 3995 Christum
2023 3940 2164 4009 apud
2193 3938 2407 3994 Iudaeos
2431 3940 2764 3995 nasciturum
2791 3939 2842 3994 in
2872 3953 3047 3995 carne
3061 3941 3128 3994 ad
3151 3950 3306 4012 repa-

1711 4032 1976 4086 rationem
2013 4032 2228 4102 generis
2258 4031 2499 4096 humani,
2530 4040 2585 4085 et
2623 4030 2863 4085 futurum
2894 4039 2953 4084 ut
2980 4030 3171 4096 Judaei,
3200 4030 3308 4087 etsi

1712 4138 1775 4178 cx
1808 4123 1992 4178 multis
2041 4124 2328 4193 prmconiis
2364 4139 2487 4178 cum
2527 4123 2886 4195 inttlligentes
2932 4125 3305 4186 nasciturum.

1714 4226 1893 4271 tamen
1928 4216 1980 4270 in
2005 4232 2127 4271 eum
2160 4232 2267 4271 non
2297 4216 2604 4281 credentes,
2634 4217 2916 4271 veritatem
2936 4217 3004 4270 de
3032 4231 3099 4271 eo
3133 4217 3185 4271 in
3210 4231 3307 4271 ore

1714 4310 1971 4373 dicereut,
2011 4310 2104 4363 sed
2146 4309 2405 4363 malitiam
2446 4309 2500 4363 in
2540 4309 2701 4363 corde
2745 4317 3056 4379 gestarent:
3102 4307 3304 4361 ﬂorum

1713 4400 1969 4454 duritiam
2023 4401 2266 4471 increpat
2309 4416 2488 4456 sermo
2533 4400 2768 4465 divinus,
2812 4409 2865 4454 et
2903 4399 3142 4453 omnium
3195 4406 3303 4451 tam

1714 4490 2023 4546 indecorum
2065 4508 2229 4561 quam
2271 4491 2507 4563 gentium
2545 4491 2636 4561 qui
2674 4491 2775 4544 hoc
2821 4490 2977 4544 modo
3024 4488 3214 4553 David,
3253 4486 3307 4544 id

1718 4592 1823 4649 est,
1856 4583 2132 4639 Christum
2161 4584 2490 4654 disperdere,
2525 4584 2576 4640 id
2615 4592 2719 4650 est,
2752 4598 2781 4638 a
2818 4597 2876 4638 se
2910 4598 3189 4638 removere
3215 4597 3310 4638 co-

1716 4684 1932 4740 nuntur,
1974 4675 2255 4744 loquentes
2298 4668 2584 4731 veritatem
2617 4676 2670 4730 in
2709 4675 2839 4732 solis
2876 4674 3053 4730 labiis.
3092 4674 3311 4730 Dictum

1715 4768 1885 4822 estde
1927 4766 2126 4821 Iudaeis
2168 4786 2179 4820 :
2213 4766 2447 4837 Populus
2472 4767 2561 4822 hic
2598 4767 2753 4841 labiis
2798 4783 2877 4821 me
2926 4767 3177 4832 honorat,
3215 4782 3306 4820 cor

1715 4867 1887 4913 autem
1922 4858 2039 4927 ejus
2070 4856 2220 4928 longe
2247 4868 2322 4912 est
2369 4874 2401 4911 a
2430 4875 2510 4912 me
2556 4856 2692 4927 (Isa.
2732 4858 2903 4927 χχιιι).
2952 4858 3131 4913 Monet
3181 4871 3311 4928 ergo

1718 4947 1984 5018 Propheta
2012 4956 2071 5002 ut
2093 4949 2202 5003 sint
2234 4948 2397 5003 verba
2422 4949 2473 5003 in
2496 4949 2603 5003 vita
2634 4958 2689 5004 et
2716 4949 2853 5027 labia
2882 4949 2935 5003 in
2961 4948 3139 5005 iactis.

1726 5110 1729 5115 ι
1792 5040 1852 5094 Si
1882 5056 1996 5095 vere
2034 5042 2213 5111 utique
2252 5036 2516 5110 justitiam
2548 5041 2793 5095 homines
2839 5041 2987 5110 loqui
3028 5040 3233 5104 volunt,
3266 5039 3312 5095 si

1716 5131 1989 5187 Christum
2019 5146 2199 5203 regem
2236 5148 2264 5186 a
2291 5146 2349 5188 se
2376 5132 2636 5202 repellere
2662 5133 2868 5198 nolunt,
2901 5146 3059 5188 nemo
3087 5140 3168 5187 est
3193 5130 3309 5200 qui,

1718 5224 2004 5297 inquisitus
2031 5224 2095 5280 de
2119 5225 2365 5290 veritate,
2397 5241 2502 5281 non
2536 5226 2854 5296 respondeat
2878 5225 2929 5279 id
2956 5224 3097 5293 quod
3124 5235 3309 5275 vermn

1716 5325 1819 5382 est,
1854 5317 1906 5371 id
1941 5324 2048 5381 est,
2073 5317 2217 5387 quod
2242 5315 2399 5371 facile
2428 5325 2531 5381 est,
2564 5317 2688 5387 quia
2724 5330 2916 5371 manus
2957 5311 3311 5369 Psalmatoris

1719 5407 1771 5460 in
1786 5406 2037 5461 cordibus
2050 5406 2328 5460 hominum
2345 5404 2849 5475 naturaliterlegem
2866 5404 2988 5457 vita":
3005 5399 3309 5468 inscripsit:

1724 5497 1876 5564 Quod
1908 5497 1999 5552 tibi
2037 5513 2141 5553 non
2168 5499 2270 5563 vis,
2300 5497 2387 5551 alii
2414 5514 2479 5552 ne
2504 5497 2695 5552 feceris
2717 5494 2865 5565 (Tob.
2897 5494 2992 5575 iv).
3020 5493 3115 5545 llic
3136 5491 3314 5546 omnis

1720 5595 1925 5664 justitia
1955 5602 2007 5647 et
2030 5594 2207 5647 omnis
2229 5593 2313 5647 lex
2341 5594 2672 5655 continetur,
2706 5606 2811 5643 non
2857 5588 3025 5643 solum
3062 5586 3203 5655 quod
3236 5584 3315 5638 vi-

1726 5687 1969 5749 tandum,
2004 5686 2096 5739 sed
2124 5685 2267 5755 quod
2304 5684 2376 5738 sit
2413 5682 2765 5752 sequendum.
2803 5680 2916 5735 Hoc
2941 5694 3129 5733 omnes
3159 5676 3314 5731 intel-

1728 5778 1917 5847 ligunt,
1958 5776 2007 5829 id
2040 5784 2141 5839 est,
2174 5775 2338 5829 habet
2378 5762 2554 5841 omnis
2583 5774 2746 5826 homo
2784 5772 2926 5841 quod
2968 5771 3015 5824 ei
3068 5768 3315 5837 displicet

1729 5868 1949 5931 furtum,
2002 5866 2380 5929 homicidium,
2430 5864 2747 5918 adulterium
2879 5862 3020 5929 quod
3067 5866 3169 5913 non
3201 5856 3313 5911 vult
