  <div class='ocr_page' id='page_1' title='image "/cluster/home/n/w/nwhite01/storage/ocr_20150623/131/hvd.32044015471725/221.png"; bbox 0 0 3918 6450; ppageno 0'>
   <div class='ocr_carea' id='block_1_1' title="bbox 641 451 736 506">
    <p class='ocr_par' dir='ltr' id='par_1_1' title="bbox 641 451 736 506">
     <span class='ocr_line' id='line_1_1' title="bbox 641 451 736 506; baseline 0.021 -3"><span class='ocrx_word' id='word_1_1' title='bbox 641 451 736 506; x_wconf 69' lang='grc'><strong>431</strong></span> 
     </span>
    </p>
   </div>
   <div class='ocr_carea' id='block_1_2' title="bbox 642 561 2223 636">
    <p class='ocr_par' dir='ltr' id='par_1_2' title="bbox 642 561 2223 636">
     <span class='ocr_line' id='line_1_2' title="bbox 642 561 2223 636; baseline 0 -18"><span class='ocrx_word' id='word_1_2' title='bbox 642 563 742 618; x_wconf 85' lang='lat' dir='ltr'><strong>sibi</strong></span> <span class='ocrx_word' id='word_1_3' title='bbox 773 563 904 618; x_wconf 77' lang='lat' dir='ltr'><strong>fieri.</strong></span> <span class='ocrx_word' id='word_1_4' title='bbox 934 561 1101 633; x_wconf 91' lang='lat' dir='ltr'><strong>Siqui</strong></span> <span class='ocrx_word' id='word_1_5' title='bbox 1129 573 1306 619; x_wconf 89' lang='lat' dir='ltr'><strong>autem</strong></span> <span class='ocrx_word' id='word_1_6' title='bbox 1330 575 1519 634; x_wconf 86' lang='lat' dir='ltr'><strong>putant</strong></span> <span class='ocrx_word' id='word_1_7' title='bbox 1547 566 1746 636; x_wconf 90' lang='lat' dir='ltr'><strong>aliquid</strong></span> <span class='ocrx_word' id='word_1_8' title='bbox 1773 566 1982 630; x_wconf 87' lang='lat' dir='ltr'><strong>deesse,</strong></span> <span class='ocrx_word' id='word_1_9' title='bbox 2008 562 2223 632; x_wconf 87' lang='lat' dir='ltr'><strong>scripsit</strong></span> 
     </span>
    </p>
   </div>
   <div class='ocr_carea' id='block_1_3' title="bbox 643 655 2218 726">
    <p class='ocr_par' dir='ltr' id='par_1_3' title="bbox 643 655 2218 726">
     <span class='ocr_line' id='line_1_3' title="bbox 643 655 2218 726; baseline 0.003 -19"><span class='ocrx_word' id='word_1_10' title='bbox 643 655 784 710; x_wconf 85' lang='lat' dir='ltr'><strong>Deus</strong></span> <span class='ocrx_word' id='word_1_11' title='bbox 810 656 980 725; x_wconf 89' lang='lat' dir='ltr'><strong>legem</strong></span> <span class='ocrx_word' id='word_1_12' title='bbox 1008 663 1059 710; x_wconf 89' lang='lat' dir='ltr'><strong>el</strong></span> <span class='ocrx_word' id='word_1_13' title='bbox 1090 656 1269 726; x_wconf 92' lang='lat' dir='ltr'><strong>posuit</strong></span> <span class='ocrx_word' id='word_1_14' title='bbox 1298 666 1422 711; x_wconf 92' lang='lat' dir='ltr'><strong>ante</strong></span> <span class='ocrx_word' id='word_1_15' title='bbox 1451 658 1636 713; x_wconf 89' lang='lat' dir='ltr'><strong>oculos</strong></span> <span class='ocrx_word' id='word_1_16' title='bbox 1660 659 1959 724; x_wconf 89' lang='lat' dir='ltr'><strong>hominum,</strong></span> <span class='ocrx_word' id='word_1_17' title='bbox 1985 666 2043 713; x_wconf 90' lang='lat' dir='ltr'><strong>ut</strong></span> <span class='ocrx_word' id='word_1_18' title='bbox 2059 656 2218 726; x_wconf 84' lang='lat' dir='ltr'><strong>justi-</strong></span> 
     </span>
    </p>
   </div>
   <div class='ocr_carea' id='block_1_4' title="bbox 643 745 2218 812">
    <p class='ocr_par' dir='ltr' id='par_1_4' title="bbox 643 745 2218 812">
     <span class='ocr_line' id='line_1_4' title="bbox 643 745 2218 812; baseline 0.002 -13"><span class='ocrx_word' id='word_1_19' title='bbox 643 747 728 800; x_wconf 75' lang='lat' dir='ltr'><strong>tite</strong></span> <span class='ocrx_word' id='word_1_20' title='bbox 753 745 1145 801; x_wconf 84' lang='lat' dir='ltr'><strong>inexeusabiles</strong></span> <span class='ocrx_word' id='word_1_21' title='bbox 1187 754 1396 812; x_wconf 78' lang='lat' dir='ltr'><strong>essent,</strong></span> <span class='ocrx_word' id='word_1_22' title='bbox 1442 759 1500 802; x_wconf 90' lang='lat' dir='ltr'><strong>ut</strong></span> <span class='ocrx_word' id='word_1_23' title='bbox 1544 749 1800 805; x_wconf 86' lang='lat' dir='ltr'><strong>alterutra</strong></span> <span class='ocrx_word' id='word_1_24' title='bbox 1831 748 2055 804; x_wconf 88' lang='lat' dir='ltr'><strong>alteram</strong></span> <span class='ocrx_word' id='word_1_25' title='bbox 2092 762 2218 802; x_wconf 82' lang='lat' dir='ltr'><strong>con-</strong></span> 
     </span>
    </p>
   </div>
   <div class='ocr_carea' id='block_1_5' title="bbox 639 835 2218 911">
    <p class='ocr_par' dir='ltr' id='par_1_5' title="bbox 639 835 2218 911">
     <span class='ocr_line' id='line_1_5' title="bbox 639 835 2218 911; baseline 0.004 -23"><span class='ocrx_word' id='word_1_26' title='bbox 639 836 837 890; x_wconf 82' lang='lat' dir='ltr'><strong>lirmet.</strong></span> <span class='ocrx_word' id='word_1_27' title='bbox 872 835 1023 891; x_wconf 85' lang='lat' dir='ltr'><strong>Unde</strong></span> <span class='ocrx_word' id='word_1_28' title='bbox 1068 837 1268 892; x_wconf 85' lang='lat' dir='ltr'><strong>dictum</strong></span> <span class='ocrx_word' id='word_1_29' title='bbox 1309 849 1434 893; x_wconf 88' lang='lat' dir='ltr'><strong>est:</strong></span> <span class='ocrx_word' id='word_1_30' title='bbox 1479 837 1920 896; x_wconf 67' lang='lat' dir='ltr'><strong>Prmoaricatores</strong></span> <span class='ocrx_word' id='word_1_31' title='bbox 1947 840 2096 911; x_wconf 87' lang='lat' dir='ltr'><strong>legis,</strong></span> <span class='ocrx_word' id='word_1_32' title='bbox 2138 855 2218 894; x_wconf 87' lang='lat' dir='ltr'><strong>re-</strong></span> 
     </span>
    </p>
   </div>
   <div class='ocr_carea' id='block_1_6' title="bbox 639 927 2217 1002">
    <p class='ocr_par' dir='ltr' id='par_1_6' title="bbox 639 927 2217 1002">
     <span class='ocr_line' id='line_1_6' title="bbox 639 927 2217 1002; baseline 0.004 -23"><span class='ocrx_word' id='word_1_33' title='bbox 639 927 745 980; x_wconf 83' lang='lat' dir='ltr'><strong>dite</strong></span> <span class='ocrx_word' id='word_1_34' title='bbox 769 928 839 981; x_wconf 88' lang='lat' dir='ltr'><strong>ad</strong></span> <span class='ocrx_word' id='word_1_35' title='bbox 862 945 949 982; x_wconf 84' lang='lat' dir='ltr'><strong>cor</strong></span> <span class='ocrx_word' id='word_1_36' title='bbox 988 928 1124 999; x_wconf 71' lang='lat' dir='ltr'><strong>(lea.</strong></span> <span class='ocrx_word' id='word_1_37' title='bbox 1149 929 1314 1001; x_wconf 68' lang='lat' dir='ltr'><strong>nvi).</strong></span> <span class='ocrx_word' id='word_1_38' title='bbox 1347 930 1452 984; x_wconf 89' lang='lat' dir='ltr'><strong>Sed</strong></span> <span class='ocrx_word' id='word_1_39' title='bbox 1483 933 1606 1002; x_wconf 85' lang='lat' dir='ltr'><strong>quia</strong></span> <span class='ocrx_word' id='word_1_40' title='bbox 1646 948 1752 988; x_wconf 88' lang='lat' dir='ltr'><strong>non</strong></span> <span class='ocrx_word' id='word_1_41' title='bbox 1795 933 1989 989; x_wconf 82' lang='lat' dir='ltr'><strong>sullicit</strong></span> <span class='ocrx_word' id='word_1_42' title='bbox 2017 933 2217 988; x_wconf 89' lang='lat' dir='ltr'><strong>verita-</strong></span> 
     </span>
    </p>
   </div>
   <div class='ocr_carea' id='block_1_7' title="bbox 643 1019 2218 1094">
    <p class='ocr_par' dir='ltr' id='par_1_7' title="bbox 643 1019 2218 1094">
     <span class='ocr_line' id='line_1_7' title="bbox 643 1019 2218 1094; baseline 0.007 -23"><span class='ocrx_word' id='word_1_43' title='bbox 643 1019 936 1085; x_wconf 38' lang='lat' dir='ltr'><strong>tem‘scire,</strong></span> <span class='ocrx_word' id='word_1_44' title='bbox 959 1020 1060 1074; x_wconf 84' lang='lat' dir='ltr'><strong>nisi</strong></span> <span class='ocrx_word' id='word_1_45' title='bbox 1105 1021 1267 1078; x_wconf 88' lang='lat' dir='ltr'><strong>etiam</strong></span> <span class='ocrx_word' id='word_1_46' title='bbox 1298 1022 1476 1079; x_wconf 84' lang='lat' dir='ltr'><strong>facere</strong></span> <span class='ocrx_word' id='word_1_47' title='bbox 1499 1027 1620 1094; x_wconf 88' lang='lat' dir='ltr'><strong>quis</strong></span> <span class='ocrx_word' id='word_1_48' title='bbox 1663 1027 1895 1092; x_wconf 81' lang='lat' dir='ltr'><strong>studeat,</strong></span> <span class='ocrx_word' id='word_1_49' title='bbox 1925 1026 2002 1082; x_wconf 91' lang='lat' dir='ltr'><strong>sic</strong></span> <span class='ocrx_word' id='word_1_50' title='bbox 2030 1040 2218 1082; x_wconf 88' lang='lat' dir='ltr'><strong>omnes</strong></span> 
     </span>
    </p>
   </div>
   <div class='ocr_carea' id='block_1_8' title="bbox 639 1107 2226 1189">
    <p class='ocr_par' dir='ltr' id='par_1_8' title="bbox 639 1107 2226 1189">
     <span class='ocr_line' id='line_1_8' title="bbox 639 1107 2226 1189; baseline 0.011 -29"><span class='ocrx_word' id='word_1_51' title='bbox 639 1107 886 1162; x_wconf 87' lang='lat' dir='ltr'><strong>hortatur</strong></span> <span class='ocrx_word' id='word_1_52' title='bbox 914 1123 1092 1167; x_wconf 88' lang='lat' dir='ltr'><strong>sermo</strong></span> <span class='ocrx_word' id='word_1_53' title='bbox 1121 1113 1350 1177; x_wconf 89' lang='lat' dir='ltr'><strong>divinus,</strong></span> <span class='ocrx_word' id='word_1_54' title='bbox 1379 1124 1433 1170; x_wconf 92' lang='lat' dir='ltr'><strong>et</strong></span> <span class='ocrx_word' id='word_1_55' title='bbox 1461 1117 1728 1188; x_wconf 79' lang='lat' dir='ltr'><strong>praecipue</strong></span> <span class='ocrx_word' id='word_1_56' title='bbox 1751 1115 1962 1173; x_wconf 68' lang='lat' dir='ltr'><strong>Judceos</strong></span> <span class='ocrx_word' id='word_1_57' title='bbox 1989 1126 2226 1189; x_wconf 89' lang='lat' dir='ltr'><strong>utraque.</strong></span> 
     </span>
    </p>
   </div>
   <div class='ocr_carea' id='block_1_9' title="bbox 638 1199 2214 1278">
    <p class='ocr_par' dir='ltr' id='par_1_9' title="bbox 638 1199 2214 1278">
     <span class='ocr_line' id='line_1_9' title="bbox 638 1199 2214 1278; baseline 0.01 -28"><span class='ocrx_word' id='word_1_58' title='bbox 638 1199 754 1270; x_wconf 85' lang='lat' dir='ltr'><strong>lege</strong></span> <span class='ocrx_word' id='word_1_59' title='bbox 781 1202 1042 1267; x_wconf 89' lang='lat' dir='ltr'><strong>eruditos,</strong></span> <span class='ocrx_word' id='word_1_60' title='bbox 1066 1205 1219 1273; x_wconf 90' lang='lat' dir='ltr'><strong>quasi</strong></span> <span class='ocrx_word' id='word_1_61' title='bbox 1262 1205 1337 1260; x_wconf 89' lang='lat' dir='ltr'><strong>ita</strong></span> <span class='ocrx_word' id='word_1_62' title='bbox 1368 1223 1679 1277; x_wconf 85' lang='lat' dir='ltr'><strong>proponens</strong></span> <span class='ocrx_word' id='word_1_63' title='bbox 1707 1226 1720 1262; x_wconf 94' lang='lat'><strong>:</strong></span> <span class='ocrx_word' id='word_1_64' title='bbox 1759 1207 1884 1263; x_wconf 92' lang='lat' dir='ltr'><strong>Scio</strong></span> <span class='ocrx_word' id='word_1_65' title='bbox 1917 1209 2043 1278; x_wconf 89' lang='lat' dir='ltr'><strong>quia</strong></span> <span class='ocrx_word' id='word_1_66' title='bbox 2072 1209 2214 1264; x_wconf 91' lang='lat' dir='ltr'><strong>veri-</strong></span> 
     </span>
    </p>
   </div>
   <div class='ocr_carea' id='block_1_10' title="bbox 639 1293 2214 1371">
    <p class='ocr_par' dir='ltr' id='par_1_10' title="bbox 639 1293 2214 1371">
     <span class='ocr_line' id='line_1_10' title="bbox 639 1293 2214 1371; baseline 0.008 -30"><span class='ocrx_word' id='word_1_67' title='bbox 639 1299 802 1346; x_wconf 90' lang='lat' dir='ltr'><strong>tatem</strong></span> <span class='ocrx_word' id='word_1_68' title='bbox 865 1293 933 1348; x_wconf 92' lang='lat' dir='ltr'><strong>de</strong></span> <span class='ocrx_word' id='word_1_69' title='bbox 983 1293 1197 1351; x_wconf 84' lang='lat' dir='ltr'><strong>Christo</strong></span> <span class='ocrx_word' id='word_1_70' title='bbox 1253 1295 1533 1367; x_wconf 81' lang='lat' dir='ltr'><strong>loquimini</strong></span> <span class='ocrx_word' id='word_1_71' title='bbox 1591 1293 1834 1355; x_wconf 78' lang='lat' dir='ltr'><strong>dicentes</strong></span> <span class='ocrx_word' id='word_1_72' title='bbox 1887 1300 2214 1371; x_wconf 75' lang='lat' dir='ltr'><strong>:Magister,</strong></span> 
     </span>
    </p>
   </div>
   <div class='ocr_carea' id='block_1_11' title="bbox 635 1385 2212 1462">
    <p class='ocr_par' dir='ltr' id='par_1_11' title="bbox 635 1385 2212 1462">
     <span class='ocr_line' id='line_1_11' title="bbox 635 1385 2212 1462; baseline 0.006 -27"><span class='ocrx_word' id='word_1_73' title='bbox 635 1385 827 1439; x_wconf 76' lang='lat' dir='ltr'><strong>scimus</strong></span> <span class='ocrx_word' id='word_1_74' title='bbox 846 1388 968 1456; x_wconf 77' lang='lat' dir='ltr'><strong>quia</strong></span> <span class='ocrx_word' id='word_1_75' title='bbox 992 1404 1148 1442; x_wconf 77' lang='lat' dir='ltr'><strong>verax</strong></span> <span class='ocrx_word' id='word_1_76' title='bbox 1171 1405 1223 1442; x_wconf 78' lang='lat' dir='ltr'><strong>es</strong></span> <span class='ocrx_word' id='word_1_77' title='bbox 1253 1387 1464 1460; x_wconf 81' lang='lat' dir='ltr'><strong>(Matth.</strong></span> <span class='ocrx_word' id='word_1_78' title='bbox 1493 1393 1656 1460; x_wconf 75' lang='lat' dir='ltr'><strong>xxtt):</strong></span> <span class='ocrx_word' id='word_1_79' title='bbox 1675 1392 1761 1455; x_wconf 70' lang='lat' dir='ltr'><strong>Et,</strong></span> <span class='ocrx_word' id='word_1_80' title='bbox 1790 1389 2042 1462; x_wconf 77' lang='lat' dir='ltr'><strong>Magister</strong></span> <span class='ocrx_word' id='word_1_81' title='bbox 2063 1393 2212 1457; x_wconf 87' lang='lat' dir='ltr'><strong>bone,</strong></span> 
     </span>
    </p>
   </div>
   <div class='ocr_carea' id='block_1_12' title="bbox 632 1471 2212 1552">
    <p class='ocr_par' dir='ltr' id='par_1_12' title="bbox 632 1471 2212 1552">
     <span class='ocr_line' id='line_1_12' title="bbox 632 1471 2212 1552; baseline 0.004 -23"><span class='ocrx_word' id='word_1_82' title='bbox 632 1471 759 1548; x_wconf 80' lang='lat' dir='ltr'><strong>quid</strong></span> <span class='ocrx_word' id='word_1_83' title='bbox 783 1477 1022 1546; x_wconf 82' lang='lat' dir='ltr'><strong>faciendo</strong></span> <span class='ocrx_word' id='word_1_84' title='bbox 1045 1480 1200 1534; x_wconf 86' lang='lat' dir='ltr'><strong>vitam</strong></span> <span class='ocrx_word' id='word_1_85' title='bbox 1229 1482 1476 1536; x_wconf 53' lang='lat' dir='ltr'><strong>attentam</strong></span> <span class='ocrx_word' id='word_1_86' title='bbox 1499 1483 1809 1552; x_wconf 79' lang='lat' dir='ltr'><strong>possidebo?</strong></span> <span class='ocrx_word' id='word_1_87' title='bbox 1830 1482 2040 1546; x_wconf 82' lang='lat' dir='ltr'><strong>(Matth.</strong></span> <span class='ocrx_word' id='word_1_88' title='bbox 2074 1486 2212 1552; x_wconf 85' lang='lat' dir='ltr'><strong>xix.)</strong></span> 
     </span>
    </p>
   </div>
   <div class='ocr_carea' id='block_1_13' title="bbox 638 1555 2214 1646">
    <p class='ocr_par' dir='ltr' id='par_1_13' title="bbox 638 1555 2214 1646">
     <span class='ocr_line' id='line_1_13' title="bbox 638 1555 2214 1646; baseline 0.005 -26"><span class='ocrx_word' id='word_1_89' title='bbox 638 1555 743 1646; x_wconf 69' lang='lat' dir='ltr'><strong>Se’d</strong></span> <span class='ocrx_word' id='word_1_90' title='bbox 767 1568 811 1621; x_wconf 79' lang='lat' dir='ltr'><strong>si</strong></span> <span class='ocrx_word' id='word_1_91' title='bbox 824 1568 1112 1637; x_wconf 82' lang='lat' dir='ltr'><strong>justitiam,</strong></span> <span class='ocrx_word' id='word_1_92' title='bbox 1152 1572 1201 1624; x_wconf 88' lang='lat' dir='ltr'><strong>id</strong></span> <span class='ocrx_word' id='word_1_93' title='bbox 1225 1579 1329 1634; x_wconf 90' lang='lat' dir='ltr'><strong>est,</strong></span> <span class='ocrx_word' id='word_1_94' title='bbox 1361 1573 1643 1627; x_wconf 77' lang='lat' dir='ltr'><strong>veritatem</strong></span> <span class='ocrx_word' id='word_1_95' title='bbox 1673 1572 1962 1643; x_wconf 81' lang='lat' dir='ltr'><strong>loquimini,</strong></span> <span class='ocrx_word' id='word_1_96' title='bbox 1986 1582 2035 1627; x_wconf 91' lang='lat' dir='ltr'><strong>et</strong></span> <span class='ocrx_word' id='word_1_97' title='bbox 2070 1573 2214 1628; x_wconf 88' lang='lat' dir='ltr'><strong>illam</strong></span> 
     </span>
    </p>
   </div>
   <div class='ocr_carea' id='block_1_14' title="bbox 624 1657 2214 1732">
    <p class='ocr_par' dir='ltr' id='par_1_14' title="bbox 624 1657 2214 1732">
     <span class='ocr_line' id='line_1_14' title="bbox 624 1657 2214 1732; baseline 0.004 -20"><span class='ocrx_word' id='word_1_98' title='bbox 624 1657 782 1732; x_wconf 24' lang='lat' dir='ltr'><strong>favere,</strong></span> <span class='ocrx_word' id='word_1_99' title='bbox 813 1660 863 1713; x_wconf 92' lang='lat' dir='ltr'><strong>id</strong></span> <span class='ocrx_word' id='word_1_100' title='bbox 912 1671 1015 1724; x_wconf 89' lang='lat' dir='ltr'><strong>est,</strong></span> <span class='ocrx_word' id='word_1_101' title='bbox 1054 1661 1170 1715; x_wconf 87' lang='lat' dir='ltr'><strong>sine</strong></span> <span class='ocrx_word' id='word_1_102' title='bbox 1214 1662 1354 1726; x_wconf 87' lang='lat' dir='ltr'><strong>dolo,</strong></span> <span class='ocrx_word' id='word_1_103' title='bbox 1397 1663 1601 1717; x_wconf 84' lang='lat' dir='ltr'><strong>scilicet</strong></span> <span class='ocrx_word' id='word_1_104' title='bbox 1629 1671 1688 1716; x_wconf 93' lang='lat' dir='ltr'><strong>ut</strong></span> <span class='ocrx_word' id='word_1_105' title='bbox 1729 1663 1874 1717; x_wconf 85' lang='lat' dir='ltr'><strong>aliud</strong></span> <span class='ocrx_word' id='word_1_106' title='bbox 1917 1679 2020 1716; x_wconf 90' lang='lat' dir='ltr'><strong>non</strong></span> <span class='ocrx_word' id='word_1_107' title='bbox 2049 1663 2117 1719; x_wconf 92' lang='lat' dir='ltr'><strong>sit</strong></span> <span class='ocrx_word' id='word_1_108' title='bbox 2161 1665 2214 1718; x_wconf 90' lang='lat' dir='ltr'><strong>in</strong></span> 
     </span>
    </p>
   </div>
   <div class='ocr_carea' id='block_1_15' title="bbox 623 1729 2214 1824">
    <p class='ocr_par' dir='ltr' id='par_1_15' title="bbox 623 1729 2214 1824">
     <span class='ocr_line' id='line_1_15' title="bbox 623 1729 2214 1824; baseline 0.003 -23"><span class='ocrx_word' id='word_1_109' title='bbox 623 1729 728 1824; x_wconf 43' lang='lat' dir='ltr'><strong>iiire</strong></span> <span class='ocrx_word' id='word_1_110' title='bbox 760 1765 933 1819; x_wconf 87' lang='lat' dir='ltr'><strong>quam</strong></span> <span class='ocrx_word' id='word_1_111' title='bbox 981 1751 1032 1804; x_wconf 91' lang='lat' dir='ltr'><strong>in</strong></span> <span class='ocrx_word' id='word_1_112' title='bbox 1088 1749 1266 1806; x_wconf 89' lang='lat' dir='ltr'><strong>corde.</strong></span> <span class='ocrx_word' id='word_1_113' title='bbox 1343 1751 1532 1822; x_wconf 81' lang='lat' dir='ltr'><strong>Utique</strong></span> <span class='ocrx_word' id='word_1_114' title='bbox 1579 1761 1635 1808; x_wconf 88' lang='lat' dir='ltr'><strong>et</strong></span> <span class='ocrx_word' id='word_1_115' title='bbox 1681 1753 1726 1807; x_wconf 78' lang='lat' dir='ltr'><strong>si</strong></span> <span class='ocrx_word' id='word_1_116' title='bbox 1773 1768 1892 1807; x_wconf 89' lang='lat' dir='ltr'><strong>eam</strong></span> <span class='ocrx_word' id='word_1_117' title='bbox 1943 1752 2214 1824; x_wconf 85' lang='lat' dir='ltr'><strong>loquimini</strong></span> 
     </span>
    </p>
   </div>
   <div class='ocr_carea' id='block_1_16' title="bbox 607 1821 2215 1915">
    <p class='ocr_par' dir='ltr' id='par_1_16' title="bbox 607 1821 2215 1915">
     <span class='ocr_line' id='line_1_16' title="bbox 607 1821 2215 1915; baseline 0.004 -22"><span class='ocrx_word' id='word_1_118' title='bbox 607 1821 710 1894; x_wconf 57' lang='grc' dir='ltr'><strong>(ἠίιί</strong></span> <span class='ocrx_word' id='word_1_119' title='bbox 734 1841 906 1904; x_wconf 90' lang='lat' dir='ltr'><strong>decet,</strong></span> <span class='ocrx_word' id='word_1_120' title='bbox 936 1850 1067 1895; x_wconf 82' lang='lat' dir='ltr'><strong>recte</strong></span> <span class='ocrx_word' id='word_1_121' title='bbox 1082 1841 1340 1911; x_wconf 82' lang='lat' dir='ltr'><strong>judicate,</strong></span> <span class='ocrx_word' id='word_1_122' title='bbox 1372 1842 1423 1897; x_wconf 90' lang='lat' dir='ltr'><strong>id</strong></span> <span class='ocrx_word' id='word_1_123' title='bbox 1447 1821 1556 1908; x_wconf 83' lang='lat' dir='ltr'><strong>est,</strong></span> <span class='ocrx_word' id='word_1_124' title='bbox 1597 1853 1747 1900; x_wconf 88' lang='lat' dir='ltr'><strong>recte</strong></span> <span class='ocrx_word' id='word_1_125' title='bbox 1772 1821 2060 1899; x_wconf 85' lang='lat' dir='ltr'><strong>discernite</strong></span> <span class='ocrx_word' id='word_1_126' title='bbox 2085 1843 2215 1915; x_wconf 91' lang='lat' dir='ltr'><strong>quid</strong></span> 
     </span>
    </p>
   </div>
   <div class='ocr_carea' id='block_1_17' title="bbox 621 1930 2222 2007">
    <p class='ocr_par' dir='ltr' id='par_1_17' title="bbox 621 1930 2222 2007">
     <span class='ocr_line' id='line_1_17' title="bbox 621 1930 2222 2007; baseline 0.003 -23"><span class='ocrx_word' id='word_1_127' title='bbox 621 1931 704 1984; x_wconf 84' lang='lat' dir='ltr'><strong>sit</strong></span> <span class='ocrx_word' id='word_1_128' title='bbox 732 1931 1010 1985; x_wconf 80' lang='lat' dir='ltr'><strong>veritatem</strong></span> <span class='ocrx_word' id='word_1_129' title='bbox 1040 1930 1206 2001; x_wconf 90' lang='lat' dir='ltr'><strong>loqui,</strong></span> <span class='ocrx_word' id='word_1_130' title='bbox 1241 1949 1342 1986; x_wconf 89' lang='lat' dir='ltr'><strong>non</strong></span> <span class='ocrx_word' id='word_1_131' title='bbox 1365 1942 1441 1987; x_wconf 74' lang='lat' dir='ltr'><strong>est</strong></span> <span class='ocrx_word' id='word_1_132' title='bbox 1469 1933 1612 1989; x_wconf 91' lang='lat' dir='ltr'><strong>enim</strong></span> <span class='ocrx_word' id='word_1_133' title='bbox 1638 1935 1868 2005; x_wconf 76' lang='lat' dir='ltr'><strong>speciosa</strong></span> <span class='ocrx_word' id='word_1_134' title='bbox 1893 1933 2014 1989; x_wconf 75' lang='lat' dir='ltr'><strong>laus</strong></span> <span class='ocrx_word' id='word_1_135' title='bbox 2039 1935 2109 2007; x_wconf 83' lang='lat' dir='ltr'><strong>in</strong></span> <span class='ocrx_word' id='word_1_136' title='bbox 2133 1951 2222 1989; x_wconf 89' lang='lat' dir='ltr'><strong>ore</strong></span> 
     </span>
    </p>
   </div>
   <div class='ocr_carea' id='block_1_18' title="bbox 631 2021 2213 2096">
    <p class='ocr_par' dir='ltr' id='par_1_18' title="bbox 631 2021 2213 2096">
     <span class='ocr_line' id='line_1_18' title="bbox 631 2021 2213 2096; baseline 0.003 -20"><span class='ocrx_word' id='word_1_137' title='bbox 631 2024 918 2093; x_wconf 74' lang='lat' dir='ltr'><strong>peccatoris</strong></span> <span class='ocrx_word' id='word_1_138' title='bbox 947 2021 1135 2094; x_wconf 84' lang='lat' dir='ltr'><strong>(Eccli.</strong></span> <span class='ocrx_word' id='word_1_139' title='bbox 1167 2023 1281 2094; x_wconf 97' lang='lat' dir='ltr'><strong>xv),</strong></span> <span class='ocrx_word' id='word_1_140' title='bbox 1307 2025 1417 2080; x_wconf 90' lang='lat' dir='ltr'><strong>sint</strong></span> <span class='ocrx_word' id='word_1_141' title='bbox 1454 2026 1615 2082; x_wconf 89' lang='lat' dir='ltr'><strong>verba</strong></span> <span class='ocrx_word' id='word_1_142' title='bbox 1646 2027 1795 2082; x_wconf 90' lang='lat' dir='ltr'><strong>cordi</strong></span> <span class='ocrx_word' id='word_1_143' title='bbox 1823 2041 2082 2090; x_wconf 89' lang='lat' dir='ltr'><strong>consona,</strong></span> <span class='ocrx_word' id='word_1_144' title='bbox 2114 2025 2213 2096; x_wconf 81' lang='lat' dir='ltr'><strong>ﬁlii</strong></span> 
     </span>
    </p>
   </div>
   <div class='ocr_carea' id='block_1_19' title="bbox 629 2114 2214 2188">
    <p class='ocr_par' dir='ltr' id='par_1_19' title="bbox 629 2114 2214 2188">
     <span class='ocr_line' id='line_1_19' title="bbox 629 2114 2214 2188; baseline 0.004 -20"><span class='ocrx_word' id='word_1_145' title='bbox 629 2116 922 2180; x_wconf 76' lang='lat' dir='ltr'><strong>hominum,</strong></span> <span class='ocrx_word' id='word_1_146' title='bbox 949 2115 1002 2171; x_wconf 91' lang='lat' dir='ltr'><strong>id</strong></span> <span class='ocrx_word' id='word_1_147' title='bbox 1026 2124 1130 2180; x_wconf 90' lang='lat' dir='ltr'><strong>est,</strong></span> <span class='ocrx_word' id='word_1_148' title='bbox 1161 2114 1252 2169; x_wconf 89' lang='lat' dir='ltr'><strong>lilii</strong></span> <span class='ocrx_word' id='word_1_149' title='bbox 1286 2115 1717 2185; x_wconf 81' lang='lat' dir='ltr'><strong>patriarcharum</strong></span> <span class='ocrx_word' id='word_1_150' title='bbox 1747 2128 1804 2174; x_wconf 89' lang='lat' dir='ltr'><strong>et</strong></span> <span class='ocrx_word' id='word_1_151' title='bbox 1827 2118 2214 2188; x_wconf 87' lang='lat' dir='ltr'><strong>prophetarum</strong></span> 
     </span>
    </p>
   </div>
   <div class='ocr_carea' id='block_1_20' title="bbox 629 2206 2213 2277">
    <p class='ocr_par' dir='ltr' id='par_1_20' title="bbox 629 2206 2213 2277">
     <span class='ocr_line' id='line_1_20' title="bbox 629 2206 2213 2277; baseline 0.003 -18"><span class='ocrx_word' id='word_1_152' title='bbox 629 2207 723 2277; x_wconf 86' lang='lat' dir='ltr'><strong>qui</strong></span> <span class='ocrx_word' id='word_1_153' title='bbox 764 2207 816 2261; x_wconf 92' lang='lat' dir='ltr'><strong>in</strong></span> <span class='ocrx_word' id='word_1_154' title='bbox 847 2207 948 2261; x_wconf 90' lang='lat' dir='ltr'><strong>hac</strong></span> <span class='ocrx_word' id='word_1_155' title='bbox 981 2206 1211 2262; x_wconf 80' lang='lat' dir='ltr'><strong>veritate</strong></span> <span class='ocrx_word' id='word_1_156' title='bbox 1255 2209 1624 2276; x_wconf 89' lang='lat' dir='ltr'><strong>perstiterunt,</strong></span> <span class='ocrx_word' id='word_1_157' title='bbox 1655 2209 1740 2263; x_wconf 88' lang='lat' dir='ltr'><strong>vel</strong></span> <span class='ocrx_word' id='word_1_158' title='bbox 1777 2207 1872 2263; x_wconf 90' lang='lat' dir='ltr'><strong>lilii</strong></span> <span class='ocrx_word' id='word_1_159' title='bbox 1915 2209 2213 2276; x_wconf 86' lang='lat' dir='ltr'><strong>hominum,</strong></span> 
     </span>
    </p>
   </div>
   <div class='ocr_carea' id='block_1_21' title="bbox 630 2295 2212 2367">
    <p class='ocr_par' dir='ltr' id='par_1_21' title="bbox 630 2295 2212 2367">
     <span class='ocr_line' id='line_1_21' title="bbox 630 2295 2212 2367; baseline 0.003 -17"><span class='ocrx_word' id='word_1_160' title='bbox 630 2296 810 2362; x_wconf 88' lang='lat' dir='ltr'><strong>idest,</strong></span> <span class='ocrx_word' id='word_1_161' title='bbox 844 2295 1117 2352; x_wconf 85' lang='lat' dir='ltr'><strong>mortales.</strong></span> <span class='ocrx_word' id='word_1_162' title='bbox 1158 2295 1323 2363; x_wconf 90' lang='lat' dir='ltr'><strong>Quasi</strong></span> <span class='ocrx_word' id='word_1_163' title='bbox 1351 2297 1496 2353; x_wconf 89' lang='lat' dir='ltr'><strong>dicat</strong></span> <span class='ocrx_word' id='word_1_164' title='bbox 1528 2317 1542 2354; x_wconf 92' lang='lat'><strong>:</strong></span> <span class='ocrx_word' id='word_1_165' title='bbox 1574 2297 1698 2354; x_wconf 88' lang='lat' dir='ltr'><strong>Ideo</strong></span> <span class='ocrx_word' id='word_1_166' title='bbox 1724 2313 1818 2354; x_wconf 90' lang='lat' dir='ltr'><strong>vos</strong></span> <span class='ocrx_word' id='word_1_167' title='bbox 1853 2299 1953 2354; x_wconf 88' lang='lat' dir='ltr'><strong>ista</strong></span> <span class='ocrx_word' id='word_1_168' title='bbox 1996 2315 2212 2367; x_wconf 90' lang='lat' dir='ltr'><strong>moneo,</strong></span> 
     </span>
    </p>
   </div>
   <div class='ocr_carea' id='block_1_22' title="bbox 627 2385 2212 2458">
    <p class='ocr_par' dir='ltr' id='par_1_22' title="bbox 627 2385 2212 2458">
     <span class='ocr_line' id='line_1_22' title="bbox 627 2385 2212 2458; baseline 0.003 -19"><span class='ocrx_word' id='word_1_169' title='bbox 627 2386 753 2455; x_wconf 88' lang='lat' dir='ltr'><strong>quia</strong></span> <span class='ocrx_word' id='word_1_170' title='bbox 779 2385 830 2440; x_wconf 91' lang='lat' dir='ltr'><strong>in</strong></span> <span class='ocrx_word' id='word_1_171' title='bbox 865 2387 1026 2441; x_wconf 81' lang='lat' dir='ltr'><strong>corde</strong></span> <span class='ocrx_word' id='word_1_172' title='bbox 1061 2385 1220 2441; x_wconf 88' lang='lat' dir='ltr'><strong>aliter</strong></span> <span class='ocrx_word' id='word_1_173' title='bbox 1257 2387 1522 2456; x_wconf 88' lang='lat' dir='ltr'><strong>agendum</strong></span> <span class='ocrx_word' id='word_1_174' title='bbox 1545 2403 1705 2458; x_wconf 90' lang='lat' dir='ltr'><strong>quam</strong></span> <span class='ocrx_word' id='word_1_175' title='bbox 1755 2389 1893 2445; x_wconf 87' lang='lat' dir='ltr'><strong>ratio</strong></span> <span class='ocrx_word' id='word_1_176' title='bbox 1926 2398 2212 2457; x_wconf 87' lang='lat' dir='ltr'><strong>monstrat,</strong></span> 
     </span>
    </p>
   </div>
   <div class='ocr_carea' id='block_1_23' title="bbox 632 2476 2213 2548">
    <p class='ocr_par' dir='ltr' id='par_1_23' title="bbox 632 2476 2213 2548">
     <span class='ocr_line' id='line_1_23' title="bbox 632 2476 2213 2548; baseline 0.004 -20"><span class='ocrx_word' id='word_1_177' title='bbox 632 2485 686 2531; x_wconf 89' lang='lat' dir='ltr'><strong>et</strong></span> <span class='ocrx_word' id='word_1_178' title='bbox 717 2476 1001 2547; x_wconf 89' lang='lat' dir='ltr'><strong>disponitis</strong></span> <span class='ocrx_word' id='word_1_179' title='bbox 1041 2484 1100 2533; x_wconf 86' lang='lat' dir='ltr'><strong>et</strong></span> <span class='ocrx_word' id='word_1_180' title='bbox 1137 2487 1260 2534; x_wconf 89' lang='lat' dir='ltr'><strong>actu</strong></span> <span class='ocrx_word' id='word_1_181' title='bbox 1295 2477 1542 2548; x_wconf 84' lang='lat' dir='ltr'><strong>expletis.</strong></span> <span class='ocrx_word' id='word_1_182' title='bbox 1588 2478 1798 2536; x_wconf 87' lang='lat' dir='ltr'><strong>Etenim</strong></span> <span class='ocrx_word' id='word_1_183' title='bbox 1838 2480 1896 2536; x_wconf 89' lang='lat' dir='ltr'><strong>in</strong></span> <span class='ocrx_word' id='word_1_184' title='bbox 1929 2480 2084 2538; x_wconf 86' lang='lat' dir='ltr'><strong>corde</strong></span> <span class='ocrx_word' id='word_1_185' title='bbox 2109 2481 2213 2536; x_wconf 88' lang='lat' dir='ltr'><strong>ini-</strong></span> 
     </span>
    </p>
   </div>
   <div class='ocr_carea' id='block_1_24' title="bbox 627 2567 2216 2643">
    <p class='ocr_par' dir='ltr' id='par_1_24' title="bbox 627 2567 2216 2643">
     <span class='ocr_line' id='line_1_24' title="bbox 627 2567 2216 2643; baseline 0.006 -25"><span class='ocrx_word' id='word_1_186' title='bbox 627 2567 851 2636; x_wconf 75' lang='lat' dir='ltr'><strong>quitates</strong></span> <span class='ocrx_word' id='word_1_187' title='bbox 891 2567 1198 2636; x_wconf 87' lang='lat' dir='ltr'><strong>operamini.</strong></span> <span class='ocrx_word' id='word_1_188' title='bbox 1229 2567 1392 2635; x_wconf 82' lang='lat' dir='ltr'><strong>Quasi</strong></span> <span class='ocrx_word' id='word_1_189' title='bbox 1419 2569 1563 2625; x_wconf 85' lang='lat' dir='ltr'><strong>dicat</strong></span> <span class='ocrx_word' id='word_1_190' title='bbox 1592 2588 1606 2623; x_wconf 89' lang='lat'><strong>:</strong></span> <span class='ocrx_word' id='word_1_191' title='bbox 1635 2585 1741 2626; x_wconf 92' lang='lat' dir='ltr'><strong>non</strong></span> <span class='ocrx_word' id='word_1_192' title='bbox 1771 2570 1946 2627; x_wconf 87' lang='lat' dir='ltr'><strong>solum</strong></span> <span class='ocrx_word' id='word_1_193' title='bbox 1969 2571 2216 2643; x_wconf 83' lang='lat' dir='ltr'><strong>cogitatis</strong></span> 
     </span>
    </p>
   </div>
   <div class='ocr_carea' id='block_1_25' title="bbox 629 2654 2215 2732">
    <p class='ocr_par' dir='ltr' id='par_1_25' title="bbox 629 2654 2215 2732">
     <span class='ocr_line' id='line_1_25' title="bbox 629 2654 2215 2732; baseline 0.007 -24"><span class='ocrx_word' id='word_1_194' title='bbox 629 2654 769 2708; x_wconf 87' lang='lat' dir='ltr'><strong>mala</strong></span> <span class='ocrx_word' id='word_1_195' title='bbox 795 2657 850 2710; x_wconf 87' lang='lat' dir='ltr'><strong>in</strong></span> <span class='ocrx_word' id='word_1_196' title='bbox 872 2657 1049 2722; x_wconf 87' lang='lat' dir='ltr'><strong>corde,</strong></span> <span class='ocrx_word' id='word_1_197' title='bbox 1077 2657 1172 2712; x_wconf 92' lang='lat' dir='ltr'><strong>sed</strong></span> <span class='ocrx_word' id='word_1_198' title='bbox 1199 2659 1361 2713; x_wconf 91' lang='lat' dir='ltr'><strong>etiam</strong></span> <span class='ocrx_word' id='word_1_199' title='bbox 1387 2659 1442 2712; x_wconf 89' lang='lat' dir='ltr'><strong>in</strong></span> <span class='ocrx_word' id='word_1_200' title='bbox 1475 2659 1632 2714; x_wconf 84' lang='lat' dir='ltr'><strong>corde</strong></span> <span class='ocrx_word' id='word_1_201' title='bbox 1658 2660 1956 2732; x_wconf 89' lang='lat' dir='ltr'><strong>operamini</strong></span> <span class='ocrx_word' id='word_1_202' title='bbox 1988 2676 2072 2716; x_wconf 85' lang='lat' dir='ltr'><strong>ea.</strong></span> <span class='ocrx_word' id='word_1_203' title='bbox 2103 2662 2215 2718; x_wconf 85' lang='lat' dir='ltr'><strong>Au-</strong></span> 
     </span>
    </p>
   </div>
   <div class='ocr_carea' id='block_1_26' title="bbox 621 2745 2215 2823">
    <p class='ocr_par' dir='ltr' id='par_1_26' title="bbox 621 2745 2215 2823">
     <span class='ocr_line' id='line_1_26' title="bbox 621 2745 2215 2823; baseline 0.009 -25"><span class='ocrx_word' id='word_1_204' title='bbox 621 2745 874 2817; x_wconf 67' lang='lat' dir='ltr'><strong>gustinus</strong></span> <span class='ocrx_word' id='word_1_205' title='bbox 900 2766 912 2801; x_wconf 91' lang='lat'><strong>:</strong></span> <span class='ocrx_word' id='word_1_206' title='bbox 953 2768 970 2799; x_wconf 73' lang='grc' dir='ltr'>ι</span> <span class='ocrx_word' id='word_1_207' title='bbox 1009 2749 1278 2819; x_wconf 87' lang='lat' dir='ltr'><strong>Quidquid</strong></span> <span class='ocrx_word' id='word_1_208' title='bbox 1301 2753 1571 2823; x_wconf 90' lang='lat' dir='ltr'><strong>cogitatur</strong></span> <span class='ocrx_word' id='word_1_209' title='bbox 1596 2761 1651 2809; x_wconf 88' lang='lat' dir='ltr'><strong>et</strong></span> <span class='ocrx_word' id='word_1_210' title='bbox 1681 2755 1732 2810; x_wconf 91' lang='lat' dir='ltr'><strong>in</strong></span> <span class='ocrx_word' id='word_1_211' title='bbox 1763 2763 1940 2811; x_wconf 87' lang='lat' dir='ltr'><strong>actum</strong></span> <span class='ocrx_word' id='word_1_212' title='bbox 1982 2771 2089 2813; x_wconf 89' lang='lat' dir='ltr'><strong>non</strong></span> <span class='ocrx_word' id='word_1_213' title='bbox 2117 2756 2215 2814; x_wconf 88' lang='lat' dir='ltr'><strong>du-</strong></span> 
     </span>
    </p>
   </div>
   <div class='ocr_carea' id='block_1_27' title="bbox 629 2838 2215 2920">
    <p class='ocr_par' dir='ltr' id='par_1_27' title="bbox 629 2838 2215 2920">
     <span class='ocr_line' id='line_1_27' title="bbox 629 2838 2215 2920; baseline 0.009 -28"><span class='ocrx_word' id='word_1_214' title='bbox 629 2838 788 2906; x_wconf 85' lang='lat' dir='ltr'><strong>citur,</strong></span> <span class='ocrx_word' id='word_1_215' title='bbox 835 2854 940 2895; x_wconf 90' lang='lat' dir='ltr'><strong>non</strong></span> <span class='ocrx_word' id='word_1_216' title='bbox 987 2840 1108 2897; x_wconf 89' lang='lat' dir='ltr'><strong>ideo</strong></span> <span class='ocrx_word' id='word_1_217' title='bbox 1131 2843 1276 2912; x_wconf 90' lang='lat' dir='ltr'><strong>quod</strong></span> <span class='ocrx_word' id='word_1_218' title='bbox 1304 2845 1426 2913; x_wconf 89' lang='lat' dir='ltr'><strong>quis</strong></span> <span class='ocrx_word' id='word_1_219' title='bbox 1476 2862 1580 2902; x_wconf 91' lang='lat' dir='ltr'><strong>non</strong></span> <span class='ocrx_word' id='word_1_220' title='bbox 1625 2847 1760 2914; x_wconf 91' lang='lat' dir='ltr'><strong>vult,</strong></span> <span class='ocrx_word' id='word_1_221' title='bbox 1809 2849 1906 2905; x_wconf 88' lang='lat' dir='ltr'><strong>sed</strong></span> <span class='ocrx_word' id='word_1_222' title='bbox 1948 2850 2073 2920; x_wconf 89' lang='lat' dir='ltr'><strong>quia</strong></span> <span class='ocrx_word' id='word_1_223' title='bbox 2104 2865 2215 2907; x_wconf 90' lang='lat' dir='ltr'><strong>non</strong></span> 
     </span>
    </p>
   </div>
   <div class='ocr_carea' id='block_1_28' title="bbox 627 2929 2212 3009">
    <p class='ocr_par' dir='ltr' id='par_1_28' title="bbox 627 2929 2212 3009">
     <span class='ocr_line' id='line_1_28' title="bbox 627 2929 2212 3009; baseline 0.008 -26"><span class='ocrx_word' id='word_1_224' title='bbox 627 2938 829 2996; x_wconf 86' lang='lat' dir='ltr'><strong>potest,</strong></span> <span class='ocrx_word' id='word_1_225' title='bbox 877 2945 975 3000; x_wconf 88' lang='lat' dir='ltr'><strong>pro</strong></span> <span class='ocrx_word' id='word_1_226' title='bbox 1034 2929 1197 2998; x_wconf 84' lang='lat' dir='ltr'><strong>facto,</strong></span> <span class='ocrx_word' id='word_1_227' title='bbox 1237 2933 1376 2989; x_wconf 85' lang='lat' dir='ltr'><strong>Deus</strong></span> <span class='ocrx_word' id='word_1_228' title='bbox 1429 2945 1659 3006; x_wconf 88' lang='lat' dir='ltr'><strong>reputat.</strong></span> <span class='ocrx_word' id='word_1_229' title='bbox 1716 2957 1734 2990; x_wconf 74' lang='grc' dir='ltr'><strong>ι</strong></span> <span class='ocrx_word' id='word_1_230' title='bbox 1784 2938 1840 2994; x_wconf 90' lang='lat' dir='ltr'><strong>Si</strong></span> <span class='ocrx_word' id='word_1_231' title='bbox 1881 2940 2004 3009; x_wconf 92' lang='lat' dir='ltr'><strong>quis</strong></span> <span class='ocrx_word' id='word_1_232' title='bbox 2031 2940 2212 2996; x_wconf 82' lang='lat' dir='ltr'><strong>uiderit</strong></span> 
     </span>
    </p>
   </div>
   <div class='ocr_carea' id='block_1_29' title="bbox 628 3019 2210 3099">
    <p class='ocr_par' dir='ltr' id='par_1_29' title="bbox 628 3019 2210 3099">
     <span class='ocr_line' id='line_1_29' title="bbox 628 3019 2210 3099; baseline 0.01 -27"><span class='ocrx_word' id='word_1_233' title='bbox 628 3019 900 3074; x_wconf 84' lang='lat' dir='ltr'><strong>mulierem</strong></span> <span class='ocrx_word' id='word_1_234' title='bbox 939 3021 1007 3074; x_wconf 87' lang='lat' dir='ltr'><strong>ad</strong></span> <span class='ocrx_word' id='word_1_235' title='bbox 1041 3024 1512 3093; x_wconf 77' lang='lat' dir='ltr'><strong>concupiscendum</strong></span> <span class='ocrx_word' id='word_1_236' title='bbox 1539 3045 1652 3082; x_wconf 88' lang='lat' dir='ltr'><strong>eam</strong></span> <span class='ocrx_word' id='word_1_237' title='bbox 1679 3029 1797 3099; x_wconf 86' lang='lat' dir='ltr'><strong>jam</strong></span> <span class='ocrx_word' id='word_1_238' title='bbox 1825 3032 2108 3087; x_wconf 75' lang='lat' dir='ltr'><strong>moechatus</strong></span> <span class='ocrx_word' id='word_1_239' title='bbox 2136 3043 2210 3088; x_wconf 76' lang='lat' dir='ltr'><strong>est</strong></span> 
     </span>
    </p>
   </div>
   <div class='ocr_carea' id='block_1_30' title="bbox 627 3111 2212 3188">
    <p class='ocr_par' dir='ltr' id='par_1_30' title="bbox 627 3111 2212 3188">
     <span class='ocr_line' id='line_1_30' title="bbox 627 3111 2212 3188; baseline 0.011 -25"><span class='ocrx_word' id='word_1_240' title='bbox 627 3128 745 3165; x_wconf 87' lang='lat' dir='ltr'><strong>eam</strong></span> <span class='ocrx_word' id='word_1_241' title='bbox 774 3111 828 3165; x_wconf 88' lang='lat' dir='ltr'><strong>in</strong></span> <span class='ocrx_word' id='word_1_242' title='bbox 867 3113 1021 3168; x_wconf 83' lang='lat' dir='ltr'><strong>corde</strong></span> <span class='ocrx_word' id='word_1_243' title='bbox 1048 3130 1143 3168; x_wconf 82' lang='lat' dir='ltr'><strong>suo</strong></span> <span class='ocrx_word' id='word_1_244' title='bbox 1175 3114 1388 3186; x_wconf 81' lang='lat' dir='ltr'><strong>(Matth.</strong></span> <span class='ocrx_word' id='word_1_245' title='bbox 1424 3117 1497 3188; x_wconf 90' lang='lat' dir='ltr'><strong>v).</strong></span> <span class='ocrx_word' id='word_1_246' title='bbox 1553 3119 1714 3187; x_wconf 87' lang='lat' dir='ltr'><strong>Quasi</strong></span> <span class='ocrx_word' id='word_1_247' title='bbox 1740 3121 1883 3177; x_wconf 89' lang='lat' dir='ltr'><strong>dicat</strong></span> <span class='ocrx_word' id='word_1_248' title='bbox 1909 3140 1922 3176; x_wconf 88' lang='lat'><strong>:</strong></span> <span class='ocrx_word' id='word_1_249' title='bbox 1953 3122 2011 3177; x_wconf 87' lang='lat' dir='ltr'><strong>In</strong></span> <span class='ocrx_word' id='word_1_250' title='bbox 2047 3124 2212 3180; x_wconf 89' lang='lat' dir='ltr'><strong>corde</strong></span> 
     </span>
    </p>
   </div>
   <div class='ocr_carea' id='block_1_31' title="bbox 623 3204 2210 3285">
    <p class='ocr_par' dir='ltr' id='par_1_31' title="bbox 623 3204 2210 3285">
     <span class='ocr_line' id='line_1_31' title="bbox 623 3204 2210 3285; baseline 0.01 -29"><span class='ocrx_word' id='word_1_251' title='bbox 623 3204 871 3272; x_wconf 80' lang='lat' dir='ltr'><strong>peccatis</strong></span> <span class='ocrx_word' id='word_1_252' title='bbox 891 3213 946 3260; x_wconf 93' lang='lat' dir='ltr'><strong>et</strong></span> <span class='ocrx_word' id='word_1_253' title='bbox 967 3204 1322 3263; x_wconf 85' lang='lat' dir='ltr'><strong>delectatione</strong></span> <span class='ocrx_word' id='word_1_254' title='bbox 1351 3217 1403 3264; x_wconf 89' lang='lat' dir='ltr'><strong>et</strong></span> <span class='ocrx_word' id='word_1_255' title='bbox 1428 3225 1716 3278; x_wconf 89' lang='lat' dir='ltr'><strong>consensu,</strong></span> <span class='ocrx_word' id='word_1_256' title='bbox 1745 3228 1864 3282; x_wconf 67' lang='lat' dir='ltr'><strong>quae</strong></span> <span class='ocrx_word' id='word_1_257' title='bbox 1882 3213 1994 3285; x_wconf 87' lang='lat' dir='ltr'><strong>jam</strong></span> <span class='ocrx_word' id='word_1_258' title='bbox 2017 3224 2100 3271; x_wconf 91' lang='lat' dir='ltr'><strong>est</strong></span> <span class='ocrx_word' id='word_1_259' title='bbox 2121 3229 2210 3272; x_wconf 87' lang='lat' dir='ltr'><strong>se-</strong></span> 
     </span>
    </p>
   </div>
   <div class='ocr_carea' id='block_1_32' title="bbox 1292 437 3278 508">
    <p class='ocr_par' dir='ltr' id='par_1_32' title="bbox 1292 437 3278 508">
     <span class='ocr_line' id='line_1_32' title="bbox 1292 437 3278 508; baseline 0.001 -1"><span class='ocrx_word' id='word_1_260' title='bbox 1292 450 1545 507; x_wconf 74' lang='lat' dir='ltr'><strong>REMIGII</strong></span> <span class='ocrx_word' id='word_1_261' title='bbox 1587 448 2240 507; x_wconf 71' lang='lat' dir='ltr'><strong>AN&#39;l&#39;lSSlODOllENSlS</strong></span> <span class='ocrx_word' id='word_1_262' title='bbox 2277 448 2425 506; x_wconf 86' lang='lat' dir='ltr'><strong>OPP.</strong></span> <span class='ocrx_word' id='word_1_263' title='bbox 2469 437 2648 505; x_wconf 74' lang='lat' dir='ltr'><strong>PARS</strong></span> <span class='ocrx_word' id='word_1_264' title='bbox 2684 449 2723 503; x_wconf 95' lang='lat' dir='ltr'><strong>l.</strong></span> <span class='ocrx_word' id='word_1_265' title='bbox 2763 480 2832 492; x_wconf 91' lang='lat'><strong>---</strong></span> <span class='ocrx_word' id='word_1_266' title='bbox 2870 449 3278 508; x_wconf 78' lang='lat' dir='ltr'><strong>EXEGETICA.</strong></span> 
     </span>
    </p>
   </div>
   <div class='ocr_carea' id='block_1_33' title="bbox 3735 453 3806 514">
    <p class='ocr_par' dir='ltr' id='par_1_33' title="bbox 3735 453 3806 514">
     <span class='ocr_line' id='line_1_33' title="bbox 3735 453 3806 514; baseline 0 0"><span class='ocrx_word' id='word_1_267' title='bbox 3735 453 3806 514; x_wconf 72' lang='grc' dir='ltr'>ιῖᾰ</span> 
     </span>
    </p>
   </div>
   <div class='ocr_carea' id='block_1_34' title="bbox 2250 561 3810 636">
    <p class='ocr_par' dir='ltr' id='par_1_34' title="bbox 2250 561 3810 636">
     <span class='ocr_line' id='line_1_34' title="bbox 2250 561 3810 636; baseline 0.009 -21"><span class='ocrx_word' id='word_1_268' title='bbox 2250 565 2294 626; x_wconf 78' lang='grc' dir='ltr'><strong>Α</strong></span> <span class='ocrx_word' id='word_1_269' title='bbox 2325 561 2682 631; x_wconf 89' lang='lat' dir='ltr'><strong>parturitione</strong></span> <span class='ocrx_word' id='word_1_270' title='bbox 2731 563 2873 628; x_wconf 84' lang='lat' dir='ltr'><strong>illius</strong></span> <span class='ocrx_word' id='word_1_271' title='bbox 2907 566 3098 621; x_wconf 86' lang='lat' dir='ltr'><strong>matris</strong></span> <span class='ocrx_word' id='word_1_272' title='bbox 3137 571 3454 620; x_wconf 83' lang='lat' dir='ltr'><strong>erraverunt.</strong></span> <span class='ocrx_word' id='word_1_273' title='bbox 3505 565 3556 622; x_wconf 91' lang='lat' dir='ltr'><strong>Si</strong></span> <span class='ocrx_word' id='word_1_274' title='bbox 3597 565 3810 636; x_wconf 51' lang='lat' dir='ltr'><strong>Judainb</strong></span> 
     </span>
    </p>
   </div>
   <div class='ocr_carea' id='block_1_35' title="bbox 2322 653 3808 725">
    <p class='ocr_par' dir='ltr' id='par_1_35' title="bbox 2322 653 3808 725">
     <span class='ocr_line' id='line_1_35' title="bbox 2322 653 3808 725; baseline 0.005 -17"><span class='ocrx_word' id='word_1_275' title='bbox 2322 653 2580 710; x_wconf 70' lang='lat' dir='ltr'><strong>Ecclesia:</strong></span> <span class='ocrx_word' id='word_1_276' title='bbox 2601 667 2755 711; x_wconf 89' lang='lat' dir='ltr'><strong>utero</strong></span> <span class='ocrx_word' id='word_1_277' title='bbox 2779 655 2831 710; x_wconf 95' lang='lat' dir='ltr'><strong>in</strong></span> <span class='ocrx_word' id='word_1_278' title='bbox 2857 671 2962 725; x_wconf 88' lang='lat' dir='ltr'><strong>quo</strong></span> <span class='ocrx_word' id='word_1_279' title='bbox 2984 657 3282 712; x_wconf 88' lang='lat' dir='ltr'><strong>debuerunt</strong></span> <span class='ocrx_word' id='word_1_280' title='bbox 3309 655 3569 711; x_wconf 84' lang='lat' dir='ltr'><strong>informari</strong></span> <span class='ocrx_word' id='word_1_281' title='bbox 3593 666 3637 712; x_wconf 89' lang='lat' dir='ltr'><strong>et</strong></span> <span class='ocrx_word' id='word_1_282' title='bbox 3657 659 3808 717; x_wconf 87' lang='lat' dir='ltr'><strong>instrui:</strong></span> 
     </span>
    </p>
   </div>
   <div class='ocr_carea' id='block_1_36' title="bbox 2320 743 3809 816">
    <p class='ocr_par' dir='ltr' id='par_1_36' title="bbox 2320 743 3809 816">
     <span class='ocr_line' id='line_1_36' title="bbox 2320 743 3809 816; baseline 0.005 -20"><span class='ocrx_word' id='word_1_283' title='bbox 2320 743 2404 799; x_wconf 91' lang='lat' dir='ltr'><strong>vel</strong></span> <span class='ocrx_word' id='word_1_284' title='bbox 2425 743 2687 810; x_wconf 80' lang='lat' dir='ltr'><strong>haeretici,</strong></span> <span class='ocrx_word' id='word_1_285' title='bbox 2713 754 3002 816; x_wconf 89' lang='lat' dir='ltr'><strong>antequam</strong></span> <span class='ocrx_word' id='word_1_286' title='bbox 3033 746 3086 800; x_wconf 90' lang='lat' dir='ltr'><strong>in</strong></span> <span class='ocrx_word' id='word_1_287' title='bbox 3119 753 3276 800; x_wconf 90' lang='lat' dir='ltr'><strong>utero</strong></span> <span class='ocrx_word' id='word_1_288' title='bbox 3302 743 3440 800; x_wconf 90' lang='lat' dir='ltr'><strong>illius</strong></span> <span class='ocrx_word' id='word_1_289' title='bbox 3469 746 3638 801; x_wconf 84' lang='lat' dir='ltr'><strong>matris</strong></span> <span class='ocrx_word' id='word_1_290' title='bbox 3660 745 3809 804; x_wconf 72' lang='lat' dir='ltr'><strong>{ornati</strong></span> 
     </span>
    </p>
   </div>
   <div class='ocr_carea' id='block_1_37' title="bbox 2319 834 3808 906">
    <p class='ocr_par' dir='ltr' id='par_1_37' title="bbox 2319 834 3808 906">
     <span class='ocr_line' id='line_1_37' title="bbox 2319 834 3808 906; baseline 0.001 -17"><span class='ocrx_word' id='word_1_291' title='bbox 2319 843 2375 889; x_wconf 91' lang='lat' dir='ltr'><strong>et</strong></span> <span class='ocrx_word' id='word_1_292' title='bbox 2398 834 2592 890; x_wconf 86' lang='lat' dir='ltr'><strong>eruditi</strong></span> <span class='ocrx_word' id='word_1_293' title='bbox 2623 843 2826 900; x_wconf 87' lang='lat' dir='ltr'><strong>essent,</strong></span> <span class='ocrx_word' id='word_1_294' title='bbox 2856 842 3116 890; x_wconf 79' lang='lat' dir='ltr'><strong>exeuntes</strong></span> <span class='ocrx_word' id='word_1_295' title='bbox 3144 835 3214 890; x_wconf 87' lang='lat' dir='ltr'><strong>ab</strong></span> <span class='ocrx_word' id='word_1_296' title='bbox 3243 849 3327 901; x_wconf 88' lang='lat' dir='ltr'><strong>ea,</strong></span> <span class='ocrx_word' id='word_1_297' title='bbox 3355 842 3408 890; x_wconf 91' lang='lat' dir='ltr'><strong>et</strong></span> <span class='ocrx_word' id='word_1_298' title='bbox 3443 835 3699 904; x_wconf 66' lang='lat' dir='ltr'><strong>prmdicare</strong></span> <span class='ocrx_word' id='word_1_299' title='bbox 3718 851 3808 906; x_wconf 71' lang='lat' dir='ltr'><strong>prte-</strong></span> 
     </span>
    </p>
   </div>
   <div class='ocr_carea' id='block_1_38' title="bbox 2321 929 3810 998">
    <p class='ocr_par' dir='ltr' id='par_1_38' title="bbox 2321 929 3810 998">
     <span class='ocr_line' id='line_1_38' title="bbox 2321 929 3810 998; baseline 0.003 -17"><span class='ocrx_word' id='word_1_300' title='bbox 2321 936 2596 982; x_wconf 91' lang='lat' dir='ltr'><strong>sumentes</strong></span> <span class='ocrx_word' id='word_1_301' title='bbox 2623 929 2768 998; x_wconf 90' lang='lat' dir='ltr'><strong>quod</strong></span> <span class='ocrx_word' id='word_1_302' title='bbox 2797 943 2902 983; x_wconf 93' lang='lat' dir='ltr'><strong>non</strong></span> <span class='ocrx_word' id='word_1_303' title='bbox 2945 929 3272 995; x_wconf 87' lang='lat' dir='ltr'><strong>didicerunt,</strong></span> <span class='ocrx_word' id='word_1_304' title='bbox 3314 929 3596 983; x_wconf 81' lang='lat' dir='ltr'><strong>abortivum</strong></span> <span class='ocrx_word' id='word_1_305' title='bbox 3621 929 3810 987; x_wconf 81' lang='lat' dir='ltr'><strong>lecentnt.</strong></span> 
     </span>
    </p>
   </div>
   <div class='ocr_carea' id='block_1_39' title="bbox 2319 1017 3811 1089">
    <p class='ocr_par' dir='ltr' id='par_1_39' title="bbox 2319 1017 3811 1089">
     <span class='ocr_line' id='line_1_39' title="bbox 2319 1017 3811 1089; baseline 0.004 -19"><span class='ocrx_word' id='word_1_306' title='bbox 2319 1017 2492 1084; x_wconf 91' lang='lat' dir='ltr'><strong>Quam</strong></span> <span class='ocrx_word' id='word_1_307' title='bbox 2515 1019 2927 1088; x_wconf 90' lang='lat' dir='ltr'><strong>parturitionem</strong></span> <span class='ocrx_word' id='word_1_308' title='bbox 2958 1017 3209 1074; x_wconf 63' lang='lat' dir='ltr'><strong>Ecclesiae</strong></span> <span class='ocrx_word' id='word_1_309' title='bbox 3237 1019 3282 1074; x_wconf 89' lang='lat' dir='ltr'><strong>si</strong></span> <span class='ocrx_word' id='word_1_310' title='bbox 3313 1019 3566 1089; x_wconf 87' lang='lat' dir='ltr'><strong>patienter</strong></span> <span class='ocrx_word' id='word_1_311' title='bbox 3594 1019 3726 1084; x_wconf 78' lang='lat' dir='ltr'><strong>feras,</strong></span> <span class='ocrx_word' id='word_1_312' title='bbox 3744 1022 3811 1076; x_wconf 81' lang='lat' dir='ltr'><strong>lur-</strong></span> 
     </span>
    </p>
   </div>
   <div class='ocr_carea' id='block_1_40' title="bbox 2321 1111 3813 1183">
    <p class='ocr_par' dir='ltr' id='par_1_40' title="bbox 2321 1111 3813 1183">
     <span class='ocr_line' id='line_1_40' title="bbox 2321 1111 3813 1183; baseline 0.001 -18"><span class='ocrx_word' id='word_1_313' title='bbox 2321 1111 2507 1175; x_wconf 87' lang='lat' dir='ltr'><strong>maris,</strong></span> <span class='ocrx_word' id='word_1_314' title='bbox 2545 1111 2590 1166; x_wconf 91' lang='lat' dir='ltr'><strong>si</strong></span> <span class='ocrx_word' id='word_1_315' title='bbox 2622 1111 2986 1182; x_wconf 88' lang='lat' dir='ltr'><strong>impatienter,</strong></span> <span class='ocrx_word' id='word_1_316' title='bbox 3016 1112 3290 1167; x_wconf 82' lang='lat' dir='ltr'><strong>excuteris</strong></span> <span class='ocrx_word' id='word_1_317' title='bbox 3317 1111 3496 1167; x_wconf 92' lang='lat' dir='ltr'><strong>dolore</strong></span> <span class='ocrx_word' id='word_1_318' title='bbox 3537 1111 3717 1183; x_wconf 83' lang='lat' dir='ltr'><strong>quidem</strong></span> <span class='ocrx_word' id='word_1_319' title='bbox 3739 1129 3813 1167; x_wconf 83' lang='lat' dir='ltr'><strong>ma-</strong></span> 
     </span>
    </p>
   </div>
   <div class='ocr_carea' id='block_1_41' title="bbox 2322 1200 3812 1266">
    <p class='ocr_par' dir='ltr' id='par_1_41' title="bbox 2322 1200 3812 1266">
     <span class='ocr_line' id='line_1_41' title="bbox 2322 1200 3812 1266; baseline 0.001 -11"><span class='ocrx_word' id='word_1_320' title='bbox 2322 1201 2442 1266; x_wconf 86' lang='lat' dir='ltr'><strong>tris,</strong></span> <span class='ocrx_word' id='word_1_321' title='bbox 2459 1201 2555 1257; x_wconf 88' lang='lat' dir='ltr'><strong>sed</strong></span> <span class='ocrx_word' id='word_1_322' title='bbox 2583 1201 2724 1257; x_wconf 90' lang='lat' dir='ltr'><strong>malo</strong></span> <span class='ocrx_word' id='word_1_323' title='bbox 2744 1211 2855 1256; x_wconf 91' lang='lat' dir='ltr'><strong>tuo.</strong></span> <span class='ocrx_word' id='word_1_324' title='bbox 2883 1200 3179 1256; x_wconf 81' lang='lat' dir='ltr'><strong>Furorillis</strong></span> <span class='ocrx_word' id='word_1_325' title='bbox 3200 1202 3484 1257; x_wconf 76' lang='lat' dir='ltr'><strong>secundum</strong></span> <span class='ocrx_word' id='word_1_326' title='bbox 3507 1203 3812 1258; x_wconf 74' lang='lat' dir='ltr'><strong>similitudinem</strong></span> 
     </span>
    </p>
   </div>
   <div class='ocr_carea' id='block_1_42' title="bbox 2320 1289 3812 1360">
    <p class='ocr_par' dir='ltr' id='par_1_42' title="bbox 2320 1289 3812 1360">
     <span class='ocr_line' id='line_1_42' title="bbox 2320 1289 3812 1360; baseline 0.001 -17"><span class='ocrx_word' id='word_1_327' title='bbox 2320 1291 2589 1360; x_wconf 76' lang='lat' dir='ltr'><strong>serpentis.</strong></span> <span class='ocrx_word' id='word_1_328' title='bbox 2631 1289 2796 1357; x_wconf 81' lang='lat' dir='ltr'><strong>Quasi</strong></span> <span class='ocrx_word' id='word_1_329' title='bbox 2836 1291 2981 1344; x_wconf 87' lang='lat' dir='ltr'><strong>dicat</strong></span> <span class='ocrx_word' id='word_1_330' title='bbox 3010 1308 3024 1345; x_wconf 92' lang='lat'><strong>:</strong></span> <span class='ocrx_word' id='word_1_331' title='bbox 3057 1289 3125 1344; x_wconf 89' lang='lat' dir='ltr'><strong>Et</strong></span> <span class='ocrx_word' id='word_1_332' title='bbox 3160 1291 3251 1346; x_wconf 88' lang='lat' dir='ltr'><strong>hic</strong></span> <span class='ocrx_word' id='word_1_333' title='bbox 3295 1289 3416 1345; x_wconf 88' lang='lat' dir='ltr'><strong>talis</strong></span> <span class='ocrx_word' id='word_1_334' title='bbox 3463 1289 3599 1344; x_wconf 79' lang='lat' dir='ltr'><strong>furor</strong></span> <span class='ocrx_word' id='word_1_335' title='bbox 3631 1291 3726 1345; x_wconf 85' lang='lat' dir='ltr'><strong>ideo</strong></span> <span class='ocrx_word' id='word_1_336' title='bbox 3746 1302 3812 1354; x_wconf 71' lang='lat' dir='ltr'><strong>est,</strong></span> 
     </span>
    </p>
   </div>
   <div class='ocr_carea' id='block_1_43' title="bbox 2321 1380 3814 1451">
    <p class='ocr_par' dir='ltr' id='par_1_43' title="bbox 2321 1380 3814 1451">
     <span class='ocr_line' id='line_1_43' title="bbox 2321 1380 3814 1451; baseline 0.003 -18"><span class='ocrx_word' id='word_1_337' title='bbox 2321 1380 2444 1450; x_wconf 91' lang='lat' dir='ltr'><strong>quia</strong></span> <span class='ocrx_word' id='word_1_338' title='bbox 2473 1381 2870 1451; x_wconf 71' lang='lat' dir='ltr'><strong>praedicatores</strong></span> <span class='ocrx_word' id='word_1_339' title='bbox 2892 1381 3138 1436; x_wconf 80' lang='lat' dir='ltr'><strong>veritatis</strong></span> <span class='ocrx_word' id='word_1_340' title='bbox 3176 1380 3365 1436; x_wconf 89' lang='lat' dir='ltr'><strong>audire</strong></span> <span class='ocrx_word' id='word_1_341' title='bbox 3395 1381 3589 1446; x_wconf 91' lang='lat' dir='ltr'><strong>nolunt,</strong></span> <span class='ocrx_word' id='word_1_342' title='bbox 3621 1384 3814 1451; x_wconf 81' lang='lat' dir='ltr'><strong>quomodo</strong></span> 
     </span>
    </p>
   </div>
   <div class='ocr_carea' id='block_1_44' title="bbox 2321 1470 3814 1542">
    <p class='ocr_par' dir='ltr' id='par_1_44' title="bbox 2321 1470 3814 1542">
     <span class='ocr_line' id='line_1_44' title="bbox 2321 1470 3814 1542; baseline 0.001 -18"><span class='ocrx_word' id='word_1_343' title='bbox 2321 1470 2517 1542; x_wconf 84' lang='lat' dir='ltr'><strong>legitur</strong></span> <span class='ocrx_word' id='word_1_344' title='bbox 2537 1472 2604 1527; x_wconf 91' lang='lat' dir='ltr'><strong>de</strong></span> <span class='ocrx_word' id='word_1_345' title='bbox 2634 1471 2910 1542; x_wconf 85' lang='lat' dir='ltr'><strong>Stephano</strong></span> <span class='ocrx_word' id='word_1_346' title='bbox 2935 1473 3077 1542; x_wconf 90' lang='lat' dir='ltr'><strong>quod</strong></span> <span class='ocrx_word' id='word_1_347' title='bbox 3112 1471 3421 1526; x_wconf 90' lang='lat' dir='ltr'><strong>clauserunt</strong></span> <span class='ocrx_word' id='word_1_348' title='bbox 3454 1487 3597 1525; x_wconf 90' lang='lat' dir='ltr'><strong>aures</strong></span> <span class='ocrx_word' id='word_1_349' title='bbox 3617 1482 3660 1525; x_wconf 86' lang='lat' dir='ltr'><strong>et</strong></span> <span class='ocrx_word' id='word_1_350' title='bbox 3696 1473 3814 1525; x_wconf 83' lang='lat' dir='ltr'><strong>ierunt</strong></span> 
     </span>
    </p>
   </div>
   <div class='ocr_carea' id='block_1_45' title="bbox 2322 1561 3816 1636">
    <p class='ocr_par' dir='ltr' id='par_1_45' title="bbox 2322 1561 3816 1636">
     <span class='ocr_line' id='line_1_45' title="bbox 2322 1561 3816 1636; baseline 0.001 -21"><span class='ocrx_word' id='word_1_351' title='bbox 2322 1561 2375 1616; x_wconf 93' lang='lat' dir='ltr'><strong>in</strong></span> <span class='ocrx_word' id='word_1_352' title='bbox 2409 1563 2634 1636; x_wconf 78' lang='lat' dir='ltr'><strong>lapides.</strong></span> <span class='ocrx_word' id='word_1_353' title='bbox 2666 1562 2843 1617; x_wconf 80' lang='lat' dir='ltr'><strong>Furor</strong></span> <span class='ocrx_word' id='word_1_354' title='bbox 2889 1563 2995 1617; x_wconf 80' lang='lat' dir='ltr'><strong>illis</strong></span> <span class='ocrx_word' id='word_1_355' title='bbox 3043 1563 3326 1617; x_wconf 74' lang='lat' dir='ltr'><strong>secundum</strong></span> <span class='ocrx_word' id='word_1_356' title='bbox 3365 1563 3721 1617; x_wconf 75' lang='lat' dir='ltr'><strong>similitudinem</strong></span> <span class='ocrx_word' id='word_1_357' title='bbox 3747 1580 3816 1616; x_wconf 71' lang='lat' dir='ltr'><strong>str-</strong></span> 
     </span>
    </p>
   </div>
   <div class='ocr_carea' id='block_1_46' title="bbox 2320 1651 3814 1729">
    <p class='ocr_par' dir='ltr' id='par_1_46' title="bbox 2320 1651 3814 1729">
     <span class='ocr_line' id='line_1_46' title="bbox 2320 1651 3814 1729; baseline 0.001 -24"><span class='ocrx_word' id='word_1_358' title='bbox 2320 1654 2508 1721; x_wconf 81' lang='lat' dir='ltr'><strong>pentis,</strong></span> <span class='ocrx_word' id='word_1_359' title='bbox 2535 1651 2688 1722; x_wconf 87' lang='lat' dir='ltr'><strong>cujus</strong></span> <span class='ocrx_word' id='word_1_360' title='bbox 2708 1656 2958 1726; x_wconf 74' lang='lat' dir='ltr'><strong>serpentis</strong></span> <span class='ocrx_word' id='word_1_361' title='bbox 2989 1664 3236 1709; x_wconf 90' lang='lat' dir='ltr'><strong>naturam</strong></span> <span class='ocrx_word' id='word_1_362' title='bbox 3260 1653 3529 1729; x_wconf 73' lang='lat' dir='ltr'><strong>subiungit</strong></span> <span class='ocrx_word' id='word_1_363' title='bbox 3552 1673 3564 1709; x_wconf 92' lang='lat'>:</span> <span class='ocrx_word' id='word_1_364' title='bbox 3591 1654 3814 1722; x_wconf 67' lang='lat' dir='ltr'><strong>Siculaqu-</strong></span> 
     </span>
    </p>
   </div>
   <div class='ocr_carea' id='block_1_47' title="bbox 2320 1742 3813 1810">
    <p class='ocr_par' dir='ltr' id='par_1_47' title="bbox 2320 1742 3813 1810">
     <span class='ocr_line' id='line_1_47' title="bbox 2320 1742 3813 1810; baseline 0.001 -16"><span class='ocrx_word' id='word_1_365' title='bbox 2320 1742 2402 1796; x_wconf 75' lang='lat' dir='ltr'><strong>dis</strong></span> <span class='ocrx_word' id='word_1_366' title='bbox 2427 1743 2602 1799; x_wconf 76' lang='lat' dir='ltr'><strong>surdtv</strong></span> <span class='ocrx_word' id='word_1_367' title='bbox 2629 1759 2732 1798; x_wconf 92' lang='lat' dir='ltr'><strong>non</strong></span> <span class='ocrx_word' id='word_1_368' title='bbox 2765 1744 3105 1810; x_wconf 87' lang='lat' dir='ltr'><strong>naturaliter,</strong></span> <span class='ocrx_word' id='word_1_369' title='bbox 3141 1745 3236 1800; x_wconf 86' lang='lat' dir='ltr'><strong>sed</strong></span> <span class='ocrx_word' id='word_1_370' title='bbox 3262 1745 3550 1799; x_wconf 72' lang='lat' dir='ltr'><strong>obturantis</strong></span> <span class='ocrx_word' id='word_1_371' title='bbox 3577 1761 3813 1799; x_wconf 72' lang='lat' dir='ltr'><strong>aureum.</strong></span> 
     </span>
    </p>
   </div>
   <div class='ocr_carea' id='block_1_48' title="bbox 2321 1833 3813 1905">
    <p class='ocr_par' dir='ltr' id='par_1_48' title="bbox 2321 1833 3813 1905">
     <span class='ocr_line' id='line_1_48' title="bbox 2321 1833 3813 1905; baseline -0.002 -16"><span class='ocrx_word' id='word_1_372' title='bbox 2321 1835 2673 1905; x_wconf 83' lang='lat' dir='ltr'><strong>Componitur</strong></span> <span class='ocrx_word' id='word_1_373' title='bbox 2697 1836 2910 1901; x_wconf 90' lang='lat' dir='ltr'><strong>obturo,</strong></span> <span class='ocrx_word' id='word_1_374' title='bbox 2951 1851 3017 1890; x_wconf 85' lang='lat' dir='ltr'><strong>ex</strong></span> <span class='ocrx_word' id='word_1_375' title='bbox 3041 1836 3103 1890; x_wconf 92' lang='lat' dir='ltr'><strong>ob</strong></span> <span class='ocrx_word' id='word_1_376' title='bbox 3133 1845 3188 1892; x_wconf 94' lang='lat' dir='ltr'><strong>et</strong></span> <span class='ocrx_word' id='word_1_377' title='bbox 3215 1844 3350 1890; x_wconf 88' lang='lat' dir='ltr'><strong>ture.</strong></span> <span class='ocrx_word' id='word_1_378' title='bbox 3384 1833 3675 1890; x_wconf 86' lang='lat' dir='ltr'><strong>Sacerdotes</strong></span> <span class='ocrx_word' id='word_1_379' title='bbox 3691 1833 3813 1902; x_wconf 80' lang='lat' dir='ltr'><strong>jacen-</strong></span> 
     </span>
    </p>
   </div>
   <div class='ocr_carea' id='block_1_49' title="bbox 2327 1925 3815 1997">
    <p class='ocr_par' dir='ltr' id='par_1_49' title="bbox 2327 1925 3815 1997">
     <span class='ocr_line' id='line_1_49' title="bbox 2327 1925 3815 1997; baseline 0.001 -20"><span class='ocrx_word' id='word_1_380' title='bbox 2327 1932 2408 1981; x_wconf 90' lang='lat' dir='ltr'><strong>tes</strong></span> <span class='ocrx_word' id='word_1_381' title='bbox 2437 1925 2492 1979; x_wconf 91' lang='lat' dir='ltr'><strong>in</strong></span> <span class='ocrx_word' id='word_1_382' title='bbox 2531 1926 2752 1997; x_wconf 87' lang='lat' dir='ltr'><strong>templo,</strong></span> <span class='ocrx_word' id='word_1_383' title='bbox 2792 1935 2846 1981; x_wconf 89' lang='lat' dir='ltr'><strong>et</strong></span> <span class='ocrx_word' id='word_1_384' title='bbox 2893 1927 3038 1982; x_wconf 86' lang='lat' dir='ltr'><strong>soliti</strong></span> <span class='ocrx_word' id='word_1_385' title='bbox 3077 1927 3267 1982; x_wconf 88' lang='lat' dir='ltr'><strong>audire</strong></span> <span class='ocrx_word' id='word_1_386' title='bbox 3325 1925 3534 1981; x_wconf 85' lang='lat' dir='ltr'><strong>divinas</strong></span> <span class='ocrx_word' id='word_1_387' title='bbox 3567 1941 3716 1990; x_wconf 87' lang='lat' dir='ltr'><strong>voces,</strong></span> <span class='ocrx_word' id='word_1_388' title='bbox 3741 1935 3815 1978; x_wconf 77' lang='lat' dir='ltr'><strong>tute</strong></span> 
     </span>
    </p>
   </div>
   <div class='ocr_carea' id='block_1_50' title="bbox 2319 2013 3812 2086">
    <p class='ocr_par' dir='ltr' id='par_1_50' title="bbox 2319 2013 3812 2086">
     <span class='ocr_line' id='line_1_50' title="bbox 2319 2013 3812 2086; baseline -0.002 -17"><span class='ocrx_word' id='word_1_389' title='bbox 2319 2015 2615 2086; x_wconf 83' lang='lat' dir='ltr'><strong>implebant</strong></span> <span class='ocrx_word' id='word_1_390' title='bbox 2643 2030 2802 2070; x_wconf 86' lang='lat' dir='ltr'><strong>aures</strong></span> <span class='ocrx_word' id='word_1_391' title='bbox 2837 2014 3183 2082; x_wconf 78' lang='lat' dir='ltr'><strong>famulorum,</strong></span> <span class='ocrx_word' id='word_1_392' title='bbox 3221 2024 3282 2070; x_wconf 92' lang='lat' dir='ltr'><strong>ut</strong></span> <span class='ocrx_word' id='word_1_393' title='bbox 3322 2031 3430 2070; x_wconf 91' lang='lat' dir='ltr'><strong>non</strong></span> <span class='ocrx_word' id='word_1_394' title='bbox 3473 2013 3812 2070; x_wconf 69' lang='lat' dir='ltr'><strong>audirentzh&#39;on</strong></span> 
     </span>
    </p>
   </div>
   <div class='ocr_carea' id='block_1_51' title="bbox 2315 2106 3814 2178">
    <p class='ocr_par' dir='ltr' id='par_1_51' title="bbox 2315 2106 3814 2178">
     <span class='ocr_line' id='line_1_51' title="bbox 2315 2106 3814 2178; baseline -0.002 -17"><span class='ocrx_word' id='word_1_395' title='bbox 2315 2119 2495 2172; x_wconf 89' lang='lat' dir='ltr'><strong>omne,</strong></span> <span class='ocrx_word' id='word_1_396' title='bbox 2525 2107 2668 2178; x_wconf 91' lang='lat' dir='ltr'><strong>quod</strong></span> <span class='ocrx_word' id='word_1_397' title='bbox 2693 2107 2758 2163; x_wconf 89' lang='lat' dir='ltr'><strong>ad</strong></span> <span class='ocrx_word' id='word_1_398' title='bbox 2785 2107 3190 2163; x_wconf 87' lang='lat' dir='ltr'><strong>similitudinem</strong></span> <span class='ocrx_word' id='word_1_399' title='bbox 3212 2108 3450 2172; x_wconf 82' lang='lat' dir='ltr'><strong>ducitur,</strong></span> <span class='ocrx_word' id='word_1_400' title='bbox 3478 2122 3532 2161; x_wconf 90' lang='lat' dir='ltr'><strong>re</strong></span> <span class='ocrx_word' id='word_1_401' title='bbox 3555 2106 3654 2177; x_wconf 88' lang='lat' dir='ltr'><strong>ipsa</strong></span> <span class='ocrx_word' id='word_1_402' title='bbox 3688 2106 3814 2176; x_wconf 77' lang='lat' dir='ltr'><strong>prolu-</strong></span> 
     </span>
    </p>
   </div>
   <div class='ocr_carea' id='block_1_52' title="bbox 2320 2197 3813 2259">
    <p class='ocr_par' dir='ltr' id='par_1_52' title="bbox 2320 2197 3813 2259">
     <span class='ocr_line' id='line_1_52' title="bbox 2320 2197 3813 2259; baseline -0.003 -7"><span class='ocrx_word' id='word_1_403' title='bbox 2320 2206 2423 2253; x_wconf 88' lang='lat' dir='ltr'><strong>tur.</strong></span> <span class='ocrx_word' id='word_1_404' title='bbox 2451 2197 2566 2253; x_wconf 84' lang='lat' dir='ltr'><strong>Non</strong></span> <span class='ocrx_word' id='word_1_405' title='bbox 2591 2198 2711 2254; x_wconf 91' lang='lat' dir='ltr'><strong>ideo</strong></span> <span class='ocrx_word' id='word_1_406' title='bbox 2732 2200 3040 2254; x_wconf 90' lang='lat' dir='ltr'><strong>ineantator</strong></span> <span class='ocrx_word' id='word_1_407' title='bbox 3061 2200 3147 2254; x_wconf 90' lang='lat' dir='ltr'><strong>hic</strong></span> <span class='ocrx_word' id='word_1_408' title='bbox 3161 2198 3378 2256; x_wconf 90' lang='lat' dir='ltr'><strong>ducitur</strong></span> <span class='ocrx_word' id='word_1_409' title='bbox 3397 2199 3464 2254; x_wconf 90' lang='lat' dir='ltr'><strong>ad</strong></span> <span class='ocrx_word' id='word_1_410' title='bbox 3481 2199 3813 2259; x_wconf 82' lang='lat' dir='ltr'><strong>similitudinem,</strong></span> 
     </span>
    </p>
   </div>
   <div class='ocr_carea' id='block_1_53' title="bbox 2317 2289 3815 2362">
    <p class='ocr_par' dir='ltr' id='par_1_53' title="bbox 2317 2289 3815 2362">
     <span class='ocr_line' id='line_1_53' title="bbox 2317 2289 3815 2362; baseline -0.001 -19"><span class='ocrx_word' id='word_1_411' title='bbox 2317 2289 2642 2344; x_wconf 89' lang='lat' dir='ltr'><strong>uthortetur</strong></span> <span class='ocrx_word' id='word_1_412' title='bbox 2670 2289 2787 2345; x_wconf 84' lang='lat' dir='ltr'><strong>ﬁeri</strong></span> <span class='ocrx_word' id='word_1_413' title='bbox 2838 2290 3162 2346; x_wconf 83' lang='lat' dir='ltr'><strong>incantatus.</strong></span> <span class='ocrx_word' id='word_1_414' title='bbox 3195 2291 3358 2362; x_wconf 86' lang='lat' dir='ltr'><strong>Aspis</strong></span> <span class='ocrx_word' id='word_1_415' title='bbox 3409 2293 3548 2347; x_wconf 90' lang='lat' dir='ltr'><strong>enim</strong></span> <span class='ocrx_word' id='word_1_416' title='bbox 3593 2290 3651 2346; x_wconf 86' lang='lat' dir='ltr'><strong>ab</strong></span> <span class='ocrx_word' id='word_1_417' title='bbox 3690 2290 3815 2345; x_wconf 77' lang='lat' dir='ltr'><strong>incan-</strong></span> 
     </span>
    </p>
   </div>
   <div class='ocr_carea' id='block_1_54' title="bbox 2317 2381 3814 2443">
    <p class='ocr_par' dir='ltr' id='par_1_54' title="bbox 2317 2381 3814 2443">
     <span class='ocr_line' id='line_1_54' title="bbox 2317 2381 3814 2443; baseline -0.001 -8"><span class='ocrx_word' id='word_1_418' title='bbox 2317 2389 2491 2438; x_wconf 88' lang='lat' dir='ltr'><strong>tatore</strong></span> <span class='ocrx_word' id='word_1_419' title='bbox 2519 2381 2587 2438; x_wconf 92' lang='lat' dir='ltr'><strong>de</strong></span> <span class='ocrx_word' id='word_1_420' title='bbox 2626 2383 2907 2440; x_wconf 89' lang='lat' dir='ltr'><strong>tenebrosa</strong></span> <span class='ocrx_word' id='word_1_421' title='bbox 2939 2398 3172 2439; x_wconf 88' lang='lat' dir='ltr'><strong>caverna</strong></span> <span class='ocrx_word' id='word_1_422' title='bbox 3199 2383 3253 2438; x_wconf 90' lang='lat' dir='ltr'><strong>in</strong></span> <span class='ocrx_word' id='word_1_423' title='bbox 3285 2383 3459 2439; x_wconf 91' lang='lat' dir='ltr'><strong>lucem</strong></span> <span class='ocrx_word' id='word_1_424' title='bbox 3509 2393 3736 2443; x_wconf 89' lang='lat' dir='ltr'><strong>evocatur,</strong></span> <span class='ocrx_word' id='word_1_425' title='bbox 3763 2395 3814 2434; x_wconf 75' lang='lat' dir='ltr'><strong>tr.-</strong></span> 
     </span>
    </p>
   </div>
   <div class='ocr_carea' id='block_1_55' title="bbox 2316 2469 3815 2544">
    <p class='ocr_par' dir='ltr' id='par_1_55' title="bbox 2316 2469 3815 2544">
     <span class='ocr_line' id='line_1_55' title="bbox 2316 2469 3815 2544; baseline -0.001 -20"><span class='ocrx_word' id='word_1_426' title='bbox 2316 2483 2512 2526; x_wconf 88' lang='lat' dir='ltr'><strong>cusans</strong></span> <span class='ocrx_word' id='word_1_427' title='bbox 2541 2472 2728 2527; x_wconf 88' lang='lat' dir='ltr'><strong>audire</strong></span> <span class='ocrx_word' id='word_1_428' title='bbox 2766 2486 2926 2528; x_wconf 88' lang='lat' dir='ltr'><strong>voces</strong></span> <span class='ocrx_word' id='word_1_429' title='bbox 2979 2472 3177 2542; x_wconf 92' lang='lat' dir='ltr'><strong>quibus</strong></span> <span class='ocrx_word' id='word_1_430' title='bbox 3221 2486 3281 2530; x_wconf 87' lang='lat' dir='ltr'><strong>se</strong></span> <span class='ocrx_word' id='word_1_431' title='bbox 3329 2473 3452 2544; x_wconf 85' lang='lat' dir='ltr'><strong>cogi</strong></span> <span class='ocrx_word' id='word_1_432' title='bbox 3498 2471 3663 2538; x_wconf 88' lang='lat' dir='ltr'><strong>sentit,</strong></span> <span class='ocrx_word' id='word_1_433' title='bbox 3706 2469 3815 2525; x_wconf 80' lang='lat' dir='ltr'><strong>allidit</strong></span> 
     </span>
    </p>
   </div>
   <div class='ocr_carea' id='block_1_56' title="bbox 2316 2561 3815 2630">
    <p class='ocr_par' dir='ltr' id='par_1_56' title="bbox 2316 2561 3815 2630">
     <span class='ocr_line' id='line_1_56' title="bbox 2316 2561 3815 2630; baseline -0.002 -13"><span class='ocrx_word' id='word_1_434' title='bbox 2316 2577 2479 2618; x_wconf 89' lang='lat' dir='ltr'><strong>unam</strong></span> <span class='ocrx_word' id='word_1_435' title='bbox 2511 2578 2696 2618; x_wconf 89' lang='lat' dir='ltr'><strong>aurem</strong></span> <span class='ocrx_word' id='word_1_436' title='bbox 2729 2572 2907 2630; x_wconf 59' lang='lat' dir='ltr'><strong>terra},</strong></span> <span class='ocrx_word' id='word_1_437' title='bbox 2947 2574 3000 2619; x_wconf 90' lang='lat' dir='ltr'><strong>et</strong></span> <span class='ocrx_word' id='word_1_438' title='bbox 3029 2565 3095 2622; x_wconf 89' lang='lat' dir='ltr'><strong>de</strong></span> <span class='ocrx_word' id='word_1_439' title='bbox 3122 2566 3291 2620; x_wconf 88' lang='lat' dir='ltr'><strong>cauda</strong></span> <span class='ocrx_word' id='word_1_440' title='bbox 3318 2566 3535 2621; x_wconf 88' lang='lat' dir='ltr'><strong>obturat</strong></span> <span class='ocrx_word' id='word_1_441' title='bbox 3559 2564 3754 2619; x_wconf 82' lang='lat' dir='ltr'><strong>alteram.</strong></span> <span class='ocrx_word' id='word_1_442' title='bbox 3775 2561 3815 2616; x_wconf 85' lang='lat' dir='ltr'><strong>Et</strong></span> 
     </span>
    </p>
   </div>
   <div class='ocr_carea' id='block_1_57' title="bbox 2313 2651 3814 2722">
    <p class='ocr_par' dir='ltr' id='par_1_57' title="bbox 2313 2651 3814 2722">
     <span class='ocr_line' id='line_1_57' title="bbox 2313 2651 3814 2722; baseline -0.002 -15"><span class='ocrx_word' id='word_1_443' title='bbox 2313 2651 2637 2722; x_wconf 74' lang='lat' dir='ltr'><strong>prtedicator</strong></span> <span class='ocrx_word' id='word_1_444' title='bbox 2677 2653 2978 2709; x_wconf 89' lang='lat' dir='ltr'><strong>tenebrosis</strong></span> <span class='ocrx_word' id='word_1_445' title='bbox 3005 2654 3274 2710; x_wconf 90' lang='lat' dir='ltr'><strong>mentibus</strong></span> <span class='ocrx_word' id='word_1_446' title='bbox 3321 2654 3578 2720; x_wconf 89' lang='lat' dir='ltr'><strong>incantat,</strong></span> <span class='ocrx_word' id='word_1_447' title='bbox 3619 2661 3667 2707; x_wconf 91' lang='lat' dir='ltr'><strong>ut</strong></span> <span class='ocrx_word' id='word_1_448' title='bbox 3697 2667 3763 2706; x_wconf 84' lang='lat' dir='ltr'><strong>cas</strong></span> <span class='ocrx_word' id='word_1_449' title='bbox 3782 2651 3814 2704; x_wconf 87' lang='lat' dir='ltr'><strong>in</strong></span> 
     </span>
    </p>
   </div>
   <div class='ocr_carea' id='block_1_58' title="bbox 2314 2742 3813 2817">
    <p class='ocr_par' dir='ltr' id='par_1_58' title="bbox 2314 2742 3813 2817">
     <span class='ocr_line' id='line_1_58' title="bbox 2314 2742 3813 2817; baseline 0.005 -20"><span class='ocrx_word' id='word_1_450' title='bbox 2314 2742 2488 2801; x_wconf 90' lang='lat' dir='ltr'><strong>lucem</strong></span> <span class='ocrx_word' id='word_1_451' title='bbox 2520 2744 2768 2800; x_wconf 87' lang='lat' dir='ltr'><strong>veritatis</strong></span> <span class='ocrx_word' id='word_1_452' title='bbox 2804 2745 3016 2801; x_wconf 88' lang='lat' dir='ltr'><strong>educat.</strong></span> <span class='ocrx_word' id='word_1_453' title='bbox 3051 2745 3110 2801; x_wconf 88' lang='lat' dir='ltr'><strong>Si</strong></span> <span class='ocrx_word' id='word_1_454' title='bbox 3156 2761 3400 2817; x_wconf 60' lang='lat' dir='ltr'><strong>praesens</strong></span> <span class='ocrx_word' id='word_1_455' title='bbox 3427 2745 3528 2800; x_wconf 88' lang='lat' dir='ltr'><strong>vita</strong></span> <span class='ocrx_word' id='word_1_456' title='bbox 3558 2755 3604 2801; x_wconf 87' lang='lat' dir='ltr'><strong>te</strong></span> <span class='ocrx_word' id='word_1_457' title='bbox 3635 2743 3813 2805; x_wconf 76' lang='lat' dir='ltr'><strong>delectat.</strong></span> 
     </span>
    </p>
   </div>
   <div class='ocr_carea' id='block_1_59' title="bbox 2315 2833 3814 2915">
    <p class='ocr_par' dir='ltr' id='par_1_59' title="bbox 2315 2833 3814 2915">
     <span class='ocr_line' id='line_1_59' title="bbox 2315 2833 3814 2915; baseline -0.007 -23"><span class='ocrx_word' id='word_1_458' title='bbox 2315 2852 2502 2892; x_wconf 85' lang='lat' dir='ltr'><strong>aurem</strong></span> <span class='ocrx_word' id='word_1_459' title='bbox 2532 2847 2689 2893; x_wconf 82' lang='lat' dir='ltr'><strong>terrae</strong></span> <span class='ocrx_word' id='word_1_460' title='bbox 2730 2837 2965 2915; x_wconf 82' lang='lat' dir='ltr'><strong>allixisti.</strong></span> <span class='ocrx_word' id='word_1_461' title='bbox 2997 2837 3052 2893; x_wconf 90' lang='lat' dir='ltr'><strong>Si</strong></span> <span class='ocrx_word' id='word_1_462' title='bbox 3097 2838 3203 2893; x_wconf 89' lang='lat' dir='ltr'><strong>tuis</strong></span> <span class='ocrx_word' id='word_1_463' title='bbox 3251 2837 3540 2908; x_wconf 78' lang='lat' dir='ltr'><strong>przeteritis</strong></span> <span class='ocrx_word' id='word_1_464' title='bbox 3587 2833 3814 2893; x_wconf 78' lang='lat' dir='ltr'><strong>delectaris,</strong></span> 
     </span>
    </p>
   </div>
   <div class='ocr_carea' id='block_1_60' title="bbox 2314 2925 3816 3000">
    <p class='ocr_par' dir='ltr' id='par_1_60' title="bbox 2314 2925 3816 3000">
     <span class='ocr_line' id='line_1_60' title="bbox 2314 2925 3816 3000; baseline -0.007 -16"><span class='ocrx_word' id='word_1_465' title='bbox 2314 2943 2421 3000; x_wconf 92' lang='lat' dir='ltr'><strong>quo</strong></span> <span class='ocrx_word' id='word_1_466' title='bbox 2444 2928 2558 2998; x_wconf 89' lang='lat' dir='ltr'><strong>jam</strong></span> <span class='ocrx_word' id='word_1_467' title='bbox 2587 2938 2794 2999; x_wconf 84' lang='lat' dir='ltr'><strong>tergum</strong></span> <span class='ocrx_word' id='word_1_468' title='bbox 2826 2943 3026 2998; x_wconf 91' lang='lat' dir='ltr'><strong>ponere</strong></span> <span class='ocrx_word' id='word_1_469' title='bbox 3046 2937 3278 2999; x_wconf 89' lang='lat' dir='ltr'><strong>oportet,</strong></span> <span class='ocrx_word' id='word_1_470' title='bbox 3305 2936 3367 2983; x_wconf 91' lang='lat' dir='ltr'><strong>ut</strong></span> <span class='ocrx_word' id='word_1_471' title='bbox 3391 2943 3453 2983; x_wconf 86' lang='lat' dir='ltr'><strong>ea</strong></span> <span class='ocrx_word' id='word_1_472' title='bbox 3474 2943 3584 2998; x_wconf 74' lang='lat' dir='ltr'><strong>qua:</strong></span> <span class='ocrx_word' id='word_1_473' title='bbox 3603 2925 3726 2980; x_wconf 89' lang='lat' dir='ltr'><strong>nobis</strong></span> <span class='ocrx_word' id='word_1_474' title='bbox 3742 2937 3816 2990; x_wconf 65' lang='lat' dir='ltr'><strong>pro</strong></span> 
     </span>
    </p>
   </div>
   <div class='ocr_carea' id='block_1_61' title="bbox 2314 3013 3814 3086">
    <p class='ocr_par' dir='ltr' id='par_1_61' title="bbox 2314 3013 3814 3086">
     <span class='ocr_line' id='line_1_61' title="bbox 2314 3013 3814 3086; baseline -0.007 -11"><span class='ocrx_word' id='word_1_475' title='bbox 2314 3021 2604 3075; x_wconf 89' lang='lat' dir='ltr'><strong>mittuntur</strong></span> <span class='ocrx_word' id='word_1_476' title='bbox 2634 3019 2900 3086; x_wconf 89' lang='lat' dir='ltr'><strong>indamus,</strong></span> <span class='ocrx_word' id='word_1_477' title='bbox 2951 3035 3138 3075; x_wconf 90' lang='lat' dir='ltr'><strong>aurem</strong></span> <span class='ocrx_word' id='word_1_478' title='bbox 3166 3021 3230 3076; x_wconf 88' lang='lat' dir='ltr'><strong>de</strong></span> <span class='ocrx_word' id='word_1_479' title='bbox 3269 3021 3448 3076; x_wconf 83' lang='lat' dir='ltr'><strong>cauda</strong></span> <span class='ocrx_word' id='word_1_480' title='bbox 3489 3013 3814 3075; x_wconf 79' lang='lat' dir='ltr'><strong>obturasti.Sa-</strong></span> 
     </span>
    </p>
   </div>
   <div class='ocr_carea' id='block_1_62' title="bbox 2312 3109 3815 3181">
    <p class='ocr_par' dir='ltr' id='par_1_62' title="bbox 2312 3109 3815 3181">
     <span class='ocr_line' id='line_1_62' title="bbox 2312 3109 3815 3181; baseline -0.003 -17"><span class='ocrx_word' id='word_1_481' title='bbox 2312 3110 2526 3180; x_wconf 90' lang='lat' dir='ltr'><strong>picnter</strong></span> <span class='ocrx_word' id='word_1_482' title='bbox 2552 3109 2862 3180; x_wconf 88' lang='lat' dir='ltr'><strong>Stephanus</strong></span> <span class='ocrx_word' id='word_1_483' title='bbox 2899 3110 3235 3176; x_wconf 88' lang='lat' dir='ltr'><strong>incantabat,</strong></span> <span class='ocrx_word' id='word_1_484' title='bbox 3283 3110 3415 3181; x_wconf 86' lang='lat' dir='ltr'><strong>quia</strong></span> <span class='ocrx_word' id='word_1_485' title='bbox 3462 3109 3617 3166; x_wconf 64' lang='lat' dir='ltr'><strong>Judaei</strong></span> <span class='ocrx_word' id='word_1_486' title='bbox 3651 3122 3733 3162; x_wconf 91' lang='lat' dir='ltr'><strong>non</strong></span> <span class='ocrx_word' id='word_1_487' title='bbox 3754 3118 3815 3172; x_wconf 79' lang='lat' dir='ltr'><strong>po-</strong></span> 
     </span>
    </p>
   </div>
   <div class='ocr_carea' id='block_1_63' title="bbox 2320 3201 3814 3277">
    <p class='ocr_par' dir='ltr' id='par_1_63' title="bbox 2320 3201 3814 3277">
     <span class='ocr_line' id='line_1_63' title="bbox 2320 3201 3814 3277; baseline -0.007 -19"><span class='ocrx_word' id='word_1_488' title='bbox 2320 3212 2500 3258; x_wconf 88' lang='lat' dir='ltr'><strong>terant</strong></span> <span class='ocrx_word' id='word_1_489' title='bbox 2530 3205 2784 3260; x_wconf 84' lang='lat' dir='ltr'><strong>resistere</strong></span> <span class='ocrx_word' id='word_1_490' title='bbox 2813 3204 3090 3275; x_wconf 68' lang='lat' dir='ltr'><strong>sapientia:</strong></span> <span class='ocrx_word' id='word_1_491' title='bbox 3115 3213 3169 3261; x_wconf 90' lang='lat' dir='ltr'><strong>et</strong></span> <span class='ocrx_word' id='word_1_492' title='bbox 3191 3204 3422 3276; x_wconf 88' lang='lat' dir='ltr'><strong>Spiritui</strong></span> <span class='ocrx_word' id='word_1_493' title='bbox 3445 3205 3529 3277; x_wconf 91' lang='lat' dir='ltr'><strong>qui</strong></span> <span class='ocrx_word' id='word_1_494' title='bbox 3559 3201 3814 3273; x_wconf 82' lang='lat' dir='ltr'><strong>loquebatur.</strong></span> 
     </span>
    </p>
   </div>
   <div class='ocr_carea' id='block_1_64' title="bbox 625 3293 2211 3372">
    <p class='ocr_par' dir='ltr' id='par_1_64' title="bbox 625 3293 2210 3372">
     <span class='ocr_line' id='line_1_64' title="bbox 625 3293 2210 3372; baseline 0.01 -25"><span class='ocrx_word' id='word_1_495' title='bbox 625 3293 801 3350; x_wconf 72' lang='lat' dir='ltr'><strong>cauda</strong></span> <span class='ocrx_word' id='word_1_496' title='bbox 821 3308 987 3351; x_wconf 90' lang='lat' dir='ltr'><strong>mors.</strong></span> <span class='ocrx_word' id='word_1_497' title='bbox 1012 3294 1078 3348; x_wconf 89' lang='lat' dir='ltr'><strong>Et</strong></span> <span class='ocrx_word' id='word_1_498' title='bbox 1105 3295 1207 3351; x_wconf 91' lang='lat' dir='ltr'><strong>hoc</strong></span> <span class='ocrx_word' id='word_1_499' title='bbox 1231 3295 1408 3353; x_wconf 81' lang='lat' dir='ltr'><strong>facitis</strong></span> <span class='ocrx_word' id='word_1_500' title='bbox 1430 3300 1483 3352; x_wconf 90' lang='lat' dir='ltr'><strong>in</strong></span> <span class='ocrx_word' id='word_1_501' title='bbox 1511 3309 1670 3367; x_wconf 86' lang='lat' dir='ltr'><strong>terra,</strong></span> <span class='ocrx_word' id='word_1_502' title='bbox 1699 3317 1817 3372; x_wconf 61' lang='lat' dir='ltr'><strong>qua;</strong></span> <span class='ocrx_word' id='word_1_503' title='bbox 1838 3304 1902 3358; x_wconf 90' lang='lat' dir='ltr'><strong>ad</strong></span> <span class='ocrx_word' id='word_1_504' title='bbox 1933 3304 2036 3360; x_wconf 91' lang='lat' dir='ltr'><strong>hoc</strong></span> <span class='ocrx_word' id='word_1_505' title='bbox 2057 3305 2210 3363; x_wconf 88' lang='lat' dir='ltr'><strong>vobis</strong></span> 
     </span>
    </p>
   </div>
   <div class='ocr_carea' id='block_1_65' title="bbox 2313 3293 3818 3372">
    <p class='ocr_par' dir='ltr' id='par_1_65' title="bbox 2316 3293 3818 3367">
     <span class='ocr_line' id='line_1_65' title="bbox 2316 3293 3818 3367; baseline -0.003 -17"><span class='ocrx_word' id='word_1_506' title='bbox 2316 3294 2421 3350; x_wconf 90' lang='lat' dir='ltr'><strong>Sed</strong></span> <span class='ocrx_word' id='word_1_507' title='bbox 2449 3303 2508 3350; x_wconf 89' lang='lat' dir='ltr'><strong>ut</strong></span> <span class='ocrx_word' id='word_1_508' title='bbox 2533 3294 2751 3366; x_wconf 89' lang='lat' dir='ltr'><strong>aspides</strong></span> <span class='ocrx_word' id='word_1_509' title='bbox 2775 3295 2923 3350; x_wconf 90' lang='lat' dir='ltr'><strong>surdi</strong></span> <span class='ocrx_word' id='word_1_510' title='bbox 2951 3303 3106 3350; x_wconf 89' lang='lat' dir='ltr'><strong>erant</strong></span> <span class='ocrx_word' id='word_1_511' title='bbox 3137 3293 3330 3362; x_wconf 68' lang='lat' dir='ltr'><strong>Judazi,</strong></span> <span class='ocrx_word' id='word_1_512' title='bbox 3364 3296 3488 3367; x_wconf 88' lang='lat' dir='ltr'><strong>quia</strong></span> <span class='ocrx_word' id='word_1_513' title='bbox 3515 3294 3818 3351; x_wconf 77' lang='lat' dir='ltr'><strong>obturaverunl</strong></span> 
     </span>
    </p>
   </div>
   <div class='ocr_carea' id='block_1_66' title="bbox 622 3384 2209 3464">
    <p class='ocr_par' dir='ltr' id='par_1_66' title="bbox 622 3384 2209 3464">
     <span class='ocr_line' id='line_1_66' title="bbox 622 3384 2209 3464; baseline 0.009 -27"><span class='ocrx_word' id='word_1_514' title='bbox 622 3384 748 3438; x_wconf 84' lang='lat' dir='ltr'><strong>data</strong></span> <span class='ocrx_word' id='word_1_515' title='bbox 772 3394 872 3449; x_wconf 88' lang='lat' dir='ltr'><strong>est,</strong></span> <span class='ocrx_word' id='word_1_516' title='bbox 905 3393 961 3441; x_wconf 89' lang='lat' dir='ltr'><strong>ut</strong></span> <span class='ocrx_word' id='word_1_517' title='bbox 990 3387 1295 3456; x_wconf 76' lang='lat' dir='ltr'><strong>:equitatetn</strong></span> <span class='ocrx_word' id='word_1_518' title='bbox 1324 3391 1572 3457; x_wconf 85' lang='lat' dir='ltr'><strong>servetis,</strong></span> <span class='ocrx_word' id='word_1_519' title='bbox 1607 3391 1712 3459; x_wconf 88' lang='lat' dir='ltr'><strong>vel,</strong></span> <span class='ocrx_word' id='word_1_520' title='bbox 1745 3394 1799 3448; x_wconf 90' lang='lat' dir='ltr'><strong>in</strong></span> <span class='ocrx_word' id='word_1_521' title='bbox 1825 3402 1986 3461; x_wconf 88' lang='lat' dir='ltr'><strong>terra,</strong></span> <span class='ocrx_word' id='word_1_522' title='bbox 2019 3396 2072 3452; x_wconf 91' lang='lat' dir='ltr'><strong>id</strong></span> <span class='ocrx_word' id='word_1_523' title='bbox 2103 3407 2209 3464; x_wconf 90' lang='lat' dir='ltr'><strong>est,</strong></span> 
     </span>
    </p>
   </div>
   <div class='ocr_carea' id='block_1_67' title="bbox 624 3476 2211 3554">
    <p class='ocr_par' dir='ltr' id='par_1_67' title="bbox 624 3476 2211 3554">
     <span class='ocr_line' id='line_1_67' title="bbox 624 3476 2211 3554; baseline 0.009 -24"><span class='ocrx_word' id='word_1_524' title='bbox 624 3478 679 3530; x_wconf 87' lang='lat' dir='ltr'><strong>iit</strong></span> <span class='ocrx_word' id='word_1_525' title='bbox 728 3479 960 3534; x_wconf 88' lang='lat' dir='ltr'><strong>terrenis</strong></span> <span class='ocrx_word' id='word_1_526' title='bbox 1012 3477 1403 3548; x_wconf 71' lang='lat' dir='ltr'><strong>affectionibus,</strong></span> <span class='ocrx_word' id='word_1_527' title='bbox 1449 3483 1501 3537; x_wconf 92' lang='lat' dir='ltr'><strong>in</strong></span> <span class='ocrx_word' id='word_1_528' title='bbox 1555 3476 1657 3551; x_wconf 83' lang='lat' dir='ltr'><strong>ira,</strong></span> <span class='ocrx_word' id='word_1_529' title='bbox 1699 3487 1844 3554; x_wconf 91' lang='lat' dir='ltr'><strong>odio,</strong></span> <span class='ocrx_word' id='word_1_530' title='bbox 1877 3487 2098 3554; x_wconf 87' lang='lat' dir='ltr'><strong>invidia,</strong></span> <span class='ocrx_word' id='word_1_531' title='bbox 2126 3490 2211 3546; x_wconf 84' lang='lat' dir='ltr'><strong>vel</strong></span> 
     </span>
    </p>
   </div>
   <div class='ocr_carea' id='block_1_68' title="bbox 625 3569 2211 3650">
    <p class='ocr_par' dir='ltr' id='par_1_68' title="bbox 625 3569 2211 3650">
     <span class='ocr_line' id='line_1_68' title="bbox 625 3569 2211 3650; baseline 0.008 -29"><span class='ocrx_word' id='word_1_532' title='bbox 625 3569 856 3627; x_wconf 87' lang='lat' dir='ltr'><strong>terrenis</strong></span> <span class='ocrx_word' id='word_1_533' title='bbox 881 3569 1065 3635; x_wconf 88' lang='lat' dir='ltr'><strong>dediti,</strong></span> <span class='ocrx_word' id='word_1_534' title='bbox 1098 3581 1151 3625; x_wconf 91' lang='lat' dir='ltr'><strong>et</strong></span> <span class='ocrx_word' id='word_1_535' title='bbox 1193 3588 1296 3626; x_wconf 93' lang='lat' dir='ltr'><strong>non</strong></span> <span class='ocrx_word' id='word_1_536' title='bbox 1327 3573 1520 3629; x_wconf 78' lang='lat' dir='ltr'><strong>sullicit</strong></span> <span class='ocrx_word' id='word_1_537' title='bbox 1558 3577 1707 3632; x_wconf 80' lang='lat' dir='ltr'><strong>vobis</strong></span> <span class='ocrx_word' id='word_1_538' title='bbox 1734 3577 1873 3632; x_wconf 88' lang='lat' dir='ltr'><strong>mala</strong></span> <span class='ocrx_word' id='word_1_539' title='bbox 1915 3580 2126 3650; x_wconf 89' lang='lat' dir='ltr'><strong>operari</strong></span> <span class='ocrx_word' id='word_1_540' title='bbox 2156 3581 2211 3634; x_wconf 84' lang='lat' dir='ltr'><strong>in</strong></span> 
     </span>
    </p>
   </div>
   <div class='ocr_carea' id='block_1_69' title="bbox 623 3658 2207 3740">
    <p class='ocr_par' dir='ltr' id='par_1_69' title="bbox 623 3658 2207 3740">
     <span class='ocr_line' id='line_1_69' title="bbox 623 3658 2207 3740; baseline 0.011 -31"><span class='ocrx_word' id='word_1_541' title='bbox 623 3658 799 3724; x_wconf 78' lang='lat' dir='ltr'><strong>corde,</strong></span> <span class='ocrx_word' id='word_1_542' title='bbox 831 3661 925 3714; x_wconf 88' lang='lat' dir='ltr'><strong>sed</strong></span> <span class='ocrx_word' id='word_1_543' title='bbox 953 3661 1206 3730; x_wconf 66' lang='lat' dir='ltr'><strong>praebetis</strong></span> <span class='ocrx_word' id='word_1_544' title='bbox 1235 3666 1472 3719; x_wconf 88' lang='lat' dir='ltr'><strong>membra</strong></span> <span class='ocrx_word' id='word_1_545' title='bbox 1507 3676 1684 3722; x_wconf 90' lang='lat' dir='ltr'><strong>vestra</strong></span> <span class='ocrx_word' id='word_1_546' title='bbox 1715 3683 1863 3724; x_wconf 88' lang='lat' dir='ltr'><strong>arma</strong></span> <span class='ocrx_word' id='word_1_547' title='bbox 1888 3670 2207 3740; x_wconf 86' lang='lat' dir='ltr'><strong>iniquitatis.</strong></span> 
     </span>
    </p>
   </div>
   <div class='ocr_carea' id='block_1_70' title="bbox 625 3748 2209 3834">
    <p class='ocr_par' dir='ltr' id='par_1_70' title="bbox 625 3748 2209 3834">
     <span class='ocr_line' id='line_1_70' title="bbox 625 3748 2209 3834; baseline 0.011 -33"><span class='ocrx_word' id='word_1_548' title='bbox 625 3748 928 3821; x_wconf 79' lang='lat' dir='ltr'><strong>lnjttstitias</strong></span> <span class='ocrx_word' id='word_1_549' title='bbox 952 3768 1141 3808; x_wconf 82' lang='lat' dir='ltr'><strong>manus</strong></span> <span class='ocrx_word' id='word_1_550' title='bbox 1154 3764 1321 3809; x_wconf 75' lang='lat' dir='ltr'><strong>uestra</strong></span> <span class='ocrx_word' id='word_1_551' title='bbox 1337 3757 1662 3824; x_wconf 80' lang='lat' dir='ltr'><strong>concinnant,</strong></span> <span class='ocrx_word' id='word_1_552' title='bbox 1690 3760 1742 3816; x_wconf 90' lang='lat' dir='ltr'><strong>id</strong></span> <span class='ocrx_word' id='word_1_553' title='bbox 1759 3760 2021 3826; x_wconf 82' lang='lat' dir='ltr'><strong>est,&#39;mala</strong></span> <span class='ocrx_word' id='word_1_554' title='bbox 2044 3777 2209 3834; x_wconf 88' lang='lat' dir='ltr'><strong>opera</strong></span> 
     </span>
    </p>
   </div>
   <div class='ocr_carea' id='block_1_71' title="bbox 619 3838 2211 3920">
    <p class='ocr_par' dir='ltr' id='par_1_71' title="bbox 619 3838 2211 3920">
     <span class='ocr_line' id='line_1_71' title="bbox 619 3838 2211 3920; baseline 0.01 -27"><span class='ocrx_word' id='word_1_555' title='bbox 619 3838 965 3900; x_wconf 66' lang='lat' dir='ltr'><strong>continuant.</strong></span> <span class='ocrx_word' id='word_1_556' title='bbox 993 3840 1108 3898; x_wconf 84' lang='lat' dir='ltr'><strong>Non</strong></span> <span class='ocrx_word' id='word_1_557' title='bbox 1135 3845 1278 3899; x_wconf 92' lang='lat' dir='ltr'><strong>enim</strong></span> <span class='ocrx_word' id='word_1_558' title='bbox 1305 3846 1618 3917; x_wconf 88' lang='lat' dir='ltr'><strong>resipiscitis</strong></span> <span class='ocrx_word' id='word_1_559' title='bbox 1639 3864 1668 3903; x_wconf 91' lang='lat' dir='ltr'><strong>a</strong></span> <span class='ocrx_word' id='word_1_560' title='bbox 1694 3851 1948 3920; x_wconf 88' lang='lat' dir='ltr'><strong>peccatis.</strong></span> <span class='ocrx_word' id='word_1_561' title='bbox 1978 3851 2104 3909; x_wconf 68' lang='lat' dir='ltr'><strong>llaac</strong></span> <span class='ocrx_word' id='word_1_562' title='bbox 2127 3861 2211 3908; x_wconf 89' lang='lat' dir='ltr'><strong>est</strong></span> 
     </span>
    </p>
   </div>
   <div class='ocr_carea' id='block_1_72' title="bbox 584 3931 2208 4010">
    <p class='ocr_par' dir='ltr' id='par_1_72' title="bbox 584 3931 2208 4010">
     <span class='ocr_line' id='line_1_72' title="bbox 584 3931 2208 4010; baseline 0.01 -25"><span class='ocrx_word' id='word_1_563' title='bbox 584 3931 970 3994; x_wconf 50' lang='lat' dir='ltr'><strong>colei-uallo</strong></span> <span class='ocrx_word' id='word_1_564' title='bbox 1002 3936 1230 4005; x_wconf 88' lang='lat' dir='ltr'><strong>peccati.</strong></span> <span class='ocrx_word' id='word_1_565' title='bbox 1267 3937 1415 3993; x_wconf 86' lang='lat' dir='ltr'><strong>Fecit</strong></span> <span class='ocrx_word' id='word_1_566' title='bbox 1450 3941 1572 4010; x_wconf 92' lang='lat' dir='ltr'><strong>quis</strong></span> <span class='ocrx_word' id='word_1_567' title='bbox 1607 3941 1966 3999; x_wconf 89' lang='lat' dir='ltr'><strong>adulterium?</strong></span> <span class='ocrx_word' id='word_1_568' title='bbox 2014 3945 2208 4003; x_wconf 88' lang='lat' dir='ltr'><strong>timens</strong></span> 
     </span>
    </p>
   </div>
   <div class='ocr_carea' id='block_1_73' title="bbox 556 4021 2208 4108">
    <p class='ocr_par' dir='ltr' id='par_1_73' title="bbox 556 4021 2208 4108">
     <span class='ocr_line' id='line_1_73' title="bbox 556 4021 2208 4108; baseline 0.009 -32"><span class='ocrx_word' id='word_1_569' title='bbox 556 4042 561 4046; x_wconf 91' lang='grc'>·</span> <span class='ocrx_word' id='word_1_570' title='bbox 623 4021 925 4097; x_wconf 47' lang='lat' dir='ltr'><strong>pro“.</strong></span> <span class='ocrx_word' id='word_1_571' title='bbox 947 4024 1220 4084; x_wconf 78' lang='lat' dir='ltr'><strong>Interfecit</strong></span> <span class='ocrx_word' id='word_1_572' title='bbox 1243 4029 1399 4100; x_wconf 89' lang='lat' dir='ltr'><strong>hujus</strong></span> <span class='ocrx_word' id='word_1_573' title='bbox 1417 4033 1492 4086; x_wconf 91' lang='lat' dir='ltr'><strong>rei</strong></span> <span class='ocrx_word' id='word_1_574' title='bbox 1517 4043 1844 4104; x_wconf 88' lang='lat' dir='ltr'><strong>suspectum.</strong></span> <span class='ocrx_word' id='word_1_575' title='bbox 1865 4034 2028 4090; x_wconf 85' lang='lat' dir='ltr'><strong>Forte</strong></span> <span class='ocrx_word' id='word_1_576' title='bbox 2048 4036 2208 4108; x_wconf 87' lang='lat' dir='ltr'><strong>hujus</strong></span> 
     </span>
    </p>
   </div>
   <div class='ocr_carea' id='block_1_74' title="bbox 625 4111 2209 4196">
    <p class='ocr_par' dir='ltr' id='par_1_74' title="bbox 625 4111 2209 4196">
     <span class='ocr_line' id='line_1_74' title="bbox 625 4111 2209 4196; baseline 0.01 -28"><span class='ocrx_word' id='word_1_577' title='bbox 625 4111 792 4169; x_wconf 75' lang='lat' dir='ltr'><strong>caulis</strong></span> <span class='ocrx_word' id='word_1_578' title='bbox 819 4114 942 4184; x_wconf 59' lang='grc' dir='ltr'><strong>μὴ</strong></span> <span class='ocrx_word' id='word_1_579' title='bbox 977 4117 1226 4174; x_wconf 85' lang='lat' dir='ltr'><strong>conscius</strong></span> <span class='ocrx_word' id='word_1_580' title='bbox 1249 4117 1384 4174; x_wconf 78' lang='lat' dir='ltr'><strong>fuit?</strong></span> <span class='ocrx_word' id='word_1_581' title='bbox 1411 4121 1556 4177; x_wconf 89' lang='lat' dir='ltr'><strong>illum</strong></span> <span class='ocrx_word' id='word_1_582' title='bbox 1581 4139 1794 4196; x_wconf 88' lang='lat' dir='ltr'><strong>quoque</strong></span> <span class='ocrx_word' id='word_1_583' title='bbox 1825 4126 2094 4196; x_wconf 86' lang='lat' dir='ltr'><strong>perimere</strong></span> <span class='ocrx_word' id='word_1_584' title='bbox 2115 4142 2209 4184; x_wconf 84' lang='lat' dir='ltr'><strong>co-</strong></span> 
     </span>
    </p>
   </div>
   <div class='ocr_carea' id='block_1_75' title="bbox 621 4206 2208 4291">
    <p class='ocr_par' dir='ltr' id='par_1_75' title="bbox 621 4206 2208 4291">
     <span class='ocr_line' id='line_1_75' title="bbox 621 4206 2208 4291; baseline 0.011 -31"><span class='ocrx_word' id='word_1_585' title='bbox 621 4206 828 4280; x_wconf 73' lang='lat' dir='ltr'><strong>gitavit.</strong></span> <span class='ocrx_word' id='word_1_586' title='bbox 859 4216 1048 4270; x_wconf 78' lang='lat' dir='ltr'><strong>etnon</strong></span> <span class='ocrx_word' id='word_1_587' title='bbox 1078 4213 1334 4282; x_wconf 82' lang='lat' dir='ltr'><strong>cogitavit</strong></span> <span class='ocrx_word' id='word_1_588' title='bbox 1380 4225 1438 4268; x_wconf 95' lang='lat' dir='ltr'><strong>ut</strong></span> <span class='ocrx_word' id='word_1_589' title='bbox 1490 4229 1549 4270; x_wconf 91' lang='lat' dir='ltr'><strong>se</strong></span> <span class='ocrx_word' id='word_1_590' title='bbox 1596 4217 1885 4274; x_wconf 86' lang='lat' dir='ltr'><strong>redimeret</strong></span> <span class='ocrx_word' id='word_1_591' title='bbox 1938 4235 1967 4273; x_wconf 89' lang='lat' dir='ltr'><strong>a</strong></span> <span class='ocrx_word' id='word_1_592' title='bbox 2000 4219 2208 4291; x_wconf 88' lang='lat' dir='ltr'><strong>laqueis</strong></span> 
     </span>
    </p>
   </div>
   <div class='ocr_carea' id='block_1_76' title="bbox 623 4295 2208 4381">
    <p class='ocr_par' dir='ltr' id='par_1_76' title="bbox 623 4295 2208 4381">
     <span class='ocr_line' id='line_1_76' title="bbox 623 4295 2208 4381; baseline 0.012 -33"><span class='ocrx_word' id='word_1_593' title='bbox 623 4295 850 4352; x_wconf 89' lang='lat' dir='ltr'><strong>initnici.</strong></span> <span class='ocrx_word' id='word_1_594' title='bbox 873 4296 1027 4355; x_wconf 87' lang='lat' dir='ltr'><strong>Unde</strong></span> <span class='ocrx_word' id='word_1_595' title='bbox 1052 4299 1218 4356; x_wconf 83' lang='lat' dir='ltr'><strong>Isaias</strong></span> <span class='ocrx_word' id='word_1_596' title='bbox 1249 4320 1261 4355; x_wconf 92' lang='lat'>:</span> <span class='ocrx_word' id='word_1_597' title='bbox 1287 4303 1380 4358; x_wconf 73' lang='lat' dir='ltr'><strong>Va:</strong></span> <span class='ocrx_word' id='word_1_598' title='bbox 1403 4304 1507 4359; x_wconf 89' lang='lat' dir='ltr'><strong>illis</strong></span> <span class='ocrx_word' id='word_1_599' title='bbox 1527 4307 1618 4375; x_wconf 93' lang='lat' dir='ltr'><strong>qui</strong></span> <span class='ocrx_word' id='word_1_600' title='bbox 1647 4309 1866 4362; x_wconf 89' lang='lat' dir='ltr'><strong>trahunt</strong></span> <span class='ocrx_word' id='word_1_601' title='bbox 1896 4309 2208 4381; x_wconf 91' lang='lat' dir='ltr'><strong>iniquitates</strong></span> 
     </span>
    </p>
   </div>
   <div class='ocr_carea' id='block_1_77' title="bbox 616 4390 2206 4468">
    <p class='ocr_par' dir='ltr' id='par_1_77' title="bbox 616 4390 2206 4468">
     <span class='ocr_line' id='line_1_77' title="bbox 616 4390 2206 4468; baseline 0.011 -27"><span class='ocrx_word' id='word_1_602' title='bbox 616 4400 748 4442; x_wconf 78' lang='lat' dir='ltr'><strong>suas</strong></span> <span class='ocrx_word' id='word_1_603' title='bbox 779 4396 838 4442; x_wconf 89' lang='lat' dir='ltr'><strong>ut</strong></span> <span class='ocrx_word' id='word_1_604' title='bbox 864 4390 1048 4444; x_wconf 85' lang='lat' dir='ltr'><strong>restim</strong></span> <span class='ocrx_word' id='word_1_605' title='bbox 1067 4391 1286 4463; x_wconf 79' lang='lat' dir='ltr'><strong>longam</strong></span> <span class='ocrx_word' id='word_1_606' title='bbox 1311 4393 1445 4464; x_wconf 84' lang='lat' dir='ltr'><strong>(lsa.</strong></span> <span class='ocrx_word' id='word_1_607' title='bbox 1474 4395 1548 4468; x_wconf 92' lang='lat' dir='ltr'><strong>v).</strong></span> <span class='ocrx_word' id='word_1_608' title='bbox 1569 4396 1733 4464; x_wconf 88' lang='lat' dir='ltr'><strong>Quasi</strong></span> <span class='ocrx_word' id='word_1_609' title='bbox 1764 4397 1908 4454; x_wconf 89' lang='lat' dir='ltr'><strong>dicat</strong></span> <span class='ocrx_word' id='word_1_610' title='bbox 1935 4418 1947 4454; x_wconf 90' lang='lat'><strong>:</strong></span> <span class='ocrx_word' id='word_1_611' title='bbox 1980 4401 2044 4456; x_wconf 89' lang='lat' dir='ltr'><strong>Et</strong></span> <span class='ocrx_word' id='word_1_612' title='bbox 2065 4401 2206 4458; x_wconf 89' lang='lat' dir='ltr'><strong>unde</strong></span> 
     </span>
    </p>
   </div>
   <div class='ocr_carea' id='block_1_78' title="bbox 605 4475 2207 4559">
    <p class='ocr_par' dir='ltr' id='par_1_78' title="bbox 605 4475 2207 4559">
     <span class='ocr_line' id='line_1_78' title="bbox 605 4475 2207 4559; baseline 0.007 -25"><span class='ocrx_word' id='word_1_613' title='bbox 605 4475 730 4535; x_wconf 67' lang='lat' dir='ltr'><strong>illis</strong></span> <span class='ocrx_word' id='word_1_614' title='bbox 750 4479 966 4535; x_wconf 84' lang='lat' dir='ltr'><strong>miseris</strong></span> <span class='ocrx_word' id='word_1_615' title='bbox 990 4490 1136 4538; x_wconf 90' lang='lat' dir='ltr'><strong>tanta</strong></span> <span class='ocrx_word' id='word_1_616' title='bbox 1156 4485 1488 4540; x_wconf 74' lang='lat' dir='ltr'><strong>exczecatio?</strong></span> <span class='ocrx_word' id='word_1_617' title='bbox 1516 4485 1743 4541; x_wconf 81' lang='lat' dir='ltr'><strong>Alienati</strong></span> <span class='ocrx_word' id='word_1_618' title='bbox 1765 4498 1885 4543; x_wconf 79' lang='lat' dir='ltr'><strong>sunt</strong></span> <span class='ocrx_word' id='word_1_619' title='bbox 1913 4500 2207 4559; x_wconf 81' lang='lat' dir='ltr'><strong>peccatores</strong></span> 
     </span>
    </p>
   </div>
   <div class='ocr_carea' id='block_1_79' title="bbox 619 4566 2204 4650">
    <p class='ocr_par' dir='ltr' id='par_1_79' title="bbox 619 4566 2204 4650">
     <span class='ocr_line' id='line_1_79' title="bbox 619 4566 2204 4650; baseline 0.009 -28"><span class='ocrx_word' id='word_1_620' title='bbox 619 4582 656 4622; x_wconf 76' lang='lat' dir='ltr'><strong>tt</strong></span> <span class='ocrx_word' id='word_1_621' title='bbox 677 4566 858 4627; x_wconf 58' lang='lat' dir='ltr'><strong>ulva.</strong></span> <span class='ocrx_word' id='word_1_622' title='bbox 890 4567 1302 4641; x_wconf 43' lang='lat' dir='ltr'><strong>Peccatorayid</strong></span> <span class='ocrx_word' id='word_1_623' title='bbox 1327 4583 1427 4640; x_wconf 91' lang='lat' dir='ltr'><strong>est,</strong></span> <span class='ocrx_word' id='word_1_624' title='bbox 1468 4576 1597 4647; x_wconf 85' lang='lat' dir='ltr'><strong>legis</strong></span> <span class='ocrx_word' id='word_1_625' title='bbox 1624 4577 1719 4632; x_wconf 91' lang='lat' dir='ltr'><strong>Dei</strong></span> <span class='ocrx_word' id='word_1_626' title='bbox 1760 4586 2204 4650; x_wconf 85' lang='lat' dir='ltr'><strong>transgressores,</strong></span> 
     </span>
    </p>
   </div>
   <div class='ocr_carea' id='block_1_80' title="bbox 2313 3383 3816 3457">
    <p class='ocr_par' dir='ltr' id='par_1_80' title="bbox 2313 3383 3816 3457">
     <span class='ocr_line' id='line_1_80' title="bbox 2313 3383 3816 3457; baseline -0.005 -16"><span class='ocrx_word' id='word_1_627' title='bbox 2313 3403 2466 3441; x_wconf 71' lang='lat' dir='ltr'><strong>aures</strong></span> <span class='ocrx_word' id='word_1_628' title='bbox 2493 3403 2636 3451; x_wconf 76' lang='lat' dir='ltr'><strong>suos,</strong></span> <span class='ocrx_word' id='word_1_629' title='bbox 2665 3395 2741 3441; x_wconf 84' lang='lat' dir='ltr'><strong>.et</strong></span> <span class='ocrx_word' id='word_1_630' title='bbox 2776 3386 3022 3457; x_wconf 86' lang='lat' dir='ltr'><strong>impetum</strong></span> <span class='ocrx_word' id='word_1_631' title='bbox 3062 3387 3294 3457; x_wconf 80' lang='lat' dir='ltr'><strong>fecerunt</strong></span> <span class='ocrx_word' id='word_1_632' title='bbox 3344 3387 3644 3442; x_wconf 87' lang='lat' dir='ltr'><strong>unanimiter</strong></span> <span class='ocrx_word' id='word_1_633' title='bbox 3667 3383 3710 3436; x_wconf 82' lang='lat' dir='ltr'><strong>in</strong></span> <span class='ocrx_word' id='word_1_634' title='bbox 3742 3394 3816 3433; x_wconf 75' lang='lat' dir='ltr'><strong>cum</strong></span> 
     </span>
    </p>
   </div>
   <div class='ocr_carea' id='block_1_81' title="bbox 2315 3474 3818 3552">
    <p class='ocr_par' dir='ltr' id='par_1_81' title="bbox 2315 3474 3818 3552">
     <span class='ocr_line' id='line_1_81' title="bbox 2315 3474 3818 3552; baseline -0.005 -21"><span class='ocrx_word' id='word_1_635' title='bbox 2315 3479 2455 3551; x_wconf 80' lang='lat' dir='ltr'><strong>(Act.</strong></span> <span class='ocrx_word' id='word_1_636' title='bbox 2485 3481 2562 3552; x_wconf 91' lang='lat'><strong>7).</strong></span> <span class='ocrx_word' id='word_1_637' title='bbox 2593 3479 2851 3552; x_wconf 87' lang='lat' dir='ltr'><strong>Quamvis</strong></span> <span class='ocrx_word' id='word_1_638' title='bbox 2875 3481 3133 3536; x_wconf 86' lang='lat' dir='ltr'><strong>obturcnt</strong></span> <span class='ocrx_word' id='word_1_639' title='bbox 3161 3494 3342 3547; x_wconf 85' lang='lat' dir='ltr'><strong>aures,</strong></span> <span class='ocrx_word' id='word_1_640' title='bbox 3373 3493 3662 3550; x_wconf 90' lang='lat' dir='ltr'><strong>quanquam</strong></span> <span class='ocrx_word' id='word_1_641' title='bbox 3685 3474 3818 3528; x_wconf 79' lang='lat' dir='ltr'><strong>verita-</strong></span> 
     </span>
    </p>
   </div>
   <div class='ocr_carea' id='block_1_82' title="bbox 2314 3568 3832 3642">
    <p class='ocr_par' dir='ltr' id='par_1_82' title="bbox 2314 3568 3832 3642">
     <span class='ocr_line' id='line_1_82' title="bbox 2314 3568 3832 3642; baseline -0.009 -17"><span class='ocrx_word' id='word_1_642' title='bbox 2314 3579 2420 3626; x_wconf 90' lang='lat' dir='ltr'><strong>tem</strong></span> <span class='ocrx_word' id='word_1_643' title='bbox 2454 3571 2518 3642; x_wconf 84' lang='lat' dir='ltr'><strong>in</strong></span> <span class='ocrx_word' id='word_1_644' title='bbox 2539 3569 2661 3626; x_wconf 93' lang='lat' dir='ltr'><strong>dolo</strong></span> <span class='ocrx_word' id='word_1_645' title='bbox 2694 3570 3004 3641; x_wconf 89' lang='lat' dir='ltr'><strong>loquantur,</strong></span> <span class='ocrx_word' id='word_1_646' title='bbox 3049 3579 3230 3628; x_wconf 90' lang='lat' dir='ltr'><strong>tamen</strong></span> <span class='ocrx_word' id='word_1_647' title='bbox 3271 3571 3418 3627; x_wconf 78' lang='lat' dir='ltr'><strong>Deus</strong></span> <span class='ocrx_word' id='word_1_648' title='bbox 3460 3578 3665 3626; x_wconf 81' lang='lat' dir='ltr'><strong>conteret</strong></span> <span class='ocrx_word' id='word_1_649' title='bbox 3700 3568 3832 3619; x_wconf 72' lang='lat' dir='ltr'><strong>deum</strong></span> 
     </span>
    </p>
   </div>
   <div class='ocr_carea' id='block_1_83' title="bbox 2311 3658 3820 3734">
    <p class='ocr_par' dir='ltr' id='par_1_83' title="bbox 2311 3658 3820 3734">
     <span class='ocr_line' id='line_1_83' title="bbox 2311 3658 3820 3734; baseline -0.004 -19"><span class='ocrx_word' id='word_1_650' title='bbox 2311 3677 2492 3717; x_wconf 88' lang='lat' dir='ltr'><strong>eorum</strong></span> <span class='ocrx_word' id='word_1_651' title='bbox 2513 3664 2568 3718; x_wconf 88' lang='lat' dir='ltr'><strong>in</strong></span> <span class='ocrx_word' id='word_1_652' title='bbox 2598 3679 2686 3717; x_wconf 87' lang='lat' dir='ltr'><strong>ore</strong></span> <span class='ocrx_word' id='word_1_653' title='bbox 2714 3664 2967 3734; x_wconf 78' lang='lat' dir='ltr'><strong>ipsorum,</strong></span> <span class='ocrx_word' id='word_1_654' title='bbox 2996 3663 3047 3720; x_wconf 92' lang='lat' dir='ltr'><strong>id</strong></span> <span class='ocrx_word' id='word_1_655' title='bbox 3087 3673 3193 3732; x_wconf 88' lang='lat' dir='ltr'><strong>est,</strong></span> <span class='ocrx_word' id='word_1_656' title='bbox 3217 3664 3483 3720; x_wconf 89' lang='lat' dir='ltr'><strong>maledica</strong></span> <span class='ocrx_word' id='word_1_657' title='bbox 3503 3662 3668 3727; x_wconf 85' lang='lat' dir='ltr'><strong>verba,</strong></span> <span class='ocrx_word' id='word_1_658' title='bbox 3688 3658 3820 3730; x_wconf 78' lang='lat' dir='ltr'><strong>quitus</strong></span> 
     </span>
    </p>
   </div>
   <div class='ocr_carea' id='block_1_84' title="bbox 2315 3745 3820 3826">
    <p class='ocr_par' dir='ltr' id='par_1_84' title="bbox 2315 3745 3820 3826">
     <span class='ocr_line' id='line_1_84' title="bbox 2315 3745 3820 3826; baseline -0.003 -19"><span class='ocrx_word' id='word_1_659' title='bbox 2315 3753 2557 3811; x_wconf 89' lang='lat' dir='ltr'><strong>lacerare</strong></span> <span class='ocrx_word' id='word_1_660' title='bbox 2579 3753 2826 3810; x_wconf 90' lang='lat' dir='ltr'><strong>nituntur</strong></span> <span class='ocrx_word' id='word_1_661' title='bbox 2845 3763 3007 3826; x_wconf 88' lang='lat' dir='ltr'><strong>caput</strong></span> <span class='ocrx_word' id='word_1_662' title='bbox 3032 3763 3090 3811; x_wconf 87' lang='lat' dir='ltr'><strong>et</strong></span> <span class='ocrx_word' id='word_1_663' title='bbox 3115 3755 3381 3822; x_wconf 89' lang='lat' dir='ltr'><strong>membra,</strong></span> <span class='ocrx_word' id='word_1_664' title='bbox 3409 3755 3639 3812; x_wconf 89' lang='lat' dir='ltr'><strong>destruet</strong></span> <span class='ocrx_word' id='word_1_665' title='bbox 3655 3745 3820 3821; x_wconf 79' lang='lat' dir='ltr'><strong>propriis</strong></span> 
     </span>
    </p>
   </div>
   <div class='ocr_carea' id='block_1_85' title="bbox 2311 3840 3818 3920">
    <p class='ocr_par' dir='ltr' id='par_1_85' title="bbox 2311 3840 3818 3920">
     <span class='ocr_line' id='line_1_85' title="bbox 2311 3840 3818 3920; baseline -0.008 -17"><span class='ocrx_word' id='word_1_666' title='bbox 2311 3847 2651 3904; x_wconf 89' lang='lat' dir='ltr'><strong>sermonibus</strong></span> <span class='ocrx_word' id='word_1_667' title='bbox 2687 3856 2742 3904; x_wconf 88' lang='lat' dir='ltr'><strong>et</strong></span> <span class='ocrx_word' id='word_1_668' title='bbox 2770 3847 3006 3920; x_wconf 88' lang='lat' dir='ltr'><strong>propriis</strong></span> <span class='ocrx_word' id='word_1_669' title='bbox 3031 3849 3211 3906; x_wconf 87' lang='lat' dir='ltr'><strong>verbis</strong></span> <span class='ocrx_word' id='word_1_670' title='bbox 3235 3863 3429 3905; x_wconf 89' lang='lat' dir='ltr'><strong>eorum</strong></span> <span class='ocrx_word' id='word_1_671' title='bbox 3459 3866 3474 3904; x_wconf 87' lang='lat'>:</span> <span class='ocrx_word' id='word_1_672' title='bbox 3506 3856 3564 3904; x_wconf 90' lang='lat' dir='ltr'><strong>ut</strong></span> <span class='ocrx_word' id='word_1_673' title='bbox 3587 3860 3692 3902; x_wconf 87' lang='lat' dir='ltr'><strong>cum</strong></span> <span class='ocrx_word' id='word_1_674' title='bbox 3721 3840 3818 3895; x_wconf 75' lang='lat' dir='ltr'><strong>dixe-</strong></span> 
     </span>
    </p>
   </div>
   <div class='ocr_carea' id='block_1_86' title="bbox 2311 3931 3820 4008">
    <p class='ocr_par' dir='ltr' id='par_1_86' title="bbox 2311 3931 3820 4008">
     <span class='ocr_line' id='line_1_86' title="bbox 2311 3931 3820 4008; baseline -0.003 -18"><span class='ocrx_word' id='word_1_675' title='bbox 2311 3945 2465 3991; x_wconf 88' lang='lat' dir='ltr'><strong>runt:</strong></span> <span class='ocrx_word' id='word_1_676' title='bbox 2487 3935 2552 3990; x_wconf 86' lang='lat' dir='ltr'><strong>In</strong></span> <span class='ocrx_word' id='word_1_677' title='bbox 2573 3953 2678 4007; x_wconf 91' lang='lat' dir='ltr'><strong>qua</strong></span> <span class='ocrx_word' id='word_1_678' title='bbox 2697 3945 2951 4008; x_wconf 72' lang='lat' dir='ltr'><strong>potestate</strong></span> <span class='ocrx_word' id='word_1_679' title='bbox 2973 3938 3084 3992; x_wconf 79' lang='lat' dir='ltr'><strong>hcet:</strong></span> <span class='ocrx_word' id='word_1_680' title='bbox 3115 3937 3248 4008; x_wconf 69' lang='lat' dir='ltr'><strong>facit</strong></span> <span class='ocrx_word' id='word_1_681' title='bbox 3263 3938 3289 3992; x_wconf 82' lang='lat'><em>?</em></span> <span class='ocrx_word' id='word_1_682' title='bbox 3309 3947 3366 3994; x_wconf 90' lang='lat' dir='ltr'><strong>et</strong></span> <span class='ocrx_word' id='word_1_683' title='bbox 3388 3938 3633 3994; x_wconf 89' lang='lat' dir='ltr'><strong>Dominus</strong></span> <span class='ocrx_word' id='word_1_684' title='bbox 3655 3949 3667 3988; x_wconf 90' lang='lat'><strong>:</strong></span> <span class='ocrx_word' id='word_1_685' title='bbox 3694 3931 3744 3987; x_wconf 82' lang='lat' dir='ltr'><strong>Et</strong></span> <span class='ocrx_word' id='word_1_686' title='bbox 3761 3941 3820 3979; x_wconf 73' lang='lat' dir='ltr'><strong>Ws</strong></span> 
     </span>
    </p>
   </div>
   <div class='ocr_carea' id='block_1_87' title="bbox 2311 4027 3820 4101">
    <p class='ocr_par' dir='ltr' id='par_1_87' title="bbox 2311 4027 3820 4101">
     <span class='ocr_line' id='line_1_87' title="bbox 2311 4027 3820 4101; baseline -0.002 -19"><span class='ocrx_word' id='word_1_687' title='bbox 2311 4028 2632 4097; x_wconf 88' lang='lat' dir='ltr'><strong>respondete</strong></span> <span class='ocrx_word' id='word_1_688' title='bbox 2657 4027 2813 4095; x_wconf 88' lang='lat' dir='ltr'><strong>mihi,</strong></span> <span class='ocrx_word' id='word_1_689' title='bbox 2869 4027 3098 4085; x_wconf 80' lang='lat' dir='ltr'><strong>Joannis</strong></span> <span class='ocrx_word' id='word_1_690' title='bbox 3142 4030 3420 4101; x_wconf 88' lang='lat' dir='ltr'><strong>baptisma</strong></span> <span class='ocrx_word' id='word_1_691' title='bbox 3445 4030 3511 4088; x_wconf 85' lang='lat' dir='ltr'><strong>de</strong></span> <span class='ocrx_word' id='word_1_692' title='bbox 3536 4028 3660 4086; x_wconf 76' lang='lat' dir='ltr'><strong>ctelo</strong></span> <span class='ocrx_word' id='word_1_693' title='bbox 3681 4033 3758 4088; x_wconf 85' lang='lat' dir='ltr'><strong>est,</strong></span> <span class='ocrx_word' id='word_1_694' title='bbox 3777 4035 3820 4074; x_wconf 81' lang='lat' dir='ltr'><strong>an</strong></span> 
     </span>
    </p>
   </div>
   <div class='ocr_carea' id='block_1_88' title="bbox 2311 4115 3820 4194">
    <p class='ocr_par' dir='ltr' id='par_1_88' title="bbox 2311 4115 3820 4194">
     <span class='ocr_line' id='line_1_88' title="bbox 2311 4115 3820 4194; baseline -0.002 -18"><span class='ocrx_word' id='word_1_695' title='bbox 2311 4135 2376 4176; x_wconf 86' lang='lat' dir='ltr'><strong>ex</strong></span> <span class='ocrx_word' id='word_1_696' title='bbox 2391 4120 2699 4176; x_wconf 91' lang='lat' dir='ltr'><strong>hominibus</strong></span> <span class='ocrx_word' id='word_1_697' title='bbox 2747 4120 2964 4192; x_wconf 75' lang='lat' dir='ltr'><strong>(Matth.</strong></span> <span class='ocrx_word' id='word_1_698' title='bbox 2981 4121 3119 4194; x_wconf 82' lang='lat' dir='ltr'><strong>xxi.)</strong></span> <span class='ocrx_word' id='word_1_699' title='bbox 3136 4121 3194 4177; x_wconf 87' lang='lat' dir='ltr'><strong>Si</strong></span> <span class='ocrx_word' id='word_1_700' title='bbox 3217 4122 3480 4188; x_wconf 89' lang='lat' dir='ltr'><strong>dicerent,</strong></span> <span class='ocrx_word' id='word_1_701' title='bbox 3498 4138 3558 4178; x_wconf 86' lang='lat' dir='ltr'><strong>ex</strong></span> <span class='ocrx_word' id='word_1_702' title='bbox 3575 4115 3820 4178; x_wconf 60' lang='lat' dir='ltr'><strong>hominibus,</strong></span> 
     </span>
    </p>
   </div>
   <div class='ocr_carea' id='block_1_89' title="bbox 2311 4207 3820 4283">
    <p class='ocr_par' dir='ltr' id='par_1_89' title="bbox 2311 4207 3820 4283">
     <span class='ocr_line' id='line_1_89' title="bbox 2311 4207 3820 4283; baseline -0.002 -17"><span class='ocrx_word' id='word_1_703' title='bbox 2311 4211 2572 4268; x_wconf 85' lang='lat' dir='ltr'><strong>timebant</strong></span> <span class='ocrx_word' id='word_1_704' title='bbox 2603 4211 2855 4283; x_wconf 88' lang='lat' dir='ltr'><strong>lapidari,</strong></span> <span class='ocrx_word' id='word_1_705' title='bbox 2894 4213 3022 4283; x_wconf 90' lang='lat' dir='ltr'><strong>quia</strong></span> <span class='ocrx_word' id='word_1_706' title='bbox 3067 4211 3310 4270; x_wconf 82' lang='lat' dir='ltr'><strong>Joannes</strong></span> <span class='ocrx_word' id='word_1_707' title='bbox 3353 4229 3591 4271; x_wconf 88' lang='lat' dir='ltr'><strong>summus</strong></span> <span class='ocrx_word' id='word_1_708' title='bbox 3631 4207 3820 4281; x_wconf 71' lang='lat' dir='ltr'><strong>propheu</strong></span> 
     </span>
    </p>
   </div>
   <div class='ocr_carea' id='block_1_90' title="bbox 2310 4303 3827 4376">
    <p class='ocr_par' dir='ltr' id='par_1_90' title="bbox 2310 4303 3827 4376">
     <span class='ocr_line' id='line_1_90' title="bbox 2310 4303 3827 4376; baseline 0.003 -17"><span class='ocrx_word' id='word_1_709' title='bbox 2310 4303 2628 4360; x_wconf 89' lang='lat' dir='ltr'><strong>habebatur.</strong></span> <span class='ocrx_word' id='word_1_710' title='bbox 2667 4303 2725 4359; x_wconf 91' lang='lat' dir='ltr'><strong>Si</strong></span> <span class='ocrx_word' id='word_1_711' title='bbox 2755 4305 2820 4361; x_wconf 91' lang='lat' dir='ltr'><strong>de</strong></span> <span class='ocrx_word' id='word_1_712' title='bbox 2845 4305 3004 4372; x_wconf 78' lang='lat' dir='ltr'><strong>ccelo,</strong></span> <span class='ocrx_word' id='word_1_713' title='bbox 3034 4314 3220 4376; x_wconf 89' lang='lat' dir='ltr'><strong>posset</strong></span> <span class='ocrx_word' id='word_1_714' title='bbox 3261 4306 3345 4362; x_wconf 90' lang='lat' dir='ltr'><strong>eis</strong></span> <span class='ocrx_word' id='word_1_715' title='bbox 3393 4306 3500 4361; x_wconf 88' lang='lat' dir='ltr'><strong>dici</strong></span> <span class='ocrx_word' id='word_1_716' title='bbox 3525 4323 3539 4359; x_wconf 93' lang='lat'><strong>:</strong></span> <span class='ocrx_word' id='word_1_717' title='bbox 3563 4304 3713 4372; x_wconf 83' lang='lat' dir='ltr'><strong>Quare</strong></span> <span class='ocrx_word' id='word_1_718' title='bbox 3738 4306 3827 4376; x_wconf 69' lang='lat' dir='ltr'><strong>eri“,</strong></span> 
     </span>
    </p>
   </div>
   <div class='ocr_carea' id='block_1_91' title="bbox 2311 4386 3821 4466">
    <p class='ocr_par' dir='ltr' id='par_1_91' title="bbox 2311 4386 3821 4466">
     <span class='ocr_line' id='line_1_91' title="bbox 2311 4386 3821 4466; baseline -0.007 -17"><span class='ocrx_word' id='word_1_719' title='bbox 2311 4396 2440 4450; x_wconf 89' lang='lat' dir='ltr'><strong>mihi</strong></span> <span class='ocrx_word' id='word_1_720' title='bbox 2483 4412 2588 4451; x_wconf 90' lang='lat' dir='ltr'><strong>non</strong></span> <span class='ocrx_word' id='word_1_721' title='bbox 2635 4396 2857 4452; x_wconf 90' lang='lat' dir='ltr'><strong>creditis</strong></span> <span class='ocrx_word' id='word_1_722' title='bbox 2921 4411 3081 4466; x_wconf 90' lang='lat' dir='ltr'><strong>quem</strong></span> <span class='ocrx_word' id='word_1_723' title='bbox 3144 4395 3382 4454; x_wconf 90' lang='lat' dir='ltr'><strong>Joannes</strong></span> <span class='ocrx_word' id='word_1_724' title='bbox 3417 4393 3687 4466; x_wconf 74' lang='lat' dir='ltr'><strong>prtcdicat?</strong></span> <span class='ocrx_word' id='word_1_725' title='bbox 3711 4397 3752 4443; x_wconf 86' lang='lat' dir='ltr'><strong>et</strong></span> <span class='ocrx_word' id='word_1_726' title='bbox 3775 4386 3821 4437; x_wconf 78' lang='lat' dir='ltr'><strong>ita</strong></span> 
     </span>
    </p>
   </div>
   <div class='ocr_carea' id='block_1_92' title="bbox 2309 4477 3821 4545">
    <p class='ocr_par' dir='ltr' id='par_1_92' title="bbox 2309 4477 3821 4545">
     <span class='ocr_line' id='line_1_92' title="bbox 2309 4477 3821 4545; baseline -0.005 -3"><span class='ocrx_word' id='word_1_727' title='bbox 2309 4487 2518 4544; x_wconf 84' lang='lat' dir='ltr'><strong>confusi</strong></span> <span class='ocrx_word' id='word_1_728' title='bbox 2560 4489 2834 4544; x_wconf 90' lang='lat' dir='ltr'><strong>abierunt.</strong></span> <span class='ocrx_word' id='word_1_729' title='bbox 2866 4489 2931 4544; x_wconf 85' lang='lat' dir='ltr'><strong>Et</strong></span> <span class='ocrx_word' id='word_1_730' title='bbox 2975 4489 3146 4544; x_wconf 89' lang='lat' dir='ltr'><strong>illud:</strong></span> <span class='ocrx_word' id='word_1_731' title='bbox 3196 4489 3328 4545; x_wconf 68' lang='lat' dir='ltr'><strong>Hart:</strong></span> <span class='ocrx_word' id='word_1_732' title='bbox 3384 4489 3571 4544; x_wconf 78' lang='lat' dir='ltr'><strong>mulier</strong></span> <span class='ocrx_word' id='word_1_733' title='bbox 3608 4483 3733 4540; x_wconf 74' lang='lat' dir='ltr'><strong>modo</strong></span> <span class='ocrx_word' id='word_1_734' title='bbox 3761 4477 3821 4528; x_wconf 72' lang='lat' dir='ltr'><strong>dt-</strong></span> 
     </span>
    </p>
   </div>
   <div class='ocr_carea' id='block_1_93' title="bbox 2312 4564 3821 4650">
    <p class='ocr_par' dir='ltr' id='par_1_93' title="bbox 2312 4564 3821 4650">
     <span class='ocr_line' id='line_1_93' title="bbox 2312 4564 3821 4650; baseline -0.003 -22"><span class='ocrx_word' id='word_1_735' title='bbox 2312 4578 2562 4647; x_wconf 79' lang='lat' dir='ltr'><strong>prehensa</strong></span> <span class='ocrx_word' id='word_1_736' title='bbox 2611 4588 2687 4632; x_wconf 82' lang='lat' dir='ltr'><strong>est</strong></span> <span class='ocrx_word' id='word_1_737' title='bbox 2727 4579 2782 4633; x_wconf 89' lang='lat' dir='ltr'><strong>in</strong></span> <span class='ocrx_word' id='word_1_738' title='bbox 2831 4579 3123 4645; x_wconf 87' lang='lat' dir='ltr'><strong>adulterio,</strong></span> <span class='ocrx_word' id='word_1_739' title='bbox 3171 4588 3228 4635; x_wconf 90' lang='lat' dir='ltr'><strong>et</strong></span> <span class='ocrx_word' id='word_1_740' title='bbox 3278 4579 3364 4635; x_wconf 81' lang='lat' dir='ltr'><strong>lex</strong></span> <span class='ocrx_word' id='word_1_741' title='bbox 3401 4579 3556 4650; x_wconf 88' lang='lat' dir='ltr'><strong>jubet</strong></span> <span class='ocrx_word' id='word_1_742' title='bbox 3597 4564 3821 4644; x_wconf 70' lang='lat' dir='ltr'><strong>hujusttwdi</strong></span> 
     </span>
    </p>
   </div>
   <div class='ocr_carea' id='block_1_94' title="bbox 599 4655 3824 4740">
    <p class='ocr_par' dir='ltr' id='par_1_94' title="bbox 599 4655 3824 4740">
     <span class='ocr_line' id='line_1_94' title="bbox 599 4655 3824 4740; baseline 0.001 -27"><span class='ocrx_word' id='word_1_743' title='bbox 599 4670 728 4734; x_wconf 55' lang='lat' dir='ltr'><strong>«tum</strong></span> <span class='ocrx_word' id='word_1_744' title='bbox 755 4659 927 4717; x_wconf 71' lang='lat' dir='ltr'><strong>solum</strong></span> <span class='ocrx_word' id='word_1_745' title='bbox 954 4663 1169 4733; x_wconf 69' lang='lat' dir='ltr'><strong>scripta:</strong></span> <span class='ocrx_word' id='word_1_746' title='bbox 1192 4673 1248 4720; x_wconf 87' lang='lat' dir='ltr'><strong>et</strong></span> <span class='ocrx_word' id='word_1_747' title='bbox 1284 4667 1566 4733; x_wconf 85' lang='lat' dir='ltr'><strong>naturalis,</strong></span> <span class='ocrx_word' id='word_1_748' title='bbox 1590 4667 1803 4724; x_wconf 89' lang='lat' dir='ltr'><strong>alienati</strong></span> <span class='ocrx_word' id='word_1_749' title='bbox 1827 4681 1947 4724; x_wconf 79' lang='lat' dir='ltr'><strong>sunt</strong></span> <span class='ocrx_word' id='word_1_750' title='bbox 1971 4689 2002 4725; x_wconf 91' lang='lat' dir='ltr'><strong>a</strong></span> <span class='ocrx_word' id='word_1_751' title='bbox 2029 4673 2204 4740; x_wconf 82' lang='lat' dir='ltr'><strong>vulva,</strong></span> <span class='ocrx_word' id='word_1_752' title='bbox 2237 4666 2283 4724; x_wconf 93' lang='lat' dir='ltr'><strong>D</strong></span> <span class='ocrx_word' id='word_1_753' title='bbox 2309 4666 2546 4735; x_wconf 81' lang='lat' dir='ltr'><strong>lapidare</strong></span> <span class='ocrx_word' id='word_1_754' title='bbox 2571 4664 2751 4736; x_wconf 83' lang='lat' dir='ltr'><strong>(Joan.</strong></span> <span class='ocrx_word' id='word_1_755' title='bbox 2784 4671 2921 4739; x_wconf 87' lang='lat' dir='ltr'><strong>vin).</strong></span> <span class='ocrx_word' id='word_1_756' title='bbox 2955 4667 3013 4722; x_wconf 91' lang='lat' dir='ltr'><strong>Si</strong></span> <span class='ocrx_word' id='word_1_757' title='bbox 3053 4668 3260 4723; x_wconf 88' lang='lat' dir='ltr'><strong>diceret</strong></span> <span class='ocrx_word' id='word_1_758' title='bbox 3300 4669 3560 4725; x_wconf 88' lang='lat' dir='ltr'><strong>Dominus</strong></span> <span class='ocrx_word' id='word_1_759' title='bbox 3593 4655 3824 4719; x_wconf 28' lang='lat' dir='ltr'><strong>deberetll&#39;</strong></span> 
     </span>
    </p>
   </div>
   <div class='ocr_carea' id='block_1_95' title="bbox 623 4749 2207 4833">
    <p class='ocr_par' dir='ltr' id='par_1_95' title="bbox 623 4749 2207 4833">
     <span class='ocr_line' id='line_1_95' title="bbox 623 4749 2207 4833; baseline 0.011 -31"><span class='ocrx_word' id='word_1_760' title='bbox 623 4749 675 4802; x_wconf 85' lang='lat' dir='ltr'><strong>id</strong></span> <span class='ocrx_word' id='word_1_761' title='bbox 711 4758 814 4818; x_wconf 70' lang='lat' dir='ltr'><strong>est,</strong></span> <span class='ocrx_word' id='word_1_762' title='bbox 841 4755 1111 4822; x_wconf 82' lang='lat' dir='ltr'><strong>reprobati</strong></span> <span class='ocrx_word' id='word_1_763' title='bbox 1141 4765 1315 4812; x_wconf 87' lang='lat' dir='ltr'><strong>sunta</strong></span> <span class='ocrx_word' id='word_1_764' title='bbox 1353 4757 1464 4813; x_wconf 89' lang='lat' dir='ltr'><strong>Deo</strong></span> <span class='ocrx_word' id='word_1_765' title='bbox 1501 4759 1552 4814; x_wconf 88' lang='lat' dir='ltr'><strong>in</strong></span> <span class='ocrx_word' id='word_1_766' title='bbox 1598 4760 1710 4830; x_wconf 86' lang='lat' dir='ltr'><strong>ipsa</strong></span> <span class='ocrx_word' id='word_1_767' title='bbox 1745 4763 2098 4833; x_wconf 89' lang='lat' dir='ltr'><strong>conceptione</strong></span> <span class='ocrx_word' id='word_1_768' title='bbox 2124 4779 2207 4820; x_wconf 87' lang='lat' dir='ltr'><strong>se-</strong></span> 
     </span>
    </p>
   </div>
   <div class='ocr_carea' id='block_1_96' title="bbox 622 4842 2204 4920">
    <p class='ocr_par' dir='ltr' id='par_1_96' title="bbox 622 4842 2204 4920">
     <span class='ocr_line' id='line_1_96' title="bbox 622 4842 2204 4920; baseline 0.008 -26"><span class='ocrx_word' id='word_1_769' title='bbox 622 4842 852 4896; x_wconf 89' lang='lat' dir='ltr'><strong>cundum</strong></span> <span class='ocrx_word' id='word_1_770' title='bbox 878 4845 1276 4915; x_wconf 65' lang='lat' dir='ltr'><strong>prmseientiatn</strong></span> <span class='ocrx_word' id='word_1_771' title='bbox 1316 4848 1409 4902; x_wconf 83' lang='lat' dir='ltr'><strong>Dei</strong></span> <span class='ocrx_word' id='word_1_772' title='bbox 1431 4847 1586 4918; x_wconf 83' lang='lat' dir='ltr'><strong>juxta</strong></span> <span class='ocrx_word' id='word_1_773' title='bbox 1619 4851 1749 4906; x_wconf 91' lang='lat' dir='ltr'><strong>illud</strong></span> <span class='ocrx_word' id='word_1_774' title='bbox 1783 4869 1796 4906; x_wconf 91' lang='lat'><strong>:</strong></span> <span class='ocrx_word' id='word_1_775' title='bbox 1829 4852 1994 4906; x_wconf 83' lang='lat' dir='ltr'><strong>Jacob</strong></span> <span class='ocrx_word' id='word_1_776' title='bbox 2023 4853 2204 4920; x_wconf 75' lang='lat' dir='ltr'><strong>dilexi,</strong></span> 
     </span>
    </p>
   </div>
   <div class='ocr_carea' id='block_1_97' title="bbox 623 4935 2204 5011">
    <p class='ocr_par' dir='ltr' id='par_1_97' title="bbox 623 4935 2204 5011">
     <span class='ocr_line' id='line_1_97' title="bbox 623 4935 2204 5011; baseline 0.008 -25"><span class='ocrx_word' id='word_1_777' title='bbox 623 4935 768 4988; x_wconf 63' lang='lat' dir='ltr'><strong>Esau</strong></span> <span class='ocrx_word' id='word_1_778' title='bbox 794 4946 966 4990; x_wconf 88' lang='lat' dir='ltr'><strong>autem</strong></span> <span class='ocrx_word' id='word_1_779' title='bbox 995 4938 1115 4992; x_wconf 84' lang='lat' dir='ltr'><strong>odio</strong></span> <span class='ocrx_word' id='word_1_780' title='bbox 1133 4939 1303 4993; x_wconf 81' lang='lat' dir='ltr'><strong>habui</strong></span> <span class='ocrx_word' id='word_1_781' title='bbox 1333 4939 1488 5010; x_wconf 77' lang='lat' dir='ltr'><strong>(Mal.</strong></span> <span class='ocrx_word' id='word_1_782' title='bbox 1515 4941 1577 5011; x_wconf 87' lang='lat' dir='ltr'><strong>t).</strong></span> <span class='ocrx_word' id='word_1_783' title='bbox 1602 4941 1928 4998; x_wconf 84' lang='lat' dir='ltr'><strong>Erraverunt</strong></span> <span class='ocrx_word' id='word_1_784' title='bbox 1949 4943 2014 4997; x_wconf 90' lang='lat' dir='ltr'><strong>ab</strong></span> <span class='ocrx_word' id='word_1_785' title='bbox 2037 4954 2204 5009; x_wconf 88' lang='lat' dir='ltr'><strong>utero,</strong></span> 
     </span>
    </p>
   </div>
   <div class='ocr_carea' id='block_1_98' title="bbox 621 5023 2208 5103">
    <p class='ocr_par' dir='ltr' id='par_1_98' title="bbox 621 5023 2208 5103">
     <span class='ocr_line' id='line_1_98' title="bbox 621 5023 2208 5103; baseline 0.005 -25"><span class='ocrx_word' id='word_1_786' title='bbox 621 5023 673 5078; x_wconf 92' lang='lat' dir='ltr'><strong>id</strong></span> <span class='ocrx_word' id='word_1_787' title='bbox 705 5033 807 5092; x_wconf 85' lang='lat' dir='ltr'><strong>est,</strong></span> <span class='ocrx_word' id='word_1_788' title='bbox 839 5036 1125 5097; x_wconf 89' lang='lat' dir='ltr'><strong>postquam</strong></span> <span class='ocrx_word' id='word_1_789' title='bbox 1155 5030 1266 5083; x_wconf 87' lang='lat' dir='ltr'><strong>uati</strong></span> <span class='ocrx_word' id='word_1_790' title='bbox 1296 5040 1442 5096; x_wconf 89' lang='lat' dir='ltr'><strong>sunt,</strong></span> <span class='ocrx_word' id='word_1_791' title='bbox 1467 5046 1681 5101; x_wconf 88' lang='lat' dir='ltr'><strong>semper</strong></span> <span class='ocrx_word' id='word_1_792' title='bbox 1708 5033 1762 5087; x_wconf 93' lang='lat' dir='ltr'><strong>in</strong></span> <span class='ocrx_word' id='word_1_793' title='bbox 1799 5045 1986 5088; x_wconf 89' lang='lat' dir='ltr'><strong>errore</strong></span> <span class='ocrx_word' id='word_1_794' title='bbox 2005 5040 2059 5086; x_wconf 91' lang='lat' dir='ltr'><strong>et</strong></span> <span class='ocrx_word' id='word_1_795' title='bbox 2081 5047 2208 5103; x_wconf 90' lang='lat' dir='ltr'><strong>per-</strong></span> 
     </span>
    </p>
   </div>
   <div class='ocr_carea' id='block_1_99' title="bbox 622 5115 2209 5196">
    <p class='ocr_par' dir='ltr' id='par_1_99' title="bbox 622 5115 2209 5196">
     <span class='ocr_line' id='line_1_99' title="bbox 622 5115 2209 5196; baseline 0.006 -26"><span class='ocrx_word' id='word_1_796' title='bbox 622 5115 745 5171; x_wconf 89' lang='lat' dir='ltr'><strong>lidia</strong></span> <span class='ocrx_word' id='word_1_797' title='bbox 791 5129 1306 5189; x_wconf 78' lang='lat' dir='ltr'><strong>perseveraverant;</strong></span> <span class='ocrx_word' id='word_1_798' title='bbox 1351 5120 1512 5177; x_wconf 69' lang='lat' dir='ltr'><strong>locuti</strong></span> <span class='ocrx_word' id='word_1_799' title='bbox 1552 5133 1672 5178; x_wconf 79' lang='lat' dir='ltr'><strong>sunt</strong></span> <span class='ocrx_word' id='word_1_800' title='bbox 1709 5123 1870 5194; x_wconf 76' lang='lat' dir='ltr'><strong>falsa,</strong></span> <span class='ocrx_word' id='word_1_801' title='bbox 1910 5125 1962 5179; x_wconf 92' lang='lat' dir='ltr'><strong>id</strong></span> <span class='ocrx_word' id='word_1_802' title='bbox 1990 5133 2092 5192; x_wconf 91' lang='lat' dir='ltr'><strong>est,</strong></span> <span class='ocrx_word' id='word_1_803' title='bbox 2127 5125 2209 5196; x_wconf 89' lang='lat' dir='ltr'><strong>ip-</strong></span> 
     </span>
    </p>
   </div>
   <div class='ocr_carea' id='block_1_100' title="bbox 619 5209 2201 5284">
    <p class='ocr_par' dir='ltr' id='par_1_100' title="bbox 619 5209 2201 5284">
     <span class='ocr_line' id='line_1_100' title="bbox 619 5209 2201 5284; baseline 0.008 -24"><span class='ocrx_word' id='word_1_804' title='bbox 619 5223 736 5271; x_wconf 78' lang='lat' dir='ltr'><strong>sam</strong></span> <span class='ocrx_word' id='word_1_805' title='bbox 778 5209 1058 5278; x_wconf 81' lang='lat' dir='ltr'><strong>perﬁdiam</strong></span> <span class='ocrx_word' id='word_1_806' title='bbox 1099 5225 1196 5269; x_wconf 90' lang='lat' dir='ltr'><strong>ore</strong></span> <span class='ocrx_word' id='word_1_807' title='bbox 1233 5213 1736 5282; x_wconf 84' lang='lat' dir='ltr'><strong>maniiestaverunt,</strong></span> <span class='ocrx_word' id='word_1_808' title='bbox 1781 5216 1828 5271; x_wconf 91' lang='lat' dir='ltr'><strong>si</strong></span> <span class='ocrx_word' id='word_1_809' title='bbox 1875 5217 1941 5272; x_wconf 90' lang='lat' dir='ltr'><strong>de</strong></span> <span class='ocrx_word' id='word_1_810' title='bbox 1981 5216 2201 5284; x_wconf 62' lang='lat' dir='ltr'><strong>Judatis,</strong></span> 
     </span>
    </p>
   </div>
   <div class='ocr_carea' id='block_1_101' title="bbox 621 5295 2199 5382">
    <p class='ocr_par' dir='ltr' id='par_1_101' title="bbox 621 5295 2199 5382">
     <span class='ocr_line' id='line_1_101' title="bbox 621 5295 2199 5382; baseline 0.01 -33"><span class='ocrx_word' id='word_1_811' title='bbox 621 5295 744 5350; x_wconf 83' lang='lat' dir='ltr'><strong>Non</strong></span> <span class='ocrx_word' id='word_1_812' title='bbox 767 5309 842 5354; x_wconf 76' lang='lat' dir='ltr'><strong>est</strong></span> <span class='ocrx_word' id='word_1_813' title='bbox 869 5300 960 5354; x_wconf 84' lang='lat' dir='ltr'><strong>hic</strong></span> <span class='ocrx_word' id='word_1_814' title='bbox 986 5301 1140 5356; x_wconf 88' lang='lat' dir='ltr'><strong>homo</strong></span> <span class='ocrx_word' id='word_1_815' title='bbox 1165 5320 1200 5361; x_wconf 88' lang='lat' dir='ltr'><strong>a</strong></span> <span class='ocrx_word' id='word_1_816' title='bbox 1230 5303 1338 5358; x_wconf 88' lang='lat' dir='ltr'><strong>Deo</strong></span> <span class='ocrx_word' id='word_1_817' title='bbox 1375 5305 1466 5376; x_wconf 86' lang='lat' dir='ltr'><strong>qui</strong></span> <span class='ocrx_word' id='word_1_818' title='bbox 1491 5304 1780 5361; x_wconf 84' lang='lat' dir='ltr'><strong>Sabbatum</strong></span> <span class='ocrx_word' id='word_1_819' title='bbox 1821 5323 1924 5382; x_wconf 82' lang='lat' dir='ltr'><strong>non</strong></span> <span class='ocrx_word' id='word_1_820' title='bbox 1949 5310 2199 5364; x_wconf 79' lang='lat' dir='ltr'><strong>custodit.</strong></span> 
     </span>
    </p>
   </div>
   <div class='ocr_carea' id='block_1_102' title="bbox 619 5387 2198 5470">
    <p class='ocr_par' dir='ltr' id='par_1_102' title="bbox 619 5387 2198 5470">
     <span class='ocr_line' id='line_1_102' title="bbox 619 5387 2198 5470; baseline 0.008 -29"><span class='ocrx_word' id='word_1_821' title='bbox 619 5387 706 5453; x_wconf 81' lang='lat' dir='ltr'><strong>Et,</strong></span> <span class='ocrx_word' id='word_1_822' title='bbox 729 5389 1047 5446; x_wconf 74' lang='lat' dir='ltr'><strong>dcemonium</strong></span> <span class='ocrx_word' id='word_1_823' title='bbox 1074 5393 1230 5448; x_wconf 81' lang='lat' dir='ltr'><strong>habes</strong></span> <span class='ocrx_word' id='word_1_824' title='bbox 1260 5394 1442 5464; x_wconf 83' lang='lat' dir='ltr'><strong>(Joan.</strong></span> <span class='ocrx_word' id='word_1_825' title='bbox 1472 5411 1548 5463; x_wconf 83' lang='lat' dir='ltr'><strong>ix,</strong></span> <span class='ocrx_word' id='word_1_826' title='bbox 1581 5408 1718 5453; x_wconf 83' lang='lat' dir='ltr'><strong>vitet</strong></span> <span class='ocrx_word' id='word_1_827' title='bbox 1748 5398 1888 5470; x_wconf 86' lang='lat' dir='ltr'><strong>vni).</strong></span> <span class='ocrx_word' id='word_1_828' title='bbox 1920 5399 2034 5466; x_wconf 87' lang='lat' dir='ltr'><strong>Vel,</strong></span> <span class='ocrx_word' id='word_1_829' title='bbox 2066 5400 2198 5454; x_wconf 84' lang='lat' dir='ltr'><strong>alie-</strong></span> 
     </span>
    </p>
   </div>
   <div class='ocr_carea' id='block_1_103' title="bbox 620 5483 2206 5564">
    <p class='ocr_par' dir='ltr' id='par_1_103' title="bbox 620 5483 2206 5564">
     <span class='ocr_line' id='line_1_103' title="bbox 620 5483 2206 5564; baseline 0.011 -30"><span class='ocrx_word' id='word_1_830' title='bbox 620 5483 875 5540; x_wconf 68' lang='lat' dir='ltr'><strong>natiaunt</strong></span> <span class='ocrx_word' id='word_1_831' title='bbox 905 5503 938 5541; x_wconf 93' lang='lat' dir='ltr'><strong>a</strong></span> <span class='ocrx_word' id='word_1_832' title='bbox 977 5487 1126 5542; x_wconf 83' lang='lat' dir='ltr'><strong>uulua</strong></span> <span class='ocrx_word' id='word_1_833' title='bbox 1171 5489 1451 5545; x_wconf 62' lang='lat' dir='ltr'><strong>catholicae</strong></span> <span class='ocrx_word' id='word_1_834' title='bbox 1496 5492 1706 5558; x_wconf 89' lang='lat' dir='ltr'><strong>matris,</strong></span> <span class='ocrx_word' id='word_1_835' title='bbox 1749 5493 1800 5547; x_wconf 92' lang='lat' dir='ltr'><strong>id</strong></span> <span class='ocrx_word' id='word_1_836' title='bbox 1826 5501 1929 5558; x_wconf 88' lang='lat' dir='ltr'><strong>est,</strong></span> <span class='ocrx_word' id='word_1_837' title='bbox 1972 5495 2025 5549; x_wconf 86' lang='lat' dir='ltr'><strong>in</strong></span> <span class='ocrx_word' id='word_1_838' title='bbox 2075 5494 2206 5564; x_wconf 88' lang='lat' dir='ltr'><strong>ipsis</strong></span> 
     </span>
    </p>
   </div>
   <div class='ocr_carea' id='block_1_104' title="bbox 624 5577 2203 5654">
    <p class='ocr_par' dir='ltr' id='par_1_104' title="bbox 624 5577 2203 5654">
     <span class='ocr_line' id='line_1_104' title="bbox 624 5577 2203 5654; baseline 0.008 -25"><span class='ocrx_word' id='word_1_839' title='bbox 624 5577 978 5635; x_wconf 88' lang='lat' dir='ltr'><strong>initiamentis</strong></span> <span class='ocrx_word' id='word_1_840' title='bbox 1003 5581 1277 5647; x_wconf 76' lang='lat' dir='ltr'><strong>Ecclesize,</strong></span> <span class='ocrx_word' id='word_1_841' title='bbox 1309 5582 1360 5636; x_wconf 94' lang='lat' dir='ltr'><strong>in</strong></span> <span class='ocrx_word' id='word_1_842' title='bbox 1388 5584 1584 5652; x_wconf 89' lang='lat' dir='ltr'><strong>quibus</strong></span> <span class='ocrx_word' id='word_1_843' title='bbox 1603 5586 1754 5654; x_wconf 87' lang='lat' dir='ltr'><strong>quasi</strong></span> <span class='ocrx_word' id='word_1_844' title='bbox 1783 5586 1835 5640; x_wconf 92' lang='lat' dir='ltr'><strong>in</strong></span> <span class='ocrx_word' id='word_1_845' title='bbox 1864 5601 1924 5641; x_wconf 87' lang='lat' dir='ltr'><strong>ea</strong></span> <span class='ocrx_word' id='word_1_846' title='bbox 1949 5586 2014 5640; x_wconf 89' lang='lat' dir='ltr'><strong>ad</strong></span> <span class='ocrx_word' id='word_1_847' title='bbox 2041 5589 2203 5642; x_wconf 88' lang='lat' dir='ltr'><strong>vitam</strong></span> 
     </span>
    </p>
   </div>
   <div class='ocr_carea' id='block_1_105' title="bbox 619 5669 2206 5740">
    <p class='ocr_par' dir='ltr' id='par_1_105' title="bbox 619 5669 2206 5740">
     <span class='ocr_line' id='line_1_105' title="bbox 619 5669 2206 5740; baseline 0.008 -18"><span class='ocrx_word' id='word_1_848' title='bbox 619 5669 828 5738; x_wconf 87' lang='lat' dir='ltr'><strong>concipi</strong></span> <span class='ocrx_word' id='word_1_849' title='bbox 857 5672 1180 5738; x_wconf 89' lang='lat' dir='ltr'><strong>debuerunt,</strong></span> <span class='ocrx_word' id='word_1_850' title='bbox 1225 5673 1441 5728; x_wconf 84' lang='lat' dir='ltr'><strong>alienati</strong></span> <span class='ocrx_word' id='word_1_851' title='bbox 1480 5686 1622 5740; x_wconf 78' lang='lat' dir='ltr'><strong>sunt,</strong></span> <span class='ocrx_word' id='word_1_852' title='bbox 1655 5691 1761 5732; x_wconf 91' lang='lat' dir='ltr'><strong>non</strong></span> <span class='ocrx_word' id='word_1_853' title='bbox 1805 5687 1950 5732; x_wconf 89' lang='lat' dir='ltr'><strong>recte</strong></span> <span class='ocrx_word' id='word_1_854' title='bbox 1992 5678 2080 5733; x_wconf 89' lang='lat' dir='ltr'><strong>illa</strong></span> <span class='ocrx_word' id='word_1_855' title='bbox 2120 5694 2206 5734; x_wconf 81' lang='lat' dir='ltr'><strong>sa-</strong></span> 
     </span>
    </p>
   </div>
   <div class='ocr_carea' id='block_1_106' title="bbox 619 5763 2208 5838">
    <p class='ocr_par' dir='ltr' id='par_1_106' title="bbox 619 5763 2208 5838">
     <span class='ocr_line' id='line_1_106' title="bbox 619 5763 2208 5838; baseline 0.008 -24"><span class='ocrx_word' id='word_1_856' title='bbox 619 5769 897 5815; x_wconf 72' lang='lat' dir='ltr'><strong>crementa</strong></span> <span class='ocrx_word' id='word_1_857' title='bbox 929 5763 1283 5834; x_wconf 79' lang='lat' dir='ltr'><strong>suscipientes</strong></span> <span class='ocrx_word' id='word_1_858' title='bbox 1308 5764 1477 5820; x_wconf 77' lang='lat' dir='ltr'><strong>Judzei</strong></span> <span class='ocrx_word' id='word_1_859' title='bbox 1507 5766 1694 5837; x_wconf 89' lang='lat' dir='ltr'><strong>legalia</strong></span> <span class='ocrx_word' id='word_1_860' title='bbox 1732 5770 2002 5838; x_wconf 90' lang='lat' dir='ltr'><strong>instituta,</strong></span> <span class='ocrx_word' id='word_1_861' title='bbox 2025 5773 2208 5827; x_wconf 75' lang='lat' dir='ltr'><strong>inere-</strong></span> 
     </span>
    </p>
   </div>
   <div class='ocr_carea' id='block_1_107' title="bbox 597 5849 2206 5932">
    <p class='ocr_par' dir='ltr' id='par_1_107' title="bbox 597 5849 2206 5932">
     <span class='ocr_line' id='line_1_107' title="bbox 597 5849 2206 5932; baseline 0.01 -28"><span class='ocrx_word' id='word_1_862' title='bbox 597 5849 712 5908; x_wconf 59' lang='lat' dir='ltr'><strong>-tici</strong></span> <span class='ocrx_word' id='word_1_863' title='bbox 740 5852 1108 5909; x_wconf 86' lang='lat' dir='ltr'><strong>ecclesiastica</strong></span> <span class='ocrx_word' id='word_1_864' title='bbox 1155 5868 1514 5912; x_wconf 78' lang='lat' dir='ltr'><strong>sacramenta.</strong></span> <span class='ocrx_word' id='word_1_865' title='bbox 1551 5857 1612 5913; x_wconf 79' lang='lat' dir='ltr'><strong>Et</strong></span> <span class='ocrx_word' id='word_1_866' title='bbox 1653 5859 1716 5913; x_wconf 82' lang='lat' dir='ltr'><strong>ab</strong></span> <span class='ocrx_word' id='word_1_867' title='bbox 1748 5871 1911 5928; x_wconf 83' lang='lat' dir='ltr'><strong>utero,</strong></span> <span class='ocrx_word' id='word_1_868' title='bbox 1952 5855 2022 5916; x_wconf 55' lang='lat' dir='ltr'><strong>id~</strong></span> <span class='ocrx_word' id='word_1_869' title='bbox 2045 5873 2145 5932; x_wconf 87' lang='lat' dir='ltr'><strong>cst,</strong></span> <span class='ocrx_word' id='word_1_870' title='bbox 2175 5880 2206 5919; x_wconf 89' lang='lat' dir='ltr'><strong>a</strong></span> 
     </span>
    </p>
   </div>
   <div class='ocr_carea' id='block_1_108' title="bbox 2308 4750 3822 4830">
    <p class='ocr_par' dir='ltr' id='par_1_108' title="bbox 2308 4750 3822 4830">
     <span class='ocr_line' id='line_1_108' title="bbox 2308 4750 3822 4830; baseline -0.011 -19"><span class='ocrx_word' id='word_1_871' title='bbox 2308 4757 2506 4827; x_wconf 87' lang='lat' dir='ltr'><strong>pidari,</strong></span> <span class='ocrx_word' id='word_1_872' title='bbox 2537 4758 2806 4814; x_wconf 85' lang='lat' dir='ltr'><strong>minueret</strong></span> <span class='ocrx_word' id='word_1_873' title='bbox 2846 4767 3049 4813; x_wconf 87' lang='lat' dir='ltr'><strong>tantam</strong></span> <span class='ocrx_word' id='word_1_874' title='bbox 3080 4759 3280 4814; x_wconf 83' lang='lat' dir='ltr'><strong>famam</strong></span> <span class='ocrx_word' id='word_1_875' title='bbox 3313 4760 3562 4830; x_wconf 87' lang='lat' dir='ltr'><strong>pietatis:</strong></span> <span class='ocrx_word' id='word_1_876' title='bbox 3605 4755 3646 4810; x_wconf 87' lang='lat' dir='ltr'><strong>si</strong></span> <span class='ocrx_word' id='word_1_877' title='bbox 3667 4750 3822 4819; x_wconf 76' lang='lat' dir='ltr'><strong>negaret</strong></span> 
     </span>
    </p>
   </div>
   <div class='ocr_carea' id='block_1_109' title="bbox 2309 4837 3819 4931">
    <p class='ocr_par' dir='ltr' id='par_1_109' title="bbox 2309 4837 3819 4931">
     <span class='ocr_line' id='line_1_109' title="bbox 2309 4837 3819 4931; baseline -0.002 -30"><span class='ocrx_word' id='word_1_878' title='bbox 2309 4847 2688 4919; x_wconf 89' lang='lat' dir='ltr'><strong>lapidandam,</strong></span> <span class='ocrx_word' id='word_1_879' title='bbox 2735 4847 3078 4919; x_wconf 88' lang='lat' dir='ltr'><strong>judicaretur</strong></span> <span class='ocrx_word' id='word_1_880' title='bbox 3137 4850 3272 4922; x_wconf 86' lang='lat' dir='ltr'><strong>legis</strong></span> <span class='ocrx_word' id='word_1_881' title='bbox 3336 4851 3713 4922; x_wconf 63' lang='lat' dir='ltr'><strong>praevaricator.</strong></span> <span class='ocrx_word' id='word_1_882' title='bbox 3761 4837 3819 4931; x_wconf 43' lang='lat' dir='ltr'><strong>III:</strong></span> 
     </span>
    </p>
   </div>
   <div class='ocr_carea' id='block_1_110' title="bbox 2309 4924 3819 5013">
    <p class='ocr_par' dir='ltr' id='par_1_110' title="bbox 2309 4924 3819 5013">
     <span class='ocr_line' id='line_1_110' title="bbox 2309 4924 3819 5013; baseline -0.003 -19"><span class='ocrx_word' id='word_1_883' title='bbox 2309 4939 2532 4995; x_wconf 91' lang='lat' dir='ltr'><strong>clinavit</strong></span> <span class='ocrx_word' id='word_1_884' title='bbox 2575 4949 2754 4994; x_wconf 89' lang='lat' dir='ltr'><strong>autem</strong></span> <span class='ocrx_word' id='word_1_885' title='bbox 2795 4955 2854 4996; x_wconf 88' lang='lat' dir='ltr'><strong>se</strong></span> <span class='ocrx_word' id='word_1_886' title='bbox 2881 4939 3082 5009; x_wconf 91' lang='lat' dir='ltr'><strong>Jesus,</strong></span> <span class='ocrx_word' id='word_1_887' title='bbox 3130 4951 3186 4998; x_wconf 89' lang='lat' dir='ltr'><strong>et</strong></span> <span class='ocrx_word' id='word_1_888' title='bbox 3234 4943 3456 5013; x_wconf 89' lang='lat' dir='ltr'><strong>scripsit</strong></span> <span class='ocrx_word' id='word_1_889' title='bbox 3503 4943 3554 4996; x_wconf 87' lang='lat' dir='ltr'><strong>in</strong></span> <span class='ocrx_word' id='word_1_890' title='bbox 3601 4946 3750 4992; x_wconf 78' lang='lat' dir='ltr'><strong>terra:</strong></span> <span class='ocrx_word' id='word_1_891' title='bbox 3783 4924 3819 4978; x_wconf 66' lang='grc' dir='ltr'><em>δέ</em></span> 
     </span>
    </p>
   </div>
   <div class='ocr_carea' id='block_1_111' title="bbox 2309 5028 3844 5106">
    <p class='ocr_par' dir='ltr' id='par_1_111' title="bbox 2309 5028 3844 5106">
     <span class='ocr_line' id='line_1_111' title="bbox 2309 5028 3844 5106; baseline 0.001 -20"><span class='ocrx_word' id='word_1_892' title='bbox 2309 5032 2432 5102; x_wconf 89' lang='lat' dir='ltr'><strong>quis</strong></span> <span class='ocrx_word' id='word_1_893' title='bbox 2466 5032 2584 5089; x_wconf 93' lang='lat' dir='ltr'><strong>sine</strong></span> <span class='ocrx_word' id='word_1_894' title='bbox 2621 5041 2843 5104; x_wconf 89' lang='lat' dir='ltr'><strong>peccato</strong></span> <span class='ocrx_word' id='word_1_895' title='bbox 2877 5044 3116 5090; x_wconf 85' lang='lat' dir='ltr'><strong>vestrum</strong></span> <span class='ocrx_word' id='word_1_896' title='bbox 3145 5075 3161 5100; x_wconf 95' lang='lat'><strong>,</strong></span> <span class='ocrx_word' id='word_1_897' title='bbox 3217 5035 3428 5106; x_wconf 89' lang='lat' dir='ltr'><strong>primus</strong></span> <span class='ocrx_word' id='word_1_898' title='bbox 3473 5034 3642 5090; x_wconf 88' lang='lat' dir='ltr'><strong>mittat</strong></span> <span class='ocrx_word' id='word_1_899' title='bbox 3672 5028 3714 5081; x_wconf 89' lang='lat' dir='ltr'><strong>in</strong></span> <span class='ocrx_word' id='word_1_900' title='bbox 3739 5032 3844 5088; x_wconf 69' lang='lat' dir='ltr'><strong>eam.</strong></span> 
     </span>
    </p>
   </div>
   <div class='ocr_carea' id='block_1_112' title="bbox 2311 5112 3848 5193">
    <p class='ocr_par' dir='ltr' id='par_1_112' title="bbox 2311 5112 3848 5193">
     <span class='ocr_line' id='line_1_112' title="bbox 2311 5112 3848 5193; baseline -0.003 -16"><span class='ocrx_word' id='word_1_901' title='bbox 2311 5121 2567 5193; x_wconf 90' lang='lat' dir='ltr'><strong>lapidem.</strong></span> <span class='ocrx_word' id='word_1_902' title='bbox 2611 5123 2776 5191; x_wconf 89' lang='lat' dir='ltr'><strong>Quasi</strong></span> <span class='ocrx_word' id='word_1_903' title='bbox 2819 5125 3026 5182; x_wconf 89' lang='lat' dir='ltr'><strong>diceret</strong></span> <span class='ocrx_word' id='word_1_904' title='bbox 3057 5143 3070 5181; x_wconf 92' lang='lat'><strong>:</strong></span> <span class='ocrx_word' id='word_1_905' title='bbox 3100 5125 3211 5182; x_wconf 86' lang='lat' dir='ltr'><strong>Lex</strong></span> <span class='ocrx_word' id='word_1_906' title='bbox 3242 5127 3367 5182; x_wconf 91' lang='lat' dir='ltr'><strong>data</strong></span> <span class='ocrx_word' id='word_1_907' title='bbox 3413 5136 3496 5181; x_wconf 90' lang='lat' dir='ltr'><strong>est</strong></span> <span class='ocrx_word' id='word_1_908' title='bbox 3535 5132 3586 5179; x_wconf 87' lang='lat' dir='ltr'><strong>et</strong></span> <span class='ocrx_word' id='word_1_909' title='bbox 3608 5112 3848 5184; x_wconf 60' lang='lat' dir='ltr'><strong>servatullt,</strong></span> 
     </span>
    </p>
   </div>
   <div class='ocr_carea' id='block_1_113' title="bbox 2311 5206 3820 5300">
    <p class='ocr_par' dir='ltr' id='par_1_113' title="bbox 2311 5206 3820 5300">
     <span class='ocr_line' id='line_1_113' title="bbox 2311 5206 3820 5300; baseline 0.007 -31"><span class='ocrx_word' id='word_1_910' title='bbox 2311 5215 2406 5270; x_wconf 89' lang='lat' dir='ltr'><strong>sed</strong></span> <span class='ocrx_word' id='word_1_911' title='bbox 2448 5215 2627 5270; x_wconf 77' lang='lat' dir='ltr'><strong>videte</strong></span> <span class='ocrx_word' id='word_1_912' title='bbox 2673 5215 2719 5272; x_wconf 90' lang='lat' dir='ltr'><strong>si</strong></span> <span class='ocrx_word' id='word_1_913' title='bbox 2765 5229 2864 5272; x_wconf 89' lang='lat' dir='ltr'><strong>vos</strong></span> <span class='ocrx_word' id='word_1_914' title='bbox 2893 5215 2992 5287; x_wconf 90' lang='lat' dir='ltr'><strong>ipsi</strong></span> <span class='ocrx_word' id='word_1_915' title='bbox 3041 5232 3162 5273; x_wconf 89' lang='lat' dir='ltr'><strong>eam</strong></span> <span class='ocrx_word' id='word_1_916' title='bbox 3209 5215 3542 5273; x_wconf 74' lang='lat' dir='ltr'><strong>custodiatis.</strong></span> <span class='ocrx_word' id='word_1_917' title='bbox 3591 5206 3820 5300; x_wconf 51' lang='grc' dir='ltr'><strong>τυηκεξξι</strong></span> 
     </span>
    </p>
   </div>
   <div class='ocr_carea' id='block_1_114' title="bbox 2310 5293 3820 5405">
    <p class='ocr_par' dir='ltr' id='par_1_114' title="bbox 2310 5293 3820 5405">
     <span class='ocr_line' id='line_1_114' title="bbox 2310 5293 3820 5405; baseline -0.007 -40"><span class='ocrx_word' id='word_1_918' title='bbox 2310 5311 2541 5378; x_wconf 90' lang='lat' dir='ltr'><strong>doctori,</strong></span> <span class='ocrx_word' id='word_1_919' title='bbox 2570 5327 2691 5366; x_wconf 92' lang='lat' dir='ltr'><strong>cum</strong></span> <span class='ocrx_word' id='word_1_920' title='bbox 2732 5311 2887 5383; x_wconf 87' lang='lat' dir='ltr'><strong>culpa</strong></span> <span class='ocrx_word' id='word_1_921' title='bbox 2933 5313 3206 5385; x_wconf 87' lang='lat' dir='ltr'><strong>redarguit</strong></span> <span class='ocrx_word' id='word_1_922' title='bbox 3232 5313 3428 5386; x_wconf 90' lang='lat' dir='ltr'><strong>ipsum.</strong></span> <span class='ocrx_word' id='word_1_923' title='bbox 3471 5310 3535 5365; x_wconf 88' lang='lat' dir='ltr'><strong>Et</strong></span> <span class='ocrx_word' id='word_1_924' title='bbox 3560 5304 3706 5405; x_wconf 45' lang='lat' dir='ltr'><strong>illud:-</strong></span> 
     </span>
    </p>
   </div>
   <div class='ocr_carea' id='block_1_115' title="bbox 2309 5389 3818 5470">
    <p class='ocr_par' dir='ltr' id='par_1_115' title="bbox 2309 5389 3818 5470">
     <span class='ocr_line' id='line_1_115' title="bbox 2309 5389 3818 5470; baseline -0.003 -14"><span class='ocrx_word' id='word_1_925' title='bbox 2309 5412 2386 5456; x_wconf 85' lang='lat' dir='ltr'><strong>cet</strong></span> <span class='ocrx_word' id='word_1_926' title='bbox 2416 5419 2624 5457; x_wconf 76' lang='lat' dir='ltr'><strong>censum</strong></span> <span class='ocrx_word' id='word_1_927' title='bbox 2662 5403 2782 5457; x_wconf 84' lang='lat' dir='ltr'><strong>dari</strong></span> <span class='ocrx_word' id='word_1_928' title='bbox 2825 5403 3048 5470; x_wconf 79' lang='lat' dir='ltr'><strong>Ctesari,</strong></span> <span class='ocrx_word' id='word_1_929' title='bbox 3077 5422 3148 5459; x_wconf 83' lang='lat' dir='ltr'><strong>an</strong></span> <span class='ocrx_word' id='word_1_930' title='bbox 3191 5405 3332 5461; x_wconf 82' lang='lat' dir='ltr'><strong>non?</strong></span> <span class='ocrx_word' id='word_1_931' title='bbox 3364 5403 3423 5459; x_wconf 88' lang='lat' dir='ltr'><strong>Si</strong></span> <span class='ocrx_word' id='word_1_932' title='bbox 3472 5389 3658 5457; x_wconf 63' lang='lat' dir='ltr'><strong>dice&#39;ret</strong></span> <span class='ocrx_word' id='word_1_933' title='bbox 3679 5389 3818 5448; x_wconf 65' lang='lat' dir='ltr'><strong>delle&quot;</strong></span> 
     </span>
    </p>
   </div>
   <div class='ocr_carea' id='block_1_116' title="bbox 2308 5474 3817 5565">
    <p class='ocr_par' dir='ltr' id='par_1_116' title="bbox 2308 5474 3817 5565">
     <span class='ocr_line' id='line_1_116' title="bbox 2308 5474 3817 5565; baseline -0.008 -18"><span class='ocrx_word' id='word_1_934' title='bbox 2308 5489 2450 5558; x_wconf 88' lang='lat' dir='ltr'><strong>dari,</strong></span> <span class='ocrx_word' id='word_1_935' title='bbox 2481 5502 2772 5565; x_wconf 88' lang='lat' dir='ltr'><strong>arguerent</strong></span> <span class='ocrx_word' id='word_1_936' title='bbox 2800 5510 2922 5549; x_wconf 87' lang='lat' dir='ltr'><strong>eum</strong></span> <span class='ocrx_word' id='word_1_937' title='bbox 2953 5495 3099 5564; x_wconf 90' lang='lat' dir='ltr'><strong>quod</strong></span> <span class='ocrx_word' id='word_1_938' title='bbox 3144 5494 3457 5551; x_wconf 89' lang='lat' dir='ltr'><strong>tributarios</strong></span> <span class='ocrx_word' id='word_1_939' title='bbox 3485 5505 3575 5548; x_wconf 91' lang='lat' dir='ltr'><strong>eos</strong></span> <span class='ocrx_word' id='word_1_940' title='bbox 3615 5481 3743 5541; x_wconf 80' lang='lat' dir='ltr'><strong>vellet</strong></span> <span class='ocrx_word' id='word_1_941' title='bbox 3763 5474 3817 5528; x_wconf 75' lang='lat' dir='ltr'><strong>l8-</strong></span> 
     </span>
    </p>
   </div>
   <div class='ocr_carea' id='block_1_117' title="bbox 2308 5579 3816 5667">
    <p class='ocr_par' dir='ltr' id='par_1_117' title="bbox 2308 5579 3816 5667">
     <span class='ocr_line' id='line_1_117' title="bbox 2308 5579 3816 5667; baseline -0.006 -17"><span class='ocrx_word' id='word_1_942' title='bbox 2308 5609 2475 5650; x_wconf 87' lang='lat' dir='ltr'><strong>cere:</strong></span> <span class='ocrx_word' id='word_1_943' title='bbox 2512 5595 2556 5650; x_wconf 92' lang='lat' dir='ltr'><strong>si</strong></span> <span class='ocrx_word' id='word_1_944' title='bbox 2595 5604 2819 5667; x_wconf 88' lang='lat' dir='ltr'><strong>negaret</strong></span> <span class='ocrx_word' id='word_1_945' title='bbox 2844 5637 2858 5662; x_wconf 95' lang='lat'><strong>,</strong></span> <span class='ocrx_word' id='word_1_946' title='bbox 2903 5595 3147 5652; x_wconf 84' lang='lat' dir='ltr'><strong>dicerent</strong></span> <span class='ocrx_word' id='word_1_947' title='bbox 3183 5611 3304 5652; x_wconf 89' lang='lat' dir='ltr'><strong>eum</strong></span> <span class='ocrx_word' id='word_1_948' title='bbox 3332 5594 3470 5651; x_wconf 87' lang='lat' dir='ltr'><strong>velle</strong></span> <span class='ocrx_word' id='word_1_949' title='bbox 3507 5601 3562 5648; x_wconf 93' lang='lat' dir='ltr'><strong>ut</strong></span> <span class='ocrx_word' id='word_1_950' title='bbox 3606 5591 3715 5644; x_wconf 87' lang='lat' dir='ltr'><strong>iram</strong></span> <span class='ocrx_word' id='word_1_951' title='bbox 3746 5579 3816 5633; x_wconf 70' lang='grc'><strong>80⁸</strong></span> 
     </span>
    </p>
   </div>
   <div class='ocr_carea' id='block_1_118' title="bbox 2312 5677 3814 5770">
    <p class='ocr_par' dir='ltr' id='par_1_118' title="bbox 2312 5677 3814 5770">
     <span class='ocr_line' id='line_1_118' title="bbox 2312 5677 3814 5770; baseline -0.009 -29"><span class='ocrx_word' id='word_1_952' title='bbox 2312 5702 2594 5742; x_wconf 87' lang='lat' dir='ltr'><strong>manorum</strong></span> <span class='ocrx_word' id='word_1_953' title='bbox 2619 5688 2925 5758; x_wconf 89' lang='lat' dir='ltr'><strong>principum</strong></span> <span class='ocrx_word' id='word_1_954' title='bbox 2965 5689 3322 5745; x_wconf 81' lang='lat' dir='ltr'><strong>incurrerent.</strong></span> <span class='ocrx_word' id='word_1_955' title='bbox 3356 5686 3463 5743; x_wconf 90' lang='lat' dir='ltr'><strong>Sed</strong></span> <span class='ocrx_word' id='word_1_956' title='bbox 3493 5686 3563 5741; x_wconf 90' lang='lat' dir='ltr'><strong>ait</strong></span> <span class='ocrx_word' id='word_1_957' title='bbox 3593 5677 3814 5770; x_wconf 52' lang='lat' dir='ltr'><strong>Dominus:</strong></span> 
     </span>
    </p>
   </div>
   <div class='ocr_carea' id='block_1_119' title="bbox 2311 5765 3812 5852">
    <p class='ocr_par' dir='ltr' id='par_1_119' title="bbox 2311 5765 3812 5852">
     <span class='ocr_line' id='line_1_119' title="bbox 2311 5765 3812 5852; baseline -0.011 -19"><span class='ocrx_word' id='word_1_958' title='bbox 2311 5778 2507 5847; x_wconf 74' lang='lat' dir='ltr'><strong>Alferte</strong></span> <span class='ocrx_word' id='word_1_959' title='bbox 2535 5781 2662 5834; x_wconf 88' lang='lat' dir='ltr'><strong>mihi</strong></span> <span class='ocrx_word' id='word_1_960' title='bbox 2691 5781 2951 5833; x_wconf 83' lang='lat' dir='ltr'><strong>numisma</strong></span> <span class='ocrx_word' id='word_1_961' title='bbox 2996 5796 3179 5836; x_wconf 81' lang='lat' dir='ltr'><strong>census</strong></span> <span class='ocrx_word' id='word_1_962' title='bbox 3201 5795 3223 5832; x_wconf 87' lang='lat'><em>:</em></span> <span class='ocrx_word' id='word_1_963' title='bbox 3254 5796 3359 5852; x_wconf 90' lang='lat' dir='ltr'><strong>quo</strong></span> <span class='ocrx_word' id='word_1_964' title='bbox 3397 5779 3570 5838; x_wconf 85' lang='lat' dir='ltr'><strong>allato,</strong></span> <span class='ocrx_word' id='word_1_965' title='bbox 3603 5765 3812 5842; x_wconf 60' lang='lat' dir='ltr'><strong>quaisiu&#39;l;</strong></span> 
     </span>
    </p>
   </div>
   <div class='ocr_carea' id='block_1_120' title="bbox 2312 5859 3812 5942">
    <p class='ocr_par' dir='ltr' id='par_1_120' title="bbox 2312 5859 3812 5942">
     <span class='ocr_line' id='line_1_120' title="bbox 2312 5859 3812 5942; baseline -0.007 -20"><span class='ocrx_word' id='word_1_966' title='bbox 2312 5867 2477 5939; x_wconf 84' lang='lat' dir='ltr'><strong>Cujus</strong></span> <span class='ocrx_word' id='word_1_967' title='bbox 2527 5879 2602 5923; x_wconf 79' lang='lat' dir='ltr'><strong>est</strong></span> <span class='ocrx_word' id='word_1_968' title='bbox 2656 5872 2828 5938; x_wconf 74' lang='lat' dir='ltr'><strong>imago</strong></span> <span class='ocrx_word' id='word_1_969' title='bbox 2868 5872 3010 5936; x_wconf 74' lang='lat' dir='ltr'><strong>Illl’C,</strong></span> <span class='ocrx_word' id='word_1_970' title='bbox 3075 5883 3122 5926; x_wconf 84' lang='lat' dir='ltr'><strong>et</strong></span> <span class='ocrx_word' id='word_1_971' title='bbox 3186 5867 3590 5942; x_wconf 67' lang='lat' dir='ltr'><strong>superari-iptio?</strong></span> <span class='ocrx_word' id='word_1_972' title='bbox 3638 5859 3812 5914; x_wconf 60' lang='lat' dir='ltr'><strong>Dicul!“</strong></span> 
     </span>
    </p>
   </div>
  </div>
