3918 6430
108 435 200 498 ω

1184 424 1716 488 ENARRATIONES
1753 427 1817 483 1N
1857 428 2191 488 mutuos;
2513 410 2522 414 ·
2722 408 2725 412 ·

3192 378 3194 380 ν
3213 428 3316 486 tat

106 556 317 614 Caesaris.
344 551 554 608 Reddite
594 567 713 623 ergo
733 567 850 622 qua:
897 561 1014 606 sunt
1059 549 1285 605 Cwsaris
1330 548 1551 612 Ca‘sari,
1592 555 1638 600 et
1667 546 1718 606 Δ
1746 556 1959 617 tequam
1979 546 2281 602 manifestis
2296 546 2575 601 tormentis
2591 550 2844 616 appareat
2865 554 3316 613 quorsumvestra

107 654 328 711 quarunt
357 642 452 698 Dei
490 635 856 712 Deo'(Matth.
905 640 1080 712 xx“):
1112 639 1164 695 id
1213 648 1336 704 est,
1383 650 1636 693 nummus

65 722 303 793 illesaris
330 733 581 789 reddatur
605 732 828 797 Caesari,
858 728 1110 785 nummus
1137 728 1254 794 Dei,
1285 727 1376 797 qui
1401 727 1453 781 in
1485 724 1638 780 vobis

109 835 188 890 est,
226 825 466 880 reddatur
502 823 650 878 Deo:
679 832 733 878 et
780 824 858 878 sic
884 822 1113 893 propriis
1150 836 1336 879 eorum
1376 818 1639 876 sermonis

111 918 190 972 bus
206 915 418 971 convicti
445 925 588 970 sunt.
621 912 688 968 Et
719 913 884 968 molas
906 913 1134 980 leonum,
1167 913 1220 968 id
1246 923 1350 976 est,
1379 911 1640 966 violentas

107 1016 151 1061 ει
166 1014 354 1080 apertas
373 1004 761 1071 damnationes,
782 1013 864 1072 ut,
888 1002 1167 1074 Cruciﬁge,
1190 991 1432 1073 cruci/ige
1457 1002 1638 1073 (Joan.

108 1096 217 1168 nx).
239 1095 529 1168 Confringet
550 1095 804 1151 Dominus
833 1095 1046 1166 quando
1072 1095 1388 1160 resurrexit,
1409 1101 1464 1149 et
1492 1107 1640 1149 mors

109 1186 167 1240 illi
208 1185 332 1240 ultra
364 1201 468 1240 non
519 1185 792 1241 dominata
832 1193 938 1240 est.
990 1184 1085 1252 Et,
1136 1185 1365 1240 Domino
1405 1182 1641 1240 contriu-

108 1284 256 1347 gente,
282 1275 345 1329 ad
371 1275 590 1329 nihilum
611 1275 876 1331 devenient
897 1286 1147 1347 tanquam
1173 1293 1309 1347 aqua
1339 1275 1640 1341 decurrens,

108 1364 458 1436 eomparabiles
487 1374 613 1421 sunt
637 1365 956 1422 hiemalibus
977 1367 1132 1436 aquis
1161 1382 1282 1436 quae
1333 1365 1400 1421 ad
1431 1374 1642 1436 tempus

109 1464 298 1524 tument,
331 1471 455 1512 mox
481 1455 764 1513 defuturae.
801 1455 926 1512 Ideo
969 1457 1280 1523 cessabunt,
1329 1455 1456 1528 quia
1503 1455 1643 1510 Deus

109 1547 286 1601 intendit
311 1563 486 1601 areum
506 1562 691 1613 suum,
727 1547 781 1602 id
809 1554 912 1612 est,
935 1546 1382 1602 comminationes
1408 1561 1506 1616 per
1533 1543 1644 1600 belo-

109 1639 270 1693 latores
295 1654 435 1705 suos,
489 1638 620 1693 illud
650 1637 800 1706 facit,
851 1638 1032 1695 minas
1079 1639 1246 1702 facit',
1293 1648 1350 1695 et
1400 1639 1640 1693 nondum

109 1727 222 1781 ferit.
248 1729 320 1783 Ad
347 1728 444 1783 hoc
465 1737 646 1783 autem
671 1728 925 1794 minatur,
957 1737 1016 1783 ut
1041 1727 1287 1784 inﬁrmos
1316 1743 1374 1784 se
1405 1729 1646 1784 sentiant

109 1819 265 1886 quibus
296 1819 550 1884 minatur,
578 1819 732 1890 juxta
777 1819 906 1874 illud
929 1837 944 1874 :
971 1819 1227 1886 Domine,
1267 1821 1392 1892 quid
1438 1836 1521 1874 me
1551 1821 1642 1874 -υἱε

1737 641 1982 710 voluptas
2011 639 2316 710 temporalis
2329 647 2532 710 vergat.
2558 638 3016 709 R‘hamntts'gcnus
3039 637 3315 706 spinarum

1737 732 1934 788 dieitur
1971 747 2092 788 esse
2136 713 2288 802 quod
2320 731 2495 802 primo
2541 730 2695 800 quasi
2740 730 2906 784 herba
2952 739 3053 795 est,
3099 737 3217 798 post
3261 728 3313 782 in

1738 822 1927 890 Spinas-
1947 821 2138 893 surgit,
2185 822 2236 876 id
2270 829 2374 887 est,
2419 831 2707 890 antequam
2746 821 2843 875 ista
2881 819 3158 888 voluptas,
3195 833 3315 888 quze

1739 910 1953 980 spinosa
1999 920 2102 976 est,
2149 912 2199 966 id
2233 920 2314 967 est
2343 953 2356 976 ,
2415 911 2569 982 plena
2613 910 2794 966 multis
2849 908 3312 973 sollicitmlinibus,

1739 1001 1931 1056 evadat
1974 1001 2027 1056 in
2059 1016 2294 1071 poenam,
2341 1001 2648 1072 supercadit
2679 1001 2818 1071 ignis
2853 999 3316 1070 concupiscentia-

1739 1108 1858 1148 rum
1882 1093 1972 1162 qui
1994 1093 2244 1163 prohibet
2273 1107 2366 1147 eos
2394 1092 2575 1148 videre
2600 1091 3024 1162 solemjustitite.
3052 1092 3119 1147 Et
3149 1093 3315 1149 meri-

1742 1191 1817 1249 to,
1851 1184 2205 1255 quia‘nolunt-
2221 1185 2543 1239 medicinam
2568 1185 3015 1255 compuncti‘onis,
3045 1185 3192 1240 cadit
3226 1198 3318 1239 su-

1739 1287 1836 1342 per
1847 1273 2092 1343 eosignis
2113 1273 2361 1342 poenalis.
2381 1273 2629 1340 Quantus
2651 1274 2793 1344 ignis
2815 1288 2975 1344 super
2993 1287 3149 1345 quem
3173 1271 3321 1328 cadit
3373 1278 3378 1279 ⁷

1745 1362 1915 1418 solem
1949 1362 2172 1433 iustitiae
2201 1379 2306 1418 non
2329 1364 2495 1428 videt,
2523 1365 2646 1434 quia
2672 1365 2828 1419 datus
2848 1365 2900 1419 in
2925 1364 3314 1434 concupiscen-

1741 1453 1847 1508 tias
1897 1468 1925 1507 a
1977 1453 2089 1509 Deo
2147 1453 2352 1509 recedit
2390 1472 2402 1508 :
2434 1454 2724 1508 La‘tabitur
2747 1454 2926 1525 justus
2968 1472 3084 1508 cum
3135 1453 3320 1508 viderit

1741 1545 2039 1598 vindictam.
2059 1544 2222 1610 Quasi
2252 1545 2396 1599 dicat
2419 1563 2430 1598 :
2457 1553 2512 1600 et
2533 1545 2634 1601 hoe
2658 1560 2763 1599 non
2786 1545 3006 1611 videbit,
3023 1544 3073 1598 id
3094 1553 3197 1609 est,
3213 1546 3321 1603 'IOII

1743 1635 1999 1706 intelliget
2013 1635 2214 1692 scilicet
2239 1651 2453 1706 pmuam
2474 1651 2594 1691 esse
2615 1635 2986 1705 impunitatem
3030 1634 3320 1700 scelerum,

1744 1743 1850 1783 non
1875 1728 2322 1783 misericordiam.
2351 1728 2418 1782 Et
2438 1727 2524 1782 ille
2547 1728 2946 1782 lwtabiturcum
2975 1727 3154 1782 viderit
3183 1725 3328 1781 hanc

1743 1834 1865 1874 esse
1891 1820 2166 1874 vindictam
2203 1819 2319 1884 Dei,
2355 1835 2475 1874 cum
2507 1819 2631 1874 mali
2665 1820 2948 1874 traduntur
2975 1820 3028 1874 iu
3059 1817 3340 1879 desideri.

111 1908 248 1975 facere
267 1911 396 1980 (Act.
425 1910 503 1981 rx)
525 1912 554 1966 ?
588 1911 654 1966 Et
689 1911 792 1967 hoc
817 1921 902 1967 est
930 1910 1073 1983 quod
1103 1912 1256 1978 dicit,
1308 1913 1470 1966 donec
1491 1912 1639 1980 inﬁr-
1669 1895 1716 1956 Β
1744 1912 1922 1968 cordis
1959 1912 2060 1966 sui.
2099 1911 2216 1966 Non
2251 1911 2516 1965 lmtabitur
2541 1910 2608 1966 de
2636 1911 2890 1974 vindicta,
2938 1910 3030 1967 sed
3059 1911 3187 1981 quia
3211 1928 3328 1965 ma.-

110 2009 293 2051 meutur.
327 1999 474 2067 Quod
511 2000 559 2055 si
603 2015 665 2056 se
695 2001 930 2071 erigant,
975 2001 1022 2058 si
1057 2001 1317 2057 inﬁrmari
1345 2001 1636 2065 noluerint,

109 2102 162 2141 ne
211 2088 324 2144 time
347 2130 361 2155 ,
401 2091 527 2162 quia
559 2091 676 2148 haec
721 2101 808 2148 est
852 2107 1038 2149 eorum
1077 2109 1316 2162 praesens
1345 2095 1637 2150 damnatio.

111 2177 221 2232 Sit-ut
252 2197 359 2234 cera
397 2182 539 2237 enim
588 2200 707 2255 qua:
753 2185 871 2254 ﬂuit
894 2224 910 2250 ,
956 2185 1262 2255 auferentur
1300 2187 1368 2241 ab
1405 2187 1639 2242 essentia

110 2283 201 2332 sua,
243 2284 349 2339 quae
377 2279 460 2328 est
501 2271 781 2329 adhaerere
818 2275 948 2330 Deo.
996 2275 1275 2343 Quomodo
1312 2276 1638 2347 auferentur,

110 2366 151 2409 et
183 2373 206 2410 a
232 2375 328 2428 quo
356 2361 517 2431 igne?
548 2361 905 2434 Supercecidit
930 2367 1065 2436 ignis
1109 2368 1396 2438 superbiae,
1447 2383 1642 2424 concu-

110 2446 340 2516 piscentiae
365 2461 418 2507 et
444 2454 568 2521 iras,
609 2464 656 2510 et
695 2472 799 2510 non
831 2456 1067 2511 viderunt
1099 2457 1279 2512 solem.
1326 2458 1514 2528 Magna
1561 2459 1639 2513 ira

112 2533 198 2602 Dei,
235 2541 361 2610 quod
406 2544 555 2614 impii
591 2546 874 2601 traduntur
907 2547 1189 2603 desideriis
1218 2549 1330 2604 suis
1355 2548 1558 2620 pravis,
1583 2557 1640 2604 ut

111 2639 192 2681 non
237 2631 432 2687 valeant
483 2635 742 2691 resistere
785 2637 1261 2708 concupiscentiis.
1310 2639 1406 2694 llic
1438 2648 1520 2694 est
1551 2639 1639 2694 ille

113 2714 219 2784 ignis
239 2735 264 2771 a
289 2735 385 2789 quo
411 2725 770 2780 absumuntur
794 2727 1026 2795 penitus,
1066 2737 1120 2784 et
1148 2728 1404 2784 deﬁciunt
1432 2729 1502 2784 ab
1547 2743 1637 2785 es—

112 2808 248 2862 sentia
275 2826 383 2878 sua,
432 2815 839 2872 devastantibus
865 2833 958 2873 eos
1003 2820 1455 2890 concupiscentiis
1503 2821 1634 2876 suis.

112 2895 208 2954 Inde
229 2903 460 2962 dicuntur
483 2907 614 2962 ﬁnxi
637 2919 692 2964 et
715 2909 878 2966 soluti
909 2928 922 2965 :
952 2912 1126 2968 unde?
1146 2911 1245 2967 nisi
1274 2913 1342 2968 ab
1371 2914 1492 2984 igne
1514 2928 1638 2970 con-

111 2989 438 3062 cupiscentiae,
492 2999 600 3053 etsi
661 2999 800 3054 hanc
845 3015 1062 3072 pennam
1110 3015 1230 3058 esse
1278 3003 1432 3072 pauci
1465 3001 1640 3058 atten-'

113 3079 227 3135 dant.
252 3083 376 3151 Quid
401 3097 584 3144 autem
633 3090 728 3157 ait,
770 3089 1056 3164 Pr0pterea
1098 3095 1315 3149 tradidit
1349 3094 1472 3150 illos
1495 3096 1639 3150 Deus

113 3169 591 3249 inconcupiscentiis
613 3181 785 3254 (Rom.
833 3183 896 3256 I).
944 3185 1096 3253 Quod
1125 3196 1311 3258 aperte
1352 3203 1450 3258 pro
1478 3203 1635 3260 poena

1743 2018 1840 2056 nus
1868 2018 1992 2056 suas
2017 2001 2208 2056 levabit
2235 2001 2286 2054 in
2315 2001 2569 2072 sanguine
2596 2002 2902 2068 peccatoris,
2934 2000 2984 2055 id
3021 2009 3125 2068 est,
3159 2015 3322 2070 opera

1741 2107 1836 2147 sua
1866 2089 2144 2145 mundabit
2179 2091 2232 2144 in
2262 2090 2562 2160 perditione
2589 2090 2908 2159 peccatoris,
2946 2107 3048 2144 non
3073 2090 3324 2161 gaudebit

1741 2183 1807 2238 de
1834 2182 2152 2251 impunitate
2183 2180 2443 2237 scelerum
2474 2189 2531 2234 ut
2561 2179 2664 2233 ille.
2697 2178 2800 2234 Sed
2832 2195 2930 2250 per
2955 2179 3324 2250 campum-tio-

1742 2289 1864 2329 nem
1889 2281 1942 2328 et
1963 2272 2332 2344 pmnitentiam
2360 2269 2670 2326 emnndabit
2697 2286 2859 2341 opera
2889 2286 2982 2324 sua
3012 2286 3040 2324 a
3069 2271 3320 2340 peccatis.

1742 2365 1946 2436 Lapsus
1984 2366 2126 2421 enim
2157 2363 2511 2434 praecedentis
2547 2363 2769 2436 corrigit
2802 2374 3136 2434 sequentem.
3174 2362 3326 2418 Unde

1751 2455 2005 2512 Salomon
2033 2454 2241 2512 :Stulto
2263 2455 2772 2526 pereunte,sapiens
2798 2455 3028 2509 astutior
3055 2453 3111 2508 ﬁt
3138 2452 3320 2518 (Prov.

1741 2546 1879 2617 χιχ).
1920 2546 1977 2603 Si
2013 2544 2190 2616 justus
2236 2554 2338 2610 est,
2372 2545 2499 2616 quid
2550 2545 2707 2600 habet
2736 2547 2878 2614 quod
2931 2545 3169 2599 lavetur?
3216 2543 3322 2598 Sed

1735 2636 1915 2707 justus
1939 2648 2002 2689 ex
2033 2635 2136 2689 ﬁde
2162 2653 2175 2689 :
2210 2635 2382 2691 ﬁdelis
2408 2635 2551 2689 enim
2577 2635 2689 2705 jam
2715 2636 2898 2706 incipit
2932 2635 3106 2690 vocari
3123 2635 3321 2707 justus.

1742 2726 1842 2781 Hic
1868 2741 1989 2781 eum
2017 2727 2163 2782 videt
2189 2725 2480 2781 vindictam
2509 2740 2628 2795 qua:
2670 2726 2729 2780 lit
2756 2726 2935 2795 impiis
2965 2726 3017 2779 in
3070 2727 3171 2780 hac
3214 2727 3327 2780 vita

1741 2828 1933 2890 pensat
1961 2833 2100 2885 eam,
2131 2826 2186 2873 et
2213 2817 2267 2872 in
2293 2815 2516 2872 alterius
2545 2817 2756 2886 proﬁcit
2789 2831 2968 2887 poena.
3002 2815 3068 2870 Et
3099 2816 3324 2870 lavando

1743 2925 1954 2974 tuanus,
1979 2909 2110 2962 dicet
2138 2908 2315 2974 homo,
2348 2907 2400 2962 id
2431 2915 2532 2974 est,
2566 2907 2774 2964 ratione
2813 2919 3009 2963 utens:
3043 2906 3103 2962 Si
3150 2907 3322 2975 utique

1740 3013 1815 3058 est
1838 3001 2045 3073 fructus
2073 3000 2221 3072 justo
2261 3000 2316 3055 in
2358 3007 2520 3064 terra,
2550 3000 2601 3055 id
2633 3009 2734 3066 est,
2778 3000 2830 3055 in
2873 3000 2976 3054 hac
3006 3000 3131 3063 vita,
3166 2999 3323 3055 sicuti

1739 3101 1859 3148 est:
1887 3091 2064 3161 justus
2096 3091 2242 3147 enim
2281 3105 2385 3146 non
2413 3090 2586 3147 solum
2625 3091 2677 3146 in
2707 3090 2885 3146 futura
2917 3091 3022 3145 vita
3055 3089 3216 3144 habet
3241 3089 3327 3160 ju-

1744 3182 1903 3239 stitiae
1931 3183 2235 3253 praemium,
2265 3181 2358 3239 sed
2397 3183 2560 3238 etiam
2592 3183 2645 3237 in
2676 3184 2948 3254 prtesenti,
2983 3182 3106 3254 quia
3137 3182 3334 3254 gaudet

114 3268 270 3336 posuit,
298 3283 352 3327 ut
374 3283 454 3330 est
480 3292 495 3328 :
528 3274 586 3330 Si
615 3276 740 3346 quis
777 3277 925 3331 enim
971 3277 1161 3334 fecerit
1199 3278 1426 3348 furtum,
1461 3281 1639 3337 lumen
1668 3267 1714 3332 (Ξ
1745 3275 1798 3332 in
1829 3289 1944 3346 spe.
1975 3275 2078 3332 Vel
2109 3277 2253 3333 hunc
2280 3275 2516 3333 fructum
2545 3275 2710 3332 habet
2741 3279 2881 3348 quod
2921 3294 3024 3333 non
3057 3277 3327 3348 permitti-

113 3356 341 3416 oculorum
391 3364 594 3420 amisit.
641 3365 757 3437 Age
799 3382 964 3439 ergo,
1029 3368 1074 3425 si
1123 3371 1397 3426 amitteret
1462 3371 1641 3428 lumen

115 3449 326 3531 corporis,
351 3452 567 3521 planum
591 3469 778 3511 omnes
805 3457 1065 3514 haberent
1090 3475 1196 3515 non
1225 3476 1447 3531 parcere
1475 3462 1644 3519 Deum

115 3530 204 3598 illi;
228 3546 291 3603 et,
333 3542 412 3596 cui
439 3553 630 3613 pereat
657 3545 836 3602 lumen
859 3548 1058 3617 cordis,
1095 3549 1168 3606 illi
1201 3530 1373 3623 parcit
1392 3554 1427 3608 ?‘
1443 3553 1642 3625 Super-

115 3627 261 3716 recidit
301 3631 448 3700 ignis,
493 3635 550 3688 id
598 3644 722 3701 est,
767 3652 960 3708 magno
1003 3641 1238 3710 pondere
1283 3659 1378 3700 eos
1425 3647 1644 3716 pressit.

118 3712 205 3780 Vel,
242 3727 573 3791 supercecidt't
607 3727 765 3798 ignis,
799 3745 829 3783 a
857 3732 1093 3798 potentia
1122 3743 1175 3788 et
1199 3749 1229 3788 a
1269 3712 1504 3791 vindicta
1552 3737 1647 3793 Dei

117 3808 230 3863 venit
268 3812 365 3878 ille,
415 3817 658 3872 animum
693 3835 1018 3877 consumens
1054 3830 1110 3878 et
1153 3823 1530 3884 obtenebraus.
1583 3827 1650 3883 Et

119 3892 187 3990 illo
210 3898 314 3969 igne
352 3905 615 3961 devastati
665 3917 721 3964 et
760 3911 1012 3966 excarcati
1062 3929 1167 3967 non
1215 3915 1452 3970 viderunt
1488 3915 1650 3971 solem

114 3991 311 4058 iustitiae,
359 3995 643 4052 Dominum
683 3999 962 4056 Christum
1006 4018 1111 4057 non
1160 4016 1564 4075 cognoverunt,
1619 4022 1651 4063 a

118 4090 198 4143 quo
246 4081 523 4141 illuminari
574 4088 894 4146 debuerunt.
946 4091 1100 4149 Unde
1163 4096 1402 4152 dicitur:
1445 4098 1649 4169 Surge,

119 4169 185 4232 qui
208 4171 405 4242 dormis,
470 4188 523 4232 et
567 4195 785 4251 exsurge
817 4199 850 4236 a
877 4185 1116 4250 mortuis,
1147 4196 1194 4240 et
1241 4188 1556 4245 illuminabit
1607 4201 1654 4248 te

121 4257 316 4319 Christus
343 4267 500 4338 (Eph.
532 4269 607 4338 v).
641 4270 792 4328 Unde
821 4275 1016 4330 dicturi
1045 4287 1170 4332 sunt
1207 4279 1258 4332 in
1280 4278 1486 4348 judicio
1513 4300 1527 4336 :
1558 4281 1652 4337 Sol

71 4349 84 4432 Ῐ
120 4361 198 4401 non
221 4363 348 4410 ortus
368 4372 439 4412 est
476 4361 647 4428 nobis,
680 4372 727 4417 et
749 4363 972 4432 justitia:
995 4365 1168 4421 lumen
1204 4385 1304 4422 non
1330 4368 1462 4424 luxit
1508 4373 1654 4426 nobis

121 4435 236 4534 (Sep.
282 4445 348 4514 v).
391 4447 534 4516 Ignis
573 4450 662 4506 ille
693 4460 776 4508 est
822 4454 1091 4510 incentiva
1127 4458 1399 4513 vitiorum.
1449 4461 1516 4514 Et
1569 4463 1655 4518 ille

121 4531 227 4619 ignis
252 4535 474 4595 absorbet
507 4558 595 4596 eos
619 4544 754 4597 sicut
799 4546 1040 4613 virentes,
1085 4550 1225 4603 sicut
1269 4551 1321 4604 in
1352 4553 1451 4605 ira.
1487 4553 1650 4619 Quasi

1746 3374 1835 3421 tur
1861 3366 2094 3438 gaudere
2120 3365 2188 3422 de
2221 3367 2538 3438 impunitate
2567 3367 2795 3437 peccati,
2821 3368 2907 3422 vel
2935 3368 3102 3434 hunc,
3145 3377 3219 3445 ut‘
3243 3370 3332 3439 qui

1735 3456 1916 3528 justus
1951 3466 2037 3512 est
2059 3457 2384 3529 justiﬁcetur
2424 3459 2595 3512 adhuc
2627 3458 2808 3530 (Apoc.
2842 3459 3017 3529 xm):
3051 3458 3193 3515 sicut
3235 3459 3333 3512 im-

1745 3545 1867 3616 pius
1911 3546 2055 3602 hunc
2099 3546 2332 3604 fructum
2379 3547 2542 3603 habet
2590 3563 2701 3603 sua:
2745 3548 3022 3620 injustitia:
3054 3549 3193 3611 etin
3233 3548 3334 3601 hae

1745 3635 1879 3704 vita,
1913 3643 1976 3692 ut
2003 3650 2125 3694 cum
2163 3637 2220 3693 in
2251 3638 2494 3692 sordibus
2524 3638 2594 3694 sit
2631 3639 2895 3694 sordescat
2925 3638 3097 3692 adhuc
3119 3639 3328 3710 (Ibid).

1747 3726 1914 3797 Quasi
1958 3727 2148 3808 dicat;
2186 3727 2244 3785 Si
2283 3729 2374 3786 hic
2399 3729 2608 3787 fruetus
2659 3739 2743 3788 est
2787 3729 2934 3800 justo
2979 3731 3031 3785 in
3069 3732 3170 3786 hac
3197 3725 3330 3814 vita,

1749 3830 1810 3876 ut
1829 3820 2155 3890 iustiﬁcetur
2174 3823 2374 3890 adhuc,
2403 3839 2533 3894 ergo
2563 3825 2926 3880 necessarium
2961 3833 3045 3880 est
3079 3816 3249 3914 utqui
3280 3823 3334 3878 iu

1752 3909 2001 3969 sordibus
2024 3920 2109 3970 est
2135 3912 2414 3970 sordescat
2442 3914 2639 3970 adhuc.
2997 3963 3016 3996 Ἀ
3205 3909 3226 3986 ξ

2989 3983 3156 4006 ἐξιᾷιζ,

2272 4024 2594 4082 PSALMUS
2645 4025 2822 4089 LVIII.
2891 4079 2899 4092 ,
2955 4051 2966 4096 ς
3021 4040 3200 4100 -..

1755 4131 1808 4170 IN
1838 4129 1998 4171 nauta
2028 4131 2095 4171 ne
2123 4129 2411 4172 DISPEBDAS
2441 4132 2618 4181 stm,
2659 4133 2707 4171 IN
2743 4133 2928 4172 'rt'rum
2959 4109 3335 4188 magistrates:

1824 4201 2034 4250 QUANDO
2060 4202 2205 4242 IIISI'I'
2236 4201 2369 4243 SAUL
2408 4203 2477 4242 ΕΤ
2515 4202 2833 4244 ουετουινιτ
2870 4203 3054 4267 Βοξίυυ
3085 4202 3228 4252 EJUS,
3267 4203 3338 4248 υτ

1828 4271 2210 4313 INTERFICEBET
2233 4273 2362 4314 EUI.
2917 4271 2928 4282 ⁴
3269 4289 3278 4296 ·

1833 4388 1852 4421 ι
1899 4369 2059 4439 Eripe
2107 4385 2195 4426 me
2241 4370 2308 4424 de
2355 4370 2586 4426 inimicis
2616 4370 2770 4436 meis,
2806 4369 2947 4425 Deus
2979 4383 3156 4432 meus,
3181 4377 3234 4424 et
3270 4368 3335 4421 ab

1761 4482 1780 4514 ι
1827 4463 2226 4533 insurgentibus
2260 4464 2313 4518 in
2351 4478 2441 4518 me
2471 4463 2635 4518 libera
2668 4481 2771 4519 me.
2806 4465 2964 4532 Eripe
3004 4479 3088 4520 me
3117 4449 3337 4549 deum;-

1763 4573 1781 4604 ι
1830 4555 2072 4611 rantibus
2107 4557 2464 4626 iniquitatem,
2487 4567 2542 4612 et
2584 4558 2649 4612 de
2683 4559 2813 4627 viris
2843 4559 3162 4627 sauguinum
3187 4560 3339 4640 salsa

122 4612 268 4735 lintei“:
299 4641 397 4735 non
429 4628 603 4684 solum
646 4643 772 4702 post
809 4645 1040 4690 mortem
1085 4639 1296 4691 sensuri
1344 4650 1469 4694 sunt
1514 4641 1647 4695 iram
1684 4639 1728 4696 υ
1761 4665 1779 4698 ι
1827 4663 1930 4702 me.
1963 4649 2101 4714 Quia
2129 4663 2256 4702 ecce
2277 4657 2534 4717 ceperunt
2557 4648 2794 4702 animam
2835 4665 3031 4712 meant,
3069 4612 3342 4735 irruamtt

124 4703 210 4804 I393.
247 4717 330 4771 sed
354 4729 405 4774 et
434 4737 579 4778 nunc
611 4724 706 4779 irae
733 4735 818 4781 est
863 4727 958 4782 Dei
989 4730 1132 4799 quod
1179 4733 1356 4787 adhuc
1406 4735 1652 4788 viventes

127 4801 237 4898 ignis
273 4823 360 4864 eos
385 4816 839 4895 concupiscentia:
869 4818 1123 4876 absumit.
1155 4822 1443 4894 Propterea
1475 4837 1653 4881 autem

122 4899 467 4992 “tumentes,
500 4908 626 4977 quia
658 4924 764 4965 non
790 4919 874 4966 est
916 4911 1032 4967 haec
1078 4929 1202 4968 vera
1232 4917 1361 4982 vita,
1392 4917 1496 4984 vel,
1529 4919 1655 4987 quia

125 4992 270 5084 livere
300 4995 566 5066 videntur,
606 5015 730 5056 cum
755 5017 883 5059 vere
923 5006 1118 5060 mortui
1167 5007 1294 5062 sint.
1344 5009 1460 5064 Non
1509 5012 1654 5066 enim

125 5082 165 5176 tu
183 5082 336 5142 anima
358 5105 543 5147 eorum
576 5109 674 5164 per
710 5111 872 5166 quem
901 5098 1032 5153 vivit
1071 5100 1270 5165 anima,
1304 5102 1354 5156 id
1379 5111 1465 5158 est
1493 5103 1655 5168 Deus,

125 5179 239 5259 Stetit
263 5177 312 5231 in
349 5181 448 5248 ira,
491 5186 616 5254 quia
647 5197 768 5257 post
793 5197 1023 5244 mortem
1055 5189 1272 5259 pra-ﬁxa
1301 5201 1356 5246 et
1385 5209 1511 5247 vera
1550 5194 1654 5259 ira,

127 5257 192 5312 vel
219 5267 332 5332 quia
357 5273 613 5343 scriptum
647 5286 734 5332 est
760 5294 773 5330 :
811 5277 887 5332 Tu
917 5257 1114 5344 autem,
1138 5280 1362 5336 Domine
1393 5257 1651 5338 virtutum

127 5360 220 5440 tum
244 5362 609 5432 tranquillitate
620 5367 839 5437 judicas
867 5367 1016 5440 (Sap.
1049 5368 1174 5439 πη).
1206 5369 1322 5424 Non
1347 5373 1489 5426 enim
1517 5373 1661 5430 Deus

127 5436 358 5535 irascitur,
397 5457 488 5512 sed
526 5436 741 5516 videtur
767 5436 936 5517 iratus
965 5436 1172 5533 quibus
1213 5463 1400 5518 infert.
1432 5464 1497 5519 Et
1529 5467 1654 5535 quia

128 5527 209 5629 hoc
234 5539 291 5594 de
326 5549 596 5618 temporali
622 5566 808 5612 eorum
853 5527 1015 5624 poena
1041 5554 1244 5611 dictum
1271 5557 1386 5611 vult
1412 5527 1656 5629 intelligi,

129 5620 225 5680 ideo
256 5629 566 5706 lnerepative
589 5620 912 5701 convertens
949 5661 1008 5702 se
1032 5647 1099 5702 ad
1123 5663 1239 5713 eos,
1267 5647 1398 5704 dicit
1422 5667 1435 5702 :
1473 5620 1658 5705 Prius;

128 5725 256 5775 quam
280 5722 610 5800 intelligerent
632 5735 794 5805 spina:
825 5747 1004 5792 uestra:
1048 5739 1342 5794 rltamnum.
1389 5741 1549 5806 Quasi
1581 5741 1659 5797 di-

30 5863 32 5870 λ
130 5811 199 5854 cat
225 5819 237 5860 :
268 5809 470 5877 Talibus
507 5825 681 5893 pomis
710 5825 822 5895 jam
875 5828 1056 5884 traditi
1093 5831 1223 5885 estis
1263 5847 1356 5886 vos
1390 5831 1536 5902 impii
1571 5849 1655 5888 διι-

1766 4758 1784 4791 ‹
1833 4740 1884 4793 in
1916 4755 2003 4794 me
2045 4738 2231 4795 fortes.
2260 4738 2450 4811 Neque
2485 4738 2741 4808 iniquitas
2771 4756 2910 4805 utea,
2947 4757 3126 4810 neque
3149 4756 3342 4815 pecea-

1764 4847 1784 4881 σ
1831 4839 1941 4884 tum
1974 4845 2174 4895 meum,
2198 4830 2422 4886 Domine
2447 4849 2460 4883 :
2489 4831 2605 4885 sine
2632 4831 2911 4900 iniquitate
2941 4815 3153 4888 cucurri
3178 4843 3233 4886 et
3262 4833 3341 4886 di-

1763 4939 1782 4973 t
1831 4920 1965 4975 rexi.
1995 4919 2236 4992 Exsurge
2272 4920 2327 4975 in
2353 4936 2638 4976 occursum
2679 4937 2880 4988 meum,
2911 4932 2966 4977 ει
3004 4923 3146 4989 vide,
3173 4932 3226 4978 et
3260 4932 3336 4985 tu,

1762 5033 1780 5066 ι
1825 5012 2048 5069 Domine
2079 5013 2224 5068 Deus
2265 5013 2547 5078 virtutum,
2592 5011 2734 5068 Deus
2777 5012 2957 5076 Israel,
3011 5013 3226 5068 intende
3272 5014 3338 5066 ad

1766 5125 1786 5158 c
1831 5105 2130 5160 visitandas
2167 5119 2355 5160 omnes
2387 5112 2594 5176 gentes,
2627 5120 2732 5159 non
2761 5105 3070 5160 miserearis
3093 5091 3340 5159 omnibus

1765 5215 1786 5249 ι
1830 5197 1922 5267 qui
1939 5203 2234 5272 operantqr
2259 5195 2618 5264 iniquitatem.
2645 5194 3044 5251 Converteutura
3059 5195 3127 5248 ad
3151 5207 3338 5261 vespe-

1740 5285 1784 5339 ’σ
1830 5303 1963 5350 ram,
1998 5295 2049 5343 et
2086 5286 2282 5341 famem
2312 5286 2584 5356 patientur
2626 5295 2684 5341 ut
2721 5301 2908 5351 canes,
2953 5292 3016 5340 et
3040 5283 3344 5340 circuibunt

1764 5395 1785 5428 ι
1828 5378 2125 5432 civitatem.
2149 5377 2603 5448 Ecce-loquentur
2625 5377 2678 5431 in
2705 5391 2808 5432 ore
2823 5391 2943 5442 suo,
2966 5383 3029 5431 ει·
3049 5374 3255 5446 gladius
3287 5373 3339 5428 in

1767 5484 1788 5519 α
1833 5467 1990 5523 labiis
2033 5467 2540 5537 eorumzquoniam
2585 5466 2708 5537 quis
2750 5465 3192 5530 audivit‘tEltu,
3233 5463 3328 5517 θος

1769 5575 1787 5609 ι
1833 5558 1998 5624 mine,
2028 5557 2296 5614 deridebis
2339 5571 2456 5625 eos,
2499 5557 2566 5612 ad
2606 5555 2832 5612 nihilum
2871 5556 3106 5611 deduces
3153 5568 3344 5609 omnes

1768 5667 1788 5700 α
1832 5657 2041 5719 gentes.
2066 5648 2457 5704 Fortitudinem
2483 5663 2659 5704 meam
2682 5648 2750 5702 ad
2775 5657 2825 5704 te
2848 5648 3167 5713 custodiam,
3191 5647 3339 5717 quia,

1765 5760 1784 5792 ι
1835 5741 1995 5805 Deus,
2033 5747 2315 5810 susceptor
2348 5753 2499 5794 meus
2528 5753 2624 5794 es:
2659 5737 2800 5794 Deus
2828 5752 2996 5803 meus,
3029 5737 3338 5793 misericor-

1770 5852 1786 5884 ι
1832 5832 1916 5887 dia
1955 5832 2066 5902 t'jtts
2095 5829 2385 5902 prmveniet
2411 5829 2688 5886 mesaDcus
2731 5828 2965 5884 ostendit
3011 5828 3139 5883 mihi
3183 5839 3343 5896 super
