3884 5464
544 411 651 469 ιῦδ

1170 404 1426 471 numen
1460 398 2114 458 ANTISSIODORENSIS
2153 397 2301 456 oar.
2346 398 2523 456 rans
2559 398 2602 454 ι.
2637 429 2704 440 --
2734 382 3144 455 EXEGETICA.

3694 399 3790 453 836

552 545 574 576 ο
619 520 866 578 inimicos
895 533 1066 585 meos,
1104 534 1173 574 ne
1199 516 1412 574 occidas
1455 531 1568 582 eos,
1611 517 1892 583 nequando
1929 513 2116 570 oblivi-
2145 520 2194 580 Α
2219 513 2449 584 posteris
2477 513 2590 568 suis
2628 527 2806 567 meum
2832 513 3146 584 sanguinem
3193 509 3533 582 reliquerunt
3585 508 3790 580 (Manli.

553 633 569 664 ι
616 619 841 666 scantur
867 608 1044 680 pepuli
1086 609 1209 662 mei.
1244 606 1636 678 Dispergeillos
1679 607 1732 660 in
1776 607 1972 660 virtute
2007 613 2121 669 tua,

554 722 574 754 ο
619 712 674 756 et
694 703 900 771 depone
935 716 1051 766 ets,
1083 707 1351 769 protector
1389 715 1560 770 meus,
1585 698 1828 754 Domine.
1860 697 2118 752 Delictum

555 812 575 845 ι
618 793 731 847 oris
754 806 959 854 eorum,
998 805 1294 846 sermonem
1323 789 1584 846 labiorum
1616 790 1874 858 ipsorum,
1897 797 1952 845 et
1976 804 2123 844 com-

557 903 576 934 s
619 883 1022 954 prehendantur
1047 884 1100 938 in
1129 881 1374 952 superbia
1406 899 1521 937 sua.
1555 883 1625 937 Et
1660 885 1724 938 de
1754 883 2123 938 exsecratione

557 991 577 1023 ι
622 982 677 1028 et
715 972 996 1027 mendacio
1043 972 1501 1027 annuntiabuutur
1543 972 1598 1026 in
1642 971 2122 1035 consummatione,

557 1079 575 1112 ι
619 1061 675 1115 in
721 1061 799 1114 ira
843 1060 1342 1125 consummationis,
1386 1068 1443 1115 et
1491 1074 1596 1116 non
1627 1068 1807 1116 erunt.
1853 1060 1920 1113 Et
1953 1059 2128 1115 scient

555 1167 576 1202 ι
613 1151 744 1220 'quia
787 1151 928 1206 Deus
975 1151 1339 1206 dominabitur
1387 1150 1556 1206 Iacob
1617 1158 1674 1206 et
1719 1149 1903 1204 finium
1946 1159 2123 1203 terra).

555 1256 576 1288 ο
623 1237 1014 1294 Convertentur
1035 1243 1101 1294 ad
1133 1255 1438 1310 vesperam,
1469 1249 1524 1294 et
1549 1239 1745 1300 famem
1774 1239 2045 1310 patientur
2071 1247 2128 1292 ut

557 1346 575 1376 ο
621 1342 807 1394 canes,
850 1339 906 1384 et
946 1330 1250 1386 circuibunt
1291 1331 1586 1386 civitatem.
1625 1330 1728 1402 ipsi
1757 1331 2130 1400 dispergentur

553 1435 572 1466 ι
620 1418 684 1472 ad
715 1420 1144 1476 manducandum
1170 1439 1189 1476 ς·
1213 1422 1256 1476 si
1282 1436 1412 1477 vero
1445 1436 1551 1476 non
1580 1420 1777 1476 fuerint
1805 1419 2052 1485 saturati,
2075 1428 2131 1475 et

555 1525 574 1556 ι
621 1511 1059 1588 murmurabunt.
1108 1510 1221 1581 Ego
1264 1519 1444 1565 autem
1489 1511 1719 1566 cantabo
1760 1509 2128 1566 fortitudinem

556 1617 572 1646 ι
622 1607 803 1663 tuam,
853 1609 910 1654 et
962 1600 1212 1655 exaltabo
1271 1616 1429 1656 mane
1479 1602 1904 1657 misericordiam
1962 1610 2126 1656 tuam.

557 1707 574 1742 ι
625 1687 759 1756 Quia
795 1688 971 1747 factus
1000 1706 1058 1745 es
1087 1701 1366 1763 susceptor
1390 1707 1542 1748 mens
1570 1702 1626 1748 et
1654 1693 1922 1764 refugium
1952 1708 2129 1748 meum

2218 603 2414 674 xxv“),
2448 603 2546 673 ipsi
2573 617 2659 659 me
2679 611 2841 673 caput
2867 602 3272 665 interfecerunt,
3309 601 3384 654 illi
3431 599 3684 654 membra
3709 615 3791 654 oe-

2217 695 2481 750 ciderunt.
2510 694 2579 750 Et
2608 709 2744 764 Opus
2768 703 2852 748 est
2882 703 2941 749 ut
2967 694 3197 763 eripias,
3238 693 3362 763 quia
3407 707 3526 746 ecce
3560 701 3798 761 ceperunt

2219 785 2454 840 animam
2481 800 2668 850 meam,
2696 785 2748 838 id
2775 795 2858 840 est
2878 785 3041 839 vitam
3075 800 3269 849 meam,
3296 778 3565 854 quantum
3596 782 3666 836 ad
3691 780 3795 840 illo-

2219 891 2338 933 rum
2359 875 2698 946 opinionem:
2727 876 2869 945 quod
2892 875 2946 929 in
2974 874 3075 930 hoc
3099 883 3342 944 apparet,
3368 873 3499 943 quia
3533 873 3795 926 irruerent

2218 967 2275 1032 in
2303 983 2384 1022 me
2413 966 2594 1036 fortes,
2626 965 2679 1020 id
2704 966 2808 1030 est,
2840 967 3081 1020 membra
3110 966 3249 1020 illius
3283 965 3374 1034 qui
3407 963 3596 1027 fortis,
3630 961 3684 1017 id
3707 972 3797 1028 est,

2223 1059 2290 1114 de
2320 1073 2378 1113 se
2403 1070 2754 1128 praesumens,
2781 1057 2955 1113 dictus
2973 1066 3073 1112 est.
3100 1055 3253 1113 Unde
3279 1057 3482 1121 dictum
3505 1064 3617 1118 est,
3643 1045 3801 1117 Fortis

2224 1150 2462 1220 alligavit
2487 1151 2682 1206 fortem
2711 1149 2924 1220 (Matth.
2946 1149 3085 1220 ιιι),
3124 1151 3280 1215 bene,
3326 1149 3606 1205 irruerunt
3630 1156 3688 1200 et
3712 1161 3798 1200 nea

2224 1247 2623 1319 praevaluerunt
2648 1265 2660 1304 :
2691 1247 2814 1317 quia
2841 1247 2974 1302 venit
3001 1247 3237 1316 princeps
3261 1244 3448 1299 mundi
3469 1243 3665 1312 hujus.
3689 1241 3795 1295 etin

2226 1357 2308 1395 me
2329 1357 2433 1395 non
2458 1339 2609 1394 habet
2643 1339 2923 1410 quidquam
2950 1339 3128 1409 (Joan.
3158 1337 3304 1407 xrv);
3329 1337 3417 1391 vel
3446 1336 3518 1390 de
3549 1345 3801 1402 tempera-

2226 1430 2367 1486 iibus
2393 1439 2798 1500 prtesumentes,
2827 1429 2934 1494 vel,
2961 1429 3104 1498 quod
3141 1429 3292 1500 pejus
3318 1437 3419 1490 est,
3473 1441 3639 1482 suam
3664 1425 3801 1495 justi

2231 1520 2358 1575 tiam
2388 1521 2799 1586 constituentes,
2821 1521 2888 1575 de
2919 1519 3128 1574 meritis
3147 1518 3373 1575 nimium
3389 1524 3799 1587 praesumentes.

2229 1610 2507 1666 Irruerunt
2537 1612 2594 1666 in
2623 1628 2724 1678 me,
2777 1612 2830 1666 id
2877 1618 2981 1679 est,
3029 1625 3117 1668 me
3144 1611 3290 1666 velut
3333 1609 3598 1671 haedum,
3647 1607 3698 1660 id
3739 1615 3803 1660 est

2229 1711 2594 1771 peccatorem,
2642 1703 2962 1771 deputantes
3005 1700 3345 1764 occiderunt,
3393 1699 3522 1753 ideo
3562 1697 3638 1751 ab
3674 1696 3804 1764 Agna

531 1792 576 1866 .t
625 1776 677 1829 in
702 1777 788 1832 die
816 1777 1174 1834 tribulationis
1212 1794 1364 1834 metu.
1407 1781 1636 1851 Adjutor
1660 1797 1832 1848 meus,
1867 1783 1960 1837 tibi
1989 1781 2133 1852 psal-
2233 1792 2424 1847 redimi
2452 1807 2559 1847 non
2587 1800 2918 1847 mel-uerum,
2948 1791 3026 1846 mi
3055 1791 3345 1855 macrum,
3368 1791 3463 1845 sed
3508 1790 3564 1843 εη
3599 1801 3691 1841 me
3709 1787 3805 1840 ηηι.

558 1885 574 1915 ⁴
623 1866 752 1933 Ιεὶῐη,
789 1869 934 1938 qui“:
977 1871 1138 1935 Πευε»
1167 1881 1444 1941 susceptor
1490 1888 1644 1928 meus
1687 1889 1765 1939 εδ»
1810 1873 1951 1928 Deus
1985 1887 2135 1929 meus
2165 1871 2212 1931 Β
2241 1883 2348 1937 lum
2379 1892 2661 1953 peccatum
2689 1883 3027 1938 invenerunt.
3060 1882 3240 1951 Neque
3264 1882 3521 1950 iniquitas
3564 1895 3707 1938 mea,
3733 1893 3802 1928 ue-

558 1976 574 2007 ι
621 1958 988 2016 misericordia
1019 1976 1162 2018 mea.
1208 1980 1231 2016 ι

1110 2050 1159 2104 E
1165 2051 1493 2108 ΝΑΠΗἈΤΙ
1501 2051 1566 2109 0.

621 2139 880 2196 Dominus
919 2152 1105 2199 noster
1141 2143 1298 2201 Iesus
1341 2145 1610 2215 Christus,
1657 2156 1820 2219 caput
1862 2157 2126 2217 nostrum,

552 2239 675 2285 orat
710 2231 762 2286 in
799 2234 901 2290 hoc
939 2235 1173 2306 psalmo,
1197 2247 1252 2293 et
1279 2239 1486 2296 orando
1519 2240 1676 2296 docet
1702 2256 1800 2297 nos
1827 2257 2001 2298 orare.
2032 2242 2132 2297 Do-

555 2328 642 2374 cet
665 2321 827 2377 etiam
855 2339 953 2380 nos
973 2326 1038 2380 de
1066 2329 1301 2397 peccatis
1325 2344 1433 2384 non
1459 2330 1766 2401 desperare,
1791 2332 1898 2389 imo
1924 2348 2019 2404 pro
2047 2335 2131 2390 his

556 2408 816 2467 sollicitos
836 2428 976 2481 esse,
1005 2431 1127 2471 cum
1153 2415 1346 2486 Judrei,
1372 2428 1516 2476 tanta
1543 2423 1793 2492 phrenesi
1825 2425 2046 2495 arrepti,
2075 2433 2134 2480 ut

554 2501 821 2558 medicum
851 2514 907 2560 et
932 2506 1252 2565 salvatorem
1299 2526 1454 2567 suum
1497 2515 1828 2583 occiderent,
1865 2519 2131 2586 paeniten-

558 2591 688 2646 tiam
716 2604 960 2664 agenteS,
986 2599 1139 2654 multi
1169 2601 1412 2657 salvandi
1440 2613 1598 2671 sunt;
1620 2617 1674 2662 et
1700 2616 1890 2678 gentes
1923 2610 2134 2679 penitus

557 2683 727 2740 Deum
749 2687 955 2755 oblitae,
972 2690 1277 2746 manufacta
1303 2695 1612 2761 adorantes,
1641 2712 1748 2753 non
1773 2699 1988 2769 penitus
2013 2707 2138 2754 sunt

557 2774 790 2844 rejectae.
816 2776 1094 2844 Quomodo
1122 2781 1282 2838 nobis
1299 2798 1408 2837 non
1428 2785 1496 2838 sit
1521 2786 1929 2856 desperandum,
1955 2799 2136 2845 osten-

557 2866 636 2920 dit
664 2867 850 2924 titulus
891 2869 994 2925 hoc
1031 2873 1228 2928 modo:
1263 2872 1389 2930 Haec
1421 2874 1726 2933 referuntur
1767 2880 1822 2934 in
1853 2881 2032 2949 ﬁnem,
2077 2891 2135 2937 ut

559 2972 699 3027 sa‘pe
719 2959 831 3029 jam
854 2961 1056 3017 dictum
1078 2973 1178 3028 est,
1207 2964 1273 3019 ad
1295 2965 1398 3022 hoc
1421 2969 1718 3037 proposita,
1741 2985 1809 3025 ne
1835 2981 1890 3026 tu
1911 2973 2136 3043 quisque

559 3047 652 3115 qui
698 3049 890 3106 salvari
941 3053 1115 3124 cupis,
1162 3070 1225 3109 ne
1275 3055 1546 3126 disperdas
1580 3060 1963 3131 inscriptionem
2000 3047 2154 3120 tituli,

557 3137 748 3204 David,
784 3141 835 3198 id
872 3152 955 3199 est
1003 3143 1227 3211 Christi,
1268 3147 1655 3220 denegandoei
1695 3167 1917 3224 regnum
1965 3155 2018 3208 in
2061 3164 2133 3220 te,

2227 1990 2326 2044 que
2353 1984 2621 2045 peccatum
2643 1989 2835 2040 meum,
2883 1973 3120 2028 Domine.
3154 1971 3415 2042 Iniquitas
3445 1972 3502 2025 in
3525 1970 3692 2030 alios,
3709 1985 3803 2036 peto

2229 2075 2404 2120 catum
2435 2065 2488 2119 in
2514 2080 2620 2134 me,
2647 2081 2753 2120 non
2781 2079 2898 2120 sum
2923 2071 3287 2133 transgressus
3309 2061 3483 2131 legem
3511 2069 3688 2115 tuam.
3705 2055 3805 2109 Nos

2230 2154 2381 2211 enim
2410 2155 2523 2210 veni
2543 2155 2738 2211 solvere
2765 2154 2946 2224 legem,
2973 2152 3062 2207 sed
3088 2151 3298 2221 implere
3325 2149 3548 2220 (Matth.
3581 2148 3664 2218 ν).
3687 2145 3806 2214 Ergo

2230 2245 2396 2316 gratis
2432 2247 2718 2299 irruerunt.
2754 2242 2886 2298 Nam
2932 2243 3060 2307 sine,
3083 2243 3356 2311 iniquitate
3383 2239 3632 2305 cucurri,
3659 2247 3707 2291 et
3740 2236 3803 2287 di-

2230 2338 2362 2392 rexi.
2395 2336 2549 2391 Nulla
2587 2336 2836 2392 illecebra
2867 2333 3028 2403 hujus
3061 2333 3185 2388 vita:
3226 2331 3462 2388 detinuit
3493 2330 3566 2384 ad
3597 2342 3803 2383 curreu-
3882 2327 3884 2403 Ῑ

2231 2428 2354 2483 dam
2386 2428 2644 2482 virtutum
2685 2427 2852 2492 viam,
2896 2434 2951 2481 et
2981 2439 3100 2479 meo
3130 2423 3378 2492 exemplo
3420 2421 3567 2476 alios
3612 2417 3806 2472 direxi:
3882 2417 3884 2492 ξ

2232 2517 2406 2574 factus
2451 2525 2536 2573 est
2582 2517 2832 2572 Christus
2860 2515 3132 2586 particeps
3173 2521 3372 2568 nostra:
3400 2511 3807 2568 infirmitatiset

2232 2619 2434 2666 nostrae
2466 2609 2792 2680 iniquitatis,
2822 2585 2884 2664 ut
2928 2623 3025 2679 per
3065 2608 3168 2664 hoc
3209 2607 3352 2676 quod
3400 2605 3807 2661 communicarit

2233 2709 2475 2757 nostram
2499 2699 2892 2765 infirmitatem,
2915 2698 3150 2755 solveret
3170 2704 3409 2752 nostram
3432 2696 3770 2765 iniquitatem
3793 2711 3805 2745 :

2233 2799 2290 2850 et
2323 2790 2428 2844 hoc
2449 2797 2532 2844 est
2559 2789 2703 2859 quod
2728 2788 2882 2852 dicit,
2929 2788 3120 2842 direxi.
3159 2785 3266 2841 Sed
3295 2794 3350 2839 tu
3378 2825 3394 2848 ,
3433 2784 3710 2847 Domine,
3731 2799 3804 2836 α-
3882 2801 3884 2850 ε

2233 2896 2388 2950 surge
2412 2881 2468 2934 in
2496 2895 2770 2934 occursum
2799 2894 2995 2943 meum,
3025 2877 3084 2932 id
3107 2885 3212 2941 est,
3259 2885 3517 2931 occurrat
3566 2873 3806 2928 auxilium
3882 2913 3884 2946 ί

2235 2978 2384 3024 tuum
2412 2968 2686 3040 proposito
2721 2982 2860 3023 meo.
2897 2967 2967 3021 Et
3002 2967 3137 3031 uide,
3169 2966 3219 3021 id
3252 2975 3354 3029 est,
3399 2965 3467 3018 da
3492 2964 3677 3018 videri
3704 2962 3808 3032 quid
3882 2991 3884 3002 ι

2233 3074 2471 3124 curram,
2499 3058 2628 3127 quid
2648 3057 2898 3128 dirigam,
2915 3056 3072 3124 juxta
3103 3055 3244 3124 quod
3278 3054 3479 3110 dicitur
3504 3054 3805 3108 Abraham:
3882 3097 3884 3116 ,

2242 3149 2402 3206 Nunc
2429 3150 2643 3220 cognovi
2670 3149 2807 3220 quod
2835 3151 2984 3203 times
3034 3147 3316 3202 Dominum
3340 3143 3496 3217 (Gen.
3527 3146 3696 3215 xm).
3719 3143 3808 3197 Fac

561 3244 666 3284 non
697 3232 967 3290 credendo.
987 3235 1208 3305 inneum,
1233 3244 1286 3292 et
1311 3252 1474 3310 prave
1498 3240 1727 3297 vivendo
1751 3213 2140 3314 inscriptione
2166 3220 2214 3283 ε
2243 3239 2361 3294 illos
2391 3253 2710 3310 cognoscere
2740 3245 2794 3292 et
2816 3238 3057 3302 credere.
3085 3251 3190 3290 ιιοη
3211 3213 3666 3291 θεεθδίειοηυπδ
3688 3235 3808 3304 quod

560 3319 700 3384 dico,
743 3321 885 3378 facta
910 3326 1119 3395 quando
1151 3328 1290 3382 misit
1329 3327 1483 3397 Saul,
1511 3339 1566 3386 et
1592 3342 1806 3388 caetera.
1844 3332 2064 3405 Legitur
2090 3335 2142 3390 in

560 3411 783 3468 historia
829 3414 883 3486 (Ι
917 3415 1043 3487 Reg.
1085 3417 1224 3489 nx),
1275 3419 1418 3490 quod
1468 3419 1598 3477 Saul
1635 3423 1782 3480 misit
1827 3425 1892 3480 ad
1926 3425 2143 3480 domum

563 3502 758 3569 David,
780 3506 869 3574 qui
895 3508 1409 3578 comprehenderent
1434 3519 1594 3566 noctu
1621 3521 1675 3567 et
1696 3512 2022 3581 occiderent,
2045 3514 2140 3569 sed

563 3592 757 3648 Micliol
788 3594 895 3651 tilia
935 3596 1082 3665 Sani,
1114 3613 1249 3655 uxor
1279 3599 1466 3665 David,
1494 3601 1742 3656 liberavit
1763 3617 1910 3668 eum,
1939 3617 2143 3673 ponens

565 3683 760 3737 idolum
787 3701 885 3755 pro
912 3702 999 3754 eo,
1029 3697 1085 3743 et
1118 3690 1431 3760 cooperiens
1458 3691 1512 3744 in
1547 3691 1708 3747 lecto.
1735 3691 2037 3762 lnscriptus
2059 3701 2142 3755 est

566 3774 752 3830 titulus
772 3776 883 3832 Rex
906 3777 1230 3846 Judmornm,
1271 3783 1412 3852 quod
1451 3798 1559 3838 nos.
1579 3784 1646 3838 ab
1684 3783 1907 3839 historia
1933 3786 1999 3840 ad
2022 3801 2140 3856 my-

565 3873 786 3926 sterium
818 3874 998 3929 trahit.
1027 3873 1143 3930 Non
1172 3884 1256 3932 est
1292 3885 1472 3932 autem
1501 3885 1816 3950 corruptus,
1839 3879 1963 3949 quia
1986 3878 2143 3934 Chri—

563 3970 679 4016 stus
701 3964 976 4041 moriendo
995 3965 1108 4021 Rex
1130 3975 1213 4022 est
1231 3970 1584 4037 constitutus;
1605 3973 1743 4039 quod
1765 3972 1912 4036 dicit,
1929 3973 2144 4043 quando

564 4051 712 4106 misit
742 4053 868 4107 Saul
900 4057 964 4108 ad
991 4056 1389 4112 custodiendam
1417 4059 1654 4124 domum,
1680 4060 1746 4122 ad
1776 4075 1970 4131 corpus
1993 4062 2144 4117 Chrio

565 4143 635 4195 sli
685 4141 934 4199 refertur.
980 4145 1224 4202 Mortuus.
1252 4157 1426 4203 autem
1474 4149 1722 4206 Christus
1767 4152 1820 4207 in
1869 4151 2141 4221 sepultura

564 4243 648 4289 est
675 4236 901 4304 positus,
937 4238 1004 4292 ad
1031 4255 1189 4310 quam
1217 4241 1616 4310 quasi-domum
1658 4245 1812 4312 Saul,
1841 4246 1892 4301 id
1932 4255 2015 4300 est
2055 4262 2142 4301 re-

564 4343 726 4397 gnum
755 4325 1080 4394 Judzeorum,
1103 4333 1350 4388 custodes
1377 4334 1617 4390 adhibuit
1647 4345 1705 4390 ut
1728 4337 2140 4400 interficeretur,

563 4435 670 4474 non
694 4432 953 4490 quantum
993 4423 1059 4478 ad
1089 4434 1247 4493 caput
1270 4426 1410 4494 quod
1434 4427 1545 4496 jam
1573 4438 1843 4482 mortuum
1879 4437 2019 4492 erat,
2049 4428 2142 4482 sed

567 4522 826 4580 quantum
849 4515 915 4568 ad
939 4530 1150 4584 corpus.
1180 4502 1456 4574 llocoenim
1482 4529 1597 4573 erat
1617 4519 1888 4576 Christum
1911 4521 2143 4575 maxime

566 4605 832 4670 occidere,
858 4607 1081 4675 gloriam
1115 4613 1522 4667 resurrectionis
1557 4611 1796 4678 auferre,
1821 4613 1872 4667 in
1908 4628 2014 4683 quo
2045 4628 2139 4667 vo-

569 4696 737 4748 canda
768 4707 881 4751 eral
903 4697 1138 4753 Ecclesia
1164 4716 1356 4770 corpus
1385 4702 1604 4758 Christi.

639 4783 798 4854 Eripe
825 4803 903 4840 me
926 4789 988 4842 de
1015 4791 1239 4844 inimicis
1268 4793 1410 4855 meis,
1443 4791 1585 4846 Deus
1602 4810 1765 4848 meus.
1793 4793 1905 4850 Vox
1931 4795 2140 4864 capitis.

567 4877 705 4941 Deus
756 4879 993 4934 omnium
1033 4896 1129 4950 per
1169 4891 1438 4948 naturam,
1492 4901 1637 4939 meus
1685 4902 1781 4956 per
1819 4887 2142 4955 singularem

569 4972 816 5038 gratiam,
849 4985 950 5040 qua
980 4987 1097 5025 sum
1129 4973 1380 5029 imnmnis
1405 4991 1433 5028 a
1461 4985 1704 5045 peccato,
1733 4976 1817 5031 vel
1843 4992 1937 5045 per
1966 4977 2144 5044 singu-

565 5064 734 5117 larem
763 5064 1140 5120 obedientiam.
1173 5067 1329 5138 Eripe
1374 5085 1454 5122 me
1483 5080 1636 5126 cauut
1665 5072 1729 5124 de
1769 5070 1991 5122 inimicis
2017 5071 2140 5123 me};

2174 4565 2220 4624 D

2242 3328 2421 3400 regula
2446 3329 2776 3384 inconcussa:
2795 3327 3042 3382 veritatis
3061 3337 3144 3381 est
3167 3327 3463 3391 directum;
3491 3327 3579 3380 vel
3604 3343 3812 3394 emrge
3882 3341 3884 3352 ι

2240 3421 2296 3474 iu
2318 3435 2590 3474 occursum
2619 3435 2816 3484 meum,
2842 3417 2897 3472 id
2946 3428 3054 3480 est,
3082 3417 3147 3471 da
3177 3417 3398 3488 intelligi
3444 3417 3805 3472 excellentiam

2243 3519 2387 3565 tuam
2420 3525 2517 3580 per
2555 3509 3007 3566 resurrectionem
3049 3523 3225 3564 meam
3251 3549 3266 3574 ,
3316 3518 3374 3562 ut
3399 3510 3448 3564 ei
3490 3509 3809 3578 intelligatur

2239 3617 2550 3668 occurrere,
2581 3602 2633 3657 id
2661 3612 2768 3667 est,
2809 3602 3098 3657 com'cnire
3121 3601 3402 3672 inqualitas
3427 3617 3576 3656 mea.
3610 3602 3682 3655 Et
3709 3611 3807 3670 post

2241 3694 2689 3749 resurrectionem
2723 3692 2932 3746 intende
2973 3692 3042 3745 ad
3088 3691 3374 3745 risitandas
3420 3708 3601 3746 omnes
3626 3702 3806 3761 gentes.

2237 3783 2330 3854 qui
2361 3782 2586 3838 visitasti
2631 3780 2906 3836 Judaieam
2953 3790 3164 3849 gentem
3191 3795 3286 3851 per
3325 3796 3431 3836 me.
3479 3781 3810 3850 lntendeper

2234 3875 2620 3945 .przedicatores
2645 3881 2782 3935 tuos,
2813 3881 2871 3926 ut
2902 3871 3087 3926 visites
3118 3887 3292 3926 omnes
3319 3881 3518 3942 gentes,
3551 3871 3713 3941 quasi
3737 3871 3805 3923 ιιι-
3882 3887 3884 3892 ·

2243 3963 2424 4019 firmas
2461 3971 2646 4019 etnon
2692 3963 2932 4018 valentes
2977 3978 3034 4018 se
3067 3963 3294 4032 erigere,
3346 3962 3452 4016 nisi
3499 3961 3683 4016 aliena
3705 3974 3805 4030 ope.
3882 3977 3884 3994 ι

2244 4054 2343 4120 Τιι,
2373 4055 2514 4121 dico,
2547 4055 2772 4122 intende,
2807 4056 2898 4126 qui
2934 4066 3104 4126 poles,
3149 4055 3241 4125 qui
3279 4070 3339 4110 es
3363 4054 3509 4109 Deus
3550 4055 3806 4114 rirtutslt,

2241 4147 2296 4202 id
2333 4155 2436 4211 est,
2467 4162 2822 4217 supernorum
2851 4147 3069 4202 civium.
3096 4147 3239 4201 Idem
3271 4146 3408 4201 Deus
3432 4145 3622 4210 Israel,
3647 4146 3807 4205 idest,

2244 4236 2520 4292 hominum
2551 4236 2847 4290 videntium
2893 4244 2964 4290 te.
2995 4235 3089 4290 Vel
3121 4237 3258 4290 Deus
3310 4237 3584 4299 virtutum,
3631 4236 3806 4304 guber-

2243 4330 2421 4384 nando
2447 4344 2540 4384 eas
2566 4343 2634 4382 ne
2657 4338 2778 4382 ruat
2808 4346 2823 4381 :
2858 4327 3032 4382 factus
3056 4327 3197 4381 Deus
3224 4326 3417 4390 Israel,
3444 4325 3755 4382 redimendo
3781 4339 3805 4374 s

2243 4420 2499 4489 peccatis.
2525 4419 2593 4474 Et
2631 4420 2735 4474 hoc
2761 4419 2920 4475 modo
2950 4419 3100 4473 visita
3128 4433 3304 4472 omnes
3333 4427 3531 4487 gentes,
3566 4417 3804 4471 miserere

2247 4514 2498 4569 erunibus
2521 4513 2870 4584 operantibus
2893 4512 3222 4582 aequitatem.
3249 4509 3362 4566 Hoc
3383 4521 3467 4565 est
3489 4512 3734 4580 aequitas,
3760 4517 3803 4560 at

2247 4604 2338 4674 qui
2364 4613 2641 4673 peceatum
2668 4613 2724 4658 et
2762 4603 2878 4658 vult
2917 4611 2977 4658 ut
3014 4603 3154 4658 Deus
3185 4618 3290 4657 non
3341 4603 3553 4672 puniat,
3600 4603 3803 4672 ipsemet

2247 4696 2466 4764 puniat,
2501 4696 2615 4765 ipse
2639 4694 2863 4764 judicet.
2919 4692 2974 4749 Si
3004 4695 3130 4763 quid
3166 4694 3290 4748 boni
3346 4693 3498 4760 facit,
3551 4709 3656 4748 non
3696 4689 3801 4752 sibi,

2247 4787 2340 4842 sed
2368 4787 2480 4840 Deo
2505 4786 2796 4852 attribuat;
2824 4785 2866 4840 si
2891 4785 3018 4854 quid
3049 4784 3194 4848 mali,
3235 4784 3337 4839 sibi
3366 4785 3624 4854 imputet,
3643 4794 3694 4837 et
3715 4796 3799 4834 non

2249 4878 2497 4933 refundat
2525 4878 2735 4947 culpam
2765 4877 2820 4932 in
2848 4884 3144 4932 auctorem.
3174 4875 3325 4942 Quod
3370 4877 3516 4930 Deus
3550 4875 3681 4938 odit,
3707 4874 3802 4941 ipse

2249 4971 2430 5024 odiat:
2463 4972 2605 5038 quod
2653 4967 2763 5023 Deo
2806 4967 3077 5036 displicet,
3110 4975 3164 5020 et
3212 4965 3286 5021 illi
3337 4965 3643 5035 displiceat,
3685 4965 3724 5017 si
3759 4962 3797 5014 ei

2245 5064 2453 5120 placere
2476 5063 2764 5114 desiderat.
2797 5061 2914 5108 Non
2943 5068 3119 5110 autem
3149 5058 3445 5112 miserearis
3473 5051 3797 5124 omnibusqui

3565 5147 3799 5201 ‘duditls
