3884 5474
63 376 189 437 437

1214 376 1743 434 ENARRATIONES
1782 377 1846 430 IN
1889 377 2222 435 PSALMOS.

3240 390 3344 444 438

64 503 270 551 ratum
305 514 319 550 :
350 511 509 551 nemo
535 495 677 550 enim
709 504 792 551 est
833 495 967 551 adeo
995 510 1183 551 exsors
1213 497 1279 549 ab
1311 497 1540 549 humana
1582 508 1674 548 na-
1703 498 1748 555 Α
1777 492 1984 563 gladius
2013 497 2064 549 in
2091 513 2178 548 ore
2204 509 2414 562 eorum,
2447 497 2642 554 nullius
2663 499 2790 555 vitia
2826 502 3067 572 palpans,
3105 503 3199 559 sed
3227 519 3348 561 om-

63 591 202 638 t“.ra
253 592 313 639 ut
343 585 484 639 dicat
514 584 712 639 furtum
751 585 834 646 vel
865 585 1208 641 homicidium
1252 593 1307 640 et
1345 592 1535 640 caetera
1562 583 1667 637 hu-

57 673 338 744 iusmodi,
373 691 476 730 non
505 691 622 732 esse
659 677 894 746 crimen;
932 677 1026 732 sed
1067 678 1266 733 bonum
1311 675 1536 741 faciens,
1565 673 1669 730 sibi

64 765 336 834 imputat,
364 766 562 820 malum
593 767 698 820 Deo
727 781 742 820 :
773 781 895 821 cum
921 766 1050 821 facit
1075 767 1196 836 quis
1217 765 1532 837 perjurium,
1556 764 1670 818 fur-

67 867 218 922 tum,
252 859 574 914 adulterium
606 871 660 914 et
685 858 811 912 talia
838 859 1005 914 multa
1032 899 1047 924 ,
1071 859 1279 930 judicat
1303 857 1498 914 malum
1525 872 1667 922 csse,

63 949 171 1000 sed
208 950 444 1018 imputat
484 950 612 1015 Deo,
655 950 882 1006 dicens:
933 949 989 1006 Si
1019 950 1162 1006 Deus
1195 951 1377 1014 nollet,
1432 964 1537 1004 non
1567 948 1670 1004 hoc

60 1037 343 1095 facerem.
376 1041 546 1096 Aliter
571 1059 584 1095 :
620 1040 843 1096 Intende
867 1043 934 1096 ad
962 1043 1246 1097 uisitandas
1275 1059 1450 1097 omnes
1471 1050 1668 1112 gentes,

61 1138 128 1184 et
155 1130 201 1184 si
231 1145 340 1185 non
363 1131 564 1200 paleas,
597 1139 778 1187 tamen
807 1147 995 1203 grana.
1021 1129 1146 1186 Non
1171 1123 1356 1186 autem
1377 1131 1672 1186 miserearis

65 1219 327 1274 omnibus
358 1221 448 1289 qui
480 1230 762 1291 operantur
790 1221 1144 1291 iniquitatem,
1168 1221 1376 1277 scilicet
1400 1220 1542 1274 illan]
1564 1221 1672 1291 spi-

49 1309 317 1381 ritalem,
349 1320 403 1365 et
434 1310 666 1365 maxime
704 1311 912 1366 scilicet
956 1311 1046 1380 qui
1077 1311 1362 1367 Dominum
1409 1311 1534 1366 vitae
1579 1326 1673 1365 au-

65 1412 288 1457 ctorem
323 1405 728 1459 interfecerunt.
764 1404 879 1460 Non
917 1403 1090 1460 solum
1130 1391 1442 1460 occiderunt
1467 1417 1669 1466 servos,

69 1492 173 1546 sed
202 1502 261 1546 et
293 1493 484 1548 ﬁlium.
518 1493 586 1548 Et
611 1508 801 1549 revera
825 1493 1072 1550 visitabis
1092 1508 1280 1549 omnes
1307 1503 1515 1564 gentes,
1547 1491 1672 1563 quia

67 1599 446 1642 convertentur
474 1590 539 1644 ad
571 1597 622 1645 te
649 1590 717 1645 ab
746 1589 903 1646 idolis
937 1590 1050 1647 suis
1074 1631 1088 1656 ,
1119 1600 1175 1647 et
1203 1591 1248 1646 si
1278 1592 1347 1646 ad
1388 1608 1674 1662 uesperam,

71 1680 132 1733 id
166 1688 255 1735 est
285 1695 429 1746 sero,
460 1681 664 1736 scilicet
687 1681 740 1736 in
771 1690 921 1737 sexta
962 1690 1144 1748 mtate,
1165 1681 1245 1737 vel
1278 1681 1344 1735 ad
1369 1697 1670 1752 vesperam,

72 1770 130 1822 id
159 1779 268 1832 est,
298 1778 418 1840 post
467 1771 834 1826 ascensionem
859 1811 875 1837 ,
915 1780 970 1827 et
1004 1780 1128 1841 post
1166 1771 1478 1827 missionem
1513 1769 1672 1825 Verbi

1770 583 1858 638 nia
1912 602 2162 642 resecans
2209 589 2420 658 putrida
2465 606 2478 643 :
2526 599 2580 646 et
2626 591 2745 646 ideo
2789 608 2910 648 cum
2962 601 3108 648 tanta
3154 593 3352 652 ﬁducia

1771 689 1949 750 agent.
1981 680 2239 748 Quoniam
2267 684 2383 753 quis
2411 684 2628 748 audivit,
2667 683 2943 751 subaudis,
2981 685 3153 741 talia?.
3182 685 3354 758 virgi-

1771 785 1893 826 nem
1933 787 2146 842 parere,
2186 783 2458 830 mortuum
2491 775 2655 830 vitam
2698 777 2848 833 dare.
2897 777 3015 832 Non
3062 785 3189 834 sunt
3239 780 3356 834 haec

1772 860 2028 925 humana,
2059 862 2150 917 sed
2185 863 2363 917 divina
2394 881 2406 918 :
2442 873 2495 919 et
2520 864 2638 920 ideo
2667 881 2790 921 eum
2820 882 3014 938 magna
3042 868 3255 923 ﬁducia.
3286 865 3354 922 Et

1770 959 1850 1017 tu,
1885 951 2123 1015 Domine,
2151 952 2409 1008 deridebis
2445 971 2553 1008 eos.
2605 955 2769 1023 Quasi
2813 956 2998 1012 dicat:
3033 956 3166 1012 Cum
3191 956 3357 1028 genti-

1771 1043 1871 1098 bus
1900 1043 1977 1098 sic
2007 1043 2203 1108 facies;
2251 1053 2305 1099 et
2329 1054 2382 1099 tu
2407 1061 2566 1116 quem
2593 1046 2692 1117 ipsi
2723 1056 3180 1120 contempserunt.
3211 1047 3355 1102 deri-

1772 1131 1915 1186 debis
1958 1148 2064 1198 eos,
2116 1132 2322 1188 scilicet
2370 1144 2656 1204 operantes
2709 1137 3051 1208 iniquitatem
3096 1135 3310 1193 Iudaeos
3340 1178 3355 1203 ,

1772 1222 2024 1278 ostendes
2057 1223 2108 1277 in
2133 1222 2313 1279 futuro
2340 1224 2528 1296 dignos
2566 1227 2700 1282 risu.
2735 1226 2926 1284 Omnes
2969 1236 3148 1284 autem
3182 1239 3357 1301 gentes

1773 1324 2033 1383 quantum
2063 1315 2128 1370 ad
2153 1331 2321 1387 grana
2368 1317 2591 1373 deduces
2621 1318 2690 1373 ad
2735 1320 2957 1375 nihilum
3003 1320 3056 1374 in
3103 1335 3169 1375 eo
3213 1320 3356 1390 quod

1772 1412 1969 1473 gentes,
1999 1403 2050 1458 id
2079 1415 2161 1459 est
2189 1405 2460 1476 gentiliter
2487 1407 2749 1463 viventes.
2778 1407 3164 1464 Fortitudinem
3191 1426 3357 1463 meam

1773 1495 1842 1550 ad
1866 1505 1914 1549 te
1941 1497 2253 1551 custodiam.
2287 1496 2451 1565 Quasi
2486 1498 2631 1555 dicat
2662 1517 2677 1554 :
2714 1499 2782 1555 Et
2810 1499 2898 1555 illa
2946 1501 3184 1571 gentium
3232 1516 3361 1556 con-

1774 1587 1950 1642 versio
1981 1587 2071 1643 ﬁet
2104 1603 2199 1658 per
2239 1588 2598 1659 fortitudinem
2627 1607 2794 1645 meam
2838 1598 2892 1646 et
2933 1605 3201 1655 meorum,
3232 1591 3360 1660 quia

1776 1692 1890 1732 mea
1921 1677 2178 1734 fortitudo
2209 1687 2261 1734 et
2287 1695 2530 1735 meorum
2575 1681 2854 1736 accusabit
2881 1679 3248 1734 infirmitatem
3275 1695 3363 1733 eo-

1779 1785 1917 1822 rum.
1942 1768 2110 1836 Quam
2134 1769 2494 1839 fortitudinem
2515 1785 2614 1842 ego
2637 1769 2958 1834 custodiam,
2983 1768 3025 1825 si
3055 1769 3120 1823 ad
3148 1779 3198 1824 te
3221 1768 3362 1822 refc-

71 1859 198 1915 Dei.
239 1859 309 1914 Et
359 1861 548 1931 famem
590 1862 875 1932 patientur,
928 1861 1127 1917 famem
1175 1862 1322 1916 verbi
1370 1862 1487 1926 Dei,
1518 1861 1672 1932 juxta
1703 1861 1750 1922 Β
1783 1875 1918 1922 rmn,
1945 1859 1991 1914 si
2014 1858 2226 1914 nihilde
2247 1874 2331 1913 me
2353 1859 2782 1929 prmsumam.Et
2805 1859 2909 1915 mei
2933 1859 3182 1914 similiter
3205 1874 3359 1912 suam

72 1952 212 2006 illud
248 1971 261 2006 :
304 1951 438 2007 Ecce
464 1953 715 2008 inducam
748 1953 938 2020 famem
984 1968 1146 2024 super
1191 1964 1404 2018 terram,
1452 1970 1553 2008 non
1599 1954 1677 2024 fa-

71 2059 218 2095 mem
247 2043 408 2124 panis,
435 2061 594 2114 neque
633 2045 774 2100 sitim
805 2060 955 2114 aqua:
980 2083 995 2110 ,
1043 2044 1135 2098 sed
1177 2042 1375 2099 famem
1427 2043 1675 2098 audiendi

72 2133 295 2188 uerbum
314 2134 409 2188 Dei
440 2135 618 2206 (Amos
662 2135 802 2207 vni).
834 2135 900 2191 Ut
923 2154 1099 2199 canes,
1131 2137 1185 2193 id
1221 2146 1322 2204 est,
1347 2125 1552 2194 similes
1580 2155 1672 2194 ca-

73 2225 246 2280 nibus
288 2227 380 2294 qui
435 2236 721 2282 recurrunt
763 2228 830 2283 ad
872 2230 1154 2295 vomitum,
1182 2228 1263 2285 vel
1305 2240 1356 2283 ut
1400 2247 1575 2294 canes,
1623 2231 1674 2287 id

74 2325 163 2368 est
213 2315 392 2382 avide,
426 2316 502 2370 vel
547 2328 936 2388 cognoscentes
972 2326 1020 2372 et
1055 2319 1373 2375 conﬁtentes
1401 2334 1459 2374 se
1486 2335 1676 2389 pecca-

77 2417 232 2460 tores
259 2395 312 2460 εἰ
343 2409 664 2463 immundos.
694 2407 784 2463 Vel
814 2425 916 2464 non
945 2409 1117 2464 solum
1153 2420 1534 2476 convertentur,
1581 2410 1674 2466 sed

72 2497 251 2550 ctiam
285 2498 519 2552 esurient
553 2498 687 2553 alios
713 2499 814 2553 sibi
852 2499 1222 2569 incorporare,
1256 2499 1354 2569 ipsi
1383 2500 1676 2556 existentes

77 2600 134 2641 ut
163 2606 347 2652 canes,
384 2589 432 2643 id
469 2599 570 2655 est,
603 2593 996 2661 comparabiles
1019 2593 1262 2659 canibus,
1296 2594 1376 2648 vel
1409 2604 1461 2647 ut
1497 2611 1672 2659 canes,

77 2683 130 2736 id
163 2690 271 2746 est,
297 2683 576 2754 vigilantes
601 2692 656 2738 et
682 2683 960 2749 latrantes,
990 2685 1042 2740 id
1069 2694 1172 2752 est,
1202 2686 1475 2740 docentes.
1501 2686 1676 2742 Canes

75 2788 298 2826 summa
353 2774 645 2845 sagacitate
686 2783 740 2830 et
768 2774 1056 2831 velocitate
1084 2775 1238 2848 lupos
1281 2785 1333 2831 et
1380 2777 1672 2833 lationesa

73 2865 422 2934 praesepibus
461 2874 648 2921 arcent
697 2867 810 2922 suis
858 2867 1140 2923 latratibus
1184 2884 1198 2921 :
1259 2867 1331 2922 ita
1377 2868 1558 2924 ﬁdeles
1609 2870 1675 2924 de

74 2951 358 3020 gentibus.
389 2954 454 3008 de
495 2955 691 3024 quibus
736 2954 825 3010 hic
869 2956 1068 3026 agitur,
1105 2955 1232 3011 facti
1275 2957 1670 3026 przedieatores,

76 3052 139 3096 ut
164 3043 514 3110 Ambrosius,
543 3045 895 3116 Augustinus,
921 3045 1280 3118 Hieronymus
1305 3055 1358 3100 et
1380 3047 1471 3101 alii
1496 3047 1670 3112 ιιιιιΙιί,

73 3144 132 3189 et
168 3135 441 3204 inﬁdeles,
467 3136 772 3203 haereticos,
808 3137 973 3194 falsos
1001 3138 1341 3195 Christianos
1386 3141 1452 3195 ab
1489 3139 1671 3197 Eccle-

76 3227 161 3280 sia
202 3226 491 3295 repellunt.
520 3228 589 3282 Et
614 3229 908 3284 circuibunt
942 3229 1220 3294 civitatem,
1253 3231 1306 3284 id
1335 3239 1437 3296 est,
1482 3231 1668 3287 Eccle-
1699 3218 1742 3281 C

76 3317 224 3370 siam
263 3319 522 3386 gentium,
573 3319 948 3390 praedicando,
994 3319 1287 3376 muniendo
1333 3319 1402 3373 ab
1444 3336 1671 3376 occursu

78 3408 466 3462 haereticorum
509 3419 564 3465 et
609 3409 868 3466 falsorum
899 3409 1348 3467 Christianorum.
1392 3411 1458 3466 Ut
1495 3429 1671 3478 canes,

74 3497 366 3564 crapulam
403 3500 595 3553 malam
621 3503 927 3568 eructabat,
959 3503 1051 3573 qui
1083 3503 1294 3560 dicebat
1323 3521 1336 3556 :
1373 3503 1566 3573 Jejuno
1596 3502 1672 3557 bis

79 3588 136 3640 in
167 3587 416 3643 Sabbato
450 3589 598 3661 (Luc.
638 3593 798 3664 xvlu)
827 3609 840 3658 ;
875 3593 1071 3648 famem
1100 3595 1294 3649 bonam
1345 3593 1669 3664 patiebatur,

77 3677 174 3744 qui
231 3677 444 3734 dicebat
498 3679 728 3749 :Deus,
771 3685 1026 3754 prapitius
1073 3696 1183 3740 esto
1237 3687 1363 3747 milii
1413 3687 1673 3756 peccaturi

79 3768 289 3840 (ibid.).
321 3769 476 3837 Ecce,
517 3772 774 3829 subaudis
800 3777 1068 3844 quomodo
1097 3778 1401 3832 circuilmnt
1421 3817 1436 3842 ,
1471 3776 1674 3832 scilicet

78 3858 452 3925 pradicando.
484 3860 619 3917 Nam
655 3863 932 3934 loquentur
974 3866 1028 3920 in
1066 3883 1154 3921 ore
1180 3884 1295 3932 suo,
1330 3867 1380 3921 id
1410 3876 1511 3932 est,
1539 3882 1670 3922 con-

79 3948 348 4015 venienti,
381 3966 486 4006 non
513 3954 897 4011 erubescentes
922 3972 1104 4012 coram
1146 3958 1361 4026 regibus
1396 3973 1673 4013 sermones

81 4041 202 4097 Dei.
228 4041 298 4096 Et
325 4043 428 4099 hoc
452 4061 572 4101 cum
602 4063 794 4120 magna
818 4049 1036 4117 ﬁducia,
1059 4051 1183 4130 quia
1205 4051 1412 4122 gladius
1441 4053 1493 4105 in
1519 4051 1670 4108 labiis

80 4150 287 4189 eorum.
314 4129 535 4192 Gladius
563 4138 648 4195 bis
674 4149 888 4207 acutus,
920 4140 971 4196 id
998 4129 1124 4208 est,
1147 4142 1368 4196 verbum
1415 4143 1510 4197 Dei
1544 4161 1556 4197 :
1589 4143 1672 4199 bis

81 4237 313 4293 acutus,
349 4228 434 4283 vel
483 4231 608 4299 quia
655 4240 884 4303 utroque
912 4233 1253 4290 Testamento
1294 4237 1544 4306 percutit,
1588 4235 1673 4296 vel

81 4319 210 4388 quia
257 4319 409 4389 prius
462 4330 672 4378 resecat
719 4325 936 4396 propria
990 4327 1228 4382 auctoris
1273 4327 1425 4395 vitia,
1480 4328 1672 4386 deinde

80 4411 281 4467 aliena.
318 4411 472 4469 Unde
510 4415 800 4487 Apostolus
828 4434 840 4472 :
876 4417 1085 4489 Castigo
1115 4436 1302 4490 corpus
1343 4438 1515 4486 meum
1539 4432 1585 4477 et
1618 4421 1670 4476 in

78 4506 382 4559 seruitutem
410 4506 615 4578 redigo,
663 4524 725 4563 ne
769 4509 904 4578 forte
946 4527 1064 4566 cum
1111 4511 1230 4565 aliis
1258 4513 1666 4581 prwdicauerim,
1705 4539 1716 4581 .-

81 4597 189 4665 ipse
216 4598 468 4668 reprobus
499 4601 693 4670 eﬁiciar
715 4600 766 4673 (Ι
794 4600 916 4656 Cor.
941 4603 1044 4674 ιχ),
1074 4603 1282 4659 scilicet
1310 4604 1396 4658 hic
1437 4604 1664 4675 gladius,

82 4691 206 4746 Non
263 4693 381 4746 veni
429 4701 610 4764 pacem
663 4696 866 4750 mittere
911 4697 965 4751 in
1029 4706 1243 4763 terram,
1296 4698 1386 4751 sed
1433 4698 1666 4768 gladium

82 4785 303 4852 (Matth.
335 4787 414 4854 ι).
449 4785 711 4852 Quoniam
736 4788 848 4858 quis
871 4789 1071 4842 audivit
1093 4790 1118 4843 Ρ
1141 4789 1254 4844 [loc
1290 4790 1433 4844 enim
1466 4790 1666 4854 dicere,

80 4881 182 4933 hoc
211 4879 568 4933 stomachari.
623 4881 869 4945 Domine,
903 4883 1020 4951 quis
1048 4882 1266 4936 credidit
1317 4881 1523 4935 auditui
1575 4898 1669 4935 no-

75 4981 185 5023 stro
218 4968 359 5037 (Isa.
389 4970 547 5040 Lm)?
574 4970 671 5025 Est
703 4970 799 5024 niti
831 4970 1028 5041 gladio.
1062 4971 1164 5026 Vix
1200 4981 1281 5026 est
1325 4971 1408 5025 cui
1461 4971 1666 5027 revele-

78 5071 166 5116 tur
200 5061 486 5116 brachium
528 5063 783 5127 Domini,
833 5075 1091 5134 quantum
1141 5065 1206 5119 ad
1259 5064 1580 5120 desiderium
1614 5072 1669 5119 et

75 5153 284 5208 famem
310 5154 738 5224 prmdicantium.
778 5154 846 5207 Et
871 5165 925 5210 tu
955 5165 1156 5221 tamen,
1189 5155 1423 5221 Domine,
1463 5157 1670 5213 deride-

76 5245 153 5299 ln's
175 5260 293 5308 eos,
327 5245 379 5299 id
408 5253 510 5310 est,
533 5261 848 5317 quanquam
880 5248 984 5304 illis
1028 5249 1241 5305 difficile
1267 5250 1536 5319 videatur,
1570 5249 1666 5304 tibi

521 5341 605 5386 mit
639 5341 1048 5396 conversionem
1088 5341 1265 5397 facere
1310 5343 1375 5397 de
1413 5343 1666 5401 omnibus

1076 5448 1083 5449 ί
1123 5432 1502 5474 ηκενηίἰρῃίηνηε
1544 5446 1664 5474 tunc

1780 1951 2233 2021 perseverantiam
2278 1949 2345 2004 ad
2399 1959 2449 2006 te
2492 1949 2816 2006 custodient.
2852 1950 3131 2005 Fortitudo
3166 1949 3360 2004 animae

1777 2049 1858 2095 est
1888 2040 2148 2111 sapientia
2175 2041 2447 2094 ctvirtus:
2481 2040 2572 2094 sed
2597 2054 2769 2110 neque
2791 2055 2887 2110 per
2910 2055 2967 2096 se
2998 2021 3154 2110 sapit,
3184 2055 3358 2109 neque

1774 2128 1872 2202 per
1901 2147 1958 2186 se
1983 2130 2140 2185 valet.
2165 2129 2261 2185 Est
2291 2138 2468 2184 autem
2495 2129 2739 2200 quietiam
2781 2130 2928 2201 regio
2963 2140 3109 2184 certa
3149 2129 3360 2183 incom-

1778 2223 2050 2276 mutabilis
2082 2223 2320 2276 veritatis
2350 2241 2363 2275 :
2393 2221 2457 2275 ad
2490 2235 2649 2290 quam
2679 2221 2958 2284 accedens,
2993 2219 3358 2282 illuminatnr;

1779 2314 2057 2379 recedens,
2089 2314 2420 2368 tenebratnr.
2470 2311 2662 2366 Merito
2707 2313 2774 2365 ad
2824 2318 2906 2375 te,
2946 2312 3068 2382 quia
3121 2318 3175 2364 tn
3221 2309 3361 2362 Deus

1776 2417 2042 2476 susceptor
2068 2423 2210 2459 meus
2241 2423 2293 2459 es
2324 2422 2344 2459 :
2377 2404 2516 2459 Deus
2551 2405 2790 2459 omnium
2829 2419 2929 2474 per
2967 2411 3232 2466 naturam,
3270 2420 3362 2455 su-

1776 2509 1978 2569 sceptor
2021 2513 2264 2553 meorum
2309 2513 2405 2568 per
2441 2497 2706 2567 gratiam:
2739 2495 2880 2550 Deus
2925 2496 3163 2551 omnium
3209 2510 3363 2548 crea-

1781 2596 1946 2658 tione,
1974 2608 2213 2648 mcorum
2249 2601 2516 2661 susceptor
2556 2591 2909 2654 recreatione,
2955 2589 3036 2642 vel
3083 2598 3363 2657 susceptor

1777 2703 1952 2742 causm
1999 2700 2241 2740 meorum
2289 2693 2474 2738 contra
2527 2683 2946 2754 impugnatores.
3003 2680 3068 2734 Et
3115 2679 3233 2734 ideo
3276 2684 3365 2732 es:

1779 2780 1916 2834 Deus
1967 2795 2131 2843 meus,
2183 2776 2234 2832 id
2274 2785 2378 2840 cst,
2424 2775 2570 2829 illum
2613 2774 2741 2828 mihi
2775 2774 2938 2827 Deum
2983 2771 3140 2836 facio,
3183 2771 3232 2824 id
3276 2781 3366 2826 est

1777 2873 1922 2926 illum
1972 2870 2297 2941 praecipuum
2341 2866 2532 2922 habeo.
2591 2865 2658 2920 Et
2701 2865 2752 2919 in
2805 2865 2906 2919 hoc
2947 2870 3166 2934 apparet
3216 2860 3360 2932 quod

1774 2981 1950 3028 meus,
1981 2963 2105 3033 quia
2138 2960 2493 3015 misericordia
2533 2957 2646 3029 ejus
2679 2957 2953 3029 pra’ueniet
2993 2972 3073 3010 me
3106 2971 3125 3011 :
3165 2972 3361 3026 prtere-

1775 3057 1877 3109 niet
1895 3053 2010 3122 jam
2043 3062 2095 3108 ut
2125 3052 2375 3123 incipiam
2420 3049 2493 3105 illi
2538 3050 2761 3105 haerere.
2800 3045 3104 3112 Prwveniet,
3139 3056 3196 3101 nt
3218 3062 3356 3116 .per—

1777 3159 2041 3209 severem,
2072 3143 2162 3213 qui
2211 3141 2358 3196 dedit
2390 3139 2543 3205 velle,
2577 3138 2725 3194 dabit
2759 3148 2812 3192 et
2842 3138 3118 3208 perﬁcere.
3161 3136 3250 3190 Vel
3293 3137 3364 3189 ad

1775 3247 1956 3307 caput,
1983 3235 2253 3306 prtcueniet
2290 3250 2390 3298 me,
2419 3232 2543 3302 quia
2575 3231 2867 3286 immunem
2899 3245 2927 3284 a
2958 3236 3178 3300 peccato
3208 3243 3360 3283 crea-

1774 3331 1868 3384 vit.
1903 3316 2190 3383 Prwueniet
2218 3327 2380 3381 etiam
2403 3333 2528 3380 ante
2565 3323 3032 3387 clarificatiouem,
3068 3333 3127 3375 ut
3155 3334 3358 3390 cogno-

1773 3429 1891 3476 scat
1927 3420 2086 3484 Deus,
2119 3418 2259 3471 sicut
2289 3431 2383 3484 per
2422 3430 2607 3469 vocem
2647 3413 2989 3469 Centuriouis
3016 3410 3188 3465 dixit:
3229 3407 3360 3463 Vere

1773 3508 1949 3562 Filius
1972 3508 2066 3562 Dei
2093 3517 2200 3562 erat
2227 3506 2319 3559 iste
2350 3503 2558 3576 (Matth.
2595 3506 2783 3571 xxv").
2805 3498 2898 3556 Vel
2924 3509 3048 3554 ante
3087 3498 3356 3553 clariﬁca-

1775 3602 1974 3655 tionem
1995 3599 2292 3668 prtevcniet,
2317 3597 2439 3666 quia
2463 3604 2796 3651 constantem
2825 3594 2876 3648 in
2905 3591 3152 3663 passione
3173 3589 3356 3645 faciet.

1773 3691 1837 3745 Et
1868 3689 1971 3745 hoc
1998 3687 2201 3744 scilicet
2233 3689 2373 3758 quod
2411 3686 2522 3756 ejus
2555 3684 2913 3740 misericordia
2940 3700 3019 3737 nte
3054 3682 3352 3752 praeveniet,

1775 3783 1914 3837 Deus
1959 3782 2178 3836 ostendit
2222 3781 2346 3834 mihi
2375 3797 2530 3850 super
2556 3778 2792 3832 inimicos
2836 3794 2996 3843 meos,
3037 3778 3092 3831 in
3123 3776 3205 3831 his
3235 3776 3359 3847 qui-

1775 3873 1874 3930 bus
1918 3874 2170 3929 misertus
2218 3887 2323 3926 non
2369 3879 2473 3937 est,
2521 3870 2743 3925 ostendit
2798 3869 2938 3923 Deus
2983 3877 3243 3939 quantum
3289 3868 3360 3922 sit

1772 3964 1913 4035 quod
1941 3965 2193 4020 misertus
2214 3971 2295 4019 est
2323 3962 2446 4018 mei.
2477 3959 2592 4016 Non
2619 3962 2761 4016 enim
2796 3969 3193 4033 cognoscuntur
3221 3959 3358 4014 bona

1772 4058 2053 4122 virtutum,
2100 4056 2202 4111 nisi
2254 4070 2322 4110 ex
2375 4053 2780 4125 comparatione
2825 4052 3101 4107 vitiorum.
3153 4051 3360 4122 Corpus

1771 4149 1917 4204 enim
1968 4147 2170 4204 Christi
2221 4156 2617 4218 transgressum
2670 4145 2917 4201 inimicos
2972 4159 3098 4200 suos
3151 4157 3216 4197 ex
3268 4142 3358 4196 illa

1773 4238 2226 4310 supereminentia
2269 4239 2367 4294 Dei
2415 4253 2577 4309 quam
2624 4237 2820 4303 habet,
2870 4235 3015 4290 videt
3072 4233 3360 4289 manifeste

1773 4339 2034 4400 quantum
2058 4330 2346 4401 acceperit,
2374 4339 2634 4400 quantum
2678 4328 2755 4382 illi
2783 4322 3081 4382 amiserint.
3122 4326 3276 4379 Sicut
3303 4326 3356 4379 in

1775 4421 2204 4477 consideratione
2235 4420 2436 4491 plumbi
2475 4419 2560 4475 vel
2590 4419 2715 4474 ferri
2744 4417 3047 4474 ostenditur
3067 4418 3251 4486 quanti
3289 4417 3361 4472 sit

1775 4530 1986 4579 aurum,
2018 4514 2092 4569 ita
2115 4512 2334 4567 ostendit
2355 4511 2496 4566 Deus
2519 4518 2776 4580 quantam
2802 4509 2949 4564 circa
2981 4523 3131 4563 meos
3159 4507 3358 4562 habue-

1776 4605 1846 4659 rit
1872 4603 2315 4666 miscricordiam,
2359 4603 2412 4655 in
2454 4600 2560 4657 illis
2593 4615 2720 4671 erga
2758 4614 2894 4670 quos
2923 4598 3164 4654 exercuit
3195 4598 3358 4669 justi-

1777 4697 1904 4751 tiam
1931 4711 2107 4762 suam,
2148 4704 2207 4749 ut
2245 4695 2444 4749 faceret
2479 4708 2570 4749 eos
2605 4708 2732 4748 vasa
2762 4693 2815 4747 in
2861 4691 3262 4747 contumeliam.
3295 4691 3360 4745 Et

1777 4798 1977 4854 tamen,
2003 4803 2034 4842 ο
2055 4786 2304 4852 Domine,
2328 4800 2636 4856 quanquam
2666 4783 2774 4838 sint
2801 4783 3027 4848 inimici,
3049 4798 3354 4853 quanquam

1776 4880 2088 4943 nmruerint,
2122 4894 2183 4932 ne
2217 4877 2425 4930 occidas
2468 4893 2554 4930 eos
2595 4875 2841 4940 interius,
2878 4873 2990 4943 jam
3027 4873 3235 4929 occisos
3266 4887 3358 4926 eos

1773 4972 2033 5036 exterius,
2064 4985 2131 5024 ne
2162 4969 2342 5024 deleas
2369 4984 2463 5025 eos
2494 4969 2558 5024 de
2589 4976 2754 5035 terra.
2795 4965 2876 5021 Ne
2920 4964 3130 5038 quando
3173 4963 3356 5017 oblivi-

1772 5074 1986 5118 scantur
2010 5061 2185 5134 populi
2205 5060 2325 5125 mei,
2359 5061 2410 5115 id
2441 5070 2548 5124 est,
2581 5073 2644 5114 ne
2671 5057 2852 5130 populi
2874 5058 3044 5130 gratia
3071 5053 3355 5123 aliquando

1773 5153 2158 5209 obliviscantur
2186 5151 2328 5206 illius
2356 5151 2539 5224 pepuli
2573 5149 2665 5220 qui
2693 5147 2792 5203 fuit
2822 5147 2996 5213 mens,
3028 5158 3238 5212 semper
3265 5142 3340 5194 ha-

1771 5246 1931 5301 beant
1975 5247 2029 5301 in
2079 5244 2324 5314 exemplo
2373 5261 2443 5300 ne
2494 5241 2846 5313 superbiant:
2881 5241 3003 5311 quia
3041 5236 3086 5292 si
3124 5249 3222 5303 ego
3250 5248 3359 5288 non

1771 5338 1987 5408 peperci
2016 5336 2353 5399 naturalibus
2380 5337 2571 5401 ramis,
2617 5335 2780 5389 idoest
2808 5328 3027 5393 Judaais,
3063 5324 3226 5396 multo
3257 5324 3361 5376 mi-

1773 5445 1872 5470 nnc
1899 5445 2112 5472 namnam
2144 5428 2344 5458 :"N'u‘h‘
2367 5429 2602 5460 ΛῘΑΑι-οιυι
2630 5425 2781 5456 [nam
2835 5423 2909 5458 νὴ
2963 5421 3012 5456 :sl
3043 5426 3119 5454 ne!
3172 5415 3354 5452 erant”:
