3884 5618
120 438 204 497 ill
950 500 959 505 ἑ
1245 432 1377 490 ENA
1388 425 1781 488 RRATIONES
1819 426 1882 481 IN
1922 428 2254 495 PSALMOS.

3260 447 3370 503 “2

119 557 166 612 id
207 560 304 618 est,
330 550 530 608 Iudaeis
570 549 900 621 singularem
934 546 1272 618 iniquitatem
1310 544 1680 619 operantibus,
1711 543 1765 609 Α
1794 566 1817 629 t_
1858 544 2007 604 Meus
2031 551 2352 618 estGalaad,
2376 561 2434 609 ct
2450 567 2602 611 meus
2620 565 2700 612 cst
2722 538 3015 625 Marias-ses,
3040 556 3371 629 etprralm

118 641 371 701 auct'orem
402 640 527 695 vita:
556 655 747 696 eorum
773 638 1165 695 occidentibus.
1196 636 1264 693 Et
1295 645 1474 693 tamen
1505 637 1603 702 illi,
1634 636 1686 692 id

118 745 191 791 cst
233 732 434 799 Iudici,
481 739 861 795 convertentur,
912 730 1013 784 etsi
1042 729 1111 782 ad
1152 745 1449 798 vesperam,
1492 728 1545 783 id
1578 736 1683 795 est,

117 825 270 888 tarde,
296 823 501 879 scilicet
528 830 652 893 post
674 820 1047 877 ascensionem
1089 818 1323 874 Domini.
1354 818 1504 873 Multi
1538 819 1685 873 enim

114 917 172 971 ad
217 916 649 986 praedicationem
696 912 1063 985 apoStolorum
1114 919 1242 967 sunt
1290 910 1557 968 conversi.
1615 910 1683 965 Et

116 1004 289 1073 famem
339 1006 608 1074 patientur
650 1014 706 1059 ut
760 1021 915 1059 canes
943 1044 957 1070 ,
1010 1003 1062 1058 id
1099 1010 1226 1069 εει,
1274 1011 1604 1075 cognoscent
1627 1016 1687 1058 se

113 1105 404 1165 peccatores
458 1105 512 1151 et
559 1110 720 1167 egere
773 1096 1148 1152 misericordia
1199 1094 1331 1161 Dei,
1380 1104 1437 1149 ut
1497 1110 1683 1160 canes,

116 1186 161 1240 id
182 1194 259 1241 est
287 1194 345 1240 ut
369 1184 598 1256 gentiles
620 1226 635 1251 ,
670 1200 809 1256 quos
836 1186 936 1257 ipsi
964 1186 1117 1257 prius
1147 1187 1213 1241 de
1244 1186 1456 1256 justitia
1485 1195 1541 1243 et
1569 1185 1686 1257 lege

113 1284 493 1346 pncsumentes,
513 1292 689 1342 canes,
704 1276 754 1330 id
770 1284 874 1341 est,
892 1274 1197 1331 immundos
1218 1276 1505 1331 vocabant.
1527 1274 1685 1331 Prius

114 1368 237 1423 enim
267 1367 352 1422 isti
382 1384 489 1423 non
518 1370 887 1433 crediderunt,
910 1377 969 1422 ut
997 1368 1252 1423 delictum
1284 1367 1511 1422 istorum
1537 1375 1681 1421 esset

116 1459 241 1515 salus
263 1460 527 1530 gentibus,
560 1470 618 1515 ut
642 1472 830 1530 postea
878 1460 1023 1514 salus
1052 1460 1289 1530 gentium
1316 1467 1461 1516 esset
1487 1459 1681 1514 borum

114 1552 331 1606 salvatio.
364 1549 430 1605 Et
472 1553 764 1606 circuibunt
787 1552 1066 1617 civitatem,
1106 1561 1167 1606 nt
1205 1550 1356 1622 prius
1386 1551 1587 1607 dictum
1615 1551 1683 1608 de

114 1638 355 1709 gentibus.
382 1639 448 1694 Et
486 1641 694 1711 gladius
732 1641 787 1695 in
831 1641 985 1695 labiis
1015 1657 1218 1706 eorum,
1250 1641 1304 1696 id
1326 1650 1429 1707 est,
1454 1641 1679 1695 verbum

119 1730 196 1783 Dei
222 1730 269 1783 in
294 1744 387 1784 ore
416 1745 628 1795 eorum,
649 1732 871 1787 verbum
895 1732 1040 1795 dico,
1070 1724 1279 1801 gladius
1325 1731 1585 1788 subaudis
1613 1729 1680 1785 ad

114 1825 549 1891 interﬁciendum,
592 1826 745 1897 juxta
777 1826 927 1892 illud,
958 1826 1089 1881 Aliis
1121 1844 1304 1881 sumus
1330 1828 1462 1881 odor
1496 1827 1679 1881 mortis

1791 625 1829 694 ί
1856 642 2116 700 fortitudo
2157 647 2351 716 capitis
2397 647 2690 721 inci.,.luda
2729 666 2824 705 rex
2866 666 3037 715 meus,
3078 625 3234 706 Moab
3262 652 3369 707 olla

1790 752 1812 786 ε
1855 734 1969 805 spei
2006 751 2158 792 mem.
2198 737 2253 792 In
2301 737 2587 794 Iduuuram
2625 744 2911 796 extendam
2946 741 3370 797 calceamentum

1792 841 1812 877 ι
1858 840 2056 893 meum,
2086 828 2217 883 mihi
2242 827 2553 900 alienigenae
2582 831 2775 885 subditi
2808 842 2950 887 sunt.
2982 831 3113 899 Quis
3146 832 3373 887 deducet

1791 932 1812 965 ι
1856 929 1944 970 me
1970 915 2023 969 in
2053 916 2326 972 civitatem
2352 918 2613 973 munitam
2643 938 2656 973 :
2684 920 2806 988 quis
2834 921 3063 975 deducet
3086 934 3173 976 me
3200 934 3372 990 usque

1792 1022 1811 1056 ι
1857 1004 1911 1059 in
1934 1005 2264 1061 Idummam?
2292 1007 2478 1065 Nonne
2501 996 2581 1074 tu,
2606 1010 2762 1075 Deus,
2790 1011 2880 1080 qui
2908 1009 3146 1081 repulisti
3171 1025 3290 1073 nos,
3317 1019 3375 1064 ct

1789 1112 1810 1147 ι
1853 1110 1959 1151 non
1973 1097 2287 1167 egredieris,
2301 1097 2461 1163 Deus,
2487 1100 2539 1154 in
2559 1100 2846 1155 virtutibus
2863 1100 3098 1155 nostris?
3122 1100 3192 1153 Da
3218 1099 3374 1154 nobis

1790 1206 1811 1241 ι
1856 1188 2114 1244 auxilium
2155 1191 2221 1245 dc
2258 1191 2624 1258 tribulatione,
2659 1202 2888 1269 ctfjvana
2932 1192 3077 1247 salus
3115 1190 3370 1247 hominis.

1790 1299 1811 1334 ι
1854 1283 1910 1337 ln
1942 1283 2053 1339 Deo
2092 1284 2354 1341 faciemus
2384 1286 2662 1353 virtutem,
2685 1287 2892 1358 ct.ipsc
2926 1287 2993 1342 ad
3025 1286 3248 1342 nihilum
3280 1285 3373 1340 dc-

1792 1389 1810 1423 ι
1856 1372 2015 1429 ducet
2041 1373 2363 1430 tribulantcs
2392 1390 2509 1429 nos.
2542 1394 2559 1427 ι

2345 1462 2797 1520 ΕΝΑΒΠΑΤΙΟ.

1852 1550 2077 1623 Legitur
2101 1552 2155 1607 in
2178 1552 2315 1609 libro
2329 1552 2638 1624 Regnorum
2660 1553 2831 1609 David
2852 1568 3040 1609 omnes
3062 1555 3195 1609 istos
3216 1567 3379 1623 supe—

1782 1656 1955 1708 rasse,
1986 1659 2123 1714 quos
2154 1645 2207 1699 in
2243 1645 2395 1701 titulo
2427 1646 2682 1716 legimus;
2716 1647 2809 1701 sed
2838 1660 2946 1701 non
2992 1646 3063 1701 ibi
3102 1646 3373 1701 invenitur

1781 1745 1905 1785 eum
1950 1733 2154 1803 aliquid
2193 1736 2560 1791 succendisse.
2599 1736 2713 1792 lIoc
2752 1753 2881 1809 ergo
2920 1737 3159 1792 additum
3208 1737 3375 1791 trahit

1782 1838 1881 1881 nos
1909 1825 1977 1880 ad
2006 1827 2343 1897 mysterium.
2374 1827 2441 1881 In
2484 1828 2642 1897 ﬁnem
2667 1842 2819 1898 ergo,
2854 1830 2955 1884 hoc
2984 1840 3089 1893 est,
3131 1829 3185 1883 in
3212 1827 3373 1883 Chri-

116 1915 159 1970 in
184 1925 385 1970 mortem
416 1916 504 1985 (II
528 1915 651 1973 Cor.
682 1918 767 1987 ιι).
799 1917 922 1973 Ideo
942 1917 1149 1988 gladius
1171 1926 1354 1974 etnon
1376 1906 1746 1983 medicina,.B
1774 1926 1939 1983 stum,
1983 1917 2265 1972 referenda
2308 1927 2436 1973 sunt
2480 1918 2620 1984 haec,
2659 1918 2752 1989 qui
2792 1918 2979 1973 multis
3021 1918 3196 1973 modis
3252 1916 3374 1971 linis

116 2005 337 2073 quoniam
369 2007 483 2075 quis
508 2007 701 2061 audivit
726 2007 751 2060 ?
772 2005 1031 2062 subaudis
1058 2005 1177 2061 illos
1209 2007 1336 2061 :vix
1366 2006 1579 2076 aliquis.
1611 2007 1677 2062 Et

115 2095 218 2164 quia
261 2095 478 2149 verbum
526 2095 622 2151 Dei
677 2095 866 2153 audire
922 2096 1244 2163 noluerunt,
1291 2107 1382 2164 tu,
1432 2098 1675 2166 Domine,

114 2186 339 2241 deridebis
376 2204 485 2252 eos,
516 2189 731 2241 tandem
759 2186 1171 2257 ultimojudicio
1205 2203 1299 2243 eos
1335 2189 1676 2257 examinans,

115 2278 342 2334 ostendes
377 2294 473 2333 eos
502 2280 695 2351 dignos
726 2279 860 2344 risu,
888 2279 1031 2349 quod
1067 2288 1127 2335 se'
1168 2289 1459 2337 erexerunt
1489 2290 1678 2336 contra

115 2375 175 2433 te,
199 2369 312 2436 quia
334 2370 402 2423 ad
430 2370 675 2437 nihilum,
709 2370 762 2425 id
788 2378 871 2425 est
908 2370 975 2424 ad
1006 2370 1365 2439 perditionem
1393 2380 1677 2437 mtcrnam,

113 2459 304 2513 deducet
344 2476 523 2515 omnes
560 2470 756 2531 gentes,
805 2460 856 2514 id
892 2468 995 2524 est,
1034 2460 1091 2515 in
1133 2461 1435 2531 gentilitate
1465 2478 1680 2533 perma-

113 2559 288 2604 nentes.
328 2549 437 2621 Ego
480 2560 659 2606 autem
698 2550 1063 2621 fortitudinem
1108 2568 1279 2605 meam
1322 2553 1392 2607 ad
1421 2563 1470 2607 te
1508 2563 1681 2607 custo-

112 2641 259 2703 diam,
301 2643 371 2697 illi
414 2658 548 2697 vcro
587 2641 654 2696 ad
707 2657 788 2706 se,
830 2649 885 2696 et
932 2641 1051 2695 ideo
1096 2642 1312 2696 cadent.
1367 2641 1452 2697 Ne
1499 2652 1678 2699 tamen

113 2735 291 2787 occidas
311 2751 418 2799 eos,
447 2734 657 2789 scilicet
678 2734 941 2799 exterius,
973 2748 1042 2790 ne
1081 2734 1262 2790 deleas
1288 2750 1382 2791 eos
1411 2736 1477 2791 de
1509 2744 1674 2791 terra.

115 2820 183 2875 Nc
203 2824 399 2892 quando
443 2824 627 2893 populi
654 2824 731 2879 illi
767 2824 1144 2879 obliviscantur
1170 2826 1293 2890 ntei,
1331 2826 1386 2881 id
1425 2835 1510 2896 est
1548 2826 1680 2897 legis

110 2928 241 2979 mem,
263 2930 363 2970 non
383 2917 530 2971 enim
548 2932 737 2973 omnes
756 2917 901 2988 digni
925 2926 1052 2973 sunt
1071 2906 1265 2973 morte.
1284 2919 1471 2975 Potius
1491 2921 1677 2978 occide

110 3020 189 3060 eos
223 3004 467 3073 interius,
519 3007 623 3063 boc
669 3008 850 3073 modo,
900 3008 1005 3063 due
1040 3023 1135 3063 eos
1180 3010 1234 3064 in
1280 3010 1675 3067 confusionem.

112 3097 331 3170 Dlspcrge
371 3116 461 3156 eos
511 3103 567 3156 in
609 3102 797 3156 virtute
850 3106 978 3166 tua,
1026 3100 1215 3156 occide
1264 3101 1512 3157 delictum
1570 3102 1677 3158 oris

113 3207 292 3245 eorum.
308 3191 653 3263 Cognoscaut
676 3206 735 3247 se
759 3190 1067 3261 deliquisse,
1082 3200 1129 3245 et
1150 3191 1675 3262 comprehendantur,

1781 2009 2056 2075 dicuntur,
2104 2017 2160 2063 et
2210 2008 2463 2064 dicuntur
2500 2026 2594 2080 pro
2620 2011 2721 2075 Itis,
2774 2010 2827 2065 id
2880 2020 2984 2077 est,
3035 2010 3085 2065 in
3139 2023 3387 2080 persona.

1780 2097 2015 2164 illorum,
2037 2100 2127 2169 qui
2144 2107 2563 2165 commutantur,
2589 2099 2759 2165 idest,
2777 2099 2868 2169 qui
2891 2101 2956 2155 de
2979 2099 3215 2154 tenebris
3237 2098 3372 2152 ﬁunt

1781 2189 1870 2246 lux
1914 2191 1969 2244 in
1997 2190 2139 2244 tituli
2179 2190 2536 2261 inscriptione.
2580 2189 2825 2260 Scriptus
2851 2201 2931 2245 est
2973 2190 3159 2245 titulus
3210 2203 3373 2258 super

1780 2295 2002 2335 crucem
2019 2281 2252 2335 Domini.
2276 2280 2380 2334 Hic
2402 2290 2475 2335 est
2495 2297 2585 2335 rea:
2606 2281 2916 2336 Judteorunt
2940 2280 3155 2352 (.llattli.
3181 2280 3372 2348 xxvii).

1782 2370 2058 2427 Mutantur
2085 2373 2138 2427 in
2174 2373 2333 2443 hujus
2362 2372 2502 2427 tituli
2542 2374 2900 2443 inscriptione,
2927 2373 3018 2442 qui
3052 2372 3104 2426 in
3141 2387 3370 2443 regnum

1780 2463 1983 2521 Christi
2011 2474 2292 2521 transeunt
2317 2482 2345 2521 a
2371 2481 2537 2537 regno
2565 2466 2759 2521 diaboli
2788 2486 2801 2520 :
2826 2466 2917 2535 qui
2943 2466 3199 2525 deserunt
3218 2479 3373 2519 mun-

1780 2554 1931 2619 dum,
1971 2565 2027 2610 ct
2070 2566 2371 2625 sequuntur
2410 2556 2603 2611 Deum.
2640 2555 2943 2625 Sequitur:
2975 2556 3072 2624 ipsi
3113 2553 3279 2607 David
3319 2552 3375 2604 in

1779 2644 2047 2700 doctrina.
2075 2646 2371 2711 Mutantur,
2402 2662 2508 2701 non
2530 2657 2592 2701 ut
2617 2646 2719 2701 sibi
2761 2648 2969 2711 vivant,
3009 2645 3107 2701 sed
3142 2644 3261 2713 ipsi.
3300 2642 3365 2696 In

1782 2734 2050 2799 doctrina,
2082 2735 2183 2791 hoc
2207 2744 2313 2801 est,
2340 2736 2430 2805 qui
2467 2751 2690 2806 regnum
2721 2744 2996 2790 terrenum
3023 2750 3121 2791 nec
3149 2745 3363 2789 terrena

1782 2830 2066 2893 appetunt,
2096 2832 2155 2877 ut
2182 2824 2297 2893 ipse
2324 2824 2401 2879 ait
2431 2841 2444 2878 :
2478 2824 2715 2895 Regnum
2744 2841 2915 2877 meum
2945 2840 3047 2877 non
3078 2834 3151 2877 est
3180 2822 3243 2875 de
3278 2823 3376 2874 Itoc

1780 2914 1977 2968 mundo
2028 2913 2223 2984 (Joan.
2268 2916 2462 2985 xvnt).
2511 2914 2663 2970 Fecit
2710 2923 2889 2969 autem
2936 2913 3184 2969 Christus
3239 2912 3378 2965 hanc

1780 3005 2153 3072 mutationem,
2186 3006 2364 3078 ignem
2392 3006 2656 3063 mittendo
2686 3006 2739 3061 in
2781 3014 3003 3073 terram,
3046 3021 3152 3060 non
3196 3004 3373 3074 ignem

1781 3098 2138 3165 matcrialem,
2169 3101 2264 3155 sed
2286 3099 2579 3154 carnalem.
2606 3099 2674 3154 Et
2697 3099 2965 3169 percussit
2985 3113 3047 3153 cn
3068 3112 3174 3152 non
3205 3105 3377 3150 mate-

1780 3185 1899 3239 riali
1947 3187 2143 3259 gladio,
2194 3189 2289 3244 sed
2330 3190 2496 3245 verbo
2537 3188 2740 3245 divino.
2789 3186 3065 3243 Succendit
3113 3186 3203 3240 illo
3251 3185 3374 3255 igne

109 3278 155 3333 id
179 3290 271 3345 est,
304 3259 698 3337 convincautur
733 3282 788 3336 in
824 3259 1069 3350 superbia
1106 3297 1224 3346 sua,
1257 3259 1587 3351 cognoscant
1617 3296 1676 3337 se
1703 3259 1749 3322 δ
1782 3273 1954 3345 Syrite
1990 3277 2446 3349 Mesopotamiam,
2494 3280 2546 3334 id
2587 3288 2690 3343 est,
2739 3279 2882 3334 illam
2933 3277 3376 3348 Mesopotamiam

109 3372 313 3440 superbe
362 3374 543 3444 egisse
582 3380 772 3428 contra
826 3380 877 3428 te
926 3380 982 3428 et
1025 3373 1141 3427 sine
1183 3372 1414 3427 ratione.
1457 3372 1526 3426 Et
1571 3387 1679 3427 non

110 3462 258 3516 solum
283 3464 794 3533 comprehendantur
817 3465 871 3518 in
898 3464 1141 3532 superbia
1171 3480 1290 3529 sua,
1324 3462 1419 3520 sed
1449 3463 1515 3517 de
1536 3479 1682 3520 exse-

108 3553 317 3608 cratione
355 3563 403 3608 et
435 3554 712 3609 mendacio
751 3553 1209 3608 annuntiabuntur
1249 3554 1303 3607 in
1343 3568 1678 3607 consumma-

108 3641 246 3707 tione,
277 3643 326 3698 id
346 3652 449 3711 est,
478 3652 869 3715 cognoscentes
891 3643 1321 3698 exsecrationem
1350 3641 1515 3697 luisse
1536 3641 1679 3712 quod

108 3733 325 3793 fecerunt
353 3747 408 3793 et
435 3738 802 3800 mendacium.
824 3736 1281 3792 annuntiabunlttr
1310 3751 1342 3791 a
1364 3735 1679 3792 doctoribus

107 3825 152 3879 in
182 3830 640 3896 consummatione,
684 3829 740 3884 id
776 3835 881 3894 est,
915 3828 968 3883 itt
994 3827 1348 3897 perfectione,
1393 3836 1449 3883 ει
1491 3828 1596 3883 hoc
1624 3828 1679 3882 in

106 3916 174 3968 ira
207 3919 688 3985 consummationis,
724 3933 831 3974 non
864 3916 1310 3987 consumptionis,
1343 3926 1563 3973 ostensa
1589 3915 1676 3971 illa

107 4002 171 4057 ira
209 4006 517 4064 imminente
551 4009 650 4064 eis.
684 4008 753 4064 Et
785 4016 913 4063 tunc
948 4008 1110 4063 scient
1150 4007 1276 4077 quia
1318 4006 1463 4061 Deus
1516 4021 1677 4076 quem

107 4104 290 4152 tantum
326 4100 599 4155 hominem
640 4106 991 4171 putaverunt,
1030 4098 1390 4152 dominabitur
1427 4096 1593 4151 Iacob
1626 4105 1676 4151 et

105 4187 271 4252 ﬁnium
310 4200 490 4257 terror,
522 4192 574 4247 id
609 4199 717 4258 est,
745 4203 905 4260 super
927 4188 1142 4244 Judzeos
1178 4196 1233 4243 ct
1271 4203 1433 4257 super
1468 4195 1675 4256 gentes.

109 4277 163 4331 Et
188 4295 361 4336 revera
403 4282 593 4351 ﬁniunt
625 4292 802 4347 terrte,
830 4281 884 4335 id
913 4288 997 4335 cst
1028 4278 1285 4350 gentium,
1315 4276 1441 4348 quia
1467 4293 1677 4332 conver-

105 4380 259 4427 tentur
274 4370 340 4429 ad
362 4392 645 4447 vesperam,
671 4376 725 4432 id
752 4384 855 4441 est,
881 4376 933 4430 in
955 4374 1144 4430 ultima
1168 4382 1329 4429 aetate
1352 4372 1456 4445 illae
1476 4382 1671 4444 gentes.

108 4450 388 4521 Secundum
410 4467 552 4523 banc
572 4466 858 4524 lectionem
884 4474 939 4522 et
960 4473 1157 4521 caetera
1182 4464 1237 4519 in
1260 4465 1405 4520 hunc
1430 4464 1671 4532 modum,

108 4560 155 4602 ut
176 4567 347 4625 supra.

627 4644 950 4702 PSALMUS
989 4644 1124 4699 LIX.

1694 4611 1748 4672 D

1781 3384 1901 3439 qua:
1924 3378 2043 3424 erat
2071 3370 2123 3424 in
2156 3369 2334 3441 Syria.
2359 3370 2741 3439 Mesopotamia
2768 3372 3155 3439 interpretatur
3178 3370 3376 3423 elacata

1781 3460 1981 3514 vacatio
2035 3496 2050 3509 .
2098 3459 2287 3530 Syria,
2336 3460 2594 3515 sublimis.
2650 3460 2933 3516 Succendit
2979 3474 3110 3531 ergo
3162 3456 3377 3512 .Inda‘os

1780 3562 2002 3608 vocatos
2052 3551 2119 3607 ad
2171 3550 2363 3617 ﬁdem,
2419 3550 2663 3606 elcvatos
2714 3565 2809 3619 per
2857 3549 3064 3621 legem,
3113 3548 3375 3603 sublimes

1782 3650 1980 3705 tamen,
2014 3640 2067 3695 id
2110 3648 2213 3706 est,
2241 3640 2307 3695 de
2335 3655 2394 3696 se
2439 3648 2849 3711 praesumentes,
2878 3638 2982 3693 hoc
3012 3637 3065 3693 in
3104 3637 3184 3693 eis
3220 3650 3374 3691 com-

1781 3733 1997 3789 bustum
2033 3740 2135 3788 est.
2167 3731 2327 3788 Sobal
2367 3733 2754 3803 interpretatur
2791 3747 2924 3785 uana
2966 3740 3208 3786 rctttslas.
3248 3728 3377 3782 Per-

1780 3825 1951 3882 cussit
1975 3840 2107 3897 ergo
2135 3825 2350 3897 Syriam
2389 3825 2575 3892 Sobal,
2606 3825 2657 3879 id
2685 3834 2787 3889 est,
2830 3824 3059 3896 gentiles
3099 3831 3375 3878 moranics

1781 3920 1834 3975 in
1860 3933 2001 3973 vana
2023 3925 2312 3984 vetustate,
2340 3918 2392 3973 id
2417 3926 2519 3983 est,
2553 3918 2607 3972 in
2635 3917 2855 3980 divitiis,
2881 3917 2934 3972 in
2958 3916 3193 3987 potentia
3216 3912 3377 3981 hujus

1780 4010 1987 4075 Steculi,
2020 4019 2075 4066 et
2109 4010 2162 4065 in
2213 4009 2459 4067 doetrina
2501 4008 2769 4075 sazculari,
2804 4017 2859 4063 et
2901 4008 2954 4063 in
3000 4007 3083 4063 his
3125 4003 3376 4062 erunibus

1780 4100 2057 4167 sublimes,
2099 4100 2151 4156 id
2184 4109 2291 4167 est,
2339 4100 2575 4172 majores
2608 4099 2829 4166 Iudaeis,
2871 4099 2996 4170 quia
3042 4098 3191 4168 elegit
3234 4094 3375 4152 Deus

1778 4189 2015 4259 inﬁrma,
2060 4200 2114 4243 ut
2159 4190 2449 4260 confundat
2479 4190 2660 4260 fortia,
2700 4200 2746 4244 et
2780 4206 2899 4261 qua:
2936 4188 3096 4244 stulta
3137 4196 3276 4249 sunt,
3319 4196 3375 4239 ut

1778 4279 2135 4337 confunderet
2163 4279 2324 4350 hujus
2346 4280 2524 4337 saeculi
2548 4281 2807 4351 sapientes
2830 4278 2883 4351 (I
2907 4278 3029 4333 Cor.
3062 4277 3124 4347 I).
3151 4276 3217 4329 Et
3249 4291 3374 4329 con-

1778 4374 1926 4429 vertit
1956 4374 2092 4429 Joab
2126 4390 2144 4429 :
2173 4373 2328 4440 Joab,
2352 4374 2405 4428 id
2443 4381 2547 4438 est,
2590 4372 2864 4435 inimicus,
2895 4369 3141 4424 convertit
3189 4365 3372 4420 inimi-

1778 4480 1923 4531 cum,
1971 4464 2025 4519 id
2062 4473 2145 4520 est
2188 4463 2459 4520 diabolum
2490 4470 2655 4526 retro,
2696 4460 2825 4530 quia
2851 4458 3152 4531 principem
3183 4454 3372 4541 mundi

1778 4556 1939 4626 ejccit
1964 4558 2130 4614 foras.
2169 4557 2265 4614 Vel
2295 4555 2545 4611 convertit
2574 4553 2873 4619 inimicum,
2912 4548 3161 4624 faciendo
3195 4547 3263 4602 de
3290 4546 3375 4601 in-

1765 4648 1914 4718 justo
1935 4648 2162 4718 justum.
2192 4648 2289 4705 Vel
2314 4647 2451 4703 Joab
2490 4648 2877 4714 interpretatur
2898 4654 3065 4714 pater,
3088 4640 3213 4712 quia
3243 4652 3373 4694 eon-

109 4742 152 4781 IN
189 4747 339 4787 FINEM
387 4751 488 4790 PRO
543 4752 628 4791 IIIS
680 4753 767 4800 QUI
826 4750 1298 4792 COMMUTABUNTUR
1358 4751 1411 4789 IN
1481 4751 1670 4791 TITULI

167 4816 520 4861 INSCBIPTIONE
574 4823 671 4862 IPSI
724 4823 881 4861 DAVID
926 4824 976 4861 IN
1029 4821 1354 4869 DOCTBINAII,
1405 4821 1510 4861 CUM
1550 4820 1673 4863 SUC-

168 4886 347 4930 CENDIT
387 4892 796 4934 NESOI'OTAMIAM
833 4893 1002 4932 SYllItE
1046 4893 1116 4933 ΕΤ
1150 4892 1341 4932 εγῐιιτυι
1378 4891 1561 4940 εοειιι,
1599 4892 1669 4931 ΕΤ

167 4956 453 5001 COXVERTIT
506 4965 671 5011 JOAB,
722 4964 791 5003 ΕΤ
846 4964 1127 5004 νεεευεειτ
1190 4962 1334 5003 Εἰ)οΜ
1392 4962 1444 5002 IN
1501 4963 1670 5002 VALLE

167 5025 450 5071 SALINARUH
487 5034 756 5074 DUODECIII
792 5035 996 5073 MILLIA.

173 5120 189 5152 α
231 5103 387 5170 Deus,
411 5108 653 5179 repulisti
678 5123 778 5164 nos
798 5117 855 5164 et
874 5107 1187 5164 dcstruxisti
1220 5123 1319 5165 nos
1346 5122 1361 5162 :
1390 5108 1561 5164 iratus
1584 5123 1666 5177 es,

115 5206 130 5239 ι
163 5199 211 5245 ει
236 5194 477 5254 misertus
510 5215 571 5255 es
606 5198 785 5254 nobis.
816 5199 1164 5254 Commovisti
1208 5207 1428 5266 terram,
1456 5209 1513 5257 et
1540 5214 1669 5255 con-

114 5293 131 5326 t
169 5282 381 5340 turbasti
420 5302 533 5345 eam
581 5306 596 5344 :
632 5301 766 5342 sana
789 5288 1141 5345 contritiones
1169 5287 1307 5357 ejus,
1348 5291 1476 5359 quia
1517 5304 1668 5346 com-

114 5387 129 5419 ε
165 5384 294 5430 mota
314 5386 410 5433 εει.
445 5379 745 5439 Ostendisti
784 5379 979 5451 populo
1011 5389 1104 5437 tuo
1140 5382 1295 5448 dura,
1328 5383 1526 5453 potasti
1567 5396 1667 5437 nos

112 5480 127 5513 ι
170 5468 284 5525 vino
310 5471 757 5545 compunctionis.
783 5471 983 5527 Dedisti
1018 5474 1382 5529 metuentibus
1411 5484 1464 5532 te
1497 5472 1669 5543 signi-

108 5573 123 5585 '
166 5560 444 5605 "calin-mm
489 5574 547 5607 περ
586 5561 851 5606 ΐιιηῖηηια
880 5561 1015 5606 far-in
1049 5576 1225 5604 ornum-
1263 5563 1328 5604 lit
1368 5563 1669 5606 litim-anim-

1772 4757 1960 4798 versos
2008 4742 2272 4813 quosdam
2315 4748 2499 4811 patres
2545 4737 2693 4803 fecit,
2735 4737 2787 4791 id
2838 4747 2921 4791 est
2964 4732 3372 4805 praedicatores.

1772 4830 1897 4886 Ideo
1932 4840 2180 4887 terrenus
2205 4831 2499 4899 imperator
2526 4826 2781 4897 percussit
2815 4824 2967 4881 verbi
3000 4821 3164 4877 divini
3195 4818 3374 4891 gladio

1772 4931 1933 4979 teme
1966 4923 2305 4978 adhaerentes
2346 4931 2408 4976 ut
2432 4920 2777 4975 adluererent
2800 4916 2939 4973 Deo.
2968 4913 3037 4968 Et
3059 4924 3247 4966 omnes
3273 4908 3377 4963 hos

1771 5014 2024 5082 percussit
2069 5014 2124 5068 in
2151 5010 2286 5068 valle
2332 5011 2666 5069 Salinarum.
2703 5006 2809 5062 Per
2828 5005 3025 5062 vallem
3055 4998 3376 5056 humilitas:

1772 5123 1873 5178 per
1894 5108 2113 5173 salinas,
2136 5118 2297 5175 sapor
2324 5114 2413 5163 est
2440 5098 2858 5168 intelligendus;
2887 5095 3011 5166 quia
3033 5085 3279 5146 conversi
3309 5088 3390 5178 ad

1772 5174 2073 5264 Christum,
2098 5174 2460 5254 humiliantur
2485 5188 2782 5260 sapienter,
2812 5187 2869 5243 id
2896 5193 2982 5241 est
3013 5194 3107 5251 pro
3136 5174 3397 5241 aeternis,

1772 5304 1882 5345 non
1908 5291 2078 5357 fatue,
2110 5290 2163 5346 id
2186 5294 2269 5344 est
2294 5302 2405 5358 pro
2432 5278 2843 5351 temporalibus.
2868 5277 2984 5332 Non
3011 5269 3153 5326 enim
3175 5279 3273 5334 pro
3296 5264 3408 5326 his

1770 5383 2071 5453 patiuntur.
2103 5381 2306 5440 Salinae
2357 5389 2488 5442 sunt
2513 5375 2687 5432 fovete
2717 5374 2872 5444 juxta
2904 5379 3073 5428 mare,
3114 5359 3411 5459 ubi-aqua

1770 5449 1982 5536 marina
2005 5476 2275 5549 colligitur
2294 5479 2376 5535 ad
2390 5473 2472 5534 sai
2493 5464 2915 5527 conficiendum.
2932 5460 2995 5515 Et
3006 5449 3249 5549 percussit
3271 5449 3419 5549 base

1772 5570 1951 5608 ηιηιιζη
1973 5542 2297 5606 ιιῖυἶηῖνναιιιιῖ
2361 5558 2785 5614 πηπιῖιιῖςιναιιιρ
2806 5551 2955 5587 "‘"m
2975 5542 3202 5586 "bunum
3226 5545 3391 5576 "an":
