3884 5562
502 406 610 462 ιὲὗ
689 443 692 446 ~

1125 406 1386 466 REMlGll
1423 387 2270 472 ANTISSIODORENSISOPP.
2313 402 2492 458 rans
2527 404 2570 458 ι.
2600 434 2660 443 -
2697 402 3109 463 EXEGETICA.

3661 407 3764 466 ιιι

501 521 684 576 mundi
736 527 917 588 partes
947 536 960 573 :
1009 533 1106 588 per
1135 521 1278 586 ‘tria,
1323 523 1480 578 Iidem
1529 529 1732 578 sancta:
1771 517 2074 597 Trinitatis,
2107 517 2150 576 Α
2181 513 2440 567 tuentibus
2465 523 2514 568 te
2539 515 2974 584 signiﬁcationem
2995 557 3010 582 ,
3043 527 3096 571 ut
3123 517 3327 588 fugiant
3359 535 3390 571 a
3422 517 3563 587 facie
3595 535 3766 584 arcus,

499 621 606 682 qua
655 619 798 668 totus
841 609 1073 666 mundus
1117 626 1146 665 a
1193 623 1424 681 quatuor
1462 613 1704 682 partibus
1751 617 2077 666 convocatus

497 712 582 759 est
620 704 796 775 gladio
833 705 980 761 verbi
1021 705 1115 759 Dei
1159 711 1214 760 et
1249 705 1712 762 administratione
1751 700 2078 772 septiformis

497 795 685 862 gratize
721 794 892 848 sancti
929 795 1180 867 Spiritus.
1236 794 1592 863 Et-percussit
1640 795 1755 849 haec
1794 791 1984 857 millia,
2024 791 2075 848 id

495 893 602 951 est,
645 887 712 940 ad
751 885 1132 956 perfectionem
1171 893 1225 940 et
1264 885 1542 952 unitatem,
1575 886 1698 956 quia
1749 884 1894 939 mille
1921 882 2075 938 tertia

494 979 677 1034 unitas
725 988 828 1034 est.
871 979 1078 1034 Fideles
1105 977 1305 1034 Christi
1348 978 1524 1033 taliter
1563 975 1976 1040 communicati,
2018 981 2077 1028 ut

492 1067 694 1123 dictum
749 1077 872 1135 est,
932 1069 1172 1124 referunt
1223 1069 1518 1139 gratiarum
1565 1067 1803 1124 actiones
1857 1065 1966 1120 Deo
2009 1063 2074 1118 de

491 1157 593 1212 sibi
622 1159 829 1213 collatis
855 1159 1129 1214 beneficiis
1160 1176 1172 1212 :
1202 1168 1256 1214 et
1282 1173 1347 1214 eo
1385 1157 1637 1228 majores,
1678 1172 1786 1228 quo
1816 1157 2072 1227 majorem

491 1260 928 1305 eommeruerant
973 1249 1361 1318 dejectionem,
1416 1265 1445 1304 a
1501 1265 1606 1318 qua
1660 1258 1783 1305 sunt
1829 1248 2070 1312 liberati,

489 1349 707 1395 orantes
744 1357 841 1411 pro
869 1343 1286 1397 commutatione
1314 1341 1514 1406 futura,
1542 1339 1887 1396 ostendentes
1911 1341 2070 1401 etiam

489 1445 596 1500 qua
625 1431 950 1486 conﬁdentia
1001 1431 1143 1487 illam
1169 1447 1327 1488 orare
1357 1443 1706 1503 praesumant.

558 1519 725 1586 Deus,
749 1521 982 1591 repulisti
1013 1538 1106 1576 nos
1133 1531 1182 1576 et
1217 1523 1522 1578 destruxisti
1560 1541 1672 1578 nos.
1703 1524 1867 1592 Quasi
1903 1525 2068 1590 dicat,

485 1620 686 1674 creasti
716 1635 815 1675 nos
840 1621 1139 1690 perfectos,
1172 1630 1347 1678 tecum
1381 1638 1723 1679 commanere
1751 1623 1944 1689 fecisti,
1975 1625 2071 1679 sed

487 1711 740 1783 indignos
781 1729 1123 1770 commanere
1165 1725 1375 1782 tecum,
1427 1717 1552 1786 quia
1607 1728 2066 1789 transgressores,

486 1809 727 1878 repulisti
767 1826 863 1866 nos
890 1813 956 1865 ab
993 1811 1232 1866 interiori
1269 1812 1535 1881 paradiso,
1577 1821 1631 1867 et
1679 1813 1796 1868 ideo
1821 1813 1889 1866 ab
1917 1822 2069 1869 exte-

485 1898 636 1960 riori,
661 1899 788 1968 quia
821 1901 874 1954 in
899 1901 1064 1954 Adam
1088 1895 1261 1955 omnes
1283 1903 1582 1957 moriuntur
1606 1902 1660 1974 (1
1683 1903 1805 1957 Cor.
1824 1903 1933 1974 xv),
1976 1905 2069 1958 sed

483 1987 536 2042 in
560 1989 773 2044 Christo
805 2006 994 2046 omnes
1026 1991 1455 2051 vivificabuntur.
1488 1993 1554 2046 Et
1587 1994 1894 2049 destruxisti
1941 2011 2066 2059 nos,

480 2081 736 2136 subaudis
782 2082 922 2136 male
969 2084 1294 2146 :edifi'catos,
1344 2085 1429 2138 vel
1480 2099 1580 2140 nos
1631 2085 1962 2140 immortales
2015 2094 2072 2140 et

482 2169 839 2239 impassibiles
885 2175 1097 2226 creatos
1131 2173 1474 2238 conditione,
1515 2173 1668 2242 culpa
1707 2179 2068 2244 praeveniente

481 2256 655 2312 fecisti
680 2260 936 2316 mortales
957 2270 1011 2316 et
1026 2260 1326 2331 passibiles,
1347 2262 1518 2316 ethoc
1543 2262 1812 2328 faciendo,
1826 2265 1994 2318 iratus
2014 2281 2068 2318 es

479 2349 626 2404 vitiis
659 2351 857 2406 nostris
887 2369 901 2405 :
938 2362 986 2406 et
1029 2353 1360 2406 misertus‘es
1386 2353 1567 2419 nobis;
1599 2354 1765 2408 iratus
1803 2371 1879 2420 es,
1911 2354 2067 2411 factis

483 2443 700 2505 nostris,
724 2443 967 2496 misertus
989 2459 1062 2506 es,
1088 2441 1309 2497 factura:
1330 2452 1548 2499 nostrze.
1578 2443 1727 2498 Nihil
1749 2447 1885 2500 enim
1908 2446 2068 2500 odisti

477 2548 656 2586 eorum
682 2549 798 2604 qua!
823 2533 992 2601 fecisti
1015 2532 1161 2604 (Sap.
1189 2533 1289 2603 ιι).
1321 2533 1500 2588 Iratus
1529 2551 1603 2600 es,
1634 2543 1955 2590 vetustatem
1975 2535 2067 2591 de-

479 2626 754 2680 struendo.
767 2625 819 2678 Μ
825 2627 1010 2680 isertus
1024 2641 1076 2678 es
1092 2627 1416 2691 innovando,
1433 2627 1533 2682 hoc
1548 2628 1706 2682 modo
1721 2627 1971 2682 misertus
1985 2642 2058 2682 es.

477 2715 810 2772 Commovisti
835 2726 1051 2783 terram,
1079 2735 1174 2788 per
1195 2703 1433 2774 fossores
1454 2727 1572 2773 tuos
1594 2719 1982 2782 terrenitatem,
2012 2717 2064 2772 id

477 2817 578 2874 cst,
610 2808 853 2864 carnales
881 2809 1286 2873 delectationes,
1321 2809 1565 2863 vocando
1596 2824 1712 2862 nos.
1747 2807 1814 2861 Et
1851 2817 2064 2862 contur-

477 2903 609 2955 Dasti
639 2917 752 2956 eam
785 2902 837 2956 in
874 2901 1202 2957 conscientia
1237 2901 1468 2970 peccati,
1506 2900 1714 2954 scilicet
1742 2899 2062 2953 commovisti

477 3002 753 3059 terrenos,
806 2993 1050 3048 vocando
1101 2992 1165 3046 ad
1213 2993 1560 3061 quzerendam
1613 2991 2058 3046 misericordiam.

475 3083 810 3138 Conturbasti
867 3101 996 3150 eos,
1052 3084 1178 3152 quia
1237 3083 1414 3138 fecisti
1468 3097 1854 3154 recognoscere
1907 3097 2061 3137 suam

476 3175 674 3227 malam
719 3173 1129 3229 conscientiam.
1175 3171 1321 3227 Sana
1365 3186 1496 3243 ergo
1542 3173 1876 3226 contritiones
1921 3172 2057 3241 ejus,

2179 601 2231 656 id
2266 613 2368 668 est,
2406 618 2501 673 per
2544 603 2914 660 tribulationes
2959 605 3277 675 temporales
3305 605 3632 676 significasti
3673 609 3768 662 tuis

2178 691 2362 762 fugere
2399 709 2430 748 a
2477 705 2699 749 ventura
2739 696 2852 762 ira,
2893 711 3013 767 qua:
3054 713 3160 767 quo
3195 699 3370 767 magis
3409 697 3687 763 differtur,
3710 714 3769 754 eo

2177 786 2392 855 gravior
2419 788 2593 842 veniet
2621 804 2634 840 :
2667 788 2810 843 sicut
2847 805 3005 844 arcus
3034 802 3237 860 quanto
3264 791 3435 861 magis
3471 801 3623 844 retro
3651 806 3772 845 cono

2179 875 2433 941 trahitur,
2473 887 2620 932 tanto
2652 880 2821 949 magis
2855 889 2982 936 ante
3025 896 3083 937 se
3128 883 3354 953 sagittas
3391 881 3620 936 emittit.
3658 881 3770 937 L'ris

2177 982 2298 1029 tuos
2331 975 2452 1048 igne
2478 978 2779 1048 temporali,
2814 988 2870 1034 ut
2903 995 3009 1035 non
3048 996 3294 1042 reserves
3318 991 3549 1036 aeterno.
3584 981 3698 1046 Vel,
3724 993 3771 1037 ut

2175 1063 2378 1134 fugiant
2407 1083 2438 1120 ιι
2463 1066 2598 1136 facie
2627 1085 2815 1133 arcus,
2847 1069 2898 1124 id
2929 1079 3030 1134 est,
3074 1085 3105 1124 a
3146 1071 3592 1125 manifestatione
3645 1071 3772 1126 illius

2174 1155 2268 1209 ira:
2294 1171 2456 1225 quam
2508 1175 2661 1212 arcus
2689 1170 2833 1225 tuus,
2875 1160 2927 1214 id
2953 1169 3057 1226 est,
3098 1159 3378 1232 Scriptura
3412 1178 3576 1217 sacra
3610 1163 3772 1215 mina-

2176 1257 2263 1303 tur
2293 1250 2412 1315 illis,
2443 1252 2534 1321 qui
2567 1253 2942 1310 tribulationes
2968 1271 3106 1326 quas
3133 1268 3480 1323 meruerunt,
3510 1259 3772 1328 patienter

2177 1344 2407 1401 tolerare
2435 1347 2641 1401 nolunt.
2672 1349 2752 1402 Ad
2786 1349 3116 1430 hocjugiant
3146 1391 3161 1416 ,
3197 1362 3256 1405 ut
3297 1353 3598 1405 liberentur
3625 1353 3770 1406 electi

2173 1436 2250 1487 tui
2283 1435 2495 1488 tandem
2529 1437 2597 1491 ab
2628 1435 2715 1490 illa
2746 1438 2846 1503 ira,
2881 1439 2949 1492 ab
2977 1439 3078 1503 ira,
3113 1440 3164 1494 id
3207 1451 3311 1505 est,
3338 1453 3596 1496 extrema
3629 1441 3771 1494 dam-

2172 1533 2389 1588 natione
2413 1534 2644 1606 fugiant,
2692 1535 2820 1591 faeti
2855 1537 2926 1591 tui
2961 1538 3136 1593 eleCti.
3167 1520 3515 1607 Cognoscunt
3543 1539 3697 1592 enim
3722 1553 3773 1592 se

2173 1624 2261 1680 hic
2287 1641 2385 1696 pro
2408 1628 2594 1696 parvis
2639 1636 2842 1682 tantum
2869 1627 3028 1699 afﬂigi
3060 1629 3177 1684 ideo
3194 1639 3253 1684 ut
3281 1631 3384 1684 sibi
3412 1647 3442 1683 a
3479 1628 3773 1697 majoribus

2171 1724 2436 1779 caveant,
2486 1717 2682 1785 quibus
2730 1725 2932 1773 asterna
2970 1733 3127 1788 ptena
3175 1729 3510 1774 reservatur.
3554 1719 3633 1772 Et
3659 1720 3771 1788 quia

2174 1803 2276 1860 hoc
2312 1805 2442 1860 mibi
2473 1807 2764 1872 ostendisti,
2793 1807 2918 1877 quia
2948 1807 3062 1862 hinc
3085 1807 3295 1872 dedisti,
3340 1817 3396 1862 et
3441 1807 3489 1861 si
3530 1807 3772 1862 exterius

2175 1894 2430 1965 flagelles,
2479 1896 2682 1950 salvum
2726 1914 2805 1951 me
2854 1900 2940 1966 [ac
2983 1897 3209 1953 interius
3267 1913 3297 1951 a
3341 1896 3772 1954 conformatione

2173 1985 2458 2049 malorum,
2489 1986 2703 2040 dextera
2727 1995 2819 2039 tua
2860 2001 3099 2056 eousque
3133 1986 3341 2042 salvum
3389 1988 3476 2042 fac
3502 2027 3524 2052 ,
3552 1997 3620 2042 ut
3662 1997 3771 2041 tan-

2171 2073 2293 2128 dem
2332 2074 2560 2128 colloces
2600 2075 2668 2129 ad
2707 2075 2986 2130 dexteram
3033 2087 3199 2131 tuam.
3231 2077 3299 2131 Et
3340 2086 3399 2131 ut
3440 2077 3663 2132 salvum
3703 2076 3772 2131 fa-

2171 2165 2306 2230 cias,
2335 2167 2530 2220 exaudi
2560 2183 2640 2221 me
2665 2207 2680 2232 ,
2714 2167 2971 2223 subaudis
2998 2181 3244 2224 orantem
3283 2185 3382 2240 pro
3417 2186 3772 2240 perseveran-

2171 2259 2274 2323 tia;
2313 2269 2584 2324 orantem,
2615 2267 2673 2313 ut
2699 2259 2787 2315 bic
2814 2276 3108 2316 succensos
3134 2270 3191 2315 et
3216 2261 3535 2317 destructos
3565 2261 3767 2315 tandem

2169 2350 2476 2404 consoletur
2501 2350 2722 2405 dextera
2751 2359 2859 2405 tua.
2886 2351 3170 2407 Et'revera
3200 2352 3408 2408 salvum
3437 2351 3630 2415 faciet,
3653 2355 3767 2421 quia

2169 2439 2310 2495 Deus
2357 2441 2561 2495 locutus
2602 2451 2675 2496 est
2721 2441 2972 2496 insancto
3013 2459 3108 2497 suo
3135 2483 3150 2508 ,
3199 2444 3250 2498 id
3294 2452 3400 2508 est,
3454 2444 3511 2497 in
3563 2444 3768 2498 Christo

2167 2542 2356 2587 sancto
2394 2543 2740 2597 sanctorum,
2770 2535 2896 2603 quia
2926 2535 3219 2591 novissime
3246 2535 3440 2590 diebus
3476 2537 3600 2591 istis
3627 2538 3767 2591 locu-

2170 2631 2255 2677 tus
2279 2633 2361 2678 est
2389 2625 2542 2680 nobis
2572 2625 2623 2678 in
2659 2625 2770 2679 lilio
2794 2625 2981 2696 (llebr.
3014 2627 3076 2696 ι),
3110 2627 3163 2682 in
3193 2643 3301 2698 quo
3347 2631 3606 2699 promisit
3639 2631 3769 2686 hanc

2170 2714 2547 2780 salvationem,
2565 2715 2721 2785 juxta
2751 2715 2913 2771 illud:
2940 2716 3008 2773 Et
3032 2718 3241 2773 mittam
3263 2719 3422 2774 vobis
3444 2720 3766 2775 salvatorem

2167 2806 2258 2876 qui
2291 2821 2384 2861 vos
2428 2807 2700 2876 prtecedat
2741 2816 2797 2862 et
2841 2807 3150 2862 introducat
3195 2808 3246 2862 in
3288 2817 3496 2862 terram
3547 2825 3647 2879 pro
3672 2825 3766 2878 qna

2157 2897 2338 2967 juravi
2388 2899 2631 2969 patribus
2661 2899 2870 2955 'vestris
2915 2900 3116 2971 (Exod.
3154 2901 3334 2970 nm).
3373 2901 3526 2972 Ergo
3551 2901 3682 2970 quia
3719 2900 3764 2953 in

2167 2991 2258 3045 illo
2287 2990 2406 3046 loco
2442 2991 2650 3047 locutus
2677 3003 2764 3046 est
2789 2991 2930 3047 hanc
2957 2991 3309 3047 salvatiouem
3341 2993 3437 3062 qui
3463 3008 3577 3048 non
3613 2992 3766 3052 fallit,

2165 3079 2385 3135 lxtabor
2407 3095 2508 3150 ego
2540 3079 2800 3147 Ecclesia,
2830 3088 2877 3134 et
2906 3081 3121 3147 merito,
3152 3082 3276 3151 quia
3306 3081 3550 3136 dividam
3600 3080 3766 3136 δὶτιιί-

2165 3189 2324 3227 mam.
2369 3171 2608 3228 Sichima
2641 3174 2888 3228 humerus
2924 3174 3327 3244 interpretatur.
3360 3175 3509 3245 Ergo
3536 3175 3766 3230 dividam

460 3261 856 3320 mortalitatem
894 3272 948 3320 et
975 3263 1406 3335 passibililatem,
1441 3263 1526 3318 vel
1553 3265 1884 3318 contritiones
1928 3280 2056 3320 con-
2085 3234 2132 3298 ο
2163 3275 2440 3336 portantes
2471 3280 2608 3321 onus
2633 3305 2648 3332 ,
2689 3275 2749 3321 ut
2795 3266 2932 3322 alios
2976 3275 3188 3338 premat
3231 3268 3443 3338 pondus
3469 3281 3766 3340 przecepto-

473 3358 709 3413 scicntize
739 3357 911 3411 make.
943 3356 1081 3422 Quia
1111 3363 1366 3409 commota
1395 3365 1492 3420 est,
1535 3354 1741 3409 scilicet
1788 3355 1854 3409 ad
1883 3355 2058 3424 paeni-

473 3450 722 3513 tentiam,
752 3465 855 3503 non
883 3447 1042 3518 digna
1068 3446 1269 3512 sanari,
1297 3446 1340 3500 si
1373 3461 1475 3500 non
1506 3453 1646 3500 esset
1676 3455 1839 3499 mota.
1869 3444 2057 3499 Osten-

470 3538 594 3590 diin
627 3537 815 3607 populo
842 3546 930 3589 tuo
966 3537 1120 3589 dura.
1151 3535 1312 3602 Quasi
1341 3535 1520 3590 dicat:
1553 3535 1674 3590 Ideo
1701 3537 1864 3590 etiam
1891 3533 2057 3590 debes

472 3627 739 3692 misereri,
765 3628 888 3695 quia
915 3641 1034 3680 cum
1067 3634 1118 3680 tu
1145 3639 1335 3696 passus
1362 3627 1436 3680 sis
1462 3641 1560 3695 pro
1586 3626 1760 3692 nobis,
1791 3627 2053 3696 reliquisti

468 3715 626 3770 nobis
657 3715 984 3785 exemplum,
1006 3725 1064 3770 ut
1083 3731 1372 3785 sequamur
1387 3716 1608 3786 vestigia
1637 3725 1747 3782 tua,
1771 3726 1826 3771 et
1851 3719 1951 3772 hoc
1971 3728 2054 3774 est

469 3806 612 3875 quod
645 3806 924 3875 sequitur:
961 3805 1282 3872 Ostendisti,
1330 3806 1384 3861 in
1425 3807 1639 3877 propria
1678 3823 1907 3877 persona
1940 3817 2048 3874 tua,

469 3897 605 3951 dura
643 3907 699 3953 et
736 3898 964 3952 multum
1009 3897 1243 3953 diﬂicilia
1271 3898 1337 3952 ad
1374 3898 1691 3952 imitandum
1720 3900 1909 3968 papula
1937 3908 2048 3953 tuo.

468 3989 549 4042 Ad
585 3989 992 4044 similitudinem
1034 4006 1048 4042 :
1083 3990 1223 4044 sicut
1254 3988 1421 4043 David
1459 3989 1806 4045 historialiter
1843 3991 2052 4060 populis

469 4081 580 4134 suis
595 4082 820 4134 devictis
837 4081 1024 4134 duram
1045 4080 1214 4148 legem
1235 4081 1565 4149 imposuit,et
1584 4081 1763 4137 multis
1777 4083 2052 4140 laboribus

468 4171 798 4241 subjugavit;
828 4171 900 4224 ita
922 4178 976 4228 et
1001 4179 1054 4224 tu
1084 4171 1211 4235 tuis,
1234 4179 1292 4224 ut
1320 4169 1550 4240 amplius
1572 4186 1677 4226 non
1701 4174 1910 4244 erigant
1937 4189 2053 4230 cer-

465 4262 637 4316 vicem
659 4269 1025 4317 suamcontra
1045 4269 1112 4316 te.
1139 4259 1291 4318 Unde
1314 4262 1566 4318 Salomon
1590 4265 1643 4319 in
1665 4264 1802 4320 libro
1825 4264 2050 4336 Sapien-

467 4359 552 4412 tia:
571 4376 582 4412 :
603 4357 710 4412 Fili
733 4358 825 4424 mi,
845 4357 1042 4413 accede
1063 4357 1131 4410 ad
1152 4357 1449 4412 servitutem
1476 4359 1705 4425 Domini,
1721 4370 1867 4414 etsta
1889 4362 1943 4415 in
1955 4361 2052 4432 ju-

462 4452 606 4505 stitia
644 4461 689 4504 et
718 4451 932 4516 timore,
959 4460 1007 4505 et
1035 4467 1274 4520 prcrpara
1303 4451 1533 4506 animam
1571 4463 1715 4506 tuam
1761 4453 1830 4506 ad
1873 4462 2047 4508 tenta-

463 4545 652 4597 tionem
691 4543 882 4614 (Eccli.
915 4543 1001 4612 ιι.)
1029 4543 1095 4596 Et
1122 4543 1311 4597 beatus
1338 4542 1566 4598 Petrus:
1601 4543 1834 4613 Tempus
1873 4554 1956 4600 est
1990 4555 2048 4600 ut

463 4639 638 4696 exeat,
668 4630 934 4702 ﬂagellum
962 4646 991 4684 a
1015 4631 1175 4685 domo
1197 4630 1288 4685 Dei
1315 4630 1364 4701 (l
1394 4628 1540 4684 Petr.
1573 4633 1646 4700 IV)
1676 4650 1689 4685 :
1721 4633 1776 4686 Si
1807 4631 1924 4702 ejus
1946 4634 2051 4690 ini-

464 4722 596 4775 tium
629 4737 657 4776 a
687 4723 838 4777 nobis
866 4729 970 4788 est,
1011 4723 1134 4791 quis
1157 4722 1260 4775 erit
1289 4721 1411 4777 finis
1435 4723 1486 4776 in
1515 4723 1617 4778 illis
1643 4724 1733 4794 qui
1775 4742 1880 4781 non
1913 4729 2051 4784 reci-

464 4813 616 4882 piunt
650 4812 995 4884 Evangelium
1039 4812 1165 4868 Dei?
1193 4813 1249 4868 Si
1287 4815 1466 4882 justus
1493 4815 1577 4870 vix
1609 4817 1925 4885 salvahitur,
1969 4821 2051 4876 in—

456 4903 633 4972 justus
666 4913 721 4957 et
754 4903 950 4972 impius
978 4903 1066 4956 ubi
1092 4903 1398 4972 parebunt?
1426 4904 1518 4958 Vel
1556 4908 1826 4962 ostendisti
1859 4910 2048 4978 populo

460 5003 547 5045 tuo
575 4993 729 5057 dura,
760 5008 879 5063 qua:
913 4994 1060 5064 prius
1102 4993 1422 5048 videbantur
1449 4995 1802 5052 delectabilia.
1834 4998 2049 5057 Primus

459 5082 600 5136 enim
627 5082 779 5137 labor
804 5091 908 5149 est,
953 5092 1009 5138 ut
1038 5076 1320 5153 disliliceas
1349 5085 1476 5150 tibi;
1517 5087 1783 5142 secundus
1804 5128 1817 5150 ,
1850 5103 1948 5158 pro
1983 5105 2048 5148 eo

442 5173 560 5240 qui
579 5183 815 5228 mutatus
843 5182 946 5242 est,
973 5173 1118 5230 ferre
1154 5174 1547 5230 tribulationes.
1578 5174 1782 5231 Potasti
1811 5195 1904 5234 nos
1927 5183 2045 5237 vino

458 5267 886 5333 compunctionis.
944 5267 1058 5316 Hoc
1120 5267 1278 5312 nlnlln
1332 5266 1636 5320 ostendisti,
1683 5266 1887 5317 Ροιηκιί
1951 5290 2042 5326 nos

2163 3374 2303 3424 rum,
2352 3359 2486 3415 alios
2512 3359 2701 3429 jngum
2732 3375 2912 3415 meum
2944 3359 3088 3429 quod
3115 3359 3288 3422 levat,
3337 3375 3446 3415 non
3489 3360 3763 3431 deprimit.

2158 3450 2308 3505 Alios
2352 3445 2552 3520 premit
2587 3449 2776 3521 jugum
2821 3450 3058 3515 diaboli,
3109 3450 3243 3506 alios
3289 3448 3479 3520 jugnm
3538 3451 3759 3505 Christi.

2158 3538 2281 3595 Illos
2327 3540 2582 3603 dividam,
2635 3539 2760 3609 quia
2814 3539 3270 3605 bos,assumam;
3322 3540 3444 3596 illos
3494 3541 3758 3608 rejiciam,

2164 3631 2460 3687 secundum
2491 3631 2774 3686 historiam
2807 3671 2823 3696 ,
2854 3629 3022 3686 Jacob
3054 3631 3268 3686 rediens
3288 3646 3319 3698 ει
3349 3629 3537 3685 than
3569 3645 3758 3686 socero

2157 3741 2277 3790 suo,
2307 3733 2548 3780 moratus
2573 3732 2657 3779 est
2687 3723 2739 3778 in
2769 3722 3024 3779 Sichimis
3046 3721 3198 3796 (Gen.
3224 3722 3396 3794 xxxi).
3429 3723 3507 3777 lbi
3549 3722 3752 3778 Rachel

2161 3817 2304 3872 idola
2348 3815 2542 3884 patris,
2567 3830 2688 3885 qua:
2730 3828 2913 3870 secum
2954 3813 3272 3879 abduxerat,
3317 3813 3613 3870 occultavit
3660 3813 3756 3867 sub

2156 3906 2302 3961 fasce
2330 3905 2536 3969 herbae,
2565 3918 2690 3960 eum
2733 3913 2889 3974 pater
2929 3914 3346 3975 persequeretur
3374 3913 3430 3960 et
3462 3919 3527 3958 ea
3570 3903 3755 3974 exqui-

2155 4007 2301 4054 reret
2342 4012 2372 4051 a
2411 3996 2598 4054 Jacob.
2641 3995 2745 4052 Per
2790 3996 2935 4052 idola
2967 4012 3255 4068 possumus
3293 4006 3479 4068 gentes
3510 3997 3754 4064 accipere

2156 4088 2398 4144 colentes
2428 4088 2568 4143 idola
2593 4128 2608 4153 ,
2642 4102 2780 4156 quas
2824 4097 3012 4159 gentes
3051 4088 3250 4144 dividet
3293 4087 3533 4143 Ecclesia
3561 4128 3575 4151 ,
3625 4086 3750 4156 quia

2155 4180 2290 4235 alios
2314 4187 2578 4246 assumet,
2611 4179 2747 4234 alios
2785 4179 2837 4232 in
2869 4177 3072 4234 malitia
3110 4187 3165 4234 et
3199 4180 3254 4233 in
3295 4193 3483 4233 errore
3524 4192 3621 4232 suo
3660 4180 3750 4231 de-

2155 4279 2337 4327 seret:
2375 4270 2670 4326 secundum
2704 4267 2937 4324 nominis
2972 4269 3497 4338 interpretationem,
3543 4283 3639 4338 per
3664 4266 3747 4322 Si-

2154 4362 2390 4417 chimam
2412 4361 2694 4416 Judaicum
2722 4359 2998 4430 populum,
3040 4360 3141 4416 sub
3167 4361 3298 4431 jugo
3327 4360 3460 4431 legis
3487 4361 3741 4430 positum,

2151 4459 2212 4505 ut
2236 4450 2434 4504 dictum
2457 4456 2557 4504 est.
2607 4447 2673 4502 Et
2701 4448 2985 4504 convallem
3019 4449 3475 4503 tabernaculorum
3506 4448 3740 4501 metibor.

2152 4541 2318 4596 Jacob
2345 4554 2578 4610 pergens
2609 4539 2751 4603 inde,
2786 4539 2994 4594 scilicet
3020 4554 3050 4592 a
3081 4538 3338 4600 Siehima,
3372 4536 3739 4591 tabernacula-

2157 4643 2242 4688 tus
2272 4641 2353 4687 est
2382 4633 2434 4686 in
2459 4631 2690 4700 quadam
2715 4628 2872 4694 valle,
2902 4629 2956 4684 in
2985 4644 3090 4699 qua
3120 4643 3312 4698 magna
3334 4643 3533 4697 pascua
3562 4636 3732 4690 erant,

2153 4727 2301 4782 etibi
2327 4726 2416 4781 diu
2445 4733 2686 4780 moratus
2724 4733 2827 4787 est,
2854 4737 3081 4793 pascens
3111 4730 3354 4775 armenta
3384 4735 3480 4776 sua
3509 4727 3566 4774 et
3585 4734 3730 4779 oves,

2151 4829 2207 4875 et
2233 4833 2484 4874 recreans
2516 4831 2574 4873 se
2607 4824 2661 4871 et
2696 4815 2954 4869 familiam
2989 4829 3160 4870 suam.
3194 4813 3297 4868 Per
3324 4814 3428 4868 hoc
3457 4827 3728 4883 possumus

2152 4909 2396 4979 accipere
2441 4905 2721 4961 Judaicum
2769 4904 3022 4975 populum
3051 4945 3065 4968 ,
3114 4903 3204 4972 qui
3250 4912 3370 4958 erat
3413 4904 3567 4972 quasi
3607 4916 3727 4955 oves

2150 5017 2384 5072 pascuae,
2424 5014 2560 5069 quos
2608 4999 2748 5053 Deus
2789 4997 2932 5066 pavit
2961 4996 3158 5068 pabulo
3199 4996 3349 5050 verbi
3377 4996 3461 5050 sui
3501 4994 3552 5048 in
3600 4994 3718 5062 lege.

2149 5093 2265 5148 Hoc
2293 5093 2509 5146 metibor
2537 5105 2637 5160 ego
2682 5088 2960 5153 Ecclesia,
3007 5087 3128 5158 quia
3177 5086 3311 5140 alios
3358 5085 3426 5139 ad
3463 5083 3692 5155 Spiritus!

2148 5183 2398 5253 pabulum
2430 5196 2727 5244 assumam,
2767 5178 2900 5234 alios
2931 5178 2984 5232 in
3011 5177 3212 5234 carnali
3237 5176 3562 5246 relinquam.
3587 5175 3693 5228 Men

2141 5284 2219 5323 est
2249 5272 2476 5322 Calaad.
2505 5270 2646 5320 ﬂllml
2680 5270 3066 5323 interpretatur
3091 5283 3304 5322 acervus
3339 5268 3642 5329 testimonii,
3674 5264 3718 5317 id
