  <div class='ocr_page' id='page_1' title='image "/cluster/home/n/w/nwhite01/storage/ocr_20150623/131/hvd.32044015471725/228.png"; bbox 0 0 3918 6420; ppageno 0'>
   <div class='ocr_carea' id='block_1_1' title="bbox 158 460 248 516">
    <p class='ocr_par' dir='ltr' id='par_1_1' title="bbox 158 460 248 516">
     <span class='ocr_line' id='line_1_1' title="bbox 158 460 248 516; baseline 0 -1"><span class='ocrx_word' id='word_1_1' title='bbox 158 460 248 516; x_wconf 67' lang='lat'><strong>“5</strong></span> 
     </span>
    </p>
   </div>
   <div class='ocr_carea' id='block_1_2' title="bbox 1242 442 2260 503">
    <p class='ocr_par' dir='ltr' id='par_1_2' title="bbox 1242 442 2260 503">
     <span class='ocr_line' id='line_1_2' title="bbox 1242 442 2260 503; baseline -0.004 0"><span class='ocrx_word' id='word_1_2' title='bbox 1242 442 1781 503; x_wconf 75' lang='lat' dir='ltr'><strong>ENARRA‘I‘IONES</strong></span> <span class='ocrx_word' id='word_1_3' title='bbox 1817 442 1884 496; x_wconf 75' lang='grc' dir='ltr'><strong>ΙΝ</strong></span> <span class='ocrx_word' id='word_1_4' title='bbox 1924 443 2260 501; x_wconf 71' lang='lat' dir='ltr'><strong>PSALMOS.</strong></span> 
     </span>
    </p>
   </div>
   <div class='ocr_carea' id='block_1_3' title="bbox 3286 448 3385 505">
    <p class='ocr_par' dir='ltr' id='par_1_3' title="bbox 3286 448 3385 505">
     <span class='ocr_line' id='line_1_3' title="bbox 3286 448 3385 505; baseline 0.02 -3"><span class='ocrx_word' id='word_1_5' title='bbox 3286 448 3385 505; x_wconf 76' lang='grc' dir='ltr'><strong>ΗΘ</strong></span> 
     </span>
    </p>
   </div>
   <div class='ocr_carea' id='block_1_4' title="bbox 160 544 3387 640">
    <p class='ocr_par' dir='ltr' id='par_1_4' title="bbox 160 544 3387 640">
     <span class='ocr_line' id='line_1_4' title="bbox 160 544 3387 640; baseline -0.002 -18"><span class='ocrx_word' id='word_1_6' title='bbox 160 576 247 633; x_wconf 84' lang='lat' dir='ltr'><strong>nis,</strong></span> <span class='ocrx_word' id='word_1_7' title='bbox 278 568 481 640; x_wconf 84' lang='lat' dir='ltr'><strong>quando</strong></span> <span class='ocrx_word' id='word_1_8' title='bbox 513 563 802 638; x_wconf 81' lang='lat' dir='ltr'><strong>ignominia</strong></span> <span class='ocrx_word' id='word_1_9' title='bbox 836 571 957 619; x_wconf 86' lang='lat' dir='ltr'><strong>erat</strong></span> <span class='ocrx_word' id='word_1_10' title='bbox 981 576 1100 618; x_wconf 90' lang='lat' dir='ltr'><strong>esse</strong></span> <span class='ocrx_word' id='word_1_11' title='bbox 1143 562 1509 617; x_wconf 85' lang='lat' dir='ltr'><strong>Christianum</strong></span> <span class='ocrx_word' id='word_1_12' title='bbox 1533 601 1547 622; x_wconf 96' lang='lat'><strong>,</strong></span> <span class='ocrx_word' id='word_1_13' title='bbox 1574 556 1716 611; x_wconf 86' lang='lat' dir='ltr'><strong>scili-</strong></span> <span class='ocrx_word' id='word_1_14' title='bbox 1744 559 1790 617; x_wconf 81' lang='grc' dir='ltr'><strong>Α</strong></span> <span class='ocrx_word' id='word_1_15' title='bbox 1819 561 1972 616; x_wconf 87' lang='lat' dir='ltr'><strong>audis</strong></span> <span class='ocrx_word' id='word_1_16' title='bbox 1999 566 2289 628; x_wconf 78' lang='lat' dir='ltr'><strong>exteriori,</strong></span> <span class='ocrx_word' id='word_1_17' title='bbox 2328 544 2379 619; x_wconf 94' lang='lat' dir='ltr'><strong>id</strong></span> <span class='ocrx_word' id='word_1_18' title='bbox 2423 574 2536 630; x_wconf 90' lang='lat' dir='ltr'><strong>est,</strong></span> <span class='ocrx_word' id='word_1_19' title='bbox 2584 565 2671 621; x_wconf 88' lang='lat' dir='ltr'><strong>fac</strong></span> <span class='ocrx_word' id='word_1_20' title='bbox 2708 574 2767 620; x_wconf 94' lang='lat' dir='ltr'><strong>ut</strong></span> <span class='ocrx_word' id='word_1_21' title='bbox 2796 581 2890 636; x_wconf 84' lang='lat' dir='ltr'><strong>per</strong></span> <span class='ocrx_word' id='word_1_22' title='bbox 2934 567 3247 636; x_wconf 70' lang='lat' dir='ltr'><strong>patientiam</strong></span> <span class='ocrx_word' id='word_1_23' title='bbox 3286 583 3387 622; x_wconf 79' lang='lat' dir='ltr'><strong>no.</strong></span> 
     </span>
    </p>
   </div>
   <div class='ocr_carea' id='block_1_5' title="bbox 159 642 1718 718">
    <p class='ocr_par' dir='ltr' id='par_1_5' title="bbox 159 642 1718 718">
     <span class='ocr_line' id='line_1_5' title="bbox 159 642 1718 718; baseline -0.012 -2"><span class='ocrx_word' id='word_1_24' title='bbox 159 668 233 716; x_wconf 89' lang='lat' dir='ltr'><strong>cet</strong></span> <span class='ocrx_word' id='word_1_25' title='bbox 256 671 433 711; x_wconf 90' lang='lat' dir='ltr'><strong>omnes</strong></span> <span class='ocrx_word' id='word_1_26' title='bbox 459 642 797 709; x_wconf 84' lang='lat' dir='ltr'><strong>conféssores</strong></span> <span class='ocrx_word' id='word_1_27' title='bbox 841 652 946 706; x_wconf 91' lang='lat' dir='ltr'><strong>mei</strong></span> <span class='ocrx_word' id='word_1_28' title='bbox 994 659 1138 706; x_wconf 92' lang='lat' dir='ltr'><strong>sunt.</strong></span> <span class='ocrx_word' id='word_1_29' title='bbox 1170 648 1239 703; x_wconf 84' lang='lat' dir='ltr'><strong>Et</strong></span> <span class='ocrx_word' id='word_1_30' title='bbox 1279 649 1531 718; x_wconf 84' lang='lat' dir='ltr'><strong>Ephraim</strong></span> <span class='ocrx_word' id='word_1_31' title='bbox 1569 646 1718 716; x_wconf 78' lang='lat' dir='ltr'><strong>{orti-</strong></span> 
     </span>
    </p>
   </div>
   <div class='ocr_carea' id='block_1_6' title="bbox 159 735 1715 814">
    <p class='ocr_par' dir='ltr' id='par_1_6' title="bbox 159 735 1715 814">
     <span class='ocr_line' id='line_1_6' title="bbox 159 735 1715 814; baseline -0.008 -12"><span class='ocrx_word' id='word_1_32' title='bbox 159 750 267 802; x_wconf 89' lang='lat' dir='ltr'><strong>tudo</strong></span> <span class='ocrx_word' id='word_1_33' title='bbox 315 746 497 814; x_wconf 96' lang='lat' dir='ltr'><strong>capitis</strong></span> <span class='ocrx_word' id='word_1_34' title='bbox 572 742 692 796; x_wconf 90' lang='lat' dir='ltr'><strong>mei.</strong></span> <span class='ocrx_word' id='word_1_35' title='bbox 756 741 1053 812; x_wconf 88' lang='lat' dir='ltr'><strong>Ephraim,</strong></span> <span class='ocrx_word' id='word_1_36' title='bbox 1129 738 1475 808; x_wconf 77' lang='lat' dir='ltr'><strong>fructiﬁcans.</strong></span> <span class='ocrx_word' id='word_1_37' title='bbox 1546 735 1715 804; x_wconf 88' lang='lat' dir='ltr'><strong>Caput</strong></span> 
     </span>
    </p>
   </div>
   <div class='ocr_carea' id='block_1_7' title="bbox 159 826 1715 901">
    <p class='ocr_par' dir='ltr' id='par_1_7' title="bbox 159 826 1715 901">
     <span class='ocr_line' id='line_1_7' title="bbox 159 826 1715 901; baseline -0.01 -6"><span class='ocrx_word' id='word_1_38' title='bbox 159 832 389 895; x_wconf 74' lang='lat' dir='ltr'><strong>Ecclesia:</strong></span> <span class='ocrx_word' id='word_1_39' title='bbox 413 834 682 899; x_wconf 78' lang='lat' dir='ltr'><strong>Christus,</strong></span> <span class='ocrx_word' id='word_1_40' title='bbox 711 831 863 900; x_wconf 87' lang='lat' dir='ltr'><strong>cujus</strong></span> <span class='ocrx_word' id='word_1_41' title='bbox 906 832 1098 901; x_wconf 90' lang='lat' dir='ltr'><strong>capitis</strong></span> <span class='ocrx_word' id='word_1_42' title='bbox 1126 830 1388 885; x_wconf 75' lang='lat' dir='ltr'><strong>fortitudo</strong></span> <span class='ocrx_word' id='word_1_43' title='bbox 1416 836 1499 883; x_wconf 89' lang='lat' dir='ltr'><strong>est</strong></span> <span class='ocrx_word' id='word_1_44' title='bbox 1532 826 1715 882; x_wconf 90' lang='lat' dir='ltr'><strong>multi-</strong></span> 
     </span>
    </p>
   </div>
   <div class='ocr_carea' id='block_1_8' title="bbox 159 922 1714 1003">
    <p class='ocr_par' dir='ltr' id='par_1_8' title="bbox 159 922 1714 1003">
     <span class='ocr_line' id='line_1_8' title="bbox 159 922 1714 1003; baseline -0.008 -18"><span class='ocrx_word' id='word_1_45' title='bbox 159 931 353 1003; x_wconf 88' lang='lat' dir='ltr'><strong>plicatio</strong></span> <span class='ocrx_word' id='word_1_46' title='bbox 380 926 636 983; x_wconf 83' lang='lat' dir='ltr'><strong>fidelium.</strong></span> <span class='ocrx_word' id='word_1_47' title='bbox 661 924 867 980; x_wconf 85' lang='lat' dir='ltr'><strong>Cecidit</strong></span> <span class='ocrx_word' id='word_1_48' title='bbox 888 924 1136 979; x_wconf 81' lang='lat' dir='ltr'><strong>Christus</strong></span> <span class='ocrx_word' id='word_1_49' title='bbox 1165 924 1216 977; x_wconf 92' lang='lat' dir='ltr'><strong>in</strong></span> <span class='ocrx_word' id='word_1_50' title='bbox 1246 922 1513 992; x_wconf 81' lang='lat' dir='ltr'><strong>passione,</strong></span> <span class='ocrx_word' id='word_1_51' title='bbox 1544 928 1597 974; x_wconf 91' lang='lat' dir='ltr'><strong>et</strong></span> <span class='ocrx_word' id='word_1_52' title='bbox 1625 934 1714 973; x_wconf 90' lang='lat' dir='ltr'><strong>se-</strong></span> 
     </span>
    </p>
   </div>
   <div class='ocr_carea' id='block_1_9' title="bbox 159 1011 1711 1081">
    <p class='ocr_par' dir='ltr' id='par_1_9' title="bbox 159 1011 1711 1081">
     <span class='ocr_line' id='line_1_9' title="bbox 159 1011 1711 1081; baseline -0.01 -6"><span class='ocrx_word' id='word_1_53' title='bbox 159 1030 266 1076; x_wconf 86' lang='lat' dir='ltr'><strong>cuta</strong></span> <span class='ocrx_word' id='word_1_54' title='bbox 300 1028 379 1074; x_wconf 90' lang='lat' dir='ltr'><strong>est</strong></span> <span class='ocrx_word' id='word_1_55' title='bbox 406 1015 753 1071; x_wconf 85' lang='lat' dir='ltr'><strong>fructificatio</strong></span> <span class='ocrx_word' id='word_1_56' title='bbox 780 1015 833 1068; x_wconf 92' lang='lat' dir='ltr'><strong>in</strong></span> <span class='ocrx_word' id='word_1_57' title='bbox 864 1013 1274 1077; x_wconf 83' lang='lat' dir='ltr'><strong>resurrectione,</strong></span> <span class='ocrx_word' id='word_1_58' title='bbox 1300 1011 1423 1081; x_wconf 88' lang='lat' dir='ltr'><strong>quia</strong></span> <span class='ocrx_word' id='word_1_59' title='bbox 1449 1022 1673 1079; x_wconf 80' lang='lat' dir='ltr'><strong>granum</strong></span> <span class='ocrx_word' id='word_1_60' title='bbox 1697 1047 1711 1072; x_wconf 92' lang='lat'><strong>,</strong></span> 
     </span>
    </p>
   </div>
   <div class='ocr_carea' id='block_1_10' title="bbox 161 1098 1717 1168">
    <p class='ocr_par' dir='ltr' id='par_1_10' title="bbox 161 1098 1717 1168">
     <span class='ocr_line' id='line_1_10' title="bbox 161 1098 1717 1168; baseline -0.01 -2"><span class='ocrx_word' id='word_1_61' title='bbox 161 1112 247 1167; x_wconf 93' lang='lat' dir='ltr'><strong>nisi</strong></span> <span class='ocrx_word' id='word_1_62' title='bbox 271 1110 459 1165; x_wconf 90' lang='lat' dir='ltr'><strong>cadens</strong></span> <span class='ocrx_word' id='word_1_63' title='bbox 492 1109 547 1163; x_wconf 91' lang='lat' dir='ltr'><strong>in</strong></span> <span class='ocrx_word' id='word_1_64' title='bbox 589 1116 786 1161; x_wconf 89' lang='lat' dir='ltr'><strong>terram</strong></span> <span class='ocrx_word' id='word_1_65' title='bbox 819 1114 1088 1160; x_wconf 89' lang='lat' dir='ltr'><strong>mortuum</strong></span> <span class='ocrx_word' id='word_1_66' title='bbox 1137 1102 1336 1168; x_wconf 89' lang='lat' dir='ltr'><strong>fuerit,</strong></span> <span class='ocrx_word' id='word_1_67' title='bbox 1383 1117 1488 1155; x_wconf 91' lang='lat' dir='ltr'><strong>non</strong></span> <span class='ocrx_word' id='word_1_68' title='bbox 1536 1098 1717 1153; x_wconf 89' lang='lat' dir='ltr'><strong>multi-</strong></span> 
     </span>
    </p>
   </div>
   <div class='ocr_carea' id='block_1_11' title="bbox 159 1189 1724 1274">
    <p class='ocr_par' dir='ltr' id='par_1_11' title="bbox 159 1189 1724 1274">
     <span class='ocr_line' id='line_1_11' title="bbox 159 1189 1724 1274; baseline -0.01 -18"><span class='ocrx_word' id='word_1_69' title='bbox 159 1203 416 1274; x_wconf 86' lang='lat' dir='ltr'><strong>plicabitur</strong></span> <span class='ocrx_word' id='word_1_70' title='bbox 437 1198 622 1270; x_wconf 85' lang='lat' dir='ltr'><strong>(Joan.</strong></span> <span class='ocrx_word' id='word_1_71' title='bbox 652 1199 769 1268; x_wconf 83' lang='lat' dir='ltr'><strong>xu).</strong></span> <span class='ocrx_word' id='word_1_72' title='bbox 799 1196 942 1251; x_wconf 83' lang='lat' dir='ltr'><strong>Juda</strong></span> <span class='ocrx_word' id='word_1_73' title='bbox 965 1212 1057 1250; x_wconf 78' lang='lat' dir='ltr'><strong>rex</strong></span> <span class='ocrx_word' id='word_1_74' title='bbox 1077 1211 1238 1257; x_wconf 88' lang='lat' dir='ltr'><strong>meus,</strong></span> <span class='ocrx_word' id='word_1_75' title='bbox 1270 1194 1320 1247; x_wconf 88' lang='lat' dir='ltr'><strong>id</strong></span> <span class='ocrx_word' id='word_1_76' title='bbox 1345 1201 1425 1247; x_wconf 91' lang='lat' dir='ltr'><strong>est</strong></span> <span class='ocrx_word' id='word_1_77' title='bbox 1444 1189 1724 1253; x_wconf 61' lang='lat' dir='ltr'><strong>Christus,</strong></span> 
     </span>
    </p>
   </div>
   <div class='ocr_carea' id='block_1_12' title="bbox 161 1278 1717 1361">
    <p class='ocr_par' dir='ltr' id='par_1_12' title="bbox 161 1278 1717 1361">
     <span class='ocr_line' id='line_1_12' title="bbox 161 1278 1717 1361; baseline -0.01 -18"><span class='ocrx_word' id='word_1_78' title='bbox 161 1293 235 1361; x_wconf 91' lang='lat' dir='ltr'><strong>qui</strong></span> <span class='ocrx_word' id='word_1_79' title='bbox 263 1293 322 1346; x_wconf 90' lang='lat' dir='ltr'><strong>de</strong></span> <span class='ocrx_word' id='word_1_80' title='bbox 364 1290 501 1343; x_wconf 88' lang='lat' dir='ltr'><strong>tribu</strong></span> <span class='ocrx_word' id='word_1_81' title='bbox 550 1286 717 1348; x_wconf 82' lang='lat' dir='ltr'><strong>Juda,</strong></span> <span class='ocrx_word' id='word_1_82' title='bbox 770 1285 859 1338; x_wconf 91' lang='lat' dir='ltr'><strong>ille</strong></span> <span class='ocrx_word' id='word_1_83' title='bbox 905 1292 987 1338; x_wconf 93' lang='lat' dir='ltr'><strong>est</strong></span> <span class='ocrx_word' id='word_1_84' title='bbox 1037 1284 1228 1336; x_wconf 89' lang='lat' dir='ltr'><strong>horum</strong></span> <span class='ocrx_word' id='word_1_85' title='bbox 1275 1278 1514 1335; x_wconf 90' lang='lat' dir='ltr'><strong>omnium</strong></span> <span class='ocrx_word' id='word_1_86' title='bbox 1555 1284 1717 1344; x_wconf 90' lang='lat' dir='ltr'><strong>caput</strong></span> 
     </span>
    </p>
   </div>
   <div class='ocr_carea' id='block_1_13' title="bbox 161 1367 1717 1445">
    <p class='ocr_par' dir='ltr' id='par_1_13' title="bbox 161 1367 1717 1445">
     <span class='ocr_line' id='line_1_13' title="bbox 161 1367 1717 1445; baseline -0.01 -9"><span class='ocrx_word' id='word_1_87' title='bbox 161 1393 207 1437; x_wconf 86' lang='lat' dir='ltr'><strong>et</strong></span> <span class='ocrx_word' id='word_1_88' title='bbox 242 1392 447 1435; x_wconf 71' lang='lat' dir='ltr'><strong>rector.&quot;</strong></span> <span class='ocrx_word' id='word_1_89' title='bbox 485 1379 644 1432; x_wconf 87' lang='lat' dir='ltr'><strong>Moab</strong></span> <span class='ocrx_word' id='word_1_90' title='bbox 682 1376 787 1430; x_wconf 88' lang='lat' dir='ltr'><strong>olla</strong></span> <span class='ocrx_word' id='word_1_91' title='bbox 833 1377 939 1445; x_wconf 93' lang='lat' dir='ltr'><strong>spei</strong></span> <span class='ocrx_word' id='word_1_92' title='bbox 983 1391 1131 1428; x_wconf 79' lang='lat' dir='ltr'><strong>mere.</strong></span> <span class='ocrx_word' id='word_1_93' title='bbox 1186 1373 1472 1440; x_wconf 81' lang='lat' dir='ltr'><strong>liucusque</strong></span> <span class='ocrx_word' id='word_1_94' title='bbox 1504 1367 1717 1421; x_wconf 88' lang='lat' dir='ltr'><strong>videtur</strong></span> 
     </span>
    </p>
   </div>
   <div class='ocr_carea' id='block_1_14' title="bbox 163 1458 1717 1533">
    <p class='ocr_par' dir='ltr' id='par_1_14' title="bbox 163 1458 1717 1533">
     <span class='ocr_line' id='line_1_14' title="bbox 163 1458 1717 1533; baseline -0.01 -8"><span class='ocrx_word' id='word_1_95' title='bbox 163 1485 485 1525; x_wconf 90' lang='lat' dir='ltr'><strong>enumerasse</strong></span> <span class='ocrx_word' id='word_1_96' title='bbox 518 1485 646 1522; x_wconf 89' lang='lat' dir='ltr'><strong>suos</strong></span> <span class='ocrx_word' id='word_1_97' title='bbox 674 1468 737 1521; x_wconf 92' lang='lat' dir='ltr'><strong>de</strong></span> <span class='ocrx_word' id='word_1_98' title='bbox 763 1466 985 1521; x_wconf 82' lang='lat' dir='ltr'><strong>Jttdaico</strong></span> <span class='ocrx_word' id='word_1_99' title='bbox 1027 1464 1250 1533; x_wconf 89' lang='lat' dir='ltr'><strong>populo,</strong></span> <span class='ocrx_word' id='word_1_100' title='bbox 1286 1475 1425 1515; x_wconf 91' lang='lat' dir='ltr'><strong>nunc</strong></span> <span class='ocrx_word' id='word_1_101' title='bbox 1455 1460 1519 1513; x_wconf 88' lang='lat' dir='ltr'><strong>de</strong></span> <span class='ocrx_word' id='word_1_102' title='bbox 1547 1458 1717 1527; x_wconf 83' lang='lat' dir='ltr'><strong>genti-</strong></span> 
     </span>
    </p>
   </div>
   <div class='ocr_carea' id='block_1_15' title="bbox 160 1546 1715 1624">
    <p class='ocr_par' dir='ltr' id='par_1_15' title="bbox 160 1546 1715 1624">
     <span class='ocr_line' id='line_1_15' title="bbox 160 1546 1715 1624; baseline -0.009 -12"><span class='ocrx_word' id='word_1_103' title='bbox 160 1562 261 1613; x_wconf 80' lang='lat' dir='ltr'><strong>bus.</strong></span> <span class='ocrx_word' id='word_1_104' title='bbox 291 1557 463 1620; x_wconf 92' lang='lat' dir='ltr'><strong>Moab,</strong></span> <span class='ocrx_word' id='word_1_105' title='bbox 496 1558 547 1610; x_wconf 94' lang='lat' dir='ltr'><strong>id</strong></span> <span class='ocrx_word' id='word_1_106' title='bbox 581 1566 695 1619; x_wconf 89' lang='lat' dir='ltr'><strong>est,</strong></span> <span class='ocrx_word' id='word_1_107' title='bbox 728 1555 845 1608; x_wconf 86' lang='lat' dir='ltr'><strong>sine</strong></span> <span class='ocrx_word' id='word_1_108' title='bbox 870 1554 984 1624; x_wconf 89' lang='lat' dir='ltr'><strong>lege</strong></span> <span class='ocrx_word' id='word_1_109' title='bbox 1013 1548 1528 1620; x_wconf 46' lang='lat' dir='ltr'><strong>viventesfgeutiles</strong></span> <span class='ocrx_word' id='word_1_110' title='bbox 1570 1546 1715 1601; x_wconf 89' lang='lat' dir='ltr'><strong>scili-</strong></span> 
     </span>
    </p>
   </div>
   <div class='ocr_carea' id='block_1_16' title="bbox 162 1637 1715 1716">
    <p class='ocr_par' dir='ltr' id='par_1_16' title="bbox 162 1637 1715 1716">
     <span class='ocr_line' id='line_1_16' title="bbox 162 1637 1715 1716; baseline -0.005 -18"><span class='ocrx_word' id='word_1_111' title='bbox 162 1657 252 1703; x_wconf 57' lang='lat' dir='ltr'><strong>rst.</strong></span> <span class='ocrx_word' id='word_1_112' title='bbox 291 1647 407 1701; x_wconf 89' lang='lat' dir='ltr'><strong>Olla</strong></span> <span class='ocrx_word' id='word_1_113' title='bbox 455 1647 567 1716; x_wconf 89' lang='lat' dir='ltr'><strong>spei</strong></span> <span class='ocrx_word' id='word_1_114' title='bbox 600 1661 764 1709; x_wconf 79' lang='lat' dir='ltr'><strong>mete,</strong></span> <span class='ocrx_word' id='word_1_115' title='bbox 810 1644 862 1698; x_wconf 92' lang='lat' dir='ltr'><strong>id</strong></span> <span class='ocrx_word' id='word_1_116' title='bbox 914 1653 1027 1709; x_wconf 89' lang='lat' dir='ltr'><strong>est,</strong></span> <span class='ocrx_word' id='word_1_117' title='bbox 1075 1641 1179 1697; x_wconf 90' lang='lat' dir='ltr'><strong>olla</strong></span> <span class='ocrx_word' id='word_1_118' title='bbox 1223 1639 1455 1703; x_wconf 83' lang='lat' dir='ltr'><strong>fervens,</strong></span> <span class='ocrx_word' id='word_1_119' title='bbox 1487 1637 1715 1709; x_wconf 86' lang='lat' dir='ltr'><strong>populus</strong></span> 
     </span>
    </p>
   </div>
   <div class='ocr_carea' id='block_1_17' title="bbox 162 1729 1709 1807">
    <p class='ocr_par' dir='ltr' id='par_1_17' title="bbox 162 1729 1709 1807">
     <span class='ocr_line' id='line_1_17' title="bbox 162 1729 1709 1807; baseline -0.008 -13"><span class='ocrx_word' id='word_1_120' title='bbox 162 1740 477 1795; x_wconf 90' lang='lat' dir='ltr'><strong>tribulatione</strong></span> <span class='ocrx_word' id='word_1_121' title='bbox 506 1736 752 1807; x_wconf 83' lang='lat' dir='ltr'><strong>affligens</strong></span> <span class='ocrx_word' id='word_1_122' title='bbox 780 1750 883 1791; x_wconf 90' lang='lat' dir='ltr'><strong>me.</strong></span> <span class='ocrx_word' id='word_1_123' title='bbox 918 1735 1012 1789; x_wconf 85' lang='lat' dir='ltr'><strong>Est</strong></span> <span class='ocrx_word' id='word_1_124' title='bbox 1038 1732 1144 1787; x_wconf 87' lang='lat' dir='ltr'><strong>olla</strong></span> <span class='ocrx_word' id='word_1_125' title='bbox 1174 1733 1283 1802; x_wconf 86' lang='lat' dir='ltr'><strong>spei</strong></span> <span class='ocrx_word' id='word_1_126' title='bbox 1324 1747 1483 1794; x_wconf 75' lang='lat' dir='ltr'><strong>mete,</strong></span> <span class='ocrx_word' id='word_1_127' title='bbox 1514 1729 1566 1783; x_wconf 92' lang='lat' dir='ltr'><strong>id</strong></span> <span class='ocrx_word' id='word_1_128' title='bbox 1595 1737 1709 1789; x_wconf 90' lang='lat' dir='ltr'><strong>est,</strong></span> 
     </span>
    </p>
   </div>
   <div class='ocr_carea' id='block_1_18' title="bbox 162 1821 1706 1900">
    <p class='ocr_par' dir='ltr' id='par_1_18' title="bbox 162 1821 1706 1900">
     <span class='ocr_line' id='line_1_18' title="bbox 162 1821 1706 1900; baseline -0.011 -11"><span class='ocrx_word' id='word_1_129' title='bbox 162 1835 348 1890; x_wconf 79' lang='lat' dir='ltr'><strong>fervens</strong></span> <span class='ocrx_word' id='word_1_130' title='bbox 392 1836 457 1888; x_wconf 89' lang='lat' dir='ltr'><strong>ad</strong></span> <span class='ocrx_word' id='word_1_131' title='bbox 494 1847 672 1886; x_wconf 90' lang='lat' dir='ltr'><strong>meam</strong></span> <span class='ocrx_word' id='word_1_132' title='bbox 703 1844 885 1900; x_wconf 84' lang='lat' dir='ltr'><strong>spem:</strong></span> <span class='ocrx_word' id='word_1_133' title='bbox 921 1829 1047 1899; x_wconf 87' lang='lat' dir='ltr'><strong>quia</strong></span> <span class='ocrx_word' id='word_1_134' title='bbox 1097 1825 1366 1880; x_wconf 81' lang='lat' dir='ltr'><strong>tribulatio</strong></span> <span class='ocrx_word' id='word_1_135' title='bbox 1402 1821 1706 1893; x_wconf 82' lang='lat' dir='ltr'><strong>patientiam</strong></span> 
     </span>
    </p>
   </div>
   <div class='ocr_carea' id='block_1_19' title="bbox 1816 646 3389 724">
    <p class='ocr_par' dir='ltr' id='par_1_19' title="bbox 1816 646 3389 724">
     <span class='ocr_line' id='line_1_19' title="bbox 1816 646 3389 724; baseline 0.005 -22"><span class='ocrx_word' id='word_1_136' title='bbox 1816 659 1985 704; x_wconf 90' lang='lat' dir='ltr'><strong>stram</strong></span> <span class='ocrx_word' id='word_1_137' title='bbox 2032 660 2087 708; x_wconf 88' lang='lat' dir='ltr'><strong>et</strong></span> <span class='ocrx_word' id='word_1_138' title='bbox 2120 654 2544 709; x_wconf 92' lang='lat' dir='ltr'><strong>consolationem</strong></span> <span class='ocrx_word' id='word_1_139' title='bbox 2579 664 2758 720; x_wconf 92' lang='lat' dir='ltr'><strong>tuam,</strong></span> <span class='ocrx_word' id='word_1_140' title='bbox 2810 656 2923 724; x_wconf 87' lang='lat' dir='ltr'><strong>ipsa</strong></span> <span class='ocrx_word' id='word_1_141' title='bbox 2973 646 3244 709; x_wconf 84' lang='lat' dir='ltr'><strong>tribulatio</strong></span> <span class='ocrx_word' id='word_1_142' title='bbox 3292 656 3389 710; x_wconf 86' lang='lat' dir='ltr'><strong>ﬂat</strong></span> 
     </span>
    </p>
   </div>
   <div class='ocr_carea' id='block_1_20' title="bbox 1813 740 3386 816">
    <p class='ocr_par' dir='ltr' id='par_1_20' title="bbox 1813 740 3386 816">
     <span class='ocr_line' id='line_1_20' title="bbox 1813 740 3386 816; baseline 0.003 -22"><span class='ocrx_word' id='word_1_143' title='bbox 1813 740 1969 796; x_wconf 89' lang='lat' dir='ltr'><strong>nobis</strong></span> <span class='ocrx_word' id='word_1_144' title='bbox 1997 743 2062 796; x_wconf 92' lang='lat' dir='ltr'><strong>ad</strong></span> <span class='ocrx_word' id='word_1_145' title='bbox 2093 745 2486 813; x_wconf 86' lang='lat' dir='ltr'><strong>probationem.</strong></span> <span class='ocrx_word' id='word_1_146' title='bbox 2538 745 2663 800; x_wconf 89' lang='lat' dir='ltr'><strong>ldco</strong></span> <span class='ocrx_word' id='word_1_147' title='bbox 2694 761 2823 816; x_wconf 86' lang='lat' dir='ltr'><strong>rogo</strong></span> <span class='ocrx_word' id='word_1_148' title='bbox 2862 746 3168 800; x_wconf 91' lang='lat' dir='ltr'><strong>interiorem</strong></span> <span class='ocrx_word' id='word_1_149' title='bbox 3213 745 3386 799; x_wconf 85' lang='lat' dir='ltr'><strong>salva-</strong></span> 
     </span>
    </p>
   </div>
   <div class='ocr_carea' id='block_1_21' title="bbox 1813 829 3385 904">
    <p class='ocr_par' dir='ltr' id='par_1_21' title="bbox 1813 829 3385 904">
     <span class='ocr_line' id='line_1_21' title="bbox 1813 829 3385 904; baseline 0.001 -20"><span class='ocrx_word' id='word_1_150' title='bbox 1813 829 2010 885; x_wconf 92' lang='lat' dir='ltr'><strong>tionem</strong></span> <span class='ocrx_word' id='word_1_151' title='bbox 2027 841 2079 887; x_wconf 90' lang='lat' dir='ltr'><strong>et</strong></span> <span class='ocrx_word' id='word_1_152' title='bbox 2099 848 2203 887; x_wconf 92' lang='lat' dir='ltr'><strong>non</strong></span> <span class='ocrx_word' id='word_1_153' title='bbox 2218 835 2562 899; x_wconf 70' lang='lat' dir='ltr'><strong>esterioretn,</strong></span> <span class='ocrx_word' id='word_1_154' title='bbox 2579 835 2702 904; x_wconf 83' lang='lat' dir='ltr'><strong>quia</strong></span> <span class='ocrx_word' id='word_1_155' title='bbox 2728 852 2860 889; x_wconf 88' lang='lat' dir='ltr'><strong>vana</strong></span> <span class='ocrx_word' id='word_1_156' title='bbox 2882 844 2963 889; x_wconf 92' lang='lat' dir='ltr'><strong>est</strong></span> <span class='ocrx_word' id='word_1_157' title='bbox 2983 834 3125 888; x_wconf 88' lang='lat' dir='ltr'><strong>salus</strong></span> <span class='ocrx_word' id='word_1_158' title='bbox 3140 834 3385 897; x_wconf 79' lang='lat' dir='ltr'><strong>hominis,</strong></span> 
     </span>
    </p>
   </div>
   <div class='ocr_carea' id='block_1_22' title="bbox 1814 921 3387 993">
    <p class='ocr_par' dir='ltr' id='par_1_22' title="bbox 1814 921 3387 993">
     <span class='ocr_line' id='line_1_22' title="bbox 1814 921 3387 993; baseline 0.001 -18"><span class='ocrx_word' id='word_1_159' title='bbox 1814 921 1865 975; x_wconf 92' lang='lat' dir='ltr'><strong>id</strong></span> <span class='ocrx_word' id='word_1_160' title='bbox 1895 930 1997 985; x_wconf 88' lang='lat' dir='ltr'><strong>est,</strong></span> <span class='ocrx_word' id='word_1_161' title='bbox 2029 923 2150 991; x_wconf 86' lang='lat' dir='ltr'><strong>quia</strong></span> <span class='ocrx_word' id='word_1_162' title='bbox 2176 925 2415 977; x_wconf 85' lang='lat' dir='ltr'><strong>exterior</strong></span> <span class='ocrx_word' id='word_1_163' title='bbox 2442 923 2583 978; x_wconf 90' lang='lat' dir='ltr'><strong>nulla</strong></span> <span class='ocrx_word' id='word_1_164' title='bbox 2610 932 2712 979; x_wconf 90' lang='lat' dir='ltr'><strong>est.</strong></span> <span class='ocrx_word' id='word_1_165' title='bbox 2745 925 2809 979; x_wconf 89' lang='lat' dir='ltr'><strong>Et</strong></span> <span class='ocrx_word' id='word_1_166' title='bbox 2832 926 2955 993; x_wconf 88' lang='lat' dir='ltr'><strong>quia</strong></span> <span class='ocrx_word' id='word_1_167' title='bbox 2979 941 3112 978; x_wconf 86' lang='lat' dir='ltr'><strong>vana</strong></span> <span class='ocrx_word' id='word_1_168' title='bbox 3142 932 3224 978; x_wconf 86' lang='lat' dir='ltr'><strong>est</strong></span> <span class='ocrx_word' id='word_1_169' title='bbox 3243 924 3387 977; x_wconf 85' lang='lat' dir='ltr'><strong>salus</strong></span> 
     </span>
    </p>
   </div>
   <div class='ocr_carea' id='block_1_23' title="bbox 1811 1008 3388 1079">
    <p class='ocr_par' dir='ltr' id='par_1_23' title="bbox 1811 1008 3388 1079">
     <span class='ocr_line' id='line_1_23' title="bbox 1811 1008 3388 1079; baseline 0.002 -19"><span class='ocrx_word' id='word_1_170' title='bbox 1811 1008 2055 1073; x_wconf 83' lang='lat' dir='ltr'><strong>hominis,</strong></span> <span class='ocrx_word' id='word_1_171' title='bbox 2080 1011 2132 1063; x_wconf 89' lang='lat' dir='ltr'><strong>in</strong></span> <span class='ocrx_word' id='word_1_172' title='bbox 2155 1009 2263 1063; x_wconf 88' lang='lat' dir='ltr'><strong>Deo</strong></span> <span class='ocrx_word' id='word_1_173' title='bbox 2276 1011 2526 1079; x_wconf 77' lang='lat' dir='ltr'><strong>faciemus</strong></span> <span class='ocrx_word' id='word_1_174' title='bbox 2539 1013 2587 1065; x_wconf 81' lang='lat' dir='ltr'><strong>vi</strong></span> <span class='ocrx_word' id='word_1_175' title='bbox 2594 1023 2635 1064; x_wconf 89' lang='lat' dir='ltr'><strong>rt</strong></span> <span class='ocrx_word' id='word_1_176' title='bbox 2643 1023 2776 1065; x_wconf 89' lang='lat' dir='ltr'><strong>utem</strong></span> <span class='ocrx_word' id='word_1_177' title='bbox 2788 1054 2800 1077; x_wconf 93' lang='lat'><strong>,</strong></span> <span class='ocrx_word' id='word_1_178' title='bbox 2821 1013 2870 1066; x_wconf 91' lang='lat' dir='ltr'><strong>id</strong></span> <span class='ocrx_word' id='word_1_179' title='bbox 2885 1021 2990 1077; x_wconf 90' lang='lat' dir='ltr'><strong>est,</strong></span> <span class='ocrx_word' id='word_1_180' title='bbox 3008 1012 3172 1066; x_wconf 83' lang='lat' dir='ltr'><strong>fortes</strong></span> <span class='ocrx_word' id='word_1_181' title='bbox 3185 1012 3388 1065; x_wconf 86' lang='lat' dir='ltr'><strong>erimus</strong></span> 
     </span>
    </p>
   </div>
   <div class='ocr_carea' id='block_1_24' title="bbox 1812 1098 3390 1169">
    <p class='ocr_par' dir='ltr' id='par_1_24' title="bbox 1812 1098 3390 1169">
     <span class='ocr_line' id='line_1_24' title="bbox 1812 1098 3390 1169; baseline 0.004 -20"><span class='ocrx_word' id='word_1_182' title='bbox 1812 1099 2083 1167; x_wconf 87' lang='lat' dir='ltr'><strong>patiendo,</strong></span> <span class='ocrx_word' id='word_1_183' title='bbox 2133 1098 2524 1169; x_wconf 86' lang='lat' dir='ltr'><strong>perseverando</strong></span> <span class='ocrx_word' id='word_1_184' title='bbox 2554 1102 2640 1157; x_wconf 88' lang='lat' dir='ltr'><strong>hic</strong></span> <span class='ocrx_word' id='word_1_185' title='bbox 2670 1119 2685 1167; x_wconf 87' lang='lat'><strong>;</strong></span> <span class='ocrx_word' id='word_1_186' title='bbox 2715 1111 2769 1157; x_wconf 90' lang='lat' dir='ltr'><strong>et</strong></span> <span class='ocrx_word' id='word_1_187' title='bbox 2812 1104 3023 1157; x_wconf 87' lang='lat' dir='ltr'><strong>tandem</strong></span> <span class='ocrx_word' id='word_1_188' title='bbox 3064 1103 3171 1167; x_wconf 85' lang='lat' dir='ltr'><strong>ipse</strong></span> <span class='ocrx_word' id='word_1_189' title='bbox 3208 1104 3279 1154; x_wconf 86' lang='lat' dir='ltr'><strong>ad</strong></span> <span class='ocrx_word' id='word_1_190' title='bbox 3309 1106 3390 1155; x_wconf 85' lang='lat' dir='ltr'><strong>nt-</strong></span> 
     </span>
    </p>
   </div>
   <div class='ocr_carea' id='block_1_25' title="bbox 1813 1189 3389 1257">
    <p class='ocr_par' dir='ltr' id='par_1_25' title="bbox 1813 1189 3389 1257">
     <span class='ocr_line' id='line_1_25' title="bbox 1813 1189 3389 1257; baseline 0.003 -17"><span class='ocrx_word' id='word_1_191' title='bbox 1813 1189 1977 1243; x_wconf 87' lang='lat' dir='ltr'><strong>Itilum</strong></span> <span class='ocrx_word' id='word_1_192' title='bbox 2006 1191 2219 1246; x_wconf 80' lang='lat' dir='ltr'><strong>deducet</strong></span> <span class='ocrx_word' id='word_1_193' title='bbox 2269 1192 2575 1248; x_wconf 87' lang='lat' dir='ltr'><strong>tribulantes</strong></span> <span class='ocrx_word' id='word_1_194' title='bbox 2612 1211 2702 1247; x_wconf 89' lang='lat' dir='ltr'><strong>nos</strong></span> <span class='ocrx_word' id='word_1_195' title='bbox 2745 1194 3124 1257; x_wconf 89' lang='lat' dir='ltr'><strong>convertendo,</strong></span> <span class='ocrx_word' id='word_1_196' title='bbox 3155 1193 3236 1247; x_wconf 90' lang='lat' dir='ltr'><strong>vel</strong></span> <span class='ocrx_word' id='word_1_197' title='bbox 3270 1202 3389 1247; x_wconf 90' lang='lat' dir='ltr'><strong>tan-</strong></span> 
     </span>
    </p>
   </div>
   <div class='ocr_carea' id='block_1_26' title="bbox 1814 1282 3392 1356">
    <p class='ocr_par' dir='ltr' id='par_1_26' title="bbox 1814 1282 3392 1356">
     <span class='ocr_line' id='line_1_26' title="bbox 1814 1282 3392 1356; baseline 0.002 -20"><span class='ocrx_word' id='word_1_198' title='bbox 1814 1282 1932 1337; x_wconf 90' lang='lat' dir='ltr'><strong>dem</strong></span> <span class='ocrx_word' id='word_1_199' title='bbox 1965 1282 2265 1337; x_wconf 75' lang='lat' dir='ltr'><strong>inefﬁcaces</strong></span> <span class='ocrx_word' id='word_1_200' title='bbox 2300 1286 2594 1341; x_wconf 84' lang='lat' dir='ltr'><strong>reddendo.</strong></span> <span class='ocrx_word' id='word_1_201' title='bbox 2622 1286 2716 1340; x_wconf 84' lang='lat' dir='ltr'><strong>Vel</strong></span> <span class='ocrx_word' id='word_1_202' title='bbox 2746 1286 2946 1340; x_wconf 81' lang='lat' dir='ltr'><strong>saluum</strong></span> <span class='ocrx_word' id='word_1_203' title='bbox 2974 1286 3059 1356; x_wconf 82' lang='lat' dir='ltr'><strong>fac</strong></span> <span class='ocrx_word' id='word_1_204' title='bbox 3100 1302 3203 1340; x_wconf 90' lang='lat' dir='ltr'><strong>non</strong></span> <span class='ocrx_word' id='word_1_205' title='bbox 3235 1287 3287 1339; x_wconf 92' lang='lat' dir='ltr'><strong>in</strong></span> <span class='ocrx_word' id='word_1_206' title='bbox 3317 1286 3392 1339; x_wconf 53' lang='lat' dir='ltr'><strong>sic</strong></span> 
     </span>
    </p>
   </div>
   <div class='ocr_carea' id='block_1_27' title="bbox 1814 1374 3390 1446">
    <p class='ocr_par' dir='ltr' id='par_1_27' title="bbox 1814 1374 3390 1446">
     <span class='ocr_line' id='line_1_27' title="bbox 1814 1374 3390 1446; baseline 0.003 -19"><span class='ocrx_word' id='word_1_207' title='bbox 1814 1374 1986 1428; x_wconf 88' lang='lat' dir='ltr'><strong>nistra</strong></span> <span class='ocrx_word' id='word_1_208' title='bbox 2018 1383 2129 1439; x_wconf 89' lang='lat' dir='ltr'><strong>tua,</strong></span> <span class='ocrx_word' id='word_1_209' title='bbox 2156 1376 2207 1429; x_wconf 91' lang='lat' dir='ltr'><strong>id</strong></span> <span class='ocrx_word' id='word_1_210' title='bbox 2231 1385 2334 1440; x_wconf 86' lang='lat' dir='ltr'><strong>est,</strong></span> <span class='ocrx_word' id='word_1_211' title='bbox 2359 1377 2411 1430; x_wconf 92' lang='lat' dir='ltr'><strong>in</strong></span> <span class='ocrx_word' id='word_1_212' title='bbox 2441 1378 2523 1431; x_wconf 90' lang='lat' dir='ltr'><strong>his</strong></span> <span class='ocrx_word' id='word_1_213' title='bbox 2546 1379 2946 1446; x_wconf 86' lang='lat' dir='ltr'><strong>temporalibus,</strong></span> <span class='ocrx_word' id='word_1_214' title='bbox 2978 1378 3068 1432; x_wconf 90' lang='lat' dir='ltr'><strong>sed</strong></span> <span class='ocrx_word' id='word_1_215' title='bbox 3094 1378 3147 1431; x_wconf 92' lang='lat' dir='ltr'><strong>in</strong></span> <span class='ocrx_word' id='word_1_216' title='bbox 3176 1378 3390 1432; x_wconf 67' lang='lat' dir='ltr'><strong>dextera</strong></span> 
     </span>
    </p>
   </div>
   <div class='ocr_carea' id='block_1_28' title="bbox 1815 1465 3390 1539">
    <p class='ocr_par' dir='ltr' id='par_1_28' title="bbox 1815 1465 3390 1539">
     <span class='ocr_line' id='line_1_28' title="bbox 1815 1465 3390 1539; baseline 0.003 -22"><span class='ocrx_word' id='word_1_217' title='bbox 1815 1474 1927 1526; x_wconf 87' lang='lat' dir='ltr'><strong>tua,</strong></span> <span class='ocrx_word' id='word_1_218' title='bbox 1955 1465 2005 1519; x_wconf 90' lang='lat' dir='ltr'><strong>id</strong></span> <span class='ocrx_word' id='word_1_219' title='bbox 2027 1474 2127 1527; x_wconf 83' lang='lat' dir='ltr'><strong>est,</strong></span> <span class='ocrx_word' id='word_1_220' title='bbox 2162 1466 2213 1519; x_wconf 92' lang='lat' dir='ltr'><strong>in</strong></span> <span class='ocrx_word' id='word_1_221' title='bbox 2246 1467 2577 1522; x_wconf 90' lang='lat' dir='ltr'><strong>beatitudine</strong></span> <span class='ocrx_word' id='word_1_222' title='bbox 2614 1477 2833 1523; x_wconf 82' lang='lat' dir='ltr'><strong>aeterna.</strong></span> <span class='ocrx_word' id='word_1_223' title='bbox 2877 1468 2944 1521; x_wconf 86' lang='lat' dir='ltr'><strong>Et</strong></span> <span class='ocrx_word' id='word_1_224' title='bbox 2982 1469 3105 1538; x_wconf 90' lang='lat' dir='ltr'><strong>quia</strong></span> <span class='ocrx_word' id='word_1_225' title='bbox 3143 1468 3227 1522; x_wconf 90' lang='lat' dir='ltr'><strong>illa</strong></span> <span class='ocrx_word' id='word_1_226' title='bbox 3260 1483 3390 1539; x_wconf 85' lang='lat' dir='ltr'><strong>rogo</strong></span> 
     </span>
    </p>
   </div>
   <div class='ocr_carea' id='block_1_29' title="bbox 1815 1556 3394 1625">
    <p class='ocr_par' dir='ltr' id='par_1_29' title="bbox 1815 1556 3394 1625">
     <span class='ocr_line' id='line_1_29' title="bbox 1815 1556 3394 1625; baseline 0.006 -21"><span class='ocrx_word' id='word_1_227' title='bbox 1815 1569 1934 1623; x_wconf 74' lang='lat' dir='ltr'><strong>qure</strong></span> <span class='ocrx_word' id='word_1_228' title='bbox 1984 1556 2217 1623; x_wconf 83' lang='lat' dir='ltr'><strong>roganda</strong></span> <span class='ocrx_word' id='word_1_229' title='bbox 2251 1565 2393 1615; x_wconf 88' lang='lat' dir='ltr'><strong>sunt.</strong></span> <span class='ocrx_word' id='word_1_230' title='bbox 2442 1559 2635 1610; x_wconf 69' lang='lat' dir='ltr'><strong>exaudi</strong></span> <span class='ocrx_word' id='word_1_231' title='bbox 2668 1576 2766 1611; x_wconf 88' lang='lat' dir='ltr'><strong>me.</strong></span> <span class='ocrx_word' id='word_1_232' title='bbox 2806 1559 2957 1625; x_wconf 87' lang='lat' dir='ltr'><strong>Quod</strong></span> <span class='ocrx_word' id='word_1_233' title='bbox 3006 1574 3191 1613; x_wconf 84' lang='lat' dir='ltr'><strong>revera</strong></span> <span class='ocrx_word' id='word_1_234' title='bbox 3232 1558 3394 1613; x_wconf 88' lang='lat' dir='ltr'><strong>faciet</strong></span> 
     </span>
    </p>
   </div>
   <div class='ocr_carea' id='block_1_30' title="bbox 1815 1644 3395 1722">
    <p class='ocr_par' dir='ltr' id='par_1_30' title="bbox 1815 1644 3395 1722">
     <span class='ocr_line' id='line_1_30' title="bbox 1815 1644 3395 1722; baseline 0.002 -21"><span class='ocrx_word' id='word_1_235' title='bbox 1815 1644 1956 1701; x_wconf 87' lang='lat' dir='ltr'><strong>Dens</strong></span> <span class='ocrx_word' id='word_1_236' title='bbox 1996 1645 2173 1709; x_wconf 85' lang='lat' dir='ltr'><strong>Pater,</strong></span> <span class='ocrx_word' id='word_1_237' title='bbox 2217 1648 2339 1716; x_wconf 90' lang='lat' dir='ltr'><strong>quia</strong></span> <span class='ocrx_word' id='word_1_238' title='bbox 2371 1646 2573 1701; x_wconf 85' lang='lat' dir='ltr'><strong>locutus</strong></span> <span class='ocrx_word' id='word_1_239' title='bbox 2604 1662 2675 1703; x_wconf 90' lang='lat' dir='ltr'><strong>est</strong></span> <span class='ocrx_word' id='word_1_240' title='bbox 2704 1651 2826 1717; x_wconf 89' lang='lat' dir='ltr'><strong>hoc,</strong></span> <span class='ocrx_word' id='word_1_241' title='bbox 2860 1652 2911 1705; x_wconf 91' lang='lat' dir='ltr'><strong>id</strong></span> <span class='ocrx_word' id='word_1_242' title='bbox 2955 1660 3037 1705; x_wconf 91' lang='lat' dir='ltr'><strong>est</strong></span> <span class='ocrx_word' id='word_1_243' title='bbox 3065 1651 3308 1722; x_wconf 85' lang='lat' dir='ltr'><strong>promisit</strong></span> <span class='ocrx_word' id='word_1_244' title='bbox 3335 1664 3395 1704; x_wconf 84' lang='lat' dir='ltr'><strong>se</strong></span> 
     </span>
    </p>
   </div>
   <div class='ocr_carea' id='block_1_31' title="bbox 1816 1736 3391 1807">
    <p class='ocr_par' dir='ltr' id='par_1_31' title="bbox 1816 1736 3391 1807">
     <span class='ocr_line' id='line_1_31' title="bbox 1816 1736 3391 1807; baseline 0.004 -16"><span class='ocrx_word' id='word_1_245' title='bbox 1816 1736 1896 1791; x_wconf 86' lang='lat' dir='ltr'><strong>sic</strong></span> <span class='ocrx_word' id='word_1_246' title='bbox 1917 1746 2158 1806; x_wconf 86' lang='lat' dir='ltr'><strong>petentes</strong></span> <span class='ocrx_word' id='word_1_247' title='bbox 2188 1738 2561 1792; x_wconf 72' lang='lat' dir='ltr'><strong>exauditurum</strong></span> <span class='ocrx_word' id='word_1_248' title='bbox 2582 1742 2633 1793; x_wconf 90' lang='lat' dir='ltr'><strong>in</strong></span> <span class='ocrx_word' id='word_1_249' title='bbox 2656 1752 2834 1795; x_wconf 83' lang='lat' dir='ltr'><strong>sancto</strong></span> <span class='ocrx_word' id='word_1_250' title='bbox 2858 1759 2975 1807; x_wconf 88' lang='lat' dir='ltr'><strong>suo,</strong></span> <span class='ocrx_word' id='word_1_251' title='bbox 3006 1743 3056 1797; x_wconf 90' lang='lat' dir='ltr'><strong>id</strong></span> <span class='ocrx_word' id='word_1_252' title='bbox 3083 1752 3187 1806; x_wconf 90' lang='lat' dir='ltr'><strong>est,</strong></span> <span class='ocrx_word' id='word_1_253' title='bbox 3220 1743 3272 1797; x_wconf 93' lang='lat' dir='ltr'><strong>in</strong></span> <span class='ocrx_word' id='word_1_254' title='bbox 3299 1742 3391 1797; x_wconf 83' lang='lat' dir='ltr'><strong>Fi-</strong></span> 
     </span>
    </p>
   </div>
   <div class='ocr_carea' id='block_1_32' title="bbox 1818 1827 3393 1900">
    <p class='ocr_par' dir='ltr' id='par_1_32' title="bbox 1818 1827 3393 1900">
     <span class='ocr_line' id='line_1_32' title="bbox 1818 1827 3393 1900; baseline 0.004 -20"><span class='ocrx_word' id='word_1_255' title='bbox 1818 1827 1887 1881; x_wconf 90' lang='lat' dir='ltr'><strong>lio</strong></span> <span class='ocrx_word' id='word_1_256' title='bbox 1914 1843 2030 1881; x_wconf 89' lang='lat' dir='ltr'><strong>suo.</strong></span> <span class='ocrx_word' id='word_1_257' title='bbox 2060 1828 2415 1899; x_wconf 78' lang='lat' dir='ltr'><strong>Quodcunque</strong></span> <span class='ocrx_word' id='word_1_258' title='bbox 2432 1832 2679 1900; x_wconf 80' lang='lat' dir='ltr'><strong>petieritis</strong></span> <span class='ocrx_word' id='word_1_259' title='bbox 2720 1830 2933 1887; x_wconf 82' lang='lat' dir='ltr'><strong>Patrem</strong></span> <span class='ocrx_word' id='word_1_260' title='bbox 2952 1836 3003 1888; x_wconf 86' lang='lat' dir='ltr'><strong>in</strong></span> <span class='ocrx_word' id='word_1_261' title='bbox 3028 1836 3235 1889; x_wconf 81' lang='lat' dir='ltr'><strong>nomine</strong></span> <span class='ocrx_word' id='word_1_262' title='bbox 3256 1852 3393 1899; x_wconf 89' lang='lat' dir='ltr'><strong>meo,</strong></span> 
     </span>
    </p>
   </div>
   <div class='ocr_carea' id='block_1_33' title="bbox 163 1905 1715 1996">
    <p class='ocr_par' dir='ltr' id='par_1_33' title="bbox 163 1912 1710 1996">
     <span class='ocr_line' id='line_1_33' title="bbox 163 1912 1710 1996; baseline -0.011 -17"><span class='ocrx_word' id='word_1_263' title='bbox 163 1936 398 1996; x_wconf 76' lang='lat' dir='ltr'><strong>operatur,</strong></span> <span class='ocrx_word' id='word_1_264' title='bbox 421 1922 681 1993; x_wconf 84' lang='lat' dir='ltr'><strong>patientia</strong></span> <span class='ocrx_word' id='word_1_265' title='bbox 713 1930 885 1973; x_wconf 87' lang='lat' dir='ltr'><strong>autem</strong></span> <span class='ocrx_word' id='word_1_266' title='bbox 922 1917 1309 1987; x_wconf 88' lang='lat' dir='ltr'><strong>probationem,</strong></span> <span class='ocrx_word' id='word_1_267' title='bbox 1336 1912 1573 1983; x_wconf 88' lang='lat' dir='ltr'><strong>probatio</strong></span> <span class='ocrx_word' id='word_1_268' title='bbox 1595 1926 1710 1964; x_wconf 83' lang='lat' dir='ltr'><strong>vero</strong></span> 
     </span>
    </p>
   </div>
   <div class='ocr_carea' id='block_1_34' title="bbox 1821 1905 3392 1996">
    <p class='ocr_par' dir='ltr' id='par_1_34' title="bbox 1821 1918 3392 1995">
     <span class='ocr_line' id='line_1_34' title="bbox 1821 1918 3392 1995; baseline 0.004 -23"><span class='ocrx_word' id='word_1_269' title='bbox 1821 1919 1955 1972; x_wconf 85' lang='lat' dir='ltr'><strong>dabit</strong></span> <span class='ocrx_word' id='word_1_270' title='bbox 2010 1920 2150 1974; x_wconf 88' lang='lat' dir='ltr'><strong>vobis</strong></span> <span class='ocrx_word' id='word_1_271' title='bbox 2204 1918 2384 1989; x_wconf 87' lang='lat' dir='ltr'><strong>(Joan.</strong></span> <span class='ocrx_word' id='word_1_272' title='bbox 2430 1922 2563 1992; x_wconf 80' lang='lat' dir='ltr'><strong>xvi).</strong></span> <span class='ocrx_word' id='word_1_273' title='bbox 2595 1924 2780 1978; x_wconf 82' lang='lat' dir='ltr'><strong>Potest</strong></span> <span class='ocrx_word' id='word_1_274' title='bbox 2821 1936 2875 1979; x_wconf 91' lang='lat' dir='ltr'><strong>et</strong></span> <span class='ocrx_word' id='word_1_275' title='bbox 2906 1927 2984 1980; x_wconf 92' lang='lat' dir='ltr'><strong>sic</strong></span> <span class='ocrx_word' id='word_1_276' title='bbox 3008 1927 3109 1980; x_wconf 92' lang='lat' dir='ltr'><strong>dici</strong></span> <span class='ocrx_word' id='word_1_277' title='bbox 3138 1944 3149 1980; x_wconf 90' lang='lat'><strong>:</strong></span> <span class='ocrx_word' id='word_1_278' title='bbox 3184 1926 3392 1995; x_wconf 76' lang='lat' dir='ltr'><strong>Revera</strong></span> 
     </span>
    </p>
   </div>
   <div class='ocr_carea' id='block_1_35' title="bbox 161 2004 1710 2086">
    <p class='ocr_par' dir='ltr' id='par_1_35' title="bbox 161 2004 1710 2086">
     <span class='ocr_line' id='line_1_35' title="bbox 161 2004 1710 2086; baseline -0.01 -16"><span class='ocrx_word' id='word_1_279' title='bbox 161 2032 279 2085; x_wconf 84' lang='lat' dir='ltr'><strong>spent</strong></span> <span class='ocrx_word' id='word_1_280' title='bbox 328 2013 514 2086; x_wconf 86' lang='lat' dir='ltr'><strong>(Rom.</strong></span> <span class='ocrx_word' id='word_1_281' title='bbox 561 2013 653 2083; x_wconf 89' lang='lat' dir='ltr'><strong>v).</strong></span> <span class='ocrx_word' id='word_1_282' title='bbox 707 2011 764 2065; x_wconf 92' lang='lat' dir='ltr'><strong>In</strong></span> <span class='ocrx_word' id='word_1_283' title='bbox 809 2009 964 2063; x_wconf 82' lang='lat' dir='ltr'><strong>Moab</strong></span> <span class='ocrx_word' id='word_1_284' title='bbox 1007 2006 1377 2076; x_wconf 90' lang='lat' dir='ltr'><strong>intelliguntur</strong></span> <span class='ocrx_word' id='word_1_285' title='bbox 1424 2004 1710 2057; x_wconf 89' lang='lat' dir='ltr'><strong>abutentes</strong></span> 
     </span>
    </p>
   </div>
   <div class='ocr_carea' id='block_1_36' title="bbox 163 2094 1710 2177">
    <p class='ocr_par' dir='ltr' id='par_1_36' title="bbox 163 2094 1710 2177">
     <span class='ocr_line' id='line_1_36' title="bbox 163 2094 1710 2177; baseline -0.009 -16"><span class='ocrx_word' id='word_1_286' title='bbox 163 2106 361 2162; x_wconf 88' lang='lat' dir='ltr'><strong>naturali</strong></span> <span class='ocrx_word' id='word_1_287' title='bbox 391 2105 539 2177; x_wconf 85' lang='lat' dir='ltr'><strong>lege,</strong></span> <span class='ocrx_word' id='word_1_288' title='bbox 569 2103 778 2159; x_wconf 86' lang='lat' dir='ltr'><strong>scilicet</strong></span> <span class='ocrx_word' id='word_1_289' title='bbox 810 2100 1026 2172; x_wconf 78' lang='lat' dir='ltr'><strong>gentilis</strong></span> <span class='ocrx_word' id='word_1_290' title='bbox 1061 2098 1306 2168; x_wconf 90' lang='lat' dir='ltr'><strong>populus.</strong></span> <span class='ocrx_word' id='word_1_291' title='bbox 1354 2094 1511 2148; x_wconf 87' lang='lat' dir='ltr'><strong>Moab</strong></span> <span class='ocrx_word' id='word_1_292' title='bbox 1554 2102 1710 2147; x_wconf 88' lang='lat' dir='ltr'><strong>natus</strong></span> 
     </span>
    </p>
   </div>
   <div class='ocr_carea' id='block_1_37' title="bbox 163 2185 1708 2276">
    <p class='ocr_par' dir='ltr' id='par_1_37' title="bbox 163 2185 1708 2276">
     <span class='ocr_line' id='line_1_37' title="bbox 163 2185 1708 2276; baseline -0.01 -23"><span class='ocrx_word' id='word_1_293' title='bbox 163 2209 243 2276; x_wconf 41' lang='lat' dir='ltr'><strong>est.</strong></span> <span class='ocrx_word' id='word_1_294' title='bbox 277 2200 335 2252; x_wconf 88' lang='lat' dir='ltr'><strong>de</strong></span> <span class='ocrx_word' id='word_1_295' title='bbox 384 2198 489 2251; x_wconf 93' lang='lat' dir='ltr'><strong>filia</strong></span> <span class='ocrx_word' id='word_1_296' title='bbox 548 2195 727 2259; x_wconf 88' lang='lat' dir='ltr'><strong>Loth,</strong></span> <span class='ocrx_word' id='word_1_297' title='bbox 773 2192 912 2246; x_wconf 90' lang='lat' dir='ltr'><strong>mala</strong></span> <span class='ocrx_word' id='word_1_298' title='bbox 970 2198 1154 2245; x_wconf 90' lang='lat' dir='ltr'><strong>utente</strong></span> <span class='ocrx_word' id='word_1_299' title='bbox 1206 2187 1375 2259; x_wconf 85' lang='lat' dir='ltr'><strong>patris</strong></span> <span class='ocrx_word' id='word_1_300' title='bbox 1421 2185 1708 2241; x_wconf 79' lang='lat' dir='ltr'><strong>concubitu</strong></span> 
     </span>
    </p>
   </div>
   <div class='ocr_carea' id='block_1_38' title="bbox 164 2276 1713 2357">
    <p class='ocr_par' dir='ltr' id='par_1_38' title="bbox 164 2276 1713 2357">
     <span class='ocr_line' id='line_1_38' title="bbox 164 2276 1713 2357; baseline -0.008 -16"><span class='ocrx_word' id='word_1_301' title='bbox 164 2287 292 2357; x_wconf 80' lang='lat' dir='ltr'><strong>(Gen.</strong></span> <span class='ocrx_word' id='word_1_302' title='bbox 322 2289 453 2356; x_wconf 75' lang='lat' dir='ltr'><strong>xix),</strong></span> <span class='ocrx_word' id='word_1_303' title='bbox 475 2287 620 2341; x_wconf 91' lang='lat' dir='ltr'><strong>unde</strong></span> <span class='ocrx_word' id='word_1_304' title='bbox 640 2283 905 2347; x_wconf 66' lang='lat' dir='ltr'><strong>Moabitae,</strong></span> <span class='ocrx_word' id='word_1_305' title='bbox 924 2281 1188 2336; x_wconf 91' lang='lat' dir='ltr'><strong>contracti</strong></span> <span class='ocrx_word' id='word_1_306' title='bbox 1212 2280 1275 2333; x_wconf 89' lang='lat' dir='ltr'><strong>de</strong></span> <span class='ocrx_word' id='word_1_307' title='bbox 1300 2285 1542 2349; x_wconf 91' lang='lat' dir='ltr'><strong>peccato.</strong></span> <span class='ocrx_word' id='word_1_308' title='bbox 1570 2276 1713 2329; x_wconf 64' lang='lat' dir='ltr'><strong>Prce-</strong></span> 
     </span>
    </p>
   </div>
   <div class='ocr_carea' id='block_1_39' title="bbox 165 2367 1708 2451">
    <p class='ocr_par' dir='ltr' id='par_1_39' title="bbox 165 2367 1708 2451">
     <span class='ocr_line' id='line_1_39' title="bbox 165 2367 1708 2451; baseline -0.008 -20"><span class='ocrx_word' id='word_1_309' title='bbox 165 2380 329 2451; x_wconf 82' lang='lat' dir='ltr'><strong>ﬁgurat</strong></span> <span class='ocrx_word' id='word_1_310' title='bbox 359 2387 535 2433; x_wconf 87' lang='lat' dir='ltr'><strong>autem</strong></span> <span class='ocrx_word' id='word_1_311' title='bbox 569 2376 689 2432; x_wconf 92' lang='lat' dir='ltr'><strong>illos</strong></span> <span class='ocrx_word' id='word_1_312' title='bbox 733 2375 822 2446; x_wconf 92' lang='lat' dir='ltr'><strong>qui</strong></span> <span class='ocrx_word' id='word_1_313' title='bbox 854 2373 995 2427; x_wconf 89' lang='lat' dir='ltr'><strong>mala</strong></span> <span class='ocrx_word' id='word_1_314' title='bbox 1042 2381 1268 2425; x_wconf 86' lang='lat' dir='ltr'><strong>utuntur</strong></span> <span class='ocrx_word' id='word_1_315' title='bbox 1310 2368 1453 2437; x_wconf 84' lang='lat' dir='ltr'><strong>lege,</strong></span> <span class='ocrx_word' id='word_1_316' title='bbox 1492 2367 1579 2436; x_wconf 91' lang='lat' dir='ltr'><strong>qui</strong></span> <span class='ocrx_word' id='word_1_317' title='bbox 1617 2380 1708 2435; x_wconf 86' lang='lat' dir='ltr'><strong>ge-</strong></span> 
     </span>
    </p>
   </div>
   <div class='ocr_carea' id='block_1_40' title="bbox 167 2460 1712 2535">
    <p class='ocr_par' dir='ltr' id='par_1_40' title="bbox 167 2460 1712 2535">
     <span class='ocr_line' id='line_1_40' title="bbox 167 2460 1712 2535; baseline -0.008 -12"><span class='ocrx_word' id='word_1_318' title='bbox 167 2479 331 2524; x_wconf 83' lang='lat' dir='ltr'><strong>nerant</strong></span> <span class='ocrx_word' id='word_1_319' title='bbox 358 2470 641 2534; x_wconf 78' lang='lat' dir='ltr'><strong>Moabitas,</strong></span> <span class='ocrx_word' id='word_1_320' title='bbox 669 2468 720 2523; x_wconf 91' lang='lat' dir='ltr'><strong>id</strong></span> <span class='ocrx_word' id='word_1_321' title='bbox 745 2474 830 2521; x_wconf 86' lang='lat' dir='ltr'><strong>est</strong></span> <span class='ocrx_word' id='word_1_322' title='bbox 866 2479 1026 2535; x_wconf 88' lang='lat' dir='ltr'><strong>opera</strong></span> <span class='ocrx_word' id='word_1_323' title='bbox 1077 2463 1240 2527; x_wconf 89' lang='lat' dir='ltr'><strong>mala,</strong></span> <span class='ocrx_word' id='word_1_324' title='bbox 1269 2461 1408 2517; x_wconf 91' lang='lat' dir='ltr'><strong>unde</strong></span> <span class='ocrx_word' id='word_1_325' title='bbox 1438 2460 1712 2515; x_wconf 87' lang='lat' dir='ltr'><strong>tribulatio</strong></span> 
     </span>
    </p>
   </div>
   <div class='ocr_carea' id='block_1_41' title="bbox 165 2552 1708 2614">
    <p class='ocr_par' dir='ltr' id='par_1_41' title="bbox 165 2552 1708 2614">
     <span class='ocr_line' id='line_1_41' title="bbox 165 2552 1708 2614; baseline -0.008 -2"><span class='ocrx_word' id='word_1_326' title='bbox 165 2559 401 2614; x_wconf 81' lang='lat' dir='ltr'><strong>hunis.1n</strong></span> <span class='ocrx_word' id='word_1_327' title='bbox 444 2559 743 2613; x_wconf 72' lang='lat' dir='ltr'><strong>Iduma’am</strong></span> <span class='ocrx_word' id='word_1_328' title='bbox 764 2556 1036 2609; x_wconf 76' lang='lat' dir='ltr'><strong>extendam</strong></span> <span class='ocrx_word' id='word_1_329' title='bbox 1069 2552 1475 2607; x_wconf 85' lang='lat' dir='ltr'><strong>calceamentunt</strong></span> <span class='ocrx_word' id='word_1_330' title='bbox 1518 2566 1708 2603; x_wconf 88' lang='lat' dir='ltr'><strong>meum.</strong></span> 
     </span>
    </p>
   </div>
   <div class='ocr_carea' id='block_1_42' title="bbox 166 2640 1711 2713">
    <p class='ocr_par' dir='ltr' id='par_1_42' title="bbox 166 2640 1711 2713">
     <span class='ocr_line' id='line_1_42' title="bbox 166 2640 1711 2713; baseline -0.008 -11"><span class='ocrx_word' id='word_1_331' title='bbox 166 2648 260 2703; x_wconf 87' lang='lat' dir='ltr'><strong>lloc</strong></span> <span class='ocrx_word' id='word_1_332' title='bbox 292 2651 439 2705; x_wconf 91' lang='lat' dir='ltr'><strong>modo</strong></span> <span class='ocrx_word' id='word_1_333' title='bbox 474 2647 755 2703; x_wconf 89' lang='lat' dir='ltr'><strong>tribulatio</strong></span> <span class='ocrx_word' id='word_1_334' title='bbox 806 2654 889 2700; x_wconf 90' lang='lat' dir='ltr'><strong>est</strong></span> <span class='ocrx_word' id='word_1_335' title='bbox 934 2644 1039 2699; x_wconf 87' lang='lat' dir='ltr'><strong>olla</strong></span> <span class='ocrx_word' id='word_1_336' title='bbox 1085 2644 1223 2713; x_wconf 86' lang='lat' dir='ltr'><strong>spei,</strong></span> <span class='ocrx_word' id='word_1_337' title='bbox 1266 2641 1389 2710; x_wconf 89' lang='lat' dir='ltr'><strong>quia</strong></span> <span class='ocrx_word' id='word_1_338' title='bbox 1438 2640 1711 2693; x_wconf 77' lang='lat' dir='ltr'><strong>extendam</strong></span> 
     </span>
    </p>
   </div>
   <div class='ocr_carea' id='block_1_43' title="bbox 166 2730 1710 2806">
    <p class='ocr_par' dir='ltr' id='par_1_43' title="bbox 166 2730 1710 2806">
     <span class='ocr_line' id='line_1_43' title="bbox 166 2730 1710 2806; baseline -0.005 -15"><span class='ocrx_word' id='word_1_339' title='bbox 166 2740 541 2794; x_wconf 86' lang='lat' dir='ltr'><strong>calceamentum</strong></span> <span class='ocrx_word' id='word_1_340' title='bbox 571 2755 777 2803; x_wconf 90' lang='lat' dir='ltr'><strong>meum,</strong></span> <span class='ocrx_word' id='word_1_341' title='bbox 822 2738 874 2792; x_wconf 88' lang='lat' dir='ltr'><strong>id</strong></span> <span class='ocrx_word' id='word_1_342' title='bbox 906 2744 991 2791; x_wconf 92' lang='lat' dir='ltr'><strong>est</strong></span> <span class='ocrx_word' id='word_1_343' title='bbox 1021 2735 1407 2806; x_wconf 66' lang='lat' dir='ltr'><strong>praedicatores</strong></span> <span class='ocrx_word' id='word_1_344' title='bbox 1446 2747 1593 2785; x_wconf 90' lang='lat' dir='ltr'><strong>meos</strong></span> <span class='ocrx_word' id='word_1_345' title='bbox 1620 2730 1710 2799; x_wconf 89' lang='lat' dir='ltr'><strong>qui</strong></span> 
     </span>
    </p>
   </div>
   <div class='ocr_carea' id='block_1_44' title="bbox 168 2822 1713 2895">
    <p class='ocr_par' dir='ltr' id='par_1_44' title="bbox 168 2822 1713 2895">
     <span class='ocr_line' id='line_1_44' title="bbox 168 2822 1713 2895; baseline -0.006 -12"><span class='ocrx_word' id='word_1_346' title='bbox 168 2846 237 2895; x_wconf 83' lang='lat' dir='ltr'><strong>me</strong></span> <span class='ocrx_word' id='word_1_347' title='bbox 262 2832 492 2886; x_wconf 91' lang='lat' dir='ltr'><strong>muniunt</strong></span> <span class='ocrx_word' id='word_1_348' title='bbox 524 2839 585 2885; x_wconf 90' lang='lat' dir='ltr'><strong>ttt</strong></span> <span class='ocrx_word' id='word_1_349' title='bbox 615 2830 1040 2884; x_wconf 84' lang='lat' dir='ltr'><strong>calceamentum</strong></span> <span class='ocrx_word' id='word_1_350' title='bbox 1070 2841 1084 2879; x_wconf 91' lang='lat'><strong>:</strong></span> <span class='ocrx_word' id='word_1_351' title='bbox 1116 2825 1198 2878; x_wconf 90' lang='lat' dir='ltr'><strong>vel</strong></span> <span class='ocrx_word' id='word_1_352' title='bbox 1224 2824 1346 2888; x_wconf 85' lang='lat' dir='ltr'><strong>fide,</strong></span> <span class='ocrx_word' id='word_1_353' title='bbox 1395 2838 1513 2891; x_wconf 65' lang='lat' dir='ltr'><strong>quae</strong></span> <span class='ocrx_word' id='word_1_354' title='bbox 1541 2822 1713 2874; x_wconf 91' lang='lat' dir='ltr'><strong>munit</strong></span> 
     </span>
    </p>
   </div>
   <div class='ocr_carea' id='block_1_45' title="bbox 166 2912 1716 2989">
    <p class='ocr_par' dir='ltr' id='par_1_45' title="bbox 166 2912 1716 2989">
     <span class='ocr_line' id='line_1_45' title="bbox 166 2912 1716 2989; baseline -0.005 -16"><span class='ocrx_word' id='word_1_355' title='bbox 166 2919 427 2976; x_wconf 85' lang='lat' dir='ltr'><strong>Ecclesiam</strong></span> <span class='ocrx_word' id='word_1_356' title='bbox 460 2938 490 2976; x_wconf 92' lang='lat' dir='ltr'><strong>a</strong></span> <span class='ocrx_word' id='word_1_357' title='bbox 519 2922 637 2974; x_wconf 87' lang='lat' dir='ltr'><strong>luto</strong></span> <span class='ocrx_word' id='word_1_358' title='bbox 677 2919 834 2989; x_wconf 84' lang='lat' dir='ltr'><strong>hujus</strong></span> <span class='ocrx_word' id='word_1_359' title='bbox 876 2916 1053 2972; x_wconf 60' lang='lat' dir='ltr'><strong>sceculi</strong></span> <span class='ocrx_word' id='word_1_360' title='bbox 1085 2924 1139 2969; x_wconf 92' lang='lat' dir='ltr'><strong>et</strong></span> <span class='ocrx_word' id='word_1_361' title='bbox 1170 2914 1358 2984; x_wconf 87' lang='lat' dir='ltr'><strong>spinis.</strong></span> <span class='ocrx_word' id='word_1_362' title='bbox 1384 2912 1481 2967; x_wconf 77' lang='lat' dir='ltr'><strong>Vel</strong></span> <span class='ocrx_word' id='word_1_363' title='bbox 1511 2913 1716 2966; x_wconf 88' lang='lat' dir='ltr'><strong>calcea-</strong></span> 
     </span>
    </p>
   </div>
   <div class='ocr_carea' id='block_1_46' title="bbox 167 3003 1714 3085">
    <p class='ocr_par' dir='ltr' id='par_1_46' title="bbox 167 3003 1714 3085">
     <span class='ocr_line' id='line_1_46' title="bbox 167 3003 1714 3085; baseline -0.006 -19"><span class='ocrx_word' id='word_1_364' title='bbox 167 3024 362 3068; x_wconf 86' lang='lat' dir='ltr'><strong>meatum</strong></span> <span class='ocrx_word' id='word_1_365' title='bbox 424 3011 782 3085; x_wconf 79' lang='lat' dir='ltr'><strong>Evangelium</strong></span> <span class='ocrx_word' id='word_1_366' title='bbox 837 3008 1113 3063; x_wconf 73' lang='lat' dir='ltr'><strong>extendam</strong></span> <span class='ocrx_word' id='word_1_367' title='bbox 1177 3008 1232 3060; x_wconf 87' lang='lat' dir='ltr'><strong>in</strong></span> <span class='ocrx_word' id='word_1_368' title='bbox 1277 3005 1605 3069; x_wconf 78' lang='lat' dir='ltr'><strong>Idummam,</strong></span> <span class='ocrx_word' id='word_1_369' title='bbox 1661 3003 1714 3058; x_wconf 90' lang='lat' dir='ltr'><strong>id</strong></span> 
     </span>
    </p>
   </div>
   <div class='ocr_carea' id='block_1_47' title="bbox 166 3095 1713 3168">
    <p class='ocr_par' dir='ltr' id='par_1_47' title="bbox 166 3095 1713 3168">
     <span class='ocr_line' id='line_1_47' title="bbox 166 3095 1713 3168; baseline -0.006 -10"><span class='ocrx_word' id='word_1_370' title='bbox 166 3114 257 3168; x_wconf 88' lang='lat' dir='ltr'><strong>est,</strong></span> <span class='ocrx_word' id='word_1_371' title='bbox 288 3105 644 3160; x_wconf 90' lang='lat' dir='ltr'><strong>innocentiam</strong></span> <span class='ocrx_word' id='word_1_372' title='bbox 690 3102 957 3165; x_wconf 74' lang='lat' dir='ltr'><strong>Idumaeze,</strong></span> <span class='ocrx_word' id='word_1_373' title='bbox 1000 3100 1052 3154; x_wconf 92' lang='lat' dir='ltr'><strong>id</strong></span> <span class='ocrx_word' id='word_1_374' title='bbox 1090 3106 1193 3163; x_wconf 90' lang='lat' dir='ltr'><strong>est,</strong></span> <span class='ocrx_word' id='word_1_375' title='bbox 1241 3095 1553 3168; x_wconf 81' lang='lat' dir='ltr'><strong>gentilitatis</strong></span> <span class='ocrx_word' id='word_1_376' title='bbox 1604 3103 1713 3149; x_wconf 90' lang='lat' dir='ltr'><strong>ter-</strong></span> 
     </span>
    </p>
   </div>
   <div class='ocr_carea' id='block_1_48' title="bbox 170 3187 1710 3267">
    <p class='ocr_par' dir='ltr' id='par_1_48' title="bbox 170 3187 1710 3267">
     <span class='ocr_line' id='line_1_48' title="bbox 170 3187 1710 3267; baseline -0.006 -20"><span class='ocrx_word' id='word_1_377' title='bbox 170 3194 288 3267; x_wconf 80' lang='lat' dir='ltr'><strong>renis</strong></span> <span class='ocrx_word' id='word_1_378' title='bbox 332 3194 550 3262; x_wconf 70' lang='lat' dir='ltr'><strong>deditaz,</strong></span> <span class='ocrx_word' id='word_1_379' title='bbox 604 3193 729 3263; x_wconf 90' lang='lat' dir='ltr'><strong>quia</strong></span> <span class='ocrx_word' id='word_1_380' title='bbox 772 3190 999 3245; x_wconf 86' lang='lat' dir='ltr'><strong>ldumaea</strong></span> <span class='ocrx_word' id='word_1_381' title='bbox 1046 3199 1250 3243; x_wconf 87' lang='lat' dir='ltr'><strong>terrena</strong></span> <span class='ocrx_word' id='word_1_382' title='bbox 1304 3187 1710 3255; x_wconf 86' lang='lat' dir='ltr'><strong>interpretatur.</strong></span> 
     </span>
    </p>
   </div>
   <div class='ocr_carea' id='block_1_49' title="bbox 1812 2010 3389 2082">
    <p class='ocr_par' dir='ltr' id='par_1_49' title="bbox 1812 2010 3389 2082">
     <span class='ocr_line' id='line_1_49' title="bbox 1812 2010 3389 2082; baseline 0.003 -18"><span class='ocrx_word' id='word_1_383' title='bbox 1812 2010 2018 2064; x_wconf 85' lang='lat' dir='ltr'><strong>salvum</strong></span> <span class='ocrx_word' id='word_1_384' title='bbox 2050 2010 2229 2075; x_wconf 89' lang='lat' dir='ltr'><strong>faciet,</strong></span> <span class='ocrx_word' id='word_1_385' title='bbox 2258 2012 2381 2082; x_wconf 89' lang='lat' dir='ltr'><strong>quia</strong></span> <span class='ocrx_word' id='word_1_386' title='bbox 2409 2013 2546 2067; x_wconf 89' lang='lat' dir='ltr'><strong>Deus</strong></span> <span class='ocrx_word' id='word_1_387' title='bbox 2574 2014 2733 2070; x_wconf 87' lang='lat' dir='ltr'><strong>Pater</strong></span> <span class='ocrx_word' id='word_1_388' title='bbox 2769 2016 2969 2071; x_wconf 85' lang='lat' dir='ltr'><strong>locutus</strong></span> <span class='ocrx_word' id='word_1_389' title='bbox 2991 2027 3062 2070; x_wconf 89' lang='lat' dir='ltr'><strong>est</strong></span> <span class='ocrx_word' id='word_1_390' title='bbox 3086 2018 3137 2071; x_wconf 91' lang='lat' dir='ltr'><strong>in</strong></span> <span class='ocrx_word' id='word_1_391' title='bbox 3171 2017 3389 2079; x_wconf 84' lang='lat' dir='ltr'><strong>Sancto,</strong></span> 
     </span>
    </p>
   </div>
   <div class='ocr_carea' id='block_1_50' title="bbox 1814 2100 3389 2170">
    <p class='ocr_par' dir='ltr' id='par_1_50' title="bbox 1814 2100 3389 2170">
     <span class='ocr_line' id='line_1_50' title="bbox 1814 2100 3389 2170; baseline 0.003 -15"><span class='ocrx_word' id='word_1_392' title='bbox 1814 2101 1864 2155; x_wconf 90' lang='lat' dir='ltr'><strong>id</strong></span> <span class='ocrx_word' id='word_1_393' title='bbox 1896 2110 1998 2164; x_wconf 88' lang='lat' dir='ltr'><strong>est,</strong></span> <span class='ocrx_word' id='word_1_394' title='bbox 2032 2100 2280 2170; x_wconf 89' lang='lat' dir='ltr'><strong>loquetur</strong></span> <span class='ocrx_word' id='word_1_395' title='bbox 2301 2102 2352 2155; x_wconf 91' lang='lat' dir='ltr'><strong>in</strong></span> <span class='ocrx_word' id='word_1_396' title='bbox 2379 2102 2515 2157; x_wconf 84' lang='lat' dir='ltr'><strong>Filio</strong></span> <span class='ocrx_word' id='word_1_397' title='bbox 2546 2119 2661 2167; x_wconf 91' lang='lat' dir='ltr'><strong>suo,</strong></span> <span class='ocrx_word' id='word_1_398' title='bbox 2691 2106 2769 2159; x_wconf 91' lang='lat' dir='ltr'><strong>sic</strong></span> <span class='ocrx_word' id='word_1_399' title='bbox 2790 2106 3012 2161; x_wconf 87' lang='lat' dir='ltr'><strong>dicens:</strong></span> <span class='ocrx_word' id='word_1_400' title='bbox 3047 2106 3309 2167; x_wconf 70' lang='lat' dir='ltr'><strong>Laetabor,</strong></span> <span class='ocrx_word' id='word_1_401' title='bbox 3338 2106 3389 2159; x_wconf 88' lang='lat' dir='ltr'><strong>id</strong></span> 
     </span>
    </p>
   </div>
   <div class='ocr_carea' id='block_1_51' title="bbox 1811 2193 3392 2266">
    <p class='ocr_par' dir='ltr' id='par_1_51' title="bbox 1811 2193 3392 2266">
     <span class='ocr_line' id='line_1_51' title="bbox 1811 2193 3392 2266; baseline 0.001 -18"><span class='ocrx_word' id='word_1_402' title='bbox 1811 2202 1912 2258; x_wconf 87' lang='lat' dir='ltr'><strong>est,</strong></span> <span class='ocrx_word' id='word_1_403' title='bbox 1941 2193 2188 2248; x_wconf 82' lang='lat' dir='ltr'><strong>hetanter</strong></span> <span class='ocrx_word' id='word_1_404' title='bbox 2213 2194 2491 2265; x_wconf 87' lang='lat' dir='ltr'><strong>complebo</strong></span> <span class='ocrx_word' id='word_1_405' title='bbox 2540 2197 2922 2262; x_wconf 83' lang='lat' dir='ltr'><strong>obedientiam,</strong></span> <span class='ocrx_word' id='word_1_406' title='bbox 2959 2208 3013 2252; x_wconf 87' lang='lat' dir='ltr'><strong>et</strong></span> <span class='ocrx_word' id='word_1_407' title='bbox 3039 2200 3271 2266; x_wconf 85' lang='lat' dir='ltr'><strong>partibor</strong></span> <span class='ocrx_word' id='word_1_408' title='bbox 3304 2196 3392 2252; x_wconf 82' lang='lat' dir='ltr'><strong>Si-</strong></span> 
     </span>
    </p>
   </div>
   <div class='ocr_carea' id='block_1_52' title="bbox 1812 2285 3393 2357">
    <p class='ocr_par' dir='ltr' id='par_1_52' title="bbox 1812 2285 3393 2357">
     <span class='ocr_line' id='line_1_52' title="bbox 1812 2285 3393 2357; baseline 0.001 -20"><span class='ocrx_word' id='word_1_409' title='bbox 1812 2285 2056 2347; x_wconf 83' lang='lat' dir='ltr'><strong>chimam,</strong></span> <span class='ocrx_word' id='word_1_410' title='bbox 2090 2285 2274 2339; x_wconf 86' lang='lat' dir='ltr'><strong>eodem</strong></span> <span class='ocrx_word' id='word_1_411' title='bbox 2309 2286 2466 2341; x_wconf 88' lang='lat' dir='ltr'><strong>modo</strong></span> <span class='ocrx_word' id='word_1_412' title='bbox 2506 2296 2561 2341; x_wconf 94' lang='lat' dir='ltr'><strong>ut</strong></span> <span class='ocrx_word' id='word_1_413' title='bbox 2590 2302 2770 2357; x_wconf 88' lang='lat' dir='ltr'><strong>supra.</strong></span> <span class='ocrx_word' id='word_1_414' title='bbox 2810 2288 2875 2342; x_wconf 84' lang='lat' dir='ltr'><strong>Et</strong></span> <span class='ocrx_word' id='word_1_415' title='bbox 2899 2288 3181 2342; x_wconf 75' lang='lat' dir='ltr'><strong>convallem</strong></span> <span class='ocrx_word' id='word_1_416' title='bbox 3219 2288 3393 2341; x_wconf 87' lang='lat' dir='ltr'><strong>taber-</strong></span> 
     </span>
    </p>
   </div>
   <div class='ocr_carea' id='block_1_53' title="bbox 1813 2375 3392 2441">
    <p class='ocr_par' dir='ltr' id='par_1_53' title="bbox 1813 2375 3392 2441">
     <span class='ocr_line' id='line_1_53' title="bbox 1813 2375 3392 2441; baseline 0.001 -12"><span class='ocrx_word' id='word_1_417' title='bbox 1813 2375 2143 2441; x_wconf 89' lang='lat' dir='ltr'><strong>naculorum,</strong></span> <span class='ocrx_word' id='word_1_418' title='bbox 2208 2376 2259 2430; x_wconf 92' lang='lat' dir='ltr'><strong>id</strong></span> <span class='ocrx_word' id='word_1_419' title='bbox 2300 2384 2404 2440; x_wconf 87' lang='lat' dir='ltr'><strong>est,</strong></span> <span class='ocrx_word' id='word_1_420' title='bbox 2457 2376 2734 2431; x_wconf 83' lang='lat' dir='ltr'><strong>humiliter</strong></span> <span class='ocrx_word' id='word_1_421' title='bbox 2783 2379 2911 2431; x_wconf 90' lang='lat' dir='ltr'><strong>mihi</strong></span> <span class='ocrx_word' id='word_1_422' title='bbox 2963 2380 3274 2441; x_wconf 83' lang='lat' dir='ltr'><strong>militantes,</strong></span> <span class='ocrx_word' id='word_1_423' title='bbox 3306 2376 3392 2432; x_wconf 84' lang='lat' dir='ltr'><strong>vel</strong></span> 
     </span>
    </p>
   </div>
   <div class='ocr_carea' id='block_1_54' title="bbox 1811 2465 3389 2536">
    <p class='ocr_par' dir='ltr' id='par_1_54' title="bbox 1811 2465 3389 2536">
     <span class='ocr_line' id='line_1_54' title="bbox 1811 2465 3389 2536; baseline 0.004 -20"><span class='ocrx_word' id='word_1_424' title='bbox 1811 2465 2021 2520; x_wconf 74' lang='lat' dir='ltr'><strong>Judteos</strong></span> <span class='ocrx_word' id='word_1_425' title='bbox 2049 2467 2310 2521; x_wconf 70' lang='lat' dir='ltr'><strong>habentes</strong></span> <span class='ocrx_word' id='word_1_426' title='bbox 2344 2477 2615 2536; x_wconf 89' lang='lat' dir='ltr'><strong>pastorem</strong></span> <span class='ocrx_word' id='word_1_427' title='bbox 2641 2484 2929 2522; x_wconf 87' lang='lat' dir='ltr'><strong>assumam.</strong></span> <span class='ocrx_word' id='word_1_428' title='bbox 2970 2467 3035 2521; x_wconf 85' lang='lat' dir='ltr'><strong>Et</strong></span> <span class='ocrx_word' id='word_1_429' title='bbox 3068 2467 3340 2522; x_wconf 83' lang='lat' dir='ltr'><strong>Manasses</strong></span> <span class='ocrx_word' id='word_1_430' title='bbox 3367 2484 3389 2523; x_wconf 90' lang='lat'><strong><em>:</em></strong></span> 
     </span>
    </p>
   </div>
   <div class='ocr_carea' id='block_1_55' title="bbox 1814 2556 3393 2629">
    <p class='ocr_par' dir='ltr' id='par_1_55' title="bbox 1814 2556 3393 2629">
     <span class='ocr_line' id='line_1_55' title="bbox 1814 2556 3393 2629; baseline 0.003 -19"><span class='ocrx_word' id='word_1_431' title='bbox 1814 2556 1865 2611; x_wconf 93' lang='lat' dir='ltr'><strong>id</strong></span> <span class='ocrx_word' id='word_1_432' title='bbox 1895 2566 1997 2620; x_wconf 87' lang='lat' dir='ltr'><strong>est,</strong></span> <span class='ocrx_word' id='word_1_433' title='bbox 2029 2558 2253 2625; x_wconf 87' lang='lat' dir='ltr'><strong>populus</strong></span> <span class='ocrx_word' id='word_1_434' title='bbox 2275 2559 2599 2614; x_wconf 85' lang='lat' dir='ltr'><strong>obliviscens</strong></span> <span class='ocrx_word' id='word_1_435' title='bbox 2628 2576 2747 2629; x_wconf 75' lang='lat' dir='ltr'><strong>quze</strong></span> <span class='ocrx_word' id='word_1_436' title='bbox 2788 2570 2929 2614; x_wconf 82' lang='lat' dir='ltr'><strong>retro</strong></span> <span class='ocrx_word' id='word_1_437' title='bbox 2961 2570 3104 2624; x_wconf 89' lang='lat' dir='ltr'><strong>sunt,</strong></span> <span class='ocrx_word' id='word_1_438' title='bbox 3130 2573 3182 2614; x_wconf 89' lang='lat' dir='ltr'><strong>et</strong></span> <span class='ocrx_word' id='word_1_439' title='bbox 3213 2560 3264 2613; x_wconf 92' lang='lat' dir='ltr'><strong>in</strong></span> <span class='ocrx_word' id='word_1_440' title='bbox 3295 2575 3393 2614; x_wconf 86' lang='lat' dir='ltr'><strong>an-</strong></span> 
     </span>
    </p>
   </div>
   <div class='ocr_carea' id='block_1_56' title="bbox 1815 2646 3394 2716">
    <p class='ocr_par' dir='ltr' id='par_1_56' title="bbox 1815 2646 3394 2716">
     <span class='ocr_line' id='line_1_56' title="bbox 1815 2646 3394 2716; baseline 0 -17"><span class='ocrx_word' id='word_1_441' title='bbox 1815 2646 2011 2700; x_wconf 86' lang='lat' dir='ltr'><strong>teriora</strong></span> <span class='ocrx_word' id='word_1_442' title='bbox 2045 2661 2101 2700; x_wconf 90' lang='lat' dir='ltr'><strong>se</strong></span> <span class='ocrx_word' id='word_1_443' title='bbox 2150 2646 2470 2709; x_wconf 63' lang='lat' dir='ltr'><strong>extendens,</strong></span> <span class='ocrx_word' id='word_1_444' title='bbox 2526 2664 2671 2701; x_wconf 85' lang='lat' dir='ltr'><strong>meus</strong></span> <span class='ocrx_word' id='word_1_445' title='bbox 2716 2658 2810 2701; x_wconf 88' lang='lat' dir='ltr'><strong>est.</strong></span> <span class='ocrx_word' id='word_1_446' title='bbox 2855 2648 3105 2715; x_wconf 88' lang='lat' dir='ltr'><strong>Ephraim</strong></span> <span class='ocrx_word' id='word_1_447' title='bbox 3137 2648 3394 2716; x_wconf 79' lang='lat' dir='ltr'><strong>fortitudo</strong></span> 
     </span>
    </p>
   </div>
   <div class='ocr_carea' id='block_1_57' title="bbox 1813 2735 3393 2804">
    <p class='ocr_par' dir='ltr' id='par_1_57' title="bbox 1813 2735 3393 2804">
     <span class='ocr_line' id='line_1_57' title="bbox 1813 2735 3393 2804; baseline 0.001 -18"><span class='ocrx_word' id='word_1_448' title='bbox 1813 2736 1999 2803; x_wconf 85' lang='lat' dir='ltr'><strong>capitis</strong></span> <span class='ocrx_word' id='word_1_449' title='bbox 2027 2736 2149 2797; x_wconf 87' lang='lat' dir='ltr'><strong>mei,</strong></span> <span class='ocrx_word' id='word_1_450' title='bbox 2185 2735 2235 2788; x_wconf 92' lang='lat' dir='ltr'><strong>id</strong></span> <span class='ocrx_word' id='word_1_451' title='bbox 2266 2743 2367 2799; x_wconf 91' lang='lat' dir='ltr'><strong>est,</strong></span> <span class='ocrx_word' id='word_1_452' title='bbox 2400 2744 2562 2804; x_wconf 90' lang='lat' dir='ltr'><strong>caput</strong></span> <span class='ocrx_word' id='word_1_453' title='bbox 2595 2751 2773 2789; x_wconf 92' lang='lat' dir='ltr'><strong>meum</strong></span> <span class='ocrx_word' id='word_1_454' title='bbox 2806 2736 2965 2799; x_wconf 85' lang='lat' dir='ltr'><strong>forte,</strong></span> <span class='ocrx_word' id='word_1_455' title='bbox 2998 2751 3094 2803; x_wconf 77' lang='lat' dir='ltr'><strong>per</strong></span> <span class='ocrx_word' id='word_1_456' title='bbox 3124 2737 3224 2789; x_wconf 91' lang='lat' dir='ltr'><strong>hoc</strong></span> <span class='ocrx_word' id='word_1_457' title='bbox 3251 2736 3393 2803; x_wconf 88' lang='lat' dir='ltr'><strong>quod</strong></span> 
     </span>
    </p>
   </div>
   <div class='ocr_carea' id='block_1_58' title="bbox 1813 2824 3395 2893">
    <p class='ocr_par' dir='ltr' id='par_1_58' title="bbox 1813 2824 3395 2893">
     <span class='ocr_line' id='line_1_58' title="bbox 1813 2824 3395 2893; baseline -0.002 -15"><span class='ocrx_word' id='word_1_458' title='bbox 1813 2834 1898 2879; x_wconf 91' lang='lat' dir='ltr'><strong>est</strong></span> <span class='ocrx_word' id='word_1_459' title='bbox 1950 2824 2283 2879; x_wconf 85' lang='lat' dir='ltr'><strong>fructificans</strong></span> <span class='ocrx_word' id='word_1_460' title='bbox 2340 2833 2462 2893; x_wconf 90' lang='lat' dir='ltr'><strong>post</strong></span> <span class='ocrx_word' id='word_1_461' title='bbox 2498 2835 2746 2881; x_wconf 86' lang='lat' dir='ltr'><strong>mortem.</strong></span> <span class='ocrx_word' id='word_1_462' title='bbox 2799 2825 2964 2889; x_wconf 74' lang='lat' dir='ltr'><strong>Iuda,</strong></span> <span class='ocrx_word' id='word_1_463' title='bbox 3008 2826 3187 2885; x_wconf 87' lang='lat' dir='ltr'><strong>idest,</strong></span> <span class='ocrx_word' id='word_1_464' title='bbox 3218 2825 3395 2877; x_wconf 84' lang='lat' dir='ltr'><strong>omnis</strong></span> 
     </span>
    </p>
   </div>
   <div class='ocr_carea' id='block_1_59' title="bbox 1815 2914 3390 2982">
    <p class='ocr_par' dir='ltr' id='par_1_59' title="bbox 1815 2914 3390 2982">
     <span class='ocr_line' id='line_1_59' title="bbox 1815 2914 3390 2982; baseline -0.002 -14"><span class='ocrx_word' id='word_1_465' title='bbox 1815 2914 2099 2977; x_wconf 91' lang='lat' dir='ltr'><strong>confitens,</strong></span> <span class='ocrx_word' id='word_1_466' title='bbox 2125 2931 2214 2968; x_wconf 74' lang='lat' dir='ltr'><strong>rex</strong></span> <span class='ocrx_word' id='word_1_467' title='bbox 2251 2931 2415 2977; x_wconf 88' lang='lat' dir='ltr'><strong>meus,</strong></span> <span class='ocrx_word' id='word_1_468' title='bbox 2440 2914 2708 2969; x_wconf 89' lang='lat' dir='ltr'><strong>constituo</strong></span> <span class='ocrx_word' id='word_1_469' title='bbox 2732 2931 2930 2982; x_wconf 79' lang='lat' dir='ltr'><strong>regem.</strong></span> <span class='ocrx_word' id='word_1_470' title='bbox 2961 2915 3114 2969; x_wconf 88' lang='lat' dir='ltr'><strong>Moab</strong></span> <span class='ocrx_word' id='word_1_471' title='bbox 3145 2914 3248 2967; x_wconf 87' lang='lat' dir='ltr'><strong>olla</strong></span> <span class='ocrx_word' id='word_1_472' title='bbox 3280 2914 3390 2982; x_wconf 85' lang='lat' dir='ltr'><strong>spei</strong></span> 
     </span>
    </p>
   </div>
   <div class='ocr_carea' id='block_1_60' title="bbox 1815 3004 3389 3071">
    <p class='ocr_par' dir='ltr' id='par_1_60' title="bbox 1815 3004 3389 3071">
     <span class='ocr_line' id='line_1_60' title="bbox 1815 3004 3389 3071; baseline -0.004 -9"><span class='ocrx_word' id='word_1_473' title='bbox 1815 3024 1962 3070; x_wconf 76' lang='lat' dir='ltr'><strong>mete,</strong></span> <span class='ocrx_word' id='word_1_474' title='bbox 2016 3009 2067 3062; x_wconf 93' lang='lat' dir='ltr'><strong>id</strong></span> <span class='ocrx_word' id='word_1_475' title='bbox 2097 3017 2201 3071; x_wconf 91' lang='lat' dir='ltr'><strong>est,</strong></span> <span class='ocrx_word' id='word_1_476' title='bbox 2232 3007 2450 3061; x_wconf 88' lang='lat' dir='ltr'><strong>refectio</strong></span> <span class='ocrx_word' id='word_1_477' title='bbox 2481 3023 2619 3061; x_wconf 91' lang='lat' dir='ltr'><strong>mea.</strong></span> <span class='ocrx_word' id='word_1_478' title='bbox 2655 3007 2947 3062; x_wconf 70' lang='lat' dir='ltr'><strong>Extendam</strong></span> <span class='ocrx_word' id='word_1_479' title='bbox 2978 3007 3139 3060; x_wconf 82' lang='lat' dir='ltr'><strong>etiam</strong></span> <span class='ocrx_word' id='word_1_480' title='bbox 3169 3006 3221 3058; x_wconf 90' lang='lat' dir='ltr'><strong>in</strong></span> <span class='ocrx_word' id='word_1_481' title='bbox 3254 3004 3389 3057; x_wconf 81' lang='lat' dir='ltr'><strong>ldu-</strong></span> 
     </span>
    </p>
   </div>
   <div class='ocr_carea' id='block_1_61' title="bbox 1816 3098 3391 3171">
    <p class='ocr_par' dir='ltr' id='par_1_61' title="bbox 1816 3098 3391 3171">
     <span class='ocr_line' id='line_1_61' title="bbox 1816 3098 3391 3171; baseline -0.001 -18"><span class='ocrx_word' id='word_1_482' title='bbox 1816 3117 2029 3163; x_wconf 79' lang='lat' dir='ltr'><strong>mteam,</strong></span> <span class='ocrx_word' id='word_1_483' title='bbox 2056 3101 2107 3154; x_wconf 89' lang='lat' dir='ltr'><strong>id</strong></span> <span class='ocrx_word' id='word_1_484' title='bbox 2126 3110 2208 3155; x_wconf 91' lang='lat' dir='ltr'><strong>est</strong></span> <span class='ocrx_word' id='word_1_485' title='bbox 2228 3101 2279 3154; x_wconf 92' lang='lat' dir='ltr'><strong>in</strong></span> <span class='ocrx_word' id='word_1_486' title='bbox 2313 3100 2658 3171; x_wconf 87' lang='lat' dir='ltr'><strong>sanguineos,</strong></span> <span class='ocrx_word' id='word_1_487' title='bbox 2686 3099 3088 3154; x_wconf 87' lang='lat' dir='ltr'><strong>calceamentum</strong></span> <span class='ocrx_word' id='word_1_488' title='bbox 3114 3115 3303 3159; x_wconf 87' lang='lat' dir='ltr'><strong>meum,</strong></span> <span class='ocrx_word' id='word_1_489' title='bbox 3341 3098 3391 3151; x_wconf 89' lang='lat' dir='ltr'><strong>id</strong></span> 
     </span>
    </p>
   </div>
   <div class='ocr_carea' id='block_1_62' title="bbox 1817 3190 3391 3262">
    <p class='ocr_par' dir='ltr' id='par_1_62' title="bbox 1817 3190 3391 3262">
     <span class='ocr_line' id='line_1_62' title="bbox 1817 3190 3391 3262; baseline -0.004 -14"><span class='ocrx_word' id='word_1_490' title='bbox 1817 3202 1920 3256; x_wconf 92' lang='lat' dir='ltr'><strong>est,</strong></span> <span class='ocrx_word' id='word_1_491' title='bbox 1946 3194 2369 3247; x_wconf 90' lang='lat' dir='ltr'><strong>incarnationem</strong></span> <span class='ocrx_word' id='word_1_492' title='bbox 2402 3193 2482 3247; x_wconf 91' lang='lat' dir='ltr'><strong>vel</strong></span> <span class='ocrx_word' id='word_1_493' title='bbox 2512 3193 2783 3262; x_wconf 88' lang='lat' dir='ltr'><strong>apostolos</strong></span> <span class='ocrx_word' id='word_1_494' title='bbox 2820 3206 2989 3256; x_wconf 88' lang='lat' dir='ltr'><strong>meos,</strong></span> <span class='ocrx_word' id='word_1_495' title='bbox 3019 3200 3071 3245; x_wconf 90' lang='lat' dir='ltr'><strong>et</strong></span> <span class='ocrx_word' id='word_1_496' title='bbox 3100 3191 3177 3245; x_wconf 84' lang='lat' dir='ltr'><strong>sic</strong></span> <span class='ocrx_word' id='word_1_497' title='bbox 3201 3190 3391 3244; x_wconf 83' lang='lat' dir='ltr'><strong>subditi</strong></span> 
     </span>
    </p>
   </div>
   <div class='ocr_carea' id='block_1_63' title="bbox 173 3252 3388 3355">
    <p class='ocr_par' dir='ltr' id='par_1_63' title="bbox 173 3252 3388 3355">
     <span class='ocr_line' id='line_1_63' title="bbox 173 3252 3388 3355; baseline -0.002 -17"><span class='ocrx_word' id='word_1_498' title='bbox 173 3283 277 3336; x_wconf 71' lang='lat' dir='ltr'><strong>Milli</strong></span> <span class='ocrx_word' id='word_1_499' title='bbox 322 3284 660 3355; x_wconf 76' lang='lat' dir='ltr'><strong>alienigenw,</strong></span> <span class='ocrx_word' id='word_1_500' title='bbox 722 3282 774 3336; x_wconf 88' lang='lat' dir='ltr'><strong>id</strong></span> <span class='ocrx_word' id='word_1_501' title='bbox 823 3289 907 3335; x_wconf 79' lang='lat' dir='ltr'><strong>est</strong></span> <span class='ocrx_word' id='word_1_502' title='bbox 961 3278 1208 3349; x_wconf 84' lang='lat' dir='ltr'><strong>allophyli</strong></span> <span class='ocrx_word' id='word_1_503' title='bbox 1230 3319 1244 3343; x_wconf 86' lang='grc'><em>,</em></span> <span class='ocrx_word' id='word_1_504' title='bbox 1301 3252 1495 3331; x_wconf 62' lang='grc' dir='ltr'><strong>διώάὶὶὶ</strong></span> <span class='ocrx_word' id='word_1_505' title='bbox 1552 3285 1671 3329; x_wconf 68' lang='lat' dir='ltr'><strong>sunt</strong></span> <span class='ocrx_word' id='word_1_506' title='bbox 1694 3316 1709 3339; x_wconf 74' lang='lat'><strong>.</strong></span> <span class='ocrx_word' id='word_1_507' title='bbox 1740 3252 1784 3314; x_wconf 68' lang='grc' dir='ltr'><strong>Ο</strong></span> <span class='ocrx_word' id='word_1_508' title='bbox 1817 3252 1977 3340; x_wconf 84' lang='lat' dir='ltr'><strong>erunt</strong></span> <span class='ocrx_word' id='word_1_509' title='bbox 2018 3284 2143 3337; x_wconf 81' lang='lat' dir='ltr'><strong>mihi</strong></span> <span class='ocrx_word' id='word_1_510' title='bbox 2189 3284 2511 3353; x_wconf 69' lang='lat' dir='ltr'><strong>alienigena’.</strong></span> <span class='ocrx_word' id='word_1_511' title='bbox 2542 3252 2658 3349; x_wconf 81' lang='lat' dir='ltr'><strong>Quo</strong></span> <span class='ocrx_word' id='word_1_512' title='bbox 2681 3285 2813 3338; x_wconf 87' lang='lat' dir='ltr'><strong>duce</strong></span> <span class='ocrx_word' id='word_1_513' title='bbox 2849 3284 2951 3339; x_wconf 91' lang='lat' dir='ltr'><strong>hoc</strong></span> <span class='ocrx_word' id='word_1_514' title='bbox 2978 3252 3103 3337; x_wconf 82' lang='lat' dir='ltr'><strong>fiet?</strong></span> <span class='ocrx_word' id='word_1_515' title='bbox 3125 3283 3205 3336; x_wconf 72' lang='lat' dir='ltr'><strong>life</strong></span> <span class='ocrx_word' id='word_1_516' title='bbox 3232 3284 3388 3347; x_wconf 85' lang='lat' dir='ltr'><strong>duce,</strong></span> 
     </span>
    </p>
   </div>
   <div class='ocr_carea' id='block_1_64' title="bbox 167 3364 1712 3445">
    <p class='ocr_par' dir='ltr' id='par_1_64' title="bbox 167 3364 1712 3445">
     <span class='ocr_line' id='line_1_64' title="bbox 167 3364 1712 3445; baseline -0.005 -18"><span class='ocrx_word' id='word_1_517' title='bbox 167 3375 242 3443; x_wconf 91' lang='lat' dir='ltr'><strong>qui</strong></span> <span class='ocrx_word' id='word_1_518' title='bbox 288 3375 704 3445; x_wconf 89' lang='lat' dir='ltr'><strong>interpretantur</strong></span> <span class='ocrx_word' id='word_1_519' title='bbox 758 3373 968 3443; x_wconf 85' lang='lat' dir='ltr'><strong>potione</strong></span> <span class='ocrx_word' id='word_1_520' title='bbox 1014 3370 1278 3433; x_wconf 86' lang='lat' dir='ltr'><strong>cadentes,</strong></span> <span class='ocrx_word' id='word_1_521' title='bbox 1319 3367 1526 3422; x_wconf 90' lang='lat' dir='ltr'><strong>scilicet</strong></span> <span class='ocrx_word' id='word_1_522' title='bbox 1578 3364 1712 3420; x_wconf 91' lang='lat' dir='ltr'><strong>ebrii</strong></span> 
     </span>
    </p>
   </div>
   <div class='ocr_carea' id='block_1_65' title="bbox 172 3460 1713 3537">
    <p class='ocr_par' dir='ltr' id='par_1_65' title="bbox 172 3460 1713 3537">
     <span class='ocr_line' id='line_1_65' title="bbox 172 3460 1713 3537; baseline -0.005 -18"><span class='ocrx_word' id='word_1_523' title='bbox 172 3466 285 3521; x_wconf 86' lang='lat' dir='ltr'><strong>dulci</strong></span> <span class='ocrx_word' id='word_1_524' title='bbox 330 3467 536 3524; x_wconf 89' lang='lat' dir='ltr'><strong>fortuna</strong></span> <span class='ocrx_word' id='word_1_525' title='bbox 578 3468 741 3537; x_wconf 87' lang='lat' dir='ltr'><strong>hujus</strong></span> <span class='ocrx_word' id='word_1_526' title='bbox 783 3466 926 3520; x_wconf 67' lang='lat' dir='ltr'><strong>vitze.</strong></span> <span class='ocrx_word' id='word_1_527' title='bbox 970 3464 1143 3517; x_wconf 88' lang='lat' dir='ltr'><strong>Etiam</strong></span> <span class='ocrx_word' id='word_1_528' title='bbox 1186 3461 1261 3516; x_wconf 93' lang='lat' dir='ltr'><strong>illi</strong></span> <span class='ocrx_word' id='word_1_529' title='bbox 1299 3460 1485 3532; x_wconf 90' lang='lat' dir='ltr'><strong>jugum</strong></span> <span class='ocrx_word' id='word_1_530' title='bbox 1536 3474 1713 3513; x_wconf 89' lang='lat' dir='ltr'><strong>meum</strong></span> 
     </span>
    </p>
   </div>
   <div class='ocr_carea' id='block_1_66' title="bbox 171 3548 1717 3627">
    <p class='ocr_par' dir='ltr' id='par_1_66' title="bbox 171 3548 1717 3627">
     <span class='ocr_line' id='line_1_66' title="bbox 171 3548 1717 3627; baseline -0.004 -20"><span class='ocrx_word' id='word_1_531' title='bbox 171 3557 395 3627; x_wconf 85' lang='lat' dir='ltr'><strong>recipient</strong></span> <span class='ocrx_word' id='word_1_532' title='bbox 430 3576 443 3613; x_wconf 92' lang='lat'><strong>:</strong></span> <span class='ocrx_word' id='word_1_533' title='bbox 474 3559 560 3613; x_wconf 87' lang='lat' dir='ltr'><strong>vel</strong></span> <span class='ocrx_word' id='word_1_534' title='bbox 610 3556 765 3611; x_wconf 83' lang='lat' dir='ltr'><strong>Moab</strong></span> <span class='ocrx_word' id='word_1_535' title='bbox 817 3554 923 3608; x_wconf 89' lang='lat' dir='ltr'><strong>olla</strong></span> <span class='ocrx_word' id='word_1_536' title='bbox 972 3552 1080 3623; x_wconf 83' lang='lat' dir='ltr'><strong>spei</strong></span> <span class='ocrx_word' id='word_1_537' title='bbox 1134 3568 1263 3605; x_wconf 80' lang='lat' dir='ltr'><strong>mete</strong></span> <span class='ocrx_word' id='word_1_538' title='bbox 1300 3568 1318 3604; x_wconf 90' lang='lat'><strong><em>:</em></strong></span> <span class='ocrx_word' id='word_1_539' title='bbox 1353 3550 1416 3603; x_wconf 90' lang='lat' dir='ltr'><strong>ad</strong></span> <span class='ocrx_word' id='word_1_540' title='bbox 1467 3548 1717 3603; x_wconf 86' lang='lat' dir='ltr'><strong>similitu-</strong></span> 
     </span>
    </p>
   </div>
   <div class='ocr_carea' id='block_1_67' title="bbox 172 3638 1715 3718">
    <p class='ocr_par' dir='ltr' id='par_1_67' title="bbox 172 3638 1715 3718">
     <span class='ocr_line' id='line_1_67' title="bbox 172 3638 1715 3718; baseline -0.005 -19"><span class='ocrx_word' id='word_1_541' title='bbox 172 3647 341 3703; x_wconf 87' lang='lat' dir='ltr'><strong>dinem.</strong></span> <span class='ocrx_word' id='word_1_542' title='bbox 383 3650 544 3718; x_wconf 85' lang='lat' dir='ltr'><strong>Quasi</strong></span> <span class='ocrx_word' id='word_1_543' title='bbox 596 3649 773 3703; x_wconf 88' lang='lat' dir='ltr'><strong>dicat:</strong></span> <span class='ocrx_word' id='word_1_544' title='bbox 807 3645 980 3699; x_wconf 85' lang='lat' dir='ltr'><strong>Etiam</strong></span> <span class='ocrx_word' id='word_1_545' title='bbox 1029 3640 1377 3714; x_wconf 88' lang='lat' dir='ltr'><strong>perditissimi</strong></span> <span class='ocrx_word' id='word_1_546' title='bbox 1414 3648 1540 3693; x_wconf 91' lang='lat' dir='ltr'><strong>sunt</strong></span> <span class='ocrx_word' id='word_1_547' title='bbox 1583 3638 1715 3692; x_wconf 90' lang='lat' dir='ltr'><strong>mihi</strong></span> 
     </span>
    </p>
   </div>
   <div class='ocr_carea' id='block_1_68' title="bbox 172 3727 1717 3808">
    <p class='ocr_par' dir='ltr' id='par_1_68' title="bbox 172 3727 1717 3808">
     <span class='ocr_line' id='line_1_68' title="bbox 172 3727 1717 3808; baseline -0.005 -21"><span class='ocrx_word' id='word_1_548' title='bbox 172 3736 276 3789; x_wconf 84' lang='lat' dir='ltr'><strong>lacti</strong></span> <span class='ocrx_word' id='word_1_549' title='bbox 301 3754 413 3808; x_wconf 86' lang='lat' dir='ltr'><strong>spes</strong></span> <span class='ocrx_word' id='word_1_550' title='bbox 452 3737 773 3800; x_wconf 83' lang='lat' dir='ltr'><strong>saturitatis,</strong></span> <span class='ocrx_word' id='word_1_551' title='bbox 814 3740 874 3788; x_wconf 90' lang='lat' dir='ltr'><strong>ut</strong></span> <span class='ocrx_word' id='word_1_552' title='bbox 914 3732 1018 3787; x_wconf 86' lang='lat' dir='ltr'><strong>olla</strong></span> <span class='ocrx_word' id='word_1_553' title='bbox 1050 3732 1187 3787; x_wconf 91' lang='lat' dir='ltr'><strong>solet</strong></span> <span class='ocrx_word' id='word_1_554' title='bbox 1223 3745 1343 3785; x_wconf 89' lang='lat' dir='ltr'><strong>esse</strong></span> <span class='ocrx_word' id='word_1_555' title='bbox 1374 3746 1486 3799; x_wconf 87' lang='lat' dir='ltr'><strong>spes</strong></span> <span class='ocrx_word' id='word_1_556' title='bbox 1530 3727 1631 3782; x_wconf 91' lang='lat' dir='ltr'><strong>cibi</strong></span> <span class='ocrx_word' id='word_1_557' title='bbox 1662 3736 1717 3781; x_wconf 91' lang='lat' dir='ltr'><strong>et</strong></span> 
     </span>
    </p>
   </div>
   <div class='ocr_carea' id='block_1_69' title="bbox 173 3820 1716 3894">
    <p class='ocr_par' dir='ltr' id='par_1_69' title="bbox 173 3820 1716 3894">
     <span class='ocr_line' id='line_1_69' title="bbox 173 3820 1716 3894; baseline -0.003 -17"><span class='ocrx_word' id='word_1_558' title='bbox 173 3826 473 3885; x_wconf 85' lang='lat' dir='ltr'><strong>refectionis:</strong></span> <span class='ocrx_word' id='word_1_559' title='bbox 506 3830 593 3884; x_wconf 89' lang='lat' dir='ltr'><strong>vel</strong></span> <span class='ocrx_word' id='word_1_560' title='bbox 640 3828 867 3882; x_wconf 67' lang='lat' dir='ltr'><strong>ldumtea</strong></span> <span class='ocrx_word' id='word_1_561' title='bbox 896 3826 1205 3894; x_wconf 84' lang='lat' dir='ltr'><strong>sanguinea.</strong></span> <span class='ocrx_word' id='word_1_562' title='bbox 1238 3821 1400 3889; x_wconf 83' lang='lat' dir='ltr'><strong>Quasi</strong></span> <span class='ocrx_word' id='word_1_563' title='bbox 1430 3822 1573 3875; x_wconf 87' lang='lat' dir='ltr'><strong>dicat</strong></span> <span class='ocrx_word' id='word_1_564' title='bbox 1604 3837 1617 3873; x_wconf 89' lang='lat'><strong>:</strong></span> <span class='ocrx_word' id='word_1_565' title='bbox 1651 3820 1716 3873; x_wconf 88' lang='lat' dir='ltr'><strong>Et</strong></span> 
     </span>
    </p>
   </div>
   <div class='ocr_carea' id='block_1_70' title="bbox 173 3911 1716 3984">
    <p class='ocr_par' dir='ltr' id='par_1_70' title="bbox 173 3911 1716 3984">
     <span class='ocr_line' id='line_1_70' title="bbox 173 3911 1716 3984; baseline -0.003 -17"><span class='ocrx_word' id='word_1_566' title='bbox 173 3915 266 3972; x_wconf 67' lang='lat' dir='ltr'><strong>haec</strong></span> <span class='ocrx_word' id='word_1_567' title='bbox 292 3925 459 3975; x_wconf 89' lang='lat' dir='ltr'><strong>omnia</strong></span> <span class='ocrx_word' id='word_1_568' title='bbox 492 3920 689 3975; x_wconf 87' lang='lat' dir='ltr'><strong>faciam</strong></span> <span class='ocrx_word' id='word_1_569' title='bbox 718 3934 823 3972; x_wconf 92' lang='lat' dir='ltr'><strong>non</strong></span> <span class='ocrx_word' id='word_1_570' title='bbox 860 3932 977 3971; x_wconf 84' lang='lat' dir='ltr'><strong>utea</strong></span> <span class='ocrx_word' id='word_1_571' title='bbox 1005 3930 1105 3984; x_wconf 89' lang='lat' dir='ltr'><strong>ope</strong></span> <span class='ocrx_word' id='word_1_572' title='bbox 1139 3930 1154 3968; x_wconf 89' lang='lat'><strong>:</strong></span> <span class='ocrx_word' id='word_1_573' title='bbox 1204 3929 1328 3968; x_wconf 90' lang='lat' dir='ltr'><strong>nam</strong></span> <span class='ocrx_word' id='word_1_574' title='bbox 1356 3913 1472 3983; x_wconf 86' lang='lat' dir='ltr'><strong>quis</strong></span> <span class='ocrx_word' id='word_1_575' title='bbox 1500 3911 1716 3964; x_wconf 87' lang='lat' dir='ltr'><strong>deducet</strong></span> 
     </span>
    </p>
   </div>
   <div class='ocr_carea' id='block_1_71' title="bbox 176 4001 1715 4083">
    <p class='ocr_par' dir='ltr' id='par_1_71' title="bbox 176 4001 1715 4083">
     <span class='ocr_line' id='line_1_71' title="bbox 176 4001 1715 4083; baseline -0.003 -26"><span class='ocrx_word' id='word_1_576' title='bbox 176 4024 258 4071; x_wconf 87' lang='lat' dir='ltr'><strong>me,</strong></span> <span class='ocrx_word' id='word_1_577' title='bbox 285 4009 343 4065; x_wconf 88' lang='lat' dir='ltr'><strong>tle</strong></span> <span class='ocrx_word' id='word_1_578' title='bbox 373 4011 619 4083; x_wconf 82' lang='lat' dir='ltr'><strong>angustia</strong></span> <span class='ocrx_word' id='word_1_579' title='bbox 663 4008 872 4063; x_wconf 86' lang='lat' dir='ltr'><strong>Judaici</strong></span> <span class='ocrx_word' id='word_1_580' title='bbox 911 4005 1127 4077; x_wconf 88' lang='lat' dir='ltr'><strong>populi,</strong></span> <span class='ocrx_word' id='word_1_581' title='bbox 1158 4006 1214 4058; x_wconf 87' lang='lat' dir='ltr'><strong>in</strong></span> <span class='ocrx_word' id='word_1_582' title='bbox 1258 4004 1512 4058; x_wconf 87' lang='lat' dir='ltr'><strong>civitatem</strong></span> <span class='ocrx_word' id='word_1_583' title='bbox 1538 4001 1715 4054; x_wconf 89' lang='lat' dir='ltr'><strong>muni-</strong></span> 
     </span>
    </p>
   </div>
   <div class='ocr_carea' id='block_1_72' title="bbox 176 4092 1715 4167">
    <p class='ocr_par' dir='ltr' id='par_1_72' title="bbox 176 4092 1715 4167">
     <span class='ocr_line' id='line_1_72' title="bbox 176 4092 1715 4167; baseline -0.001 -21"><span class='ocrx_word' id='word_1_584' title='bbox 176 4105 290 4163; x_wconf 86' lang='lat' dir='ltr'><strong>tam,</strong></span> <span class='ocrx_word' id='word_1_585' title='bbox 320 4101 366 4155; x_wconf 93' lang='lat' dir='ltr'><strong>id</strong></span> <span class='ocrx_word' id='word_1_586' title='bbox 393 4112 502 4167; x_wconf 89' lang='lat' dir='ltr'><strong>est,</strong></span> <span class='ocrx_word' id='word_1_587' title='bbox 535 4112 595 4155; x_wconf 91' lang='lat' dir='ltr'><strong>ut</strong></span> <span class='ocrx_word' id='word_1_588' title='bbox 634 4100 757 4153; x_wconf 91' lang='lat' dir='ltr'><strong>fiam</strong></span> <span class='ocrx_word' id='word_1_589' title='bbox 794 4098 987 4153; x_wconf 90' lang='lat' dir='ltr'><strong>civitas</strong></span> <span class='ocrx_word' id='word_1_590' title='bbox 1026 4111 1215 4167; x_wconf 89' lang='lat' dir='ltr'><strong>magna</strong></span> <span class='ocrx_word' id='word_1_591' title='bbox 1239 4137 1254 4161; x_wconf 93' lang='lat'><strong>,</strong></span> <span class='ocrx_word' id='word_1_592' title='bbox 1297 4092 1594 4163; x_wconf 88' lang='lat' dir='ltr'><strong>frequentia</strong></span> <span class='ocrx_word' id='word_1_593' title='bbox 1631 4102 1715 4145; x_wconf 86' lang='lat' dir='ltr'><strong>to-</strong></span> 
     </span>
    </p>
   </div>
   <div class='ocr_carea' id='block_1_73' title="bbox 178 4184 1719 4258">
    <p class='ocr_par' dir='ltr' id='par_1_73' title="bbox 178 4184 1719 4258">
     <span class='ocr_line' id='line_1_73' title="bbox 178 4184 1719 4258; baseline -0.003 -20"><span class='ocrx_word' id='word_1_594' title='bbox 178 4186 265 4241; x_wconf 87' lang='lat' dir='ltr'><strong>tius</strong></span> <span class='ocrx_word' id='word_1_595' title='bbox 293 4192 431 4246; x_wconf 90' lang='lat' dir='ltr'><strong>orbis</strong></span> <span class='ocrx_word' id='word_1_596' title='bbox 460 4191 697 4246; x_wconf 88' lang='lat' dir='ltr'><strong>tnunita:</strong></span> <span class='ocrx_word' id='word_1_597' title='bbox 722 4204 841 4258; x_wconf 69' lang='lat' dir='ltr'><strong>qua:</strong></span> <span class='ocrx_word' id='word_1_598' title='bbox 872 4188 1033 4242; x_wconf 89' lang='lat' dir='ltr'><strong>etiam</strong></span> <span class='ocrx_word' id='word_1_599' title='bbox 1062 4185 1261 4240; x_wconf 90' lang='lat' dir='ltr'><strong>dicitur</strong></span> <span class='ocrx_word' id='word_1_600' title='bbox 1291 4184 1478 4238; x_wconf 83' lang='lat' dir='ltr'><strong>civitas</strong></span> <span class='ocrx_word' id='word_1_601' title='bbox 1502 4184 1719 4236; x_wconf 88' lang='lat' dir='ltr'><strong>circum-</strong></span> 
     </span>
    </p>
   </div>
   <div class='ocr_carea' id='block_1_74' title="bbox 177 4277 1716 4352">
    <p class='ocr_par' dir='ltr' id='par_1_74' title="bbox 177 4277 1716 4352">
     <span class='ocr_line' id='line_1_74' title="bbox 177 4277 1716 4352; baseline 0.001 -26"><span class='ocrx_word' id='word_1_602' title='bbox 177 4280 381 4345; x_wconf 77' lang='lat' dir='ltr'><strong>stanlite,</strong></span> <span class='ocrx_word' id='word_1_603' title='bbox 416 4283 539 4352; x_wconf 90' lang='lat' dir='ltr'><strong>quia</strong></span> <span class='ocrx_word' id='word_1_604' title='bbox 580 4280 879 4335; x_wconf 89' lang='lat' dir='ltr'><strong>circumdat</strong></span> <span class='ocrx_word' id='word_1_605' title='bbox 913 4277 1191 4331; x_wconf 84' lang='lat' dir='ltr'><strong>Judaicam</strong></span> <span class='ocrx_word' id='word_1_606' title='bbox 1217 4283 1414 4330; x_wconf 91' lang='lat' dir='ltr'><strong>terram</strong></span> <span class='ocrx_word' id='word_1_607' title='bbox 1462 4283 1716 4342; x_wconf 88' lang='lat' dir='ltr'><strong>tanquam</strong></span> 
     </span>
    </p>
   </div>
   <div class='ocr_carea' id='block_1_75' title="bbox 179 4364 1718 4442">
    <p class='ocr_par' dir='ltr' id='par_1_75' title="bbox 179 4364 1718 4442">
     <span class='ocr_line' id='line_1_75' title="bbox 179 4364 1718 4442; baseline 0.001 -27"><span class='ocrx_word' id='word_1_608' title='bbox 179 4364 220 4417; x_wconf 89' lang='lat' dir='ltr'><strong>in</strong></span> <span class='ocrx_word' id='word_1_609' title='bbox 247 4370 405 4425; x_wconf 86' lang='lat' dir='ltr'><strong>medio</strong></span> <span class='ocrx_word' id='word_1_610' title='bbox 450 4370 716 4442; x_wconf 89' lang='lat' dir='ltr'><strong>positam?</strong></span> <span class='ocrx_word' id='word_1_611' title='bbox 752 4369 881 4435; x_wconf 86' lang='lat' dir='ltr'><strong>Quis</strong></span> <span class='ocrx_word' id='word_1_612' title='bbox 912 4369 1126 4422; x_wconf 87' lang='lat' dir='ltr'><strong>deducet</strong></span> <span class='ocrx_word' id='word_1_613' title='bbox 1162 4384 1243 4421; x_wconf 88' lang='lat' dir='ltr'><strong>me</strong></span> <span class='ocrx_word' id='word_1_614' title='bbox 1288 4382 1450 4435; x_wconf 89' lang='lat' dir='ltr'><strong>usque</strong></span> <span class='ocrx_word' id='word_1_615' title='bbox 1497 4366 1553 4418; x_wconf 83' lang='lat' dir='ltr'><strong>iu</strong></span> <span class='ocrx_word' id='word_1_616' title='bbox 1586 4364 1718 4418; x_wconf 84' lang='lat' dir='ltr'><strong>ldu-</strong></span> 
     </span>
    </p>
   </div>
   <div class='ocr_carea' id='block_1_76' title="bbox 180 4456 1715 4530">
    <p class='ocr_par' dir='ltr' id='par_1_76' title="bbox 180 4456 1715 4530">
     <span class='ocr_line' id='line_1_76' title="bbox 180 4456 1715 4530; baseline 0.004 -26"><span class='ocrx_word' id='word_1_617' title='bbox 180 4469 367 4524; x_wconf 75' lang='lat' dir='ltr'><strong>mmam,</strong></span> <span class='ocrx_word' id='word_1_618' title='bbox 426 4462 475 4516; x_wconf 89' lang='lat' dir='ltr'><strong>id</strong></span> <span class='ocrx_word' id='word_1_619' title='bbox 524 4470 607 4515; x_wconf 91' lang='lat' dir='ltr'><strong>est</strong></span> <span class='ocrx_word' id='word_1_620' title='bbox 664 4460 1046 4530; x_wconf 84' lang='lat' dir='ltr'><strong>sanguineam,</strong></span> <span class='ocrx_word' id='word_1_621' title='bbox 1101 4458 1308 4512; x_wconf 88' lang='lat' dir='ltr'><strong>scilicet</strong></span> <span class='ocrx_word' id='word_1_622' title='bbox 1362 4456 1715 4527; x_wconf 89' lang='lat' dir='ltr'><strong>gentilitatem</strong></span> 
     </span>
    </p>
   </div>
   <div class='ocr_carea' id='block_1_77' title="bbox 180 4540 1715 4619">
    <p class='ocr_par' dir='ltr' id='par_1_77' title="bbox 180 4540 1715 4619">
     <span class='ocr_line' id='line_1_77' title="bbox 180 4540 1715 4619; baseline 0.004 -26"><span class='ocrx_word' id='word_1_623' title='bbox 180 4540 450 4604; x_wconf 81' lang='lat' dir='ltr'><strong>fundentem</strong></span> <span class='ocrx_word' id='word_1_624' title='bbox 480 4551 795 4619; x_wconf 83' lang='lat' dir='ltr'><strong>sanguinem</strong></span> <span class='ocrx_word' id='word_1_625' title='bbox 826 4549 1066 4619; x_wconf 85' lang='lat' dir='ltr'><strong>corporis</strong></span> <span class='ocrx_word' id='word_1_626' title='bbox 1103 4558 1158 4601; x_wconf 92' lang='lat' dir='ltr'><strong>et</strong></span> <span class='ocrx_word' id='word_1_627' title='bbox 1199 4547 1429 4601; x_wconf 69' lang='lat' dir='ltr'><strong>animm?</strong></span> <span class='ocrx_word' id='word_1_628' title='bbox 1470 4545 1595 4601; x_wconf 68' lang='lat' dir='ltr'><strong>HLBC</strong></span> <span class='ocrx_word' id='word_1_629' title='bbox 1636 4546 1715 4600; x_wconf 92' lang='lat' dir='ltr'><strong>in-</strong></span> 
     </span>
    </p>
   </div>
   <div class='ocr_carea' id='block_1_78' title="bbox 180 4635 1719 4709">
    <p class='ocr_par' dir='ltr' id='par_1_78' title="bbox 180 4635 1719 4709">
     <span class='ocr_line' id='line_1_78' title="bbox 180 4635 1719 4709; baseline 0.005 -25"><span class='ocrx_word' id='word_1_630' title='bbox 180 4635 367 4698; x_wconf 87' lang='lat' dir='ltr'><strong>quisitio</strong></span> <span class='ocrx_word' id='word_1_631' title='bbox 409 4658 510 4696; x_wconf 93' lang='lat' dir='ltr'><strong>non</strong></span> <span class='ocrx_word' id='word_1_632' title='bbox 545 4641 836 4695; x_wconf 89' lang='lat' dir='ltr'><strong>dubitando</strong></span> <span class='ocrx_word' id='word_1_633' title='bbox 863 4641 953 4705; x_wconf 89' lang='lat' dir='ltr'><strong>fit,</strong></span> <span class='ocrx_word' id='word_1_634' title='bbox 1001 4639 1093 4694; x_wconf 92' lang='lat' dir='ltr'><strong>sed</strong></span> <span class='ocrx_word' id='word_1_635' title='bbox 1143 4637 1483 4709; x_wconf 88' lang='lat' dir='ltr'><strong>gratulando.</strong></span> <span class='ocrx_word' id='word_1_636' title='bbox 1533 4637 1719 4693; x_wconf 88' lang='lat' dir='ltr'><strong>Potest</strong></span> 
     </span>
    </p>
   </div>
   <div class='ocr_carea' id='block_1_79' title="bbox 116 4726 1716 4797">
    <p class='ocr_par' dir='ltr' id='par_1_79' title="bbox 116 4726 1716 4797">
     <span class='ocr_line' id='line_1_79' title="bbox 116 4726 1716 4797; baseline 0.003 -19"><span class='ocrx_word' id='word_1_637' title='bbox 116 4786 121 4789; x_wconf 98' lang='lat'>_</span> <span class='ocrx_word' id='word_1_638' title='bbox 181 4730 224 4773; x_wconf 78' lang='lat' dir='ltr'><strong>et</strong></span> <span class='ocrx_word' id='word_1_639' title='bbox 254 4726 321 4781; x_wconf 88' lang='lat' dir='ltr'><strong>sic</strong></span> <span class='ocrx_word' id='word_1_640' title='bbox 365 4730 497 4787; x_wconf 88' lang='lat' dir='ltr'><strong>dici:</strong></span> <span class='ocrx_word' id='word_1_641' title='bbox 535 4732 664 4797; x_wconf 82' lang='lat' dir='ltr'><strong>Quis</strong></span> <span class='ocrx_word' id='word_1_642' title='bbox 698 4731 912 4784; x_wconf 89' lang='lat' dir='ltr'><strong>deducet</strong></span> <span class='ocrx_word' id='word_1_643' title='bbox 944 4747 1023 4783; x_wconf 90' lang='lat' dir='ltr'><strong>me</strong></span> <span class='ocrx_word' id='word_1_644' title='bbox 1062 4731 1117 4782; x_wconf 86' lang='lat' dir='ltr'><strong>in</strong></span> <span class='ocrx_word' id='word_1_645' title='bbox 1163 4728 1481 4793; x_wconf 84' lang='lat' dir='ltr'><strong>ldumaeam,</strong></span> <span class='ocrx_word' id='word_1_646' title='bbox 1519 4738 1578 4782; x_wconf 91' lang='lat' dir='ltr'><strong>ut</strong></span> <span class='ocrx_word' id='word_1_647' title='bbox 1611 4738 1716 4783; x_wconf 91' lang='lat' dir='ltr'><strong>tam</strong></span> 
     </span>
    </p>
   </div>
   <div class='ocr_carea' id='block_1_80' title="bbox 183 4818 1719 4894">
    <p class='ocr_par' dir='ltr' id='par_1_80' title="bbox 183 4818 1719 4894">
     <span class='ocr_line' id='line_1_80' title="bbox 183 4818 1719 4894; baseline -0.003 -14"><span class='ocrx_word' id='word_1_648' title='bbox 183 4818 328 4888; x_wconf 63' lang='lat' dir='ltr'><strong>ampla</strong></span> <span class='ocrx_word' id='word_1_649' title='bbox 382 4824 537 4890; x_wconf 89' lang='lat' dir='ltr'><strong>fiam,</strong></span> <span class='ocrx_word' id='word_1_650' title='bbox 578 4824 719 4894; x_wconf 92' lang='lat' dir='ltr'><strong>quod</strong></span> <span class='ocrx_word' id='word_1_651' title='bbox 773 4825 933 4878; x_wconf 91' lang='lat' dir='ltr'><strong>etiam</strong></span> <span class='ocrx_word' id='word_1_652' title='bbox 974 4825 1025 4877; x_wconf 93' lang='lat' dir='ltr'><strong>in</strong></span> <span class='ocrx_word' id='word_1_653' title='bbox 1077 4822 1306 4877; x_wconf 84' lang='lat' dir='ltr'><strong>terrenis</strong></span> <span class='ocrx_word' id='word_1_654' title='bbox 1356 4833 1610 4889; x_wconf 88' lang='lat' dir='ltr'><strong>regnem,</strong></span> <span class='ocrx_word' id='word_1_655' title='bbox 1658 4832 1719 4875; x_wconf 89' lang='lat' dir='ltr'><strong>ut</strong></span> 
     </span>
    </p>
   </div>
   <div class='ocr_carea' id='block_1_81' title="bbox 183 4905 1716 4982">
    <p class='ocr_par' dir='ltr' id='par_1_81' title="bbox 183 4905 1716 4982">
     <span class='ocr_line' id='line_1_81' title="bbox 183 4905 1716 4982; baseline 0.005 -26"><span class='ocrx_word' id='word_1_656' title='bbox 183 4905 319 4962; x_wconf 87' lang='lat' dir='ltr'><strong>etiam</strong></span> <span class='ocrx_word' id='word_1_657' title='bbox 340 4910 407 4965; x_wconf 90' lang='lat' dir='ltr'><strong>illi</strong></span> <span class='ocrx_word' id='word_1_658' title='bbox 434 4930 518 4969; x_wconf 90' lang='lat' dir='ltr'><strong>me</strong></span> <span class='ocrx_word' id='word_1_659' title='bbox 544 4923 885 4977; x_wconf 81' lang='lat' dir='ltr'><strong>venerentur,</strong></span> <span class='ocrx_word' id='word_1_660' title='bbox 914 4913 1005 4982; x_wconf 91' lang='lat' dir='ltr'><strong>qui</strong></span> <span class='ocrx_word' id='word_1_661' title='bbox 1029 4912 1215 4966; x_wconf 85' lang='lat' dir='ltr'><strong>nolunt</strong></span> <span class='ocrx_word' id='word_1_662' title='bbox 1237 4926 1268 4964; x_wconf 91' lang='lat' dir='ltr'><strong>a</strong></span> <span class='ocrx_word' id='word_1_663' title='bbox 1302 4926 1386 4964; x_wconf 89' lang='lat' dir='ltr'><strong>me</strong></span> <span class='ocrx_word' id='word_1_664' title='bbox 1418 4909 1677 4979; x_wconf 87' lang='lat' dir='ltr'><strong>proficere</strong></span> <span class='ocrx_word' id='word_1_665' title='bbox 1704 4928 1716 4964; x_wconf 90' lang='lat'><strong>:</strong></span> 
     </span>
    </p>
   </div>
   <div class='ocr_carea' id='block_1_82' title="bbox 185 4996 1716 5071">
    <p class='ocr_par' dir='ltr' id='par_1_82' title="bbox 185 4996 1716 5071">
     <span class='ocr_line' id='line_1_82' title="bbox 185 4996 1716 5071; baseline 0.008 -28"><span class='ocrx_word' id='word_1_666' title='bbox 185 4996 315 5061; x_wconf 87' lang='lat' dir='ltr'><strong>quia,</strong></span> <span class='ocrx_word' id='word_1_667' title='bbox 342 5012 396 5056; x_wconf 81' lang='grc' dir='ltr'><strong>ιιι</strong></span> <span class='ocrx_word' id='word_1_668' title='bbox 424 5005 622 5059; x_wconf 91' lang='lat' dir='ltr'><strong>dictum</strong></span> <span class='ocrx_word' id='word_1_669' title='bbox 649 5013 776 5066; x_wconf 76' lang='lat' dir='ltr'><strong>est,</strong></span> <span class='ocrx_word' id='word_1_670' title='bbox 802 5003 1031 5056; x_wconf 79' lang='lat' dir='ltr'><strong>ldumaea</strong></span> <span class='ocrx_word' id='word_1_671' title='bbox 1077 5003 1460 5071; x_wconf 90' lang='lat' dir='ltr'><strong>interpretatur</strong></span> <span class='ocrx_word' id='word_1_672' title='bbox 1489 5011 1716 5056; x_wconf 85' lang='lat' dir='ltr'><strong>terrena.</strong></span> 
     </span>
    </p>
   </div>
   <div class='ocr_carea' id='block_1_83' title="bbox 187 5082 1717 5164">
    <p class='ocr_par' dir='ltr' id='par_1_83' title="bbox 187 5082 1717 5164">
     <span class='ocr_line' id='line_1_83' title="bbox 187 5082 1717 5164; baseline 0.004 -23"><span class='ocrx_word' id='word_1_673' title='bbox 187 5082 346 5143; x_wconf 83' lang='lat' dir='ltr'><strong>Nonne</strong></span> <span class='ocrx_word' id='word_1_674' title='bbox 384 5105 465 5159; x_wconf 88' lang='lat' dir='ltr'><strong>tu,</strong></span> <span class='ocrx_word' id='word_1_675' title='bbox 516 5096 687 5161; x_wconf 87' lang='lat' dir='ltr'><strong>Deus,</strong></span> <span class='ocrx_word' id='word_1_676' title='bbox 730 5094 985 5150; x_wconf 88' lang='lat' dir='ltr'><strong>subaudis</strong></span> <span class='ocrx_word' id='word_1_677' title='bbox 1024 5095 1295 5157; x_wconf 88' lang='lat' dir='ltr'><strong>deduces,</strong></span> <span class='ocrx_word' id='word_1_678' title='bbox 1340 5094 1430 5164; x_wconf 89' lang='lat' dir='ltr'><strong>qui</strong></span> <span class='ocrx_word' id='word_1_679' title='bbox 1481 5093 1717 5163; x_wconf 84' lang='lat' dir='ltr'><strong>repulisti</strong></span> 
     </span>
    </p>
   </div>
   <div class='ocr_carea' id='block_1_84' title="bbox 187 5178 1718 5254">
    <p class='ocr_par' dir='ltr' id='par_1_84' title="bbox 187 5178 1718 5254">
     <span class='ocr_line' id='line_1_84' title="bbox 187 5178 1718 5254; baseline 0.003 -19"><span class='ocrx_word' id='word_1_680' title='bbox 187 5178 297 5230; x_wconf 64' lang='grc' dir='ltr'><strong>ποδί)</strong></span> <span class='ocrx_word' id='word_1_681' title='bbox 320 5184 561 5241; x_wconf 82' lang='lat' dir='ltr'><strong>subaudis</strong></span> <span class='ocrx_word' id='word_1_682' title='bbox 590 5188 641 5240; x_wconf 92' lang='lat' dir='ltr'><strong>in</strong></span> <span class='ocrx_word' id='word_1_683' title='bbox 669 5186 837 5239; x_wconf 89' lang='lat' dir='ltr'><strong>Adam</strong></span> <span class='ocrx_word' id='word_1_684' title='bbox 859 5226 873 5251; x_wconf 94' lang='lat'><strong>,</strong></span> <span class='ocrx_word' id='word_1_685' title='bbox 905 5192 958 5240; x_wconf 90' lang='lat' dir='ltr'><strong>et</strong></span> <span class='ocrx_word' id='word_1_686' title='bbox 983 5200 1123 5239; x_wconf 90' lang='lat' dir='ltr'><strong>nunc</strong></span> <span class='ocrx_word' id='word_1_687' title='bbox 1148 5185 1307 5239; x_wconf 90' lang='lat' dir='ltr'><strong>etiam</strong></span> <span class='ocrx_word' id='word_1_688' title='bbox 1346 5184 1603 5254; x_wconf 87' lang='lat' dir='ltr'><strong>repellere</strong></span> <span class='ocrx_word' id='word_1_689' title='bbox 1634 5186 1718 5239; x_wconf 89' lang='lat' dir='ltr'><strong>vi-</strong></span> 
     </span>
    </p>
   </div>
   <div class='ocr_carea' id='block_1_85' title="bbox 188 5261 1718 5342">
    <p class='ocr_par' dir='ltr' id='par_1_85' title="bbox 188 5261 1718 5342">
     <span class='ocr_line' id='line_1_85' title="bbox 188 5261 1718 5342; baseline 0.011 -29"><span class='ocrx_word' id='word_1_690' title='bbox 188 5261 334 5324; x_wconf 81' lang='lat' dir='ltr'><strong>deris:</strong></span> <span class='ocrx_word' id='word_1_691' title='bbox 366 5276 483 5342; x_wconf 82' lang='lat' dir='ltr'><strong>quia</strong></span> <span class='ocrx_word' id='word_1_692' title='bbox 510 5293 610 5330; x_wconf 89' lang='lat' dir='ltr'><strong>non</strong></span> <span class='ocrx_word' id='word_1_693' title='bbox 656 5277 829 5331; x_wconf 82' lang='lat' dir='ltr'><strong>exibis</strong></span> <span class='ocrx_word' id='word_1_694' title='bbox 861 5277 917 5330; x_wconf 87' lang='lat' dir='ltr'><strong>in</strong></span> <span class='ocrx_word' id='word_1_695' title='bbox 940 5276 1210 5330; x_wconf 83' lang='lat' dir='ltr'><strong>virtutibus</strong></span> <span class='ocrx_word' id='word_1_696' title='bbox 1248 5277 1439 5329; x_wconf 84' lang='lat' dir='ltr'><strong>nostris</strong></span> <span class='ocrx_word' id='word_1_697' title='bbox 1460 5316 1474 5341; x_wconf 94' lang='lat'><strong>,</strong></span> <span class='ocrx_word' id='word_1_698' title='bbox 1516 5277 1566 5330; x_wconf 92' lang='lat' dir='ltr'><strong>id</strong></span> <span class='ocrx_word' id='word_1_699' title='bbox 1596 5286 1677 5330; x_wconf 89' lang='lat' dir='ltr'><strong>est</strong></span> <span class='ocrx_word' id='word_1_700' title='bbox 1702 5317 1718 5341; x_wconf 93' lang='lat'><strong>,</strong></span> 
     </span>
    </p>
   </div>
   <div class='ocr_carea' id='block_1_86' title="bbox 190 5358 1722 5439">
    <p class='ocr_par' dir='ltr' id='par_1_86' title="bbox 190 5358 1722 5439">
     <span class='ocr_line' id='line_1_86' title="bbox 190 5358 1722 5439; baseline 0.002 -19"><span class='ocrx_word' id='word_1_701' title='bbox 190 5358 291 5420; x_wconf 70' lang='lat' dir='ltr'><strong>Quia</strong></span> <span class='ocrx_word' id='word_1_702' title='bbox 318 5378 489 5433; x_wconf 88' lang='lat' dir='ltr'><strong>aperte</strong></span> <span class='ocrx_word' id='word_1_703' title='bbox 514 5385 619 5424; x_wconf 93' lang='lat' dir='ltr'><strong>non</strong></span> <span class='ocrx_word' id='word_1_704' title='bbox 643 5369 759 5439; x_wconf 84' lang='lat' dir='ltr'><strong>agis</strong></span> <span class='ocrx_word' id='word_1_705' title='bbox 787 5368 1088 5434; x_wconf 90' lang='lat' dir='ltr'><strong>nobiscum,</strong></span> <span class='ocrx_word' id='word_1_706' title='bbox 1121 5376 1181 5422; x_wconf 85' lang='lat' dir='ltr'><strong>ut</strong></span> <span class='ocrx_word' id='word_1_707' title='bbox 1210 5384 1331 5423; x_wconf 90' lang='lat' dir='ltr'><strong>cum</strong></span> <span class='ocrx_word' id='word_1_708' title='bbox 1363 5368 1606 5439; x_wconf 90' lang='lat' dir='ltr'><strong>patribus</strong></span> <span class='ocrx_word' id='word_1_709' title='bbox 1633 5382 1722 5423; x_wconf 85' lang='lat' dir='ltr'><strong>no-</strong></span> 
     </span>
    </p>
   </div>
   <div class='ocr_carea' id='block_1_87' title="bbox 191 5453 1718 5532">
    <p class='ocr_par' dir='ltr' id='par_1_87' title="bbox 191 5453 1718 5532">
     <span class='ocr_line' id='line_1_87' title="bbox 191 5453 1718 5532; baseline 0.011 -34"><span class='ocrx_word' id='word_1_710' title='bbox 191 5453 295 5506; x_wconf 81' lang='lat' dir='ltr'><strong>stris</strong></span> <span class='ocrx_word' id='word_1_711' title='bbox 314 5460 477 5526; x_wconf 83' lang='lat' dir='ltr'><strong>cgisti,</strong></span> <span class='ocrx_word' id='word_1_712' title='bbox 502 5461 713 5532; x_wconf 90' lang='lat' dir='ltr'><strong>quando</strong></span> <span class='ocrx_word' id='word_1_713' title='bbox 741 5476 877 5515; x_wconf 90' lang='lat' dir='ltr'><strong>unus</strong></span> <span class='ocrx_word' id='word_1_714' title='bbox 899 5461 1319 5530; x_wconf 87' lang='lat' dir='ltr'><strong>persequebatur</strong></span> <span class='ocrx_word' id='word_1_715' title='bbox 1350 5460 1512 5525; x_wconf 92' lang='lat' dir='ltr'><strong>mille,</strong></span> <span class='ocrx_word' id='word_1_716' title='bbox 1538 5469 1592 5513; x_wconf 90' lang='lat' dir='ltr'><strong>et</strong></span> <span class='ocrx_word' id='word_1_717' title='bbox 1611 5459 1718 5515; x_wconf 89' lang='lat' dir='ltr'><strong>duo</strong></span> 
     </span>
    </p>
   </div>
   <div class='ocr_carea' id='block_1_88' title="bbox 194 5537 1722 5621">
    <p class='ocr_par' dir='ltr' id='par_1_88' title="bbox 194 5537 1722 5621">
     <span class='ocr_line' id='line_1_88' title="bbox 194 5537 1722 5621; baseline -0.001 -17"><span class='ocrx_word' id='word_1_718' title='bbox 194 5537 415 5613; x_wconf 67' lang='lat' dir='ltr'><strong>fuitabant</strong></span> <span class='ocrx_word' id='word_1_719' title='bbox 439 5556 617 5609; x_wconf 90' lang='lat' dir='ltr'><strong>decem</strong></span> <span class='ocrx_word' id='word_1_720' title='bbox 645 5552 841 5616; x_wconf 90' lang='lat' dir='ltr'><strong>millia;</strong></span> <span class='ocrx_word' id='word_1_721' title='bbox 875 5552 969 5607; x_wconf 85' lang='lat' dir='ltr'><strong>sed</strong></span> <span class='ocrx_word' id='word_1_722' title='bbox 994 5552 1171 5621; x_wconf 88' lang='lat' dir='ltr'><strong>potius</strong></span> <span class='ocrx_word' id='word_1_723' title='bbox 1209 5550 1408 5619; x_wconf 87' lang='lat' dir='ltr'><strong>pateris</strong></span> <span class='ocrx_word' id='word_1_724' title='bbox 1437 5566 1533 5605; x_wconf 93' lang='lat' dir='ltr'><strong>nos</strong></span> <span class='ocrx_word' id='word_1_725' title='bbox 1562 5549 1722 5620; x_wconf 78' lang='lat' dir='ltr'><strong>afﬂigi</strong></span> 
     </span>
    </p>
   </div>
   <div class='ocr_carea' id='block_1_89' title="bbox 195 5640 1724 5728">
    <p class='ocr_par' dir='ltr' id='par_1_89' title="bbox 195 5640 1724 5728">
     <span class='ocr_line' id='line_1_89' title="bbox 195 5640 1724 5728; baseline 0.003 -38"><span class='ocrx_word' id='word_1_726' title='bbox 195 5640 417 5728; x_wconf 54' lang='lat' dir='ltr'><strong>exterius,</strong></span> <span class='ocrx_word' id='word_1_727' title='bbox 446 5655 502 5700; x_wconf 93' lang='lat' dir='ltr'><strong>ut</strong></span> <span class='ocrx_word' id='word_1_728' title='bbox 528 5647 723 5701; x_wconf 90' lang='lat' dir='ltr'><strong>liberes</strong></span> <span class='ocrx_word' id='word_1_729' title='bbox 752 5644 994 5699; x_wconf 89' lang='lat' dir='ltr'><strong>interius.</strong></span> <span class='ocrx_word' id='word_1_730' title='bbox 1027 5643 1095 5698; x_wconf 83' lang='lat' dir='ltr'><strong>Et</strong></span> <span class='ocrx_word' id='word_1_731' title='bbox 1132 5643 1257 5713; x_wconf 88' lang='lat' dir='ltr'><strong>quia</strong></span> <span class='ocrx_word' id='word_1_732' title='bbox 1303 5660 1405 5697; x_wconf 87' lang='lat' dir='ltr'><strong>non</strong></span> <span class='ocrx_word' id='word_1_733' title='bbox 1447 5643 1724 5713; x_wconf 88' lang='lat' dir='ltr'><strong>egredieris</strong></span> 
     </span>
    </p>
   </div>
   <div class='ocr_carea' id='block_1_90' title="bbox 194 5712 1735 5821">
    <p class='ocr_par' dir='ltr' id='par_1_90' title="bbox 194 5712 1735 5821">
     <span class='ocr_line' id='line_1_90' title="bbox 194 5712 1735 5821; baseline 0.006 -47"><span class='ocrx_word' id='word_1_734' title='bbox 194 5718 239 5821; x_wconf 72' lang='lat' dir='ltr'><strong>in</strong></span> <span class='ocrx_word' id='word_1_735' title='bbox 257 5730 507 5790; x_wconf 81' lang='lat' dir='ltr'><strong>uirtutibus</strong></span> <span class='ocrx_word' id='word_1_736' title='bbox 532 5735 741 5801; x_wconf 86' lang='lat' dir='ltr'><strong>nostris,</strong></span> <span class='ocrx_word' id='word_1_737' title='bbox 766 5736 890 5805; x_wconf 86' lang='lat' dir='ltr'><strong>quia</strong></span> <span class='ocrx_word' id='word_1_738' title='bbox 916 5734 1045 5787; x_wconf 87' lang='lat' dir='ltr'><strong>foris</strong></span> <span class='ocrx_word' id='word_1_739' title='bbox 1075 5712 1180 5787; x_wconf 80' lang='lat' dir='ltr'><strong>non</strong></span> <span class='ocrx_word' id='word_1_740' title='bbox 1204 5731 1404 5787; x_wconf 86' lang='lat' dir='ltr'><strong>liberas</strong></span> <span class='ocrx_word' id='word_1_741' title='bbox 1422 5772 1435 5793; x_wconf 92' lang='lat'><strong>,</strong></span> <span class='ocrx_word' id='word_1_742' title='bbox 1459 5712 1527 5784; x_wconf 87' lang='lat' dir='ltr'><strong>da</strong></span> <span class='ocrx_word' id='word_1_743' title='bbox 1557 5712 1735 5795; x_wconf 66' lang='lat' dir='ltr'><strong>nobis,</strong></span> 
     </span>
    </p>
   </div>
   <div class='ocr_carea' id='block_1_91' title="bbox 200 5818 1727 5891">
    <p class='ocr_par' dir='ltr' id='par_1_91' title="bbox 200 5818 1727 5891">
     <span class='ocr_line' id='line_1_91' title="bbox 200 5818 1727 5891; baseline 0.011 -29"><span class='ocrx_word' id='word_1_744' title='bbox 200 5818 410 5888; x_wconf 83' lang='lat' dir='ltr'><strong>interius,</strong></span> <span class='ocrx_word' id='word_1_745' title='bbox 441 5826 712 5891; x_wconf 90' lang='lat' dir='ltr'><strong>subaudis,</strong></span> <span class='ocrx_word' id='word_1_746' title='bbox 761 5822 1047 5887; x_wconf 75' lang='lat' dir='ltr'><strong>auxilium,</strong></span> <span class='ocrx_word' id='word_1_747' title='bbox 1097 5823 1160 5877; x_wconf 91' lang='lat' dir='ltr'><strong>de</strong></span> <span class='ocrx_word' id='word_1_748' title='bbox 1203 5821 1567 5888; x_wconf 86' lang='lat' dir='ltr'><strong>tribulatione,</strong></span> <span class='ocrx_word' id='word_1_749' title='bbox 1600 5824 1727 5878; x_wconf 86' lang='lat' dir='ltr'><strong>sub-</strong></span> 
     </span>
    </p>
   </div>
   <div class='ocr_carea' id='block_1_92' title="bbox 1817 3356 3419 3443">
    <p class='ocr_par' dir='ltr' id='par_1_92' title="bbox 1817 3356 3419 3443">
     <span class='ocr_line' id='line_1_92' title="bbox 1817 3356 3419 3443; baseline -0.004 -15"><span class='ocrx_word' id='word_1_750' title='bbox 1817 3391 1921 3429; x_wconf 88' lang='lat' dir='ltr'><strong>non</strong></span> <span class='ocrx_word' id='word_1_751' title='bbox 1952 3376 2001 3427; x_wconf 92' lang='lat' dir='ltr'><strong>in</strong></span> <span class='ocrx_word' id='word_1_752' title='bbox 2033 3384 2292 3443; x_wconf 90' lang='lat' dir='ltr'><strong>quantum</strong></span> <span class='ocrx_word' id='word_1_753' title='bbox 2340 3376 2521 3438; x_wconf 90' lang='lat' dir='ltr'><strong>homo,</strong></span> <span class='ocrx_word' id='word_1_754' title='bbox 2560 3374 2653 3428; x_wconf 90' lang='lat' dir='ltr'><strong>sed</strong></span> <span class='ocrx_word' id='word_1_755' title='bbox 2703 3374 2756 3427; x_wconf 91' lang='lat' dir='ltr'><strong>in</strong></span> <span class='ocrx_word' id='word_1_756' title='bbox 2786 3388 2849 3427; x_wconf 88' lang='lat' dir='ltr'><strong>eo</strong></span> <span class='ocrx_word' id='word_1_757' title='bbox 2886 3373 3029 3442; x_wconf 91' lang='lat' dir='ltr'><strong>quod</strong></span> <span class='ocrx_word' id='word_1_758' title='bbox 3067 3373 3226 3425; x_wconf 89' lang='lat' dir='ltr'><strong>Deus.</strong></span> <span class='ocrx_word' id='word_1_759' title='bbox 3256 3356 3419 3423; x_wconf 34' lang='lat' dir='ltr'><strong>Nam.</strong></span> 
     </span>
    </p>
   </div>
   <div class='ocr_carea' id='block_1_93' title="bbox 1814 3460 3393 3534">
    <p class='ocr_par' dir='ltr' id='par_1_93' title="bbox 1814 3460 3393 3534">
     <span class='ocr_line' id='line_1_93' title="bbox 1814 3460 3393 3534; baseline -0.002 -18"><span class='ocrx_word' id='word_1_760' title='bbox 1814 3466 1929 3534; x_wconf 87' lang='lat' dir='ltr'><strong>quis</strong></span> <span class='ocrx_word' id='word_1_761' title='bbox 1975 3464 2193 3517; x_wconf 88' lang='lat' dir='ltr'><strong>deducet</strong></span> <span class='ocrx_word' id='word_1_762' title='bbox 2233 3480 2333 3526; x_wconf 89' lang='lat' dir='ltr'><strong>me,</strong></span> <span class='ocrx_word' id='word_1_763' title='bbox 2388 3472 2442 3516; x_wconf 88' lang='lat' dir='ltr'><strong>et</strong></span> <span class='ocrx_word' id='word_1_764' title='bbox 2490 3464 2706 3517; x_wconf 73' lang='lat' dir='ltr'><strong>czetera.</strong></span> <span class='ocrx_word' id='word_1_765' title='bbox 2757 3460 2945 3516; x_wconf 85' lang='lat' dir='ltr'><strong>Nonne</strong></span> <span class='ocrx_word' id='word_1_766' title='bbox 2988 3472 3064 3525; x_wconf 79' lang='grc' dir='ltr'><strong>ιιι,</strong></span> <span class='ocrx_word' id='word_1_767' title='bbox 3103 3462 3266 3524; x_wconf 88' lang='lat' dir='ltr'><strong>Deus,</strong></span> <span class='ocrx_word' id='word_1_768' title='bbox 3303 3460 3393 3531; x_wconf 85' lang='lat' dir='ltr'><strong>qui</strong></span> 
     </span>
    </p>
   </div>
   <div class='ocr_carea' id='block_1_94' title="bbox 1816 3552 3391 3625">
    <p class='ocr_par' dir='ltr' id='par_1_94' title="bbox 1816 3552 3391 3625">
     <span class='ocr_line' id='line_1_94' title="bbox 1816 3552 3391 3625; baseline -0.001 -17"><span class='ocrx_word' id='word_1_769' title='bbox 1816 3554 2053 3625; x_wconf 86' lang='lat' dir='ltr'><strong>repulisti</strong></span> <span class='ocrx_word' id='word_1_770' title='bbox 2088 3571 2180 3609; x_wconf 85' lang='lat' dir='ltr'><strong>nos</strong></span> <span class='ocrx_word' id='word_1_771' title='bbox 2227 3553 2279 3608; x_wconf 92' lang='lat' dir='ltr'><strong>in</strong></span> <span class='ocrx_word' id='word_1_772' title='bbox 2324 3552 2520 3617; x_wconf 80' lang='lat' dir='ltr'><strong>Adam,</strong></span> <span class='ocrx_word' id='word_1_773' title='bbox 2570 3553 2654 3608; x_wconf 89' lang='lat' dir='ltr'><strong>vel</strong></span> <span class='ocrx_word' id='word_1_774' title='bbox 2695 3554 2896 3609; x_wconf 90' lang='lat' dir='ltr'><strong>videris</strong></span> <span class='ocrx_word' id='word_1_775' title='bbox 2942 3568 3086 3609; x_wconf 88' lang='lat' dir='ltr'><strong>nunc</strong></span> <span class='ocrx_word' id='word_1_776' title='bbox 3130 3552 3391 3623; x_wconf 87' lang='lat' dir='ltr'><strong>repulisse</strong></span> 
     </span>
    </p>
   </div>
   <div class='ocr_carea' id='block_1_95' title="bbox 1816 3642 3391 3715">
    <p class='ocr_par' dir='ltr' id='par_1_95' title="bbox 1816 3642 3391 3715">
     <span class='ocr_line' id='line_1_95' title="bbox 1816 3642 3391 3715; baseline -0.001 -18"><span class='ocrx_word' id='word_1_777' title='bbox 1816 3654 2075 3715; x_wconf 90' lang='lat' dir='ltr'><strong>quantum</strong></span> <span class='ocrx_word' id='word_1_778' title='bbox 2101 3646 2166 3698; x_wconf 89' lang='lat' dir='ltr'><strong>ad</strong></span> <span class='ocrx_word' id='word_1_779' title='bbox 2194 3644 2464 3699; x_wconf 77' lang='lat' dir='ltr'><strong>exterius?</strong></span> <span class='ocrx_word' id='word_1_780' title='bbox 2488 3643 2695 3698; x_wconf 78' lang='lat' dir='ltr'><strong>Revera</strong></span> <span class='ocrx_word' id='word_1_781' title='bbox 2725 3643 2926 3698; x_wconf 89' lang='lat' dir='ltr'><strong>videris</strong></span> <span class='ocrx_word' id='word_1_782' title='bbox 2958 3642 3235 3712; x_wconf 88' lang='lat' dir='ltr'><strong>repulisse,</strong></span> <span class='ocrx_word' id='word_1_783' title='bbox 3264 3642 3391 3711; x_wconf 87' lang='lat' dir='ltr'><strong>quia</strong></span> 
     </span>
    </p>
   </div>
   <div class='ocr_carea' id='block_1_96' title="bbox 1816 3734 3391 3803">
    <p class='ocr_par' dir='ltr' id='par_1_96' title="bbox 1816 3734 3391 3803">
     <span class='ocr_line' id='line_1_96' title="bbox 1816 3734 3391 3803; baseline -0.002 -13"><span class='ocrx_word' id='word_1_784' title='bbox 1816 3752 1923 3791; x_wconf 91' lang='lat' dir='ltr'><strong>non</strong></span> <span class='ocrx_word' id='word_1_785' title='bbox 1937 3736 2033 3791; x_wconf 90' lang='lat' dir='ltr'><strong>das</strong></span> <span class='ocrx_word' id='word_1_786' title='bbox 2048 3734 2150 3789; x_wconf 87' lang='lat' dir='ltr'><strong>illis</strong></span> <span class='ocrx_word' id='word_1_787' title='bbox 2161 3736 2481 3790; x_wconf 81' lang='lat' dir='ltr'><strong>exteriorem</strong></span> <span class='ocrx_word' id='word_1_788' title='bbox 2500 3734 3127 3798; x_wconf 70' lang='lat' dir='ltr'><strong>salvationem,etczetcra</strong></span> <span class='ocrx_word' id='word_1_789' title='bbox 3142 3743 3198 3787; x_wconf 93' lang='lat' dir='ltr'><strong>ut</strong></span> <span class='ocrx_word' id='word_1_790' title='bbox 3209 3746 3391 3803; x_wconf 85' lang='lat' dir='ltr'><strong>supra.</strong></span> 
     </span>
    </p>
   </div>
   <div class='ocr_carea' id='block_1_97' title="bbox 2371 3824 2838 3880">
    <p class='ocr_par' dir='ltr' id='par_1_97' title="bbox 2371 3824 2838 3880">
     <span class='ocr_line' id='line_1_97' title="bbox 2371 3824 2838 3880; baseline -0.006 -1"><span class='ocrx_word' id='word_1_791' title='bbox 2371 3824 2689 3880; x_wconf 79' lang='lat' dir='ltr'><strong>PSALMUS</strong></span> <span class='ocrx_word' id='word_1_792' title='bbox 2728 3824 2838 3877; x_wconf 75' lang='lat' dir='ltr'><strong>LX.</strong></span> 
     </span>
    </p>
   </div>
   <div class='ocr_carea' id='block_1_98' title="bbox 2076 3919 3124 3971">
    <p class='ocr_par' dir='ltr' id='par_1_98' title="bbox 2076 3919 3124 3971">
     <span class='ocr_line' id='line_1_98' title="bbox 2076 3919 3124 3971; baseline -0.007 0"><span class='ocrx_word' id='word_1_793' title='bbox 2076 3933 2129 3971; x_wconf 77' lang='lat' dir='ltr'><strong>IN</strong></span> <span class='ocrx_word' id='word_1_794' title='bbox 2168 3930 2327 3969; x_wconf 71' lang='lat' dir='ltr'><strong>FINEM</strong></span> <span class='ocrx_word' id='word_1_795' title='bbox 2369 3930 2419 3968; x_wconf 77' lang='lat' dir='ltr'><strong>lN</strong></span> <span class='ocrx_word' id='word_1_796' title='bbox 2457 3919 2651 3968; x_wconf 59' lang='grc' dir='ltr'><strong>ηγῇικις</strong></span> <span class='ocrx_word' id='word_1_797' title='bbox 2676 3930 2906 3969; x_wconf 69' lang='grc' dir='ltr'><strong>ΡεΑωιυε</strong></span> <span class='ocrx_word' id='word_1_798' title='bbox 2946 3929 3124 3968; x_wconf 71' lang='grc' dir='ltr'><strong>ωνιυ.</strong></span> 
     </span>
    </p>
   </div>
   <div class='ocr_carea' id='block_1_99' title="bbox 1892 4002 3392 4075">
    <p class='ocr_par' dir='ltr' id='par_1_99' title="bbox 1892 4002 3392 4075">
     <span class='ocr_line' id='line_1_99' title="bbox 1892 4002 3392 4075; baseline -0.004 -14"><span class='ocrx_word' id='word_1_799' title='bbox 1892 4028 1912 4061; x_wconf 79' lang='lat' dir='ltr'><strong>t</strong></span> <span class='ocrx_word' id='word_1_800' title='bbox 1956 4008 2181 4071; x_wconf 82' lang='lat' dir='ltr'><strong>Exaudi,</strong></span> <span class='ocrx_word' id='word_1_801' title='bbox 2228 4007 2385 4067; x_wconf 90' lang='lat' dir='ltr'><strong>Deus,</strong></span> <span class='ocrx_word' id='word_1_802' title='bbox 2436 4005 2867 4075; x_wconf 81' lang='lat' dir='ltr'><strong>deprecationem</strong></span> <span class='ocrx_word' id='word_1_803' title='bbox 2911 4020 3121 4069; x_wconf 84' lang='lat' dir='ltr'><strong>meam;</strong></span> <span class='ocrx_word' id='word_1_804' title='bbox 3178 4002 3392 4056; x_wconf 85' lang='lat' dir='ltr'><strong>intende</strong></span> 
     </span>
    </p>
   </div>
   <div class='ocr_carea' id='block_1_100' title="bbox 1823 4091 3393 4155">
    <p class='ocr_par' dir='ltr' id='par_1_100' title="bbox 1823 4091 3393 4155">
     <span class='ocr_line' id='line_1_100' title="bbox 1823 4091 3393 4155; baseline -0.006 -4"><span class='ocrx_word' id='word_1_805' title='bbox 1823 4118 1841 4151; x_wconf 74' lang='grc' dir='ltr'>ι</span> <span class='ocrx_word' id='word_1_806' title='bbox 1888 4098 2119 4153; x_wconf 88' lang='lat' dir='ltr'><strong>orationi</strong></span> <span class='ocrx_word' id='word_1_807' title='bbox 2153 4111 2303 4150; x_wconf 77' lang='lat' dir='ltr'><strong>mete.</strong></span> <span class='ocrx_word' id='word_1_808' title='bbox 2331 4095 2375 4148; x_wconf 85' lang='lat' dir='ltr'><strong>A</strong></span> <span class='ocrx_word' id='word_1_809' title='bbox 2407 4094 2601 4148; x_wconf 90' lang='lat' dir='ltr'><strong>finibus</strong></span> <span class='ocrx_word' id='word_1_810' title='bbox 2627 4104 2784 4148; x_wconf 73' lang='lat' dir='ltr'><strong>terra:</strong></span> <span class='ocrx_word' id='word_1_811' title='bbox 2820 4093 2887 4146; x_wconf 88' lang='lat' dir='ltr'><strong>ad</strong></span> <span class='ocrx_word' id='word_1_812' title='bbox 2910 4103 2960 4147; x_wconf 91' lang='lat' dir='ltr'><strong>te</strong></span> <span class='ocrx_word' id='word_1_813' title='bbox 2982 4091 3239 4155; x_wconf 89' lang='lat' dir='ltr'><strong>clamavi;</strong></span> <span class='ocrx_word' id='word_1_814' title='bbox 3266 4091 3393 4145; x_wconf 89' lang='lat' dir='ltr'><strong>dum</strong></span> 
     </span>
    </p>
   </div>
   <div class='ocr_carea' id='block_1_101' title="bbox 1825 4181 3393 4255">
    <p class='ocr_par' dir='ltr' id='par_1_101' title="bbox 1825 4181 3393 4255">
     <span class='ocr_line' id='line_1_101' title="bbox 1825 4181 3393 4255; baseline -0.006 -12"><span class='ocrx_word' id='word_1_815' title='bbox 1825 4208 1842 4243; x_wconf 81' lang='lat' dir='ltr'><strong>t</strong></span> <span class='ocrx_word' id='word_1_816' title='bbox 1889 4189 2207 4244; x_wconf 80' lang='lat' dir='ltr'><strong>anxiaretur</strong></span> <span class='ocrx_word' id='word_1_817' title='bbox 2233 4201 2329 4242; x_wconf 91' lang='lat' dir='ltr'><strong>cor</strong></span> <span class='ocrx_word' id='word_1_818' title='bbox 2374 4201 2574 4250; x_wconf 89' lang='lat' dir='ltr'><strong>meum,</strong></span> <span class='ocrx_word' id='word_1_819' title='bbox 2610 4186 2663 4239; x_wconf 93' lang='lat' dir='ltr'><strong>in</strong></span> <span class='ocrx_word' id='word_1_820' title='bbox 2705 4193 2856 4255; x_wconf 88' lang='lat' dir='ltr'><strong>petra</strong></span> <span class='ocrx_word' id='word_1_821' title='bbox 2886 4183 3132 4238; x_wconf 74' lang='lat' dir='ltr'><strong>exaltasti</strong></span> <span class='ocrx_word' id='word_1_822' title='bbox 3160 4197 3263 4235; x_wconf 89' lang='lat' dir='ltr'><strong>me.</strong></span> <span class='ocrx_word' id='word_1_823' title='bbox 3293 4181 3393 4234; x_wconf 77' lang='lat' dir='ltr'><strong>Dc-</strong></span> 
     </span>
    </p>
   </div>
   <div class='ocr_carea' id='block_1_102' title="bbox 1823 4272 3392 4349">
    <p class='ocr_par' dir='ltr' id='par_1_102' title="bbox 1823 4272 3392 4349">
     <span class='ocr_line' id='line_1_102' title="bbox 1823 4272 3392 4349; baseline -0.008 -14"><span class='ocrx_word' id='word_1_824' title='bbox 1823 4302 1842 4335; x_wconf 71' lang='grc' dir='ltr'><strong><em>ι</em></strong></span> <span class='ocrx_word' id='word_1_825' title='bbox 1879 4281 2077 4337; x_wconf 81' lang='lat' dir='ltr'><strong>duxisti</strong></span> <span class='ocrx_word' id='word_1_826' title='bbox 2103 4295 2209 4342; x_wconf 91' lang='lat' dir='ltr'><strong>me,</strong></span> <span class='ocrx_word' id='word_1_827' title='bbox 2238 4278 2359 4349; x_wconf 88' lang='lat' dir='ltr'><strong>quia</strong></span> <span class='ocrx_word' id='word_1_828' title='bbox 2390 4277 2561 4333; x_wconf 84' lang='lat' dir='ltr'><strong>factus</strong></span> <span class='ocrx_word' id='word_1_829' title='bbox 2583 4293 2641 4332; x_wconf 92' lang='lat' dir='ltr'><strong>es</strong></span> <span class='ocrx_word' id='word_1_830' title='bbox 2670 4291 2793 4346; x_wconf 88' lang='lat' dir='ltr'><strong>spes</strong></span> <span class='ocrx_word' id='word_1_831' title='bbox 2815 4291 2952 4340; x_wconf 92' lang='lat' dir='ltr'><strong>mea,</strong></span> <span class='ocrx_word' id='word_1_832' title='bbox 2986 4274 3147 4328; x_wconf 91' lang='lat' dir='ltr'><strong>turris</strong></span> <span class='ocrx_word' id='word_1_833' title='bbox 3174 4272 3392 4326; x_wconf 86' lang='lat' dir='ltr'><strong>fortitu-</strong></span> 
     </span>
    </p>
   </div>
   <div class='ocr_carea' id='block_1_103' title="bbox 1823 4360 3394 4425">
    <p class='ocr_par' dir='ltr' id='par_1_103' title="bbox 1823 4360 3394 4425">
     <span class='ocr_line' id='line_1_103' title="bbox 1823 4360 3394 4425; baseline -0.006 -2"><span class='ocrx_word' id='word_1_834' title='bbox 1823 4392 1841 4423; x_wconf 83' lang='grc'><strong>«</strong></span> <span class='ocrx_word' id='word_1_835' title='bbox 1892 4371 2031 4425; x_wconf 86' lang='lat' dir='ltr'><strong>diuis</strong></span> <span class='ocrx_word' id='word_1_836' title='bbox 2053 4386 2079 4423; x_wconf 87' lang='lat' dir='ltr'><strong>a</strong></span> <span class='ocrx_word' id='word_1_837' title='bbox 2104 4368 2237 4422; x_wconf 89' lang='lat' dir='ltr'><strong>facie</strong></span> <span class='ocrx_word' id='word_1_838' title='bbox 2264 4366 2486 4421; x_wconf 86' lang='lat' dir='ltr'><strong>inimici.</strong></span> <span class='ocrx_word' id='word_1_839' title='bbox 2514 4365 2829 4419; x_wconf 87' lang='lat' dir='ltr'><strong>lnhabitabo</strong></span> <span class='ocrx_word' id='word_1_840' title='bbox 2850 4364 2901 4417; x_wconf 92' lang='lat' dir='ltr'><strong>in</strong></span> <span class='ocrx_word' id='word_1_841' title='bbox 2932 4360 3274 4415; x_wconf 91' lang='lat' dir='ltr'><strong>tabernaculo</strong></span> <span class='ocrx_word' id='word_1_842' title='bbox 3302 4367 3394 4413; x_wconf 90' lang='lat' dir='ltr'><strong>tuo</strong></span> 
     </span>
    </p>
   </div>
   <div class='ocr_carea' id='block_1_104' title="bbox 1825 4448 3393 4524">
    <p class='ocr_par' dir='ltr' id='par_1_104' title="bbox 1825 4448 3393 4524">
     <span class='ocr_line' id='line_1_104' title="bbox 1825 4448 3393 4524; baseline -0.008 -13"><span class='ocrx_word' id='word_1_843' title='bbox 1825 4477 1843 4511; x_wconf 82' lang='lat' dir='ltr'><strong>t</strong></span> <span class='ocrx_word' id='word_1_844' title='bbox 1891 4461 1941 4513; x_wconf 93' lang='lat' dir='ltr'><strong>in</strong></span> <span class='ocrx_word' id='word_1_845' title='bbox 1971 4456 2197 4521; x_wconf 64' lang='lat' dir='ltr'><strong>saecula;</strong></span> <span class='ocrx_word' id='word_1_846' title='bbox 2223 4464 2473 4524; x_wconf 87' lang='lat' dir='ltr'><strong>protegar</strong></span> <span class='ocrx_word' id='word_1_847' title='bbox 2508 4454 2561 4506; x_wconf 91' lang='lat' dir='ltr'><strong>in</strong></span> <span class='ocrx_word' id='word_1_848' title='bbox 2590 4452 2895 4506; x_wconf 86' lang='lat' dir='ltr'><strong>velamento</strong></span> <span class='ocrx_word' id='word_1_849' title='bbox 2924 4448 3128 4503; x_wconf 89' lang='lat' dir='ltr'><strong>alarum</strong></span> <span class='ocrx_word' id='word_1_850' title='bbox 3160 4456 3393 4501; x_wconf 85' lang='lat' dir='ltr'><strong>tuarum.</strong></span> 
     </span>
    </p>
   </div>
   <div class='ocr_carea' id='block_1_105' title="bbox 1827 4538 3393 4617">
    <p class='ocr_par' dir='ltr' id='par_1_105' title="bbox 1827 4538 3393 4617">
     <span class='ocr_line' id='line_1_105' title="bbox 1827 4538 3393 4617; baseline -0.008 -14"><span class='ocrx_word' id='word_1_851' title='bbox 1827 4571 1844 4603; x_wconf 84' lang='grc'><em>‹</em></span> <span class='ocrx_word' id='word_1_852' title='bbox 1890 4549 2154 4617; x_wconf 85' lang='lat' dir='ltr'><strong>Quoniam</strong></span> <span class='ocrx_word' id='word_1_853' title='bbox 2218 4556 2296 4611; x_wconf 90' lang='lat' dir='ltr'><strong>tu,</strong></span> <span class='ocrx_word' id='word_1_854' title='bbox 2348 4546 2489 4599; x_wconf 82' lang='lat' dir='ltr'><strong>Deus</strong></span> <span class='ocrx_word' id='word_1_855' title='bbox 2555 4558 2728 4602; x_wconf 89' lang='lat' dir='ltr'><strong>meus,</strong></span> <span class='ocrx_word' id='word_1_856' title='bbox 2782 4538 3050 4595; x_wconf 81' lang='lat' dir='ltr'><strong>exaudisti</strong></span> <span class='ocrx_word' id='word_1_857' title='bbox 3097 4538 3393 4591; x_wconf 88' lang='lat' dir='ltr'><strong>orationem</strong></span> 
     </span>
    </p>
   </div>
   <div class='ocr_carea' id='block_1_106' title="bbox 1827 4629 3393 4703">
    <p class='ocr_par' dir='ltr' id='par_1_106' title="bbox 1827 4629 3393 4703">
     <span class='ocr_line' id='line_1_106' title="bbox 1827 4629 3393 4703; baseline -0.008 -10"><span class='ocrx_word' id='word_1_858' title='bbox 1827 4662 1845 4693; x_wconf 72' lang='grc' dir='ltr'>ι</span> <span class='ocrx_word' id='word_1_859' title='bbox 1894 4657 2091 4703; x_wconf 82' lang='lat' dir='ltr'><strong>meam,</strong></span> <span class='ocrx_word' id='word_1_860' title='bbox 2152 4636 2346 4691; x_wconf 88' lang='lat' dir='ltr'><strong>dedisti</strong></span> <span class='ocrx_word' id='word_1_861' title='bbox 2406 4634 2773 4688; x_wconf 79' lang='lat' dir='ltr'><strong>luereditatem</strong></span> <span class='ocrx_word' id='word_1_862' title='bbox 2833 4629 3143 4684; x_wconf 88' lang='lat' dir='ltr'><strong>timentibus</strong></span> <span class='ocrx_word' id='word_1_863' title='bbox 3198 4642 3393 4682; x_wconf 89' lang='lat' dir='ltr'><strong>nomen</strong></span> 
     </span>
    </p>
   </div>
   <div class='ocr_carea' id='block_1_107' title="bbox 1826 4715 3395 4793">
    <p class='ocr_par' dir='ltr' id='par_1_107' title="bbox 1826 4715 3395 4793">
     <span class='ocr_line' id='line_1_107' title="bbox 1826 4715 3395 4793; baseline -0.006 -11"><span class='ocrx_word' id='word_1_864' title='bbox 1826 4750 1845 4782; x_wconf 71' lang='grc' dir='ltr'>ι</span> <span class='ocrx_word' id='word_1_865' title='bbox 1894 4740 2063 4785; x_wconf 88' lang='lat' dir='ltr'><strong>tuum.</strong></span> <span class='ocrx_word' id='word_1_866' title='bbox 2122 4728 2245 4780; x_wconf 88' lang='lat' dir='ltr'><strong>Dies</strong></span> <span class='ocrx_word' id='word_1_867' title='bbox 2298 4739 2461 4793; x_wconf 91' lang='lat' dir='ltr'><strong>super</strong></span> <span class='ocrx_word' id='word_1_868' title='bbox 2500 4723 2614 4777; x_wconf 89' lang='lat' dir='ltr'><strong>dies</strong></span> <span class='ocrx_word' id='word_1_869' title='bbox 2644 4722 2785 4791; x_wconf 82' lang='lat' dir='ltr'><strong>regis</strong></span> <span class='ocrx_word' id='word_1_870' title='bbox 2815 4719 3056 4787; x_wconf 86' lang='lat' dir='ltr'><strong>adjicies,</strong></span> <span class='ocrx_word' id='word_1_871' title='bbox 3088 4733 3257 4773; x_wconf 86' lang='lat' dir='ltr'><strong>annos</strong></span> <span class='ocrx_word' id='word_1_872' title='bbox 3279 4715 3395 4785; x_wconf 85' lang='lat' dir='ltr'><strong>ejus</strong></span> 
     </span>
    </p>
   </div>
   <div class='ocr_carea' id='block_1_108' title="bbox 1826 4809 3391 4890">
    <p class='ocr_par' dir='ltr' id='par_1_108' title="bbox 1826 4809 3391 4890">
     <span class='ocr_line' id='line_1_108' title="bbox 1826 4809 3391 4890; baseline -0.008 -15"><span class='ocrx_word' id='word_1_873' title='bbox 1826 4844 1844 4875; x_wconf 84' lang='grc'>‹</span> <span class='ocrx_word' id='word_1_874' title='bbox 1890 4838 2058 4890; x_wconf 83' lang='lat' dir='ltr'><strong>usque</strong></span> <span class='ocrx_word' id='word_1_875' title='bbox 2084 4821 2136 4873; x_wconf 94' lang='lat' dir='ltr'><strong>in</strong></span> <span class='ocrx_word' id='word_1_876' title='bbox 2173 4820 2312 4873; x_wconf 88' lang='lat' dir='ltr'><strong>diem</strong></span> <span class='ocrx_word' id='word_1_877' title='bbox 2364 4816 2724 4886; x_wconf 80' lang='lat' dir='ltr'><strong>generationis</strong></span> <span class='ocrx_word' id='word_1_878' title='bbox 2747 4822 2802 4869; x_wconf 89' lang='lat' dir='ltr'><strong>et</strong></span> <span class='ocrx_word' id='word_1_879' title='bbox 2830 4811 3211 4883; x_wconf 84' lang='lat' dir='ltr'><strong>generationis.</strong></span> <span class='ocrx_word' id='word_1_880' title='bbox 3261 4809 3391 4864; x_wconf 86' lang='lat' dir='ltr'><strong>Per-</strong></span> 
     </span>
    </p>
   </div>
   <div class='ocr_carea' id='block_1_109' title="bbox 1826 4900 3392 4974">
    <p class='ocr_par' dir='ltr' id='par_1_109' title="bbox 1826 4900 3392 4974">
     <span class='ocr_line' id='line_1_109' title="bbox 1826 4900 3392 4974; baseline -0.008 -10"><span class='ocrx_word' id='word_1_881' title='bbox 1826 4931 1843 4964; x_wconf 72' lang='grc' dir='ltr'>ι</span> <span class='ocrx_word' id='word_1_882' title='bbox 1885 4919 2069 4967; x_wconf 88' lang='lat' dir='ltr'><strong>manet</strong></span> <span class='ocrx_word' id='word_1_883' title='bbox 2133 4909 2185 4963; x_wconf 91' lang='lat' dir='ltr'><strong>in</strong></span> <span class='ocrx_word' id='word_1_884' title='bbox 2229 4916 2491 4962; x_wconf 61' lang='lat' dir='ltr'><strong>aeternum</strong></span> <span class='ocrx_word' id='word_1_885' title='bbox 2538 4906 2590 4959; x_wconf 90' lang='lat' dir='ltr'><strong>in</strong></span> <span class='ocrx_word' id='word_1_886' title='bbox 2627 4913 2915 4974; x_wconf 86' lang='lat' dir='ltr'><strong>conspectu</strong></span> <span class='ocrx_word' id='word_1_887' title='bbox 2950 4903 3066 4965; x_wconf 86' lang='lat' dir='ltr'><strong>Dei,</strong></span> <span class='ocrx_word' id='word_1_888' title='bbox 3100 4911 3153 4955; x_wconf 89' lang='lat' dir='ltr'><strong>et</strong></span> <span class='ocrx_word' id='word_1_889' title='bbox 3182 4900 3392 4955; x_wconf 87' lang='lat' dir='ltr'><strong>miseri-</strong></span> 
     </span>
    </p>
   </div>
   <div class='ocr_carea' id='block_1_110' title="bbox 1827 4989 3398 5065">
    <p class='ocr_par' dir='ltr' id='par_1_110' title="bbox 1827 4989 3398 5065">
     <span class='ocr_line' id='line_1_110' title="bbox 1827 4989 3398 5065; baseline -0.01 -10"><span class='ocrx_word' id='word_1_890' title='bbox 1827 5021 1846 5055; x_wconf 80' lang='lat' dir='ltr'><strong>t</strong></span> <span class='ocrx_word' id='word_1_891' title='bbox 1892 5000 2131 5057; x_wconf 90' lang='lat' dir='ltr'><strong>cordiam</strong></span> <span class='ocrx_word' id='word_1_892' title='bbox 2161 5007 2218 5052; x_wconf 90' lang='lat' dir='ltr'><strong>et</strong></span> <span class='ocrx_word' id='word_1_893' title='bbox 2240 4998 2521 5052; x_wconf 85' lang='lat' dir='ltr'><strong>veritatem</strong></span> <span class='ocrx_word' id='word_1_894' title='bbox 2544 4994 2660 5063; x_wconf 86' lang='lat' dir='ltr'><strong>ejus</strong></span> <span class='ocrx_word' id='word_1_895' title='bbox 2685 4995 2809 5065; x_wconf 86' lang='lat' dir='ltr'><strong>quis</strong></span> <span class='ocrx_word' id='word_1_896' title='bbox 2835 4993 3107 5063; x_wconf 85' lang='lat' dir='ltr'><strong>requiret?</strong></span> <span class='ocrx_word' id='word_1_897' title='bbox 3140 4991 3229 5045; x_wconf 91' lang='lat' dir='ltr'><strong>Sic</strong></span> <span class='ocrx_word' id='word_1_898' title='bbox 3254 4989 3398 5057; x_wconf 83' lang='lat' dir='ltr'><strong>psal-</strong></span> 
     </span>
    </p>
   </div>
   <div class='ocr_carea' id='block_1_111' title="bbox 1830 5078 3394 5146">
    <p class='ocr_par' dir='ltr' id='par_1_111' title="bbox 1830 5078 3394 5146">
     <span class='ocr_line' id='line_1_111' title="bbox 1830 5078 3394 5146; baseline -0.009 0"><span class='ocrx_word' id='word_1_899' title='bbox 1830 5114 1847 5145; x_wconf 77' lang='lat' dir='ltr'><strong>t</strong></span> <span class='ocrx_word' id='word_1_900' title='bbox 1891 5107 2036 5146; x_wconf 92' lang='lat' dir='ltr'><strong>mum</strong></span> <span class='ocrx_word' id='word_1_901' title='bbox 2066 5091 2243 5145; x_wconf 87' lang='lat' dir='ltr'><strong>dicam</strong></span> <span class='ocrx_word' id='word_1_902' title='bbox 2276 5088 2475 5142; x_wconf 86' lang='lat' dir='ltr'><strong>nomini</strong></span> <span class='ocrx_word' id='word_1_903' title='bbox 2506 5096 2594 5141; x_wconf 89' lang='lat' dir='ltr'><strong>tuo</strong></span> <span class='ocrx_word' id='word_1_904' title='bbox 2640 5087 2691 5140; x_wconf 94' lang='lat' dir='ltr'><strong>in</strong></span> <span class='ocrx_word' id='word_1_905' title='bbox 2741 5085 2994 5140; x_wconf 80' lang='lat' dir='ltr'><strong>saectdum</strong></span> <span class='ocrx_word' id='word_1_906' title='bbox 3026 5081 3238 5145; x_wconf 68' lang='lat' dir='ltr'><strong>saeculi;</strong></span> <span class='ocrx_word' id='word_1_907' title='bbox 3272 5078 3394 5134; x_wconf 90' lang='lat' dir='ltr'><strong>red-</strong></span> 
     </span>
    </p>
   </div>
   <div class='ocr_carea' id='block_1_112' title="bbox 1830 5176 2864 5237">
    <p class='ocr_par' dir='ltr' id='par_1_112' title="bbox 1830 5176 2864 5237">
     <span class='ocr_line' id='line_1_112' title="bbox 1830 5176 2864 5237; baseline -0.009 -3"><span class='ocrx_word' id='word_1_908' title='bbox 1830 5200 1849 5234; x_wconf 79' lang='lat' dir='ltr'><strong>t</strong></span> <span class='ocrx_word' id='word_1_909' title='bbox 1894 5182 2019 5237; x_wconf 90' lang='lat' dir='ltr'><strong>dam</strong></span> <span class='ocrx_word' id='word_1_910' title='bbox 2049 5188 2172 5233; x_wconf 89' lang='lat' dir='ltr'><strong>vota</strong></span> <span class='ocrx_word' id='word_1_911' title='bbox 2199 5192 2318 5233; x_wconf 89' lang='lat' dir='ltr'><strong>mea</strong></span> <span class='ocrx_word' id='word_1_912' title='bbox 2350 5177 2416 5231; x_wconf 89' lang='lat' dir='ltr'><strong>de</strong></span> <span class='ocrx_word' id='word_1_913' title='bbox 2437 5176 2603 5229; x_wconf 89' lang='lat' dir='ltr'><strong>diein</strong></span> <span class='ocrx_word' id='word_1_914' title='bbox 2634 5176 2800 5229; x_wconf 80' lang='lat' dir='ltr'><strong>diem.</strong></span> <span class='ocrx_word' id='word_1_915' title='bbox 2846 5194 2864 5225; x_wconf 79' lang='grc' dir='ltr'><strong><em>ι</em></strong></span> 
     </span>
    </p>
   </div>
   <div class='ocr_carea' id='block_1_113' title="bbox 2391 5266 2841 5325">
    <p class='ocr_par' dir='ltr' id='par_1_113' title="bbox 2391 5266 2841 5325">
     <span class='ocr_line' id='line_1_113' title="bbox 2391 5266 2841 5325; baseline -0.013 0"><span class='ocrx_word' id='word_1_916' title='bbox 2391 5266 2841 5325; x_wconf 78' lang='lat' dir='ltr'><strong>ENARRATIO.</strong></span> 
     </span>
    </p>
   </div>
   <div class='ocr_carea' id='block_1_114' title="bbox 1896 5346 3394 5434">
    <p class='ocr_par' dir='ltr' id='par_1_114' title="bbox 1896 5346 3394 5434">
     <span class='ocr_line' id='line_1_114' title="bbox 1896 5346 3394 5434; baseline -0.015 -13"><span class='ocrx_word' id='word_1_917' title='bbox 1896 5366 2074 5421; x_wconf 80' lang='lat' dir='ltr'><strong>Verba</strong></span> <span class='ocrx_word' id='word_1_918' title='bbox 2122 5364 2284 5434; x_wconf 87' lang='lat' dir='ltr'><strong>hujus</strong></span> <span class='ocrx_word' id='word_1_919' title='bbox 2328 5361 2518 5431; x_wconf 87' lang='lat' dir='ltr'><strong>psalmi</strong></span> <span class='ocrx_word' id='word_1_920' title='bbox 2554 5357 2832 5412; x_wconf 83' lang='lat' dir='ltr'><strong>referenda</strong></span> <span class='ocrx_word' id='word_1_921' title='bbox 2864 5361 2988 5411; x_wconf 87' lang='lat' dir='ltr'><strong>sunt</strong></span> <span class='ocrx_word' id='word_1_922' title='bbox 3040 5368 3093 5404; x_wconf 80' lang='lat' dir='ltr'><strong>tn</strong></span> <span class='ocrx_word' id='word_1_923' title='bbox 3132 5349 3307 5417; x_wconf 85' lang='lat' dir='ltr'><strong>linem,</strong></span> <span class='ocrx_word' id='word_1_924' title='bbox 3341 5346 3394 5400; x_wconf 91' lang='lat' dir='ltr'><strong>id</strong></span> 
     </span>
    </p>
   </div>
   <div class='ocr_carea' id='block_1_115' title="bbox 1825 5434 3397 5522">
    <p class='ocr_par' dir='ltr' id='par_1_115' title="bbox 1825 5434 3397 5522">
     <span class='ocr_line' id='line_1_115' title="bbox 1825 5434 3397 5522; baseline -0.017 -9"><span class='ocrx_word' id='word_1_925' title='bbox 1825 5467 1927 5521; x_wconf 92' lang='lat' dir='ltr'><strong>est,</strong></span> <span class='ocrx_word' id='word_1_926' title='bbox 1954 5458 2006 5512; x_wconf 92' lang='lat' dir='ltr'><strong>in</strong></span> <span class='ocrx_word' id='word_1_927' title='bbox 2040 5456 2186 5510; x_wconf 90' lang='lat' dir='ltr'><strong>illum</strong></span> <span class='ocrx_word' id='word_1_928' title='bbox 2218 5454 2309 5522; x_wconf 88' lang='lat' dir='ltr'><strong>qui</strong></span> <span class='ocrx_word' id='word_1_929' title='bbox 2339 5452 2459 5506; x_wconf 84' lang='lat' dir='ltr'><strong>finis</strong></span> <span class='ocrx_word' id='word_1_930' title='bbox 2492 5459 2595 5511; x_wconf 90' lang='lat' dir='ltr'><strong>est,</strong></span> <span class='ocrx_word' id='word_1_931' title='bbox 2638 5462 2743 5501; x_wconf 85' lang='lat' dir='ltr'><strong>non</strong></span> <span class='ocrx_word' id='word_1_932' title='bbox 2778 5446 2828 5498; x_wconf 92' lang='lat' dir='ltr'><strong>in</strong></span> <span class='ocrx_word' id='word_1_933' title='bbox 2858 5438 3186 5497; x_wconf 86' lang='lat' dir='ltr'><strong>historialem</strong></span> <span class='ocrx_word' id='word_1_934' title='bbox 3229 5434 3397 5489; x_wconf 87' lang='lat' dir='ltr'><strong>David</strong></span> 
     </span>
    </p>
   </div>
   <div class='ocr_carea' id='block_1_116' title="bbox 1826 5528 3393 5614">
    <p class='ocr_par' dir='ltr' id='par_1_116' title="bbox 1826 5528 3393 5614">
     <span class='ocr_line' id='line_1_116' title="bbox 1826 5528 3393 5614; baseline -0.015 -9"><span class='ocrx_word' id='word_1_935' title='bbox 1826 5547 2165 5605; x_wconf 84' lang='lat' dir='ltr'><strong>attribuenda</strong></span> <span class='ocrx_word' id='word_1_936' title='bbox 2192 5544 2295 5614; x_wconf 87' lang='lat' dir='ltr'><strong>ipsi</strong></span> <span class='ocrx_word' id='word_1_937' title='bbox 2318 5542 2509 5606; x_wconf 84' lang='lat' dir='ltr'><strong>David,</strong></span> <span class='ocrx_word' id='word_1_938' title='bbox 2541 5541 2591 5594; x_wconf 89' lang='lat' dir='ltr'><strong>id</strong></span> <span class='ocrx_word' id='word_1_939' title='bbox 2623 5547 2729 5601; x_wconf 87' lang='lat' dir='ltr'><strong>est,</strong></span> <span class='ocrx_word' id='word_1_940' title='bbox 2755 5534 3085 5605; x_wconf 85' lang='lat' dir='ltr'><strong>dignioribus</strong></span> <span class='ocrx_word' id='word_1_941' title='bbox 3109 5528 3393 5583; x_wconf 88' lang='lat' dir='ltr'><strong>membris:</strong></span> 
     </span>
    </p>
   </div>
   <div class='ocr_carea' id='block_1_117' title="bbox 1826 5622 3400 5706">
    <p class='ocr_par' dir='ltr' id='par_1_117' title="bbox 1826 5622 3400 5706">
     <span class='ocr_line' id='line_1_117' title="bbox 1826 5622 3400 5706; baseline -0.016 -8"><span class='ocrx_word' id='word_1_942' title='bbox 1826 5640 2072 5698; x_wconf 86' lang='lat' dir='ltr'><strong>habenda</strong></span> <span class='ocrx_word' id='word_1_943' title='bbox 2116 5638 2173 5691; x_wconf 88' lang='lat' dir='ltr'><strong>in</strong></span> <span class='ocrx_word' id='word_1_944' title='bbox 2202 5636 2427 5706; x_wconf 83' lang='lat' dir='ltr'><strong>hymnis,</strong></span> <span class='ocrx_word' id='word_1_945' title='bbox 2477 5633 2528 5687; x_wconf 93' lang='lat' dir='ltr'><strong>id</strong></span> <span class='ocrx_word' id='word_1_946' title='bbox 2569 5640 2651 5686; x_wconf 87' lang='lat' dir='ltr'><strong>est</strong></span> <span class='ocrx_word' id='word_1_947' title='bbox 2694 5632 2747 5684; x_wconf 92' lang='lat' dir='ltr'><strong>in</strong></span> <span class='ocrx_word' id='word_1_948' title='bbox 2780 5627 3046 5682; x_wconf 90' lang='lat' dir='ltr'><strong>laudibus.</strong></span> <span class='ocrx_word' id='word_1_949' title='bbox 3095 5622 3220 5693; x_wconf 85' lang='lat' dir='ltr'><strong>Agit</strong></span> <span class='ocrx_word' id='word_1_950' title='bbox 3268 5634 3400 5691; x_wconf 87' lang='lat' dir='ltr'><strong>ergo</strong></span> 
     </span>
    </p>
   </div>
   <div class='ocr_carea' id='block_1_118' title="bbox 1826 5709 3397 5798">
    <p class='ocr_par' dir='ltr' id='par_1_118' title="bbox 1826 5709 3397 5798">
     <span class='ocr_line' id='line_1_118' title="bbox 1826 5709 3397 5798; baseline -0.015 -13"><span class='ocrx_word' id='word_1_951' title='bbox 1826 5730 2064 5786; x_wconf 87' lang='lat' dir='ltr'><strong>Ecclesia</strong></span> <span class='ocrx_word' id='word_1_952' title='bbox 2092 5729 2144 5782; x_wconf 94' lang='lat' dir='ltr'><strong>in</strong></span> <span class='ocrx_word' id='word_1_953' title='bbox 2166 5724 2578 5798; x_wconf 89' lang='lat' dir='ltr'><strong>perfectioribus</strong></span> <span class='ocrx_word' id='word_1_954' title='bbox 2600 5718 2857 5774; x_wconf 90' lang='lat' dir='ltr'><strong>membris</strong></span> <span class='ocrx_word' id='word_1_955' title='bbox 2878 5716 3079 5789; x_wconf 85' lang='lat' dir='ltr'><strong>gratias</strong></span> <span class='ocrx_word' id='word_1_956' title='bbox 3100 5714 3229 5777; x_wconf 87' lang='lat' dir='ltr'><strong>Deo,</strong></span> <span class='ocrx_word' id='word_1_957' title='bbox 3253 5709 3397 5781; x_wconf 91' lang='lat' dir='ltr'><strong>quod</strong></span> 
     </span>
    </p>
   </div>
   <div class='ocr_carea' id='block_1_119' title="bbox 1829 5799 3395 5884">
    <p class='ocr_par' dir='ltr' id='par_1_119' title="bbox 1829 5799 3395 5884">
     <span class='ocr_line' id='line_1_119' title="bbox 1829 5799 3395 5884; baseline -0.014 -8"><span class='ocrx_word' id='word_1_958' title='bbox 1829 5822 1953 5878; x_wconf 82' lang='lat' dir='ltr'><strong>fecit</strong></span> <span class='ocrx_word' id='word_1_959' title='bbox 1998 5836 2091 5876; x_wconf 86' lang='lat' dir='ltr'><strong>eos</strong></span> <span class='ocrx_word' id='word_1_960' title='bbox 2120 5820 2254 5874; x_wconf 89' lang='lat' dir='ltr'><strong>fines</strong></span> <span class='ocrx_word' id='word_1_961' title='bbox 2281 5825 2456 5879; x_wconf 47' lang='lat' dir='ltr'><strong>terrai,</strong></span> <span class='ocrx_word' id='word_1_962' title='bbox 2481 5815 2623 5884; x_wconf 86' lang='lat' dir='ltr'><strong>quod</strong></span> <span class='ocrx_word' id='word_1_963' title='bbox 2674 5812 2725 5867; x_wconf 92' lang='lat' dir='ltr'><strong>in</strong></span> <span class='ocrx_word' id='word_1_964' title='bbox 2757 5818 2907 5882; x_wconf 85' lang='lat' dir='ltr'><strong>petra</strong></span> <span class='ocrx_word' id='word_1_965' title='bbox 2946 5806 3221 5871; x_wconf 78' lang='lat' dir='ltr'><strong>exultavit,</strong></span> <span class='ocrx_word' id='word_1_966' title='bbox 3254 5799 3395 5874; x_wconf 83' lang='lat' dir='ltr'><strong>quod</strong></span> 
     </span>
    </p>
   </div>
  </div>
