3884 5562
465 405 578 466 4έοῖ

1107 408 1361 465 REIeilGll
1401 405 2054 464 ANTISSIODORENSIS
2093 405 2242 464 OPP.
2287 406 2485 463 PARS.
2527 407 2653 464 1.-
2682 404 3086 464 EXEGETICA.
3622 406 3724 462 448

475 521 717 584 deduxit,
750 521 893 590 quod
944 520 1314 590 lnprcditatem
1340 519 1505 573 dabit.
1538 518 1721 574 Potest
1748 517 1910 572 ctiam
1946 516 2046 588 legi
2077 520 2124 578 Α
2155 517 2362 586 rantes?
2409 533 2479 570 an
2544 517 2796 571 auditas?
2854 533 2924 570 an
2983 512 3310 585 persecutio?
3364 529 3434 568 an
3479 513 3727 584 gladius!

473 615 532 674 in
558 633 692 674 voce
714 616 926 687 capitis,
959 615 1054 672 sed
1083 631 1181 685 pro
1212 615 1490 671 membris.

547 705 784 771 Exaudi,
826 708 988 772 Deus,
1033 707 1446 776 deprecationem
1491 722 1684 772 meam,
1734 705 1787 762 id
1813 714 1898 762 est
1924 721 2050 761 ora-

474 794 678 849 tionem
716 794 910 849 factam
944 810 1041 865 pro
1079 794 1314 865 peccatis
1358 794 1514 859 meis,
1563 810 1683 865 qua:
1725 795 1971 852 contraxi
1999 807 2055 851 et

477 884 716 953 quotidie
764 886 1024 940 contraho
1063 885 1384 939 necessitate
1408 885 1536 950 vim;
1565 885 1650 940 vel
1694 901 1792 955 pro
1818 886 2053 956 peccatis

477 975 988 1042 commembrorum,
1031 991 1148 1046 quae
1195 974 1496 1039 inﬁrmiora
1547 985 1674 1032 sunt
1709 993 1724 1032 :
1763 992 1884 1048 qua:
1931 991 2051 1034 mea

481 1072 692 1133 reputo,
721 1064 850 1132 quia
890 1063 944 1117 in
978 1079 1082 1121 uno
1107 1079 1334 1134 corpore
1379 1065 1423 1121 si
1463 1066 1666 1135 patitur
1693 1082 1856 1121 unum
1888 1083 2054 1124 mem-

475 1151 650 1216 brum,
697 1152 1098 1222 compatiuntur
1141 1163 1196 1208 et
1243 1153 1347 1208 alia
1395 1155 1637 1209 membra
1679 1153 1730 1226 (1
1775 1155 1898 1210 Cor.
1929 1156 2050 1227 xu).

479 1239 695 1294 Intende
717 1243 942 1296 orationi
976 1260 1126 1310 mete,
1156 1244 1316 1299 facta;
1342 1259 1440 1314 pro
1467 1245 1868 1314 perseverantia
1897 1247 2052 1302 bona:

475 1333 620 1388 vitm.
652 1334 719 1388 Et
746 1335 944 1390 merito
978 1336 1238 1392 cxaudics
1268 1355 1281 1392 :
1313 1337 1439 1406 quia
1463 1354 1495 1390 a
1517 1337 1710 1406 ﬁnibus
1737 1346 1889 1392 teme
1909 1338 1978 1391 ad
2003 1347 2053 1393 te

473 1421 694 1478 clamavi
717 1440 735 1478 :
762 1424 880 1480 ideo
928 1426 1211 1480 devotione
1248 1434 1304 1481 et
1340 1441 1503 1496 opere
1542 1441 1759 1482 omnem
1805 1427 2055 1484 intentio—

475 1527 596 1582 nem
618 1530 793 1569 meam
817 1516 884 1570 ad
917 1526 967 1571 te
985 1516 1402 1586 promerendum
1425 1517 1592 1574 direxi
1613 1535 1646 1572 a
1663 1519 1857 1588 ﬁnibus
1878 1530 2054 1590 terrm,

477 1605 653 1670 idest,
677 1621 866 1661 omnes
899 1616 1142 1663 terrenas
1162 1608 1694 1680 concupiscentiasin
1723 1625 1810 1664 me
1838 1609 2054 1678 (iniens,

476 1707 506 1744 a
539 1693 718 1749 medio
749 1702 925 1760 terrm,
960 1696 1147 1765 procul
1187 1711 1275 1751 me
1321 1711 1618 1752 amovens:
1645 1697 1774 1752 dum
1808 1700 2056 1766 anxiare-

475 1791 562 1834 tur
601 1799 691 1836 cor
722 1800 914 1850 meum,
956 1785 1008 1839 id
1048 1795 1149 1849 est,
1184 1788 1310 1841 dum
1359 1786 1508 1842 nolui
1553 1787 1644 1844 hic
1687 1803 1807 1844 esse
1847 1789 2053 1859 absque

2154 606 2325 677 (Rom.
2375 606 2517 676 vm.)
2567 621 2698 676 ergo
2727 606 3026 661 inltabitabo
3056 606 3109 658 in
3148 603 3488 660 tabernaculo
3531 615 3648 670 tuo,
3674 605 3727 662 id

2151 705 2257 764 est,
2305 698 2546 754 militabo
2595 698 2648 752 in
2708 696 2946 752 Ecclesia
3000 707 3108 762 tua,
3158 711 3264 751 non
3311 695 3439 750 inde
3485 694 3728 775 dimove-

2153 789 2253 846 bor
2290 791 2344 843 in
2398 790 2616 854 amcitia,
2643 803 2815 860 usque
2853 788 2978 843 dum
3019 786 3086 841 ad
3133 786 3491 842 aeternitatem
3534 801 3728 857 perve-

2153 878 2297 934 niam
2330 895 2344 932 :
2376 877 2458 932 vel
2487 879 2540 931 in
2568 877 2782 942 swcula,
2833 876 2888 931 id
2917 884 3024 943 est,
3081 889 3178 946 per
3201 875 3384 931 omnia
3424 875 3543 930 haec
3593 886 3728 931 tem-

2152 983 2282 1038 pora
2307 985 2322 1023 :
2350 970 2537 1025 saaviat
2562 977 2748 1039 aperte
2779 968 2880 1032 leo,
2934 967 3116 1023 saeviat
3149 967 3371 1040 occulte
3399 968 3585 1034 draco,
3633 982 3728 1021 ve-

2153 1061 2306 1116 niant
2350 1063 2807 1132 perturbationes,
2864 1060 3083 1116 veniant
3109 1059 3381 1125 scandala,
3413 1060 3526 1132 Ego
3553 1070 3730 1116 tamen

2154 1150 2452 1236 inltabitabo
2483 1152 2538 1206 in
2570 1150 2906 1206 tabernaculo
2939 1160 3052 1217 tuo,
3076 1151 3129 1206 in
3162 1150 3288 1218 ﬁde,
3318 1166 3416 1222 spe
3444 1161 3501 1217 et
3546 1153 3732 1208 chari-

2155 1253 2282 1301 tate.
2309 1243 2422 1299 Hoc
2449 1252 2630 1302 tamen
2667 1259 2774 1299 non
2816 1259 2920 1314 ope
2949 1258 3091 1310 mea,
3133 1244 3226 1299 sed
3253 1253 3503 1315 protegar
3525 1245 3598 1300 ab
3627 1244 3730 1298 ini-

2153 1335 2308 1391 micis
2341 1353 2354 1390 :
2395 1336 2449 1388 in
2487 1333 2772 1390 velamento
2809 1334 3017 1389 alarum
3072 1344 3310 1399 tuarum,
3351 1334 3572 1406 gemina
3605 1335 3733 1389 cha-

2153 1425 2315 1482 ritate
2345 1425 2658 1495 amplectar,
2684 1440 2788 1496 qua
2811 1440 2918 1479 non
2939 1423 3110 1480 solum
3143 1431 3214 1490 te,
3247 1424 3343 1480 sed
3372 1432 3428 1479 et
3453 1423 3734 1480 inimicum

2155 1514 2372 1585 diligam
2407 1524 2630 1585 propter
2653 1523 2728 1569 te.
2751 1513 2819 1568 Et
2859 1527 3043 1568 revera
3075 1523 3350 1583 protegar,
3380 1515 3636 1584 quoniam
3658 1524 3735 1578 tu,

2156 1603 2295 1658 Deus
2325 1620 2488 1667 meus,
2527 1619 2688 1674 quem
2741 1603 2914 1660 solum
2969 1602 3156 1673 diligo,
3203 1603 3271 1658 ad
3321 1618 3486 1672 quem
3535 1603 3735 1667 clamo,

2154 1692 2415 1759 exaudiui
2445 1694 2738 1748 orationem
2776 1708 2969 1756 meam,
3023 1691 3076 1747 id
3124 1699 3208 1747 est
3234 1690 3498 1746 exaudies
3536 1689 3736 1746 factam

2156 1800 2256 1855 pro
2295 1783 2696 1854 perseverantia
2727 1799 2742 1836 :
2779 1783 2923 1850 quod
2972 1782 3027 1837 in
3068 1783 3169 1837 hoc
3202 1790 3413 1837 certum
3449 1781 3582 1846 erit,
3614 1781 3738 1852 quia

475 1868 662 1927 labore
689 1881 744 1927 et
771 1875 1084 1931 tentatione.
1116 1874 1240 1932 Scio
1275 1877 1420 1931 enim
1467 1877 1594 1948 quia
1625 1891 1784 1934 nemo
1807 1893 1912 1934 non
1939 1890 2053 1935 ten-
2083 1868 2128 1928 Β
2157 1875 2368 1940 dedisti,
2401 1873 2452 1928 id
2488 1881 2592 1938 est,
2634 1872 2789 1928 dabis
2813 1872 2896 1927 vel
2931 1870 3042 1941 jam
3079 1871 3269 1926 dedisti
3309 1870 3536 1926 Christo
3575 1874 3636 1925 in
3660 1885 3737 1936 re,

475 1961 642 2032 tatus,
672 1967 774 2022 sibi
800 1976 881 2022 est
906 1969 1327 2038 agnitus.Nemo
1353 1970 1702 2026 coronabitur
1726 1971 1829 2027 nisi
1852 1972 1942 2041 qui
1972 1972 2052 2026 vis

475 2059 614 2114 cerit
636 2057 718 2131 (11
750 2059 882 2113 Tim.
908 2066 967 2132 ιι)
991 2077 1006 2126 ;
1031 2074 1190 2116 nemo
1232 2062 1406 2117 victor
1430 2062 1534 2118 crit
1560 2063 1661 2118 nisi
1692 2063 1783 2133 qui
1813 2073 2056 2120 certave-

475 2147 577 2212 rit;
617 2163 777 2203 nemo
802 2157 979 2204 autem
1006 2150 1237 2205 certabit
1259 2151 1360 2206 nisi
1384 2151 1590 2207 hostem
1616 2151 1882 2208 habuerit.
1913 2154 2054 2209 Dum

473 2240 786 2294 anxiaretur
820 2258 912 2296 cor
953 2259 1148 2309 meum,
1173 2243 1224 2297 id
1255 2251 1357 2307 est,
1392 2242 1519 2298 dum
1547 2252 1834 2312 augeretur
1859 2245 2057 2301 timens

476 2347 584 2385 non
629 2332 802 2388 solum
835 2333 885 2387 in
931 2333 1014 2390 bis
1047 2350 1168 2404 qum
1206 2334 1294 2388 hic
1320 2349 1529 2400 amara,
1562 2333 1654 2389 sed
1691 2334 1856 2391 etiam
1877 2335 1929 2389 in
1954 2335 2057 2392 illis

478 2436 600 2490 qum
644 2422 898 2478 videntur
943 2423 1118 2480 dulcia
1155 2441 1167 2477 :
1204 2425 1516 2480 anxiaretur
1542 2425 1684 2490 dico,
1733 2441 1838 2480 non
1874 2436 2054 2482 tamen

478 2520 825 2580 superaretur
869 2530 883 2566 :
927 2514 1046 2568 ideo
1085 2523 1263 2570 autem
1307 2531 1412 2570 non
1461 2515 1788 2582 vinceretur,
1837 2519 1960 2586 quia
2000 2520 2054 2573 in

477 2611 622 2669 petra
647 2603 891 2656 exaltasti
915 2621 1017 2670 me,
1039 2605 1125 2659 vel
1156 2608 1401 2675 exemplo
1431 2605 1747 2661 humilitatis
1773 2615 1826 2663 et
1848 2609 2058 2677 patien-

480 2690 571 2745 tiae
595 2690 794 2746 Christi
826 2692 949 2747 Filii
984 2695 1059 2750 tui
1096 2695 1484 2751 conformatqu
1531 2696 1798 2764 solidasti,
1831 2707 1890 2753 ut
1915 2699 2057 2754 sicut

479 2777 569 2832 ille
605 2786 840 2835 tentatus
868 2790 952 2836 est
995 2791 1049 2838 et
1090 2798 1301 2853 passus,
1333 2793 1385 2839 et
1416 2799 1520 2838 non
1551 2795 1634 2840 est
1675 2797 1872 2849 motus,
1898 2788 1969 2840 ita
2001 2797 2054 2843 el

477 2882 578 2937 ego
611 2867 753 2924 illius
795 2871 1021 2941 vestigia
1050 2887 1301 2942 sequens.
1343 2873 1611 2928 Exaltastt’
1641 2875 1762 2931 dico
1786 2889 1818 2929 a
1843 2875 2056 2931 turbine

479 2956 639 3027 hujus
673 2960 986 3028 procellosm
1011 2972 1067 3015 et
1087 2977 1405 3018 aerumnosa:
1437 2963 1580 3017 vitaz.
1619 2963 1682 3018 Et
1707 2965 1965 3021 exultavit
1999 2966 2054 3022 in

480 3058 628 3115 petra
659 3063 678 3102 :
707 3049 970 3103 deduxisti
999 3067 1079 3104 me
1105 3067 1202 3120 per
1223 3050 1736 3119 setuitamjustitite,
1760 3061 1820 3108 ut
1842 3067 1937 3122 per
1959 3069 2054 3130 eas

480 3135 546 3187 ad
571 3136 801 3204 patriam
833 3139 1085 3196 redirem.
1112 3139 1192 3194 Tu
1218 3141 1504 3206 deduxisti,
1527 3142 1651 3212 quia
1674 3143 1781 3196 dux
1809 3142 1863 3197 in
1886 3143 2055 3214 teipso

2158 1963 2313 2019 nobis
2339 1963 2392 2018 in
2420 1977 2535 2030 spe,
2560 1962 2938 2026 hazreditatem,
2965 1959 3017 2014 id
3048 1969 3160 2024 est,
3185 1958 3661 2015 immortalitatem
3689 1967 3742 2014 et

2158 2053 2799 2125 impassibilitatem,non
2819 2051 3097 2116 omnibus,
3112 2048 3206 2104 sed
3229 2049 3533 2103 timentibus
3555 2065 3740 2102 nomen

2157 2157 2329 2213 tuum,
2371 2160 2478 2202 non
2515 2144 2686 2202 solum
2716 2153 2790 2211 te,
2832 2143 2925 2199 sed
2955 2141 3121 2198 etiam
3149 2157 3336 2196 nautea
3364 2150 3519 2194 tuum
3546 2141 3739 2195 timore

2157 2248 2353 2296 casto:
2393 2238 2601 2294 scilicet
2652 2236 2967 2293 timentibus
3013 2234 3254 2306 separari
3281 2249 3312 2287 a
3345 2242 3417 2297 te,
3448 2233 3542 2304 qui
3591 2248 3654 2288 es
3682 2232 3739 2286 ti-

2156 2344 2298 2394 mor,
2325 2329 2450 2400 quia
2482 2327 2671 2384 Graece
2721 2326 2852 2392 ὂόος,
2886 2326 3030 2381 unde
3055 2333 3109 2380 et
3137 2323 3278 2379 Deus
3303 2323 3519 2388 Latine,
3551 2324 3734 2378 timor.

2158 2418 2348 2475 Solent
2383 2418 2640 2474 mortales
2676 2418 2771 2472 lilii
2802 2417 3030 2473 mortuis
3069 2414 3385 2484 parentibus
3417 2415 3472 2468 in
3510 2414 3740 2470 mercdi-

2158 2518 2319 2565 tatem
2363 2509 2678 2572 suecedere,
2717 2508 2809 2564 sed
2838 2506 3079 2561 viventes
3107 2503 3199 2557 filii
3235 2503 3325 2558 tibi
3365 2503 3566 2558 viventi
3605 2503 3740 2558 etin

2156 2611 2420 2656 aeternum
2467 2597 2716 2670 regnanti
2759 2595 3076 2654 succedunt.
3116 2593 3240 2649 Haec
3266 2603 3352 2648 est
3389 2594 3482 2648 illa
3513 2593 3745 2648 haeredi-

2159 2699 2262 2753 tas,
2303 2689 2510 2743 scilicet
2549 2687 2844 2755 aeternitas,
2886 2700 3049 2755 quam
3082 2684 3187 2739 tuis
3225 2683 3401 2738 dabis.
3433 2682 3557 2737 Dies
3586 2699 3743 2752 super

2155 2782 2266 2836 dies
2313 2779 2444 2850 regis
2489 2778 2725 2848 adjicies.
2779 2777 2863 2833 Ad
2904 2777 3018 2830 dies
3059 2774 3217 2842 hujus
3268 2774 3420 2844 regni
3452 2773 3744 2840 ﬁniendos,

2156 2871 2379 2941 adjicies
2403 2869 2514 2940 regi
2547 2877 2731 2923 nostro
2761 2868 2872 2922 dies
2907 2876 3139 2923 aeternos
3170 2881 3183 2918 :
3214 2863 3280 2918 ad
3302 2865 3413 2918 dies
3457 2863 3551 2934 qui
3581 2873 3743 2918 nocte

2155 2961 2522 3024 clauduntur,
2571 2956 2792 3028 adjicies
2844 2957 2961 3012 dies
3005 2955 3098 3026 qui
3154 2953 3297 3009 nulla
3374 2962 3536 3010 nocte
3593 2953 3742 3008 clau-

2157 3045 2378 3106 duntur.
2433 3048 2548 3104 Etsi
2615 3061 2712 3103 rex
2770 3047 2827 3102 in
2860 3055 3122 3103 aeternum
3173 3044 3439 3114 regnabit,
3486 3053 3544 3099 et
3588 3045 3741 3115 regni

2157 3141 2275 3212 ejus
2320 3156 2427 3197 non
2471 3141 2579 3196 erit
2616 3140 2765 3209 ﬁnis,
2800 3141 2892 3210 qui
2925 3148 3053 3196 sunt
3079 3138 3152 3193 illi
3189 3138 3283 3208 qui
3314 3138 3507 3193 timent
3535 3153 3737 3192 nomen

441 3225 445 3230 ’
481 3229 630 3295 prius
661 3237 918 3297 tentatus,
938 3233 1087 3304 prius
1106 3249 1316 3305 passus.
1344 3236 1410 3290 Et
1440 3236 1494 3290 in
1520 3245 1571 3290 te
1602 3237 1969 3308 duxisti,quia
2000 3247 2054 3294 tu
2083 3216 2129 3280 C
2161 3233 2276 3288 Dei.
2310 3232 2380 3288 Et
2423 3232 2551 3303 quia
2579 3232 2758 3287 minus
2797 3231 3010 3286 videtur
3043 3230 3268 3294 dictum,
3308 3229 3443 3295 dies,
3484 3230 3607 3284 ideo
3639 3245 3738 3282 au-

483 3319 602 3386 via;
634 3320 787 3391 juxta
826 3321 957 3378 illud
991 3341 1005 3378 :
1035 3319 1165 3390 Quae
1203 3326 1350 3396 coepit
1390 3325 1547 3380 Jesus
1575 3327 1751 3395 facere
1787 3337 1834 3382 et
1871 3328 2056 3384 docere

479 3410 619 3480 (Art.
648 3412 710 3483 t).
744 3411 857 3468 Hoc
894 3413 1053 3470 modo
1089 3415 1292 3483 docuit,
1324 3430 1421 3486 per
1451 3431 1613 3486 quam
1659 3417 1804 3472 viam
1827 3418 1898 3474 sit
1923 3401 2058 3474 cun?

481 3504 626 3566 dum,
665 3504 870 3561 scilicet
897 3506 1048 3576 prius
1073 3505 1379 3562 faciendum
1410 3515 1465 3561 et
1493 3515 1680 3577 postea
1706 3507 2005 3564 docendum
2035 3525 2053 3564 :

481 3605 538 3648 et
562 3595 629 3649 ad
652 3609 714 3650 se
736 3596 904 3660 ducit,
925 3596 1050 3666 quia
1076 3596 1188 3666 ipse
1213 3597 1383 3665 patria
1405 3605 1507 3652 est.
1539 3595 1707 3652 Nemo
1734 3597 1877 3652 enim
1901 3606 2057 3654 extra

481 3688 634 3741 illum
672 3687 737 3742 ad
759 3688 988 3756 patriam
1035 3689 1351 3760 perveniet:
1378 3689 1499 3744 ideo
1531 3697 1588 3744 tu
1616 3703 1676 3744 es
1695 3688 1888 3745 ductor
1924 3689 2057 3746 mihi

483 3778 721 3833 tendenti
749 3779 815 3833 ad
844 3779 1097 3849 patriam,
1129 3779 1252 3851 quia
1276 3780 1447 3849 factus
1473 3796 1527 3834 es
1554 3796 1668 3849 spes
1697 3796 1832 3834 mea.
1857 3781 2062 3850 Despe-

484 3880 659 3920 rarcm
689 3866 813 3922 illuc
843 3868 1145 3938 pervenire,
1171 3869 1273 3923 nisi
1304 3877 1360 3923 tu
1390 3869 1726 3939 praecederes
1768 3884 1868 3939 per
1895 3870 2054 3936 dura,

480 3972 577 4025 per
603 3971 817 4026 aSpera,
841 3958 1121 4015 moriendo
1145 3968 1200 4014 et
1226 3959 1554 4030 resurgendo
1582 3976 1597 4012 :
1623 3959 1906 4015 ostendisti
1935 3975 2057 4016 mo!

482 4049 673 4104 riendo
717 4048 980 4116 laborem,
1035 4051 1368 4123 resurgendo
1424 4051 1726 4121 praimium.
1759 4053 1885 4108 Duae
1928 4060 2058 4110 sunt

480 4141 605 4194 vitae
646 4159 660 4195 :
701 4155 806 4196 una
848 4156 1012 4211 quam
1058 4143 1340 4209 habemus,
1390 4143 1497 4199 alia
1544 4160 1706 4216 quam
1753 4160 2054 4215 speramus.

481 4230 692 4284 Nullam
719 4231 869 4301 prius
893 4231 1172 4300 scivimus,
1206 4233 1308 4289 nisi
1344 4233 1486 4290 hanc
1514 4235 1797 4291 mortalem
1823 4244 1880 4292 et
1909 4245 2058 4292 tran-

479 4321 755 4387 sitoriam;
796 4336 896 4378 nec
921 4322 1228 4380 desiderare
1253 4324 1355 4380 nisi
1383 4325 1496 4381 haec
1526 4327 1840 4397 temporalia
1860 4327 2005 4384 bona
2038 4346 2053 4386 :

478 4415 569 4470 ille
599 4416 732 4470 duas
761 4415 902 4471 vitas
943 4429 1064 4473 esse
1096 4417 1301 4484 docuit,
1345 4434 1506 4474 unam
1550 4418 1776 4486 laboris,
1829 4420 2056 4477 alteram

482 4506 720 4573 praemii;
753 4521 916 4562 unam
945 4506 1210 4566 habemus
1239 4508 1300 4566 in
1331 4524 1410 4576 re,
1441 4509 1669 4566 alteram
1710 4510 1766 4565 in
1807 4525 1920 4580 spe.
1953 4511 2060 4567 To-

484 4594 718 4652 leremus
757 4609 888 4666 ergo
918 4595 1065 4651 illam
1097 4597 1151 4653 in
1171 4613 1276 4668 qua
1304 4589 1784 4670 sumusfexemplo
1804 4599 1969 4668 illius,
1995 4609 2057 4658 ut
2083 4593 2133 4654 D

485 4689 700 4744 tandem
751 4688 1129 4759 perveniamus
1155 4690 1222 4747 ad
1251 4689 1399 4745 illam
1438 4705 1602 4762 quam
1647 4706 1965 4763 speramus;
2000 4701 2056 4750 et

483 4796 591 4836 non
643 4781 814 4836 solum
855 4797 1001 4853 spes,
1051 4783 1146 4839 sed
1186 4789 1244 4839 et
1276 4781 1438 4838 turris
1485 4783 1917 4856 fortitudinis,“
1948 4793 2052 4852 est,

483 4872 636 4927 firma
669 4875 917 4941 munitio,
944 4891 977 4929 a
1006 4876 1163 4946 facie,
1207 4876 1392 4946 idest,
1419 4891 1452 4931 a
1483 4885 1690 4933 terrore
1711 4884 1763 4932 et
1804 4892 2058 4949 persecu-

483 4960 630 5016 tione
671 4962 893 5030 inimici,
922 4971 982 5018 ut
1005 4978 1111 5020 non
1136 4965 1332 5022 laedere
1354 4965 1589 5037 possint.
1637 4964 1753 5023 Hoc
1784 4967 1946 5022 modo
1973 4975 2058 5022 est

482 5055 598 5125 ipse
629 5055 784 5111 ﬁrma
815 5057 998 5113 turris.
1044 5057 1332 5115 Patiuntur
1358 5059 1577 5131 quidem
1603 5066 1874 5130 martyres
1901 5059 2057 5114 Chri-

482 5145 550 5172 ι-ιε
601 5147 692 5170 μ’
724 5162 741 5166 ~
870 5147 884 5162 ‘
925 5147 953 5160 "
994 5149 1007 5158 ‘
1134 5147 1186 5200 ἰ
1214 5149 1530 5206 certamine,
1555 5148 1681 5204 auia
1709 5149 1916 5202 intrant
1937 5140 2056 5198 mn-

2157 3336 2249 3400 get
2277 3345 2292 3383 :
2321 3342 2488 3382 annos
2512 3325 2649 3396 ejus,
2678 3324 2936 3380 subaudis
2962 3322 3201 3392 adjiciet,
3228 3338 3391 3392 usque
3411 3323 3466 3375 in
3488 3322 3628 3375 diem
3657 3337 3740 3390 ge-

2158 3418 2445 3474 nerationis
2474 3427 2522 3472 et
2563 3415 2934 3488 generationis,
2985 3415 3039 3471 id
3085 3421 3190 3480 est,
3227 3428 3401 3484 usque
3434 3412 3488 3467 in
3523 3422 3741 3482 tempus

2156 3508 2528 3580 generationis
2555 3522 2675 3578 quae
2706 3522 2850 3563 nunc
2876 3514 2984 3574 est,
3029 3516 3085 3562 et
3112 3505 3328 3562 futurte.
3359 3504 3466 3560 Sed
3489 3505 3604 3559 sive
3629 3506 3742 3558 dies

2158 3602 2427 3667 dicantur,
2454 3599 2572 3655 sive
2603 3599 2752 3664 anni,
2786 3597 2966 3654 minus
3003 3597 3205 3652 dicitur
3227 3611 3389 3666 quam
3413 3605 3518 3650 est.
3545 3595 3745 3652 Osten-

2158 3693 2237 3749 dit
2262 3706 2382 3762 qua:
2406 3690 2480 3747 sit
2507 3689 2598 3746 illa
2646 3688 2831 3744 futura
2857 3686 3135 3758 generatio
3161 3694 3473 3756 :.permanet
3502 3685 3559 3737 in
3583 3695 3739 3738 reter-

2158 3801 2282 3841 num
2319 3785 2376 3839 in
2421 3791 2697 3854 conspectu
2745 3781 2843 3836 Dei
2889 3780 3014 3835 talis
3047 3788 3103 3835 et
3126 3785 3328 3842 tantus,
3361 3787 3422 3831 ut
3451 3778 3647 3847 dignus
3670 3776 3741 3831 sit

2156 3885 2444 3949 conspectu
2475 3875 2590 3931 Dei.
2631 3875 2698 3929 Et
2735 3873 2862 3945 quia
2897 3881 3080 3929 tantus
3113 3881 3195 3927 est
3223 3886 3323 3925 rex
3357 3871 3468 3937 ille,
3495 3879 3553 3925 et
3579 3869 3732 3942 regni

2156 3968 2276 4038 ejus
2301 3983 2407 4023 non
2438 3966 2544 4023 erit
2583 3965 2729 4031 linis,
2775 3979 2964 4020 omnes
3008 3970 3256 4033 quierant
3303 3961 3418 4032 ejus
3449 3960 3740 4014 misericor-

2156 4063 2301 4117 diam
2334 4071 2382 4116 et
2413 4061 2701 4131 veritatem.
2755 4056 2861 4115 Sed
2891 4058 3006 4129 quis
3036 4064 3121 4112 cst
3161 4054 3252 4125 qui
3277 4053 3501 4124 requiret
3537 4049 3739 4104 miseri-

2157 4153 2391 4210 cordiam
2430 4151 2563 4221 eius,
2591 4150 2644 4206 id
2681 4157 2788 4215 est,
2829 4148 3114 4218 diligenter
3159 4143 3416 4214 inquiret,
3456 4141 3531 4196 ita
3562 4149 3620 4193 ut
3659 4139 3740 4193 in-

2156 4243 2342 4299 veniat
2385 4239 2826 4304 misericordiam,
2857 4251 2965 4308 qua
3003 4250 3110 4290 non
3163 4232 3477 4289 considerat
3518 4228 3734 4291 merita,

2157 4332 2252 4389 sed
2281 4331 2451 4387 donat
2493 4338 2716 4402 peccata
2748 4346 2762 4382 :
2787 4327 3079 4392 veritatem,
3104 4339 3212 4396 qua
3240 4323 3512 4380 veraciter
3551 4329 3608 4376 et
3637 4320 3737 4374 im-

2157 4430 2367 4480 mutate
2399 4421 2560 4478 solvit
2596 4419 2895 4492 promissa;
2925 4418 3068 4489 quis
3089 4415 3180 4472 ille
3203 4415 3309 4471 erit
3337 4413 3431 4484 qui
3457 4412 3736 4484 diligenter

2157 4523 2366 4586 quaeret
2392 4515 2544 4570 hac?
2567 4513 2670 4581 Qui
2700 4510 3130 4568 misericordiam
3163 4507 3298 4563 facit
3327 4505 3612 4578 indigenti,
3636 4517 3733 4557 ve-

2159 4607 2375 4663 ritatem
2409 4605 2651 4662 servabit
2690 4604 2744 4660 in
2778 4602 3060 4674 promissis
3089 4619 3102 4655 :
3129 4599 3213 4654 vel
3248 4599 3302 4654 in
3329 4595 3614 4668 praeceptis
3636 4593 3733 4648 Dei
3764 4644 3769 4648 .

2157 4696 2460 4754 ambulabit
2490 4711 2611 4766 qua:
2638 4708 2768 4750 vera
2798 4701 2943 4749 sunt.
2984 4691 3133 4747 Multi
3166 4690 3312 4744 enim
3346 4696 3592 4758 quaerunt
3618 4685 3733 4755 ejus

2158 4789 2590 4847 miscricordiam
2641 4787 2878 4858 scriptis,
2929 4801 3041 4841 non
3096 4782 3257 4838 factis
3291 4800 3305 4836 :
3344 4791 3407 4836 ut
3448 4781 3621 4836 sciant
3661 4777 3733 4830 ad

2157 4882 2370 4940 lucrum
2405 4879 2718 4955 temporale,
2746 4895 2854 4936 non
2885 4886 2945 4934 ut
2973 4877 3204 4941 faciant;
3243 4875 3380 4931 tales
3409 4889 3516 4930 non
3557 4869 3731 4940 requi-

2158 4982 2306 5041 runt,
2352 4971 2408 5028 id
2439 4981 2546 5039 est,
2589 4987 2696 5028 non
2750 4971 3034 5042 diligenter
3078 4976 3217 5023 etut
3245 4965 3538 5037 quaerenda
3585 4970 3730 5028 sunt,

2158 5071 2409 5134 quaerunt
2458 5079 2474 5117 :
2521 5062 2644 5119 ideo
2683 5076 2786 5118 nec
2824 5059 3125 5117 inveniunt.
3173 5057 3283 5113 Nec
3338 5057 3621 5128 requirunt
3663 5067 3728 5108 ea

2159 5155 2453 5210 secundum
2484 5154 2774 5210 quamdam
2813 5151 3243 5214 translationem,
3282 5148 3414 5218 quia
3452 5162 3560 5203 non
3587 5159 3729 5215 qua:-
