3884 5726
147 330 253 386 449

1184 342 1185 345 “
1273 334 1807 393 ENARRA'IIUNl-ZS
1847 338 1908 392 ΙΝ
1950 338 2283 398 l‘S.\l.MOS.

3297 324 3402 406 450
3420 332 3426 337 ’

145 460 285 497 ram.
335 441 505 508 Quasi
536 442 679 497 dicat
712 458 726 498 :
757 440 1029 511 Quidquid
1071 442 1160 495 alii
1214 442 1437 506 faciant,
1491 460 1591 514 ego
1648 446 1723 498 sic
1754 450 1794 507 Α
1828 463 1930 501 non
1971 459 2029 503 ut
2060 452 2181 505 imle
2224 452 2495 521 superbiat
2527 451 2648 506 dmn
2674 468 2733 509 se
2764 455 2998 509 ostendit
3024 458 3099 511 sic
3127 473 3245 513 esse
3285 460 3403 516 ela-
3438 454 3441 465 ’

142 537 409 605 psalmum
439 538 629 591 dicam.
679 537 851 592 Aliter
876 556 888 591 :
917 536 1121 590 Dedisti
1154 537 1507 591 Ita'reditatem
1534 540 1721 592 timen-

140 627 286 680 tibus
337 642 524 680 nomen
564 636 731 692 tuum,
778 628 829 682 id
873 637 975 693 est,
1014 627 1459 697 pnedicatoribus
1490 629 1597 682 tuis
1630 631 1724 683 de-

142 717 277 773 disti
302 715 543 771 ﬁdelium
576 715 1000 781 multitudinem,
1035 731 1194 786 quam
1228 714 1470 770 colerent
1505 730 1725 770 vomere

138 814 411 869 doctrina!
434 833 447 868 :
476 814 619 869 hanc
643 813 851 869 scilicet
877 813 1265 868 Itwreditatem:
1293 811 1415 865 Dies
1440 828 1594 881 super
1611 812 1721 865 dies

136 904 284 973 regis
308 904 548 974 adjicies,
568 903 619 957 id
648 911 751 969 est,
784 904 851 957 ad
899 902 1268 972 praecedentes
1310 901 1494 955 ﬁdeles
1521 901 1721 955 Christi

136 992 324 1049 claros
350 994 470 1049 luce
492 993 638 1058 ﬁdei,
670 994 835 1048 addes
855 992 990 1047 alios
1015 992 1197 1046 ﬁdeles
1221 990 1551 1045 illuminatos
1574 989 1722 1044 verbi

134 1083 294 1141 ﬁdei.
330 1084 444 1154 Ego
480 1083 595 1140 dixi
628 1084 759 1149 dies,
815 1083 923 1137 imo
953 1099 1117 1136 annos
1154 1082 1290 1152 ejus,
1320 1081 1371 1163 id
1401 1089 1506 1144 est,
1538 1079 1724 1133 mulli-

137 1177 390 1249 tudinem
421 1185 475 1231 et
500 1189 842 1231 successores
881 1172 1015 1243 ejus.
1048 1173 1281 1243 Adjicies
1320 1188 1480 1242 usque
1511 1172 1563 1224 in
1586 1171 1722 1225 diem

132 1270 495 1340 generationis
541 1268 983 1339 generationem,
1025 1267 1077 1321 id
1116 1276 1218 1332 est,
1270 1280 1484 1336 semper
1518 1274 1725 1320 crescet

134 1374 408 1415 numerus
436 1359 671 1414 ﬁdelium
702 1376 864 1430 usque
889 1359 945 1412 in
972 1358 1132 1423 diem,
1164 1358 1215 1412 id
1234 1366 1317 1412 est
1348 1366 1557 1426 tempus
1583 1356 1725 1410 illius

131 1450 527 1521 generationis,
560 1466 679 1520 quae
712 1458 797 1506 est
843 1452 1121 1520 generatio
1151 1450 1580 1521 generationum.
1613 1447 1723 1501 Rea:

132 1549 326 1595 autem
364 1540 530 1611 quid?
581 1538 860 1594 Permanet
918 1540 971 1594 in
1016 1538 1143 1605 illis,
1190 1539 1241 1593 id
1273 1547 1374 1603 est,
1428 1546 1618 1609 regnat
1671 1538 1721 1590 in

131 1633 224 1688 eis
259 1634 314 1687 in
360 1643 612 1687 retentum
639 1630 693 1685 in
735 1643 1011 1701 conspectu
1064 1632 1177 1697 Dei,
1227 1632 1279 1687 id
1314 1640 1416 1695 est,
1453 1631 1507 1684 in
1550 1629 1721 1698 gloria

134 1723 239 1778 Dei
296 1723 497 1779 Patris.
530 1722 670 1794 Ergo
706 1724 821 1793 quis
872 1724 1095 1793 requiret
1127 1721 1241 1792 ejus
1284 1721 1720 1787 misericordiam,

1830 546 1975 604 tum,
2031 549 2089 593 ut
2133 551 2309 593 tamen
2362 541 2462 595 sub
2512 543 2741 597 Domino
2790 544 2896 597 Deo
2933 561 3030 598 suo
3072 547 3181 611 sit,
3215 549 3309 603 sed
3345 558 3406 604 ut

1827 626 1959 684 alios
2006 632 2324 687 ascenderet
2359 632 2624 688 hortetur.
2660 632 2936 688 Transivit
2979 643 3157 690 autem
3211 653 3404 694 omnes

1828 720 2009 772 mundi
2041 730 2326 784 amatores,
2368 732 2719 778 contemnens
2760 724 3001 779 onmium
3034 740 3168 795 quos
3215 728 3407 782 transi-
3438 721 3443 731 ’

1827 806 1945 863 livit
1999 809 2404 881 impedimenta,
2448 813 2655 867 scilicet
2697 814 3074 868 hmrcticorum
3116 814 3406 870 blanditias

1825 910 1878 955 et
1903 901 2242 971 deceptiones
2284 902 2540 957 falsorum
2569 904 2998 959 Christianorum
3030 905 3406 962 insnltationcs

1826 1004 1879 1049 et
1924 996 2163 1059 insidias,
2208 998 2499 1052 inlidelinm
2544 1008 2755 1068 apertas
2802 986 3445 1074 persecutiones:quos|

1825 1089 1904 1143 sic
1951 1088 2263 1159 alloquitur,
2302 1091 2453 1159 quasi
2487 1092 2709 1147 dicens:
2756 1092 2824 1147 Ut
2858 1093 2985 1165 quid
3029 1096 3158 1150 mihi
3191 1095 3404 1150 blandi-
3440 1082 3443 1089 ’

1828 1182 1929 1235 tias
1958 1181 2269 1237 intenditis?
2304 1200 2402 1240 cur
2451 1185 2755 1241 insultatis?
2793 1202 2890 1243 cur
2938 1188 3114 1244 minas
3153 1170 3441 1245 infcrlis?‘

1825 1288 1921 1328 cur
1951 1283 2178 1328 mortem
2227 1274 2467 1344 paratis?
2496 1274 2744 1345 Nunquid
2788 1293 2873 1332 me
2908 1277 3167 1333 devorare
3199 1290 3255 1334 et
3304 1282 3408 1335 iter

1825 1378 2003 1417 meum
2053 1365 2312 1434 impedire
2369 1367 2609 1436 putatis?
2672 1368 2931 1438 quidquid
2977 1370 3358 1426 machincmini
3388 1411 3405 1438 ,

1824 1454 2082 1524 quidquid
2111 1454 2162 1509 in
2195 1470 2280 1509 me
2308 1457 2624 1526 operemini.

1898 1543 2087 1597 Nonne
2122 1543 2228 1598 Deo
2266 1546 2498 1615 subjecta
2535 1547 2631 1600 erit
2682 1548 2861 1600 anima
2892 1564 3005 1601 mea
3029 1547 3053 1602 ?
3079 1547 3145 1602 Et
3174 1548 3247 1603 illi
3282 1549 3407 1604 sub-

1817 1632 1958 1703 jccta
1981 1638 2011 1697 ,'
2039 1634 2276 1703 nunquid
2316 1650 2499 1689 casum
2526 1636 2710 1691 timet?
2740 1636 2977 1693 Minime.
3007 1637 3409 1706 Quantumcun-

1827 1738 1932 1791 que
1975 1724 2116 1778 euim
2146 1725 2472 1789 ascendam,
2514 1742 2620 1780 non
2673 1728 2835 1782 timeo
2876 1728 3118 1799 lapsum,
3150 1730 3273 1784 dum
3308 1729 3409 1784 sub

134 1825 199 1867 ut
217 1821 407 1883 postea
434 1813 713 1868 veritatem
748 1812 1009 1878 inveniat,
1036 1820 1095 1866 ut
1139 1812 1228 1866 ubi
1258 1827 1353 1868 rex
1401 1821 1501 1877 est,
1536 1810 1645 1866 illic
1670 1819 1724 1867 et
1754 1803 1797 1862 B
1826 1812 1915 1867 illo
1936 1812 2033 1867 sim
2058 1813 2281 1883 positus.
2309 1814 2545 1872 Securus
2572 1819 2945 1873 transcendam
2970 1859 2985 1883 ,
3009 1820 3134 1874 dum
3165 1820 3230 1875 ad
3257 1820 3405 1874 illum

138 1904 398 1961 minister
425 1902 541 1974 ejus
561 1904 667 1959 sit?
696 1902 903 1958 Czetera
935 1911 997 1956 ut
1024 1918 1210 1971 supra.

686 1992 1007 2049 PSALMUS
1046 1993 1179 2049 LXI.

353 2103 409 2142 IN
449 2103 609 2143 FINEI
648 2104 748 2144 PRO
788 2103 1008 2143 IDITHUN
1052 2098 1285 2141 PSALIUS
1326 2099 1504 2139 DAVID.

212 2198 233 2230 ι
276 2178 469 2234 Nonne
507 2181 618 2235 Deo
648 2181 891 2252 subjecta
942 2180 1045 2235 crit
1074 2179 1252 2232 anima
1298 2192 1453 2232 mea:
1487 2178 1554 2233 ab
1608 2176 1723 2248 ipso

206 2268 355 2324 enim
381 2269 613 2323 salutare
646 2284 845 2324 memn.
878 2268 1011 2323 Nam
1037 2276 1092 2323 et
1126 2268 1240 2337 ipse
1274 2267 1417 2323 Dens
1443 2282 1627 2333 meus,
1668 2274 1724 2321 et

208 2357 472 2412 salutaris
497 2373 667 2423 meus,
690 2364 972 2429 susceptor
994 2372 1166 2422 meus,
1193 2372 1297 2411 non
1323 2357 1579 2411 movebar
1607 2371 1723 2411 am-

138 2468 156 2499 (
204 2448 372 2520 pllus.
404 2448 521 2515 Quo
549 2465 718 2521 usque
765 2450 970 2505 irruitis
1005 2451 1057 2503 in
1083 2446 1391 2503 hominem?
1420 2447 1723 2503 interﬁcitis

140 2561 157 2591 ι
208 2542 458 2595 universi
500 2556 614 2607 vos,
664 2552 916 2611 tanquam
949 2540 1139 2611 parieti
1181 2539 1437 2595 inclinato
1461 2547 1516 2594 et
1538 2552 1722 2594 mace-

139 2651 157 2683 l
211 2632 309 2685 riae
334 2631 587 2702 depulsae.
622 2630 1003 2687 Verumtamen
1034 2630 1265 2700 pretium
1292 2645 1472 2684 meum
1511 2628 1717 2700 cogita-

137 2743 156 2775 ι
206 2731 410 2778 verunt
459 2721 738 2794 repellere,
778 2722 989 2775 cucurri
1028 2721 1079 2774 in
1130 2721 1216 2775 siti
1248 2736 1261 2773 :
1309 2733 1404 2774 ore
1433 2734 1531 2775 suo
1560 2720 1723 2774 bene-

138 2834 157 2865 ‹
207 2813 483 2880 dicebant,
512 2813 745 2868 etcorde
772 2828 867 2867 suo
896 2810 1311 2867 maledicebant.
1334 2808 1720 2864 Verumtamen

139 2926 158 2957 ι
210 2907 323 2963 Deo
357 2906 595 2976 subjecta
631 2915 779 2973 esto,
808 2907 988 2960 anima
1032 2921 1182 2971 mea,
1212 2906 1466 2975 quoniam
1500 2906 1569 2960 ab
1604 2906 1720 2976 ipso

138 3019 158 3053 ι
208 2999 473 3071 patientia
511 3013 650 3053 mea.
682 2997 818 3066 Quia
858 2999 973 3069 ipse
1006 2999 1147 3051 Deus
1182 3012 1335 3051 meus
1373 3005 1427 3052 et
1480 2996 1719 3052 salvator

136 3111 154 3142 ι
202 3107 386 3155 meus,
425 3088 636 3160 adjutor
664 3104 841 3154 meus,
880 3105 985 3143 non
1014 3089 1311 3159 emigrabo.
1344 3087 1400 3141 In
1442 3087 1552 3142 Deo
1577 3088 1753 3143 salur

208 3192 325 3238 tare
351 3197 563 3247 meum,
591 3192 645 3235 et
690 3181 858 3253 gloria
888 3196 1008 3235 mea
1035 3197 1048 3235 :
1085 3181 1227 3234 Deus
1254 3179 1439 3233 auxilii
1487 3179 1627 3246 mei,
1666 3189 1722 3234 et

204 3292 330 3347 spes
361 3291 479 3331 mea
527 3276 580 3330 in
624 3274 736 3330 Deo
774 3283 875 3329 est.
914 3272 1140 3344 Sperate
1178 3273 1231 3327 in
1270 3286 1354 3338 eo,
1388 3273 1565 3327 omnis
1593 3286 1721 3328 con-

210 3367 456 3437 gregatio
497 3364 714 3436 populi,
743 3363 1001 3420 eﬁ‘undite
1044 3378 1227 3419 coram
1277 3362 1367 3417 illo
1416 3362 1582 3417 corda
1635 3376 1721 3418 ve-

209 3469 357 3525 stra,
398 3458 542 3514 Deus
587 3457 802 3527 adjutor
843 3465 1028 3512 noster
1081 3456 1135 3510 in
1170 3462 1452 3510 :eternum.
1492 3455 1720 3509 Verum-

136 3571 153 3602 ι
208 3560 391 3605 tamen
421 3548 543 3603 vani
567 3548 660 3603 ﬁlii
691 3547 1289 3613 hominum,mendaces
1315 3545 1407 3600 ﬁlii
1438 3546 1717 3600 hominum

136 3664 154 3689 σ
211 3644 263 3697 in
288 3641 603 3708 stateris,ut
625 3640 891 3710 decipiant
917 3640 1017 3709 ipsi
1038 3640 1104 3694 de
1128 3639 1362 3693 vanitate
1382 3638 1434 3692 in
1463 3637 1715 3709 idipsum.

137 3755 156 3788 ε
202 3734 381 3811 Nolite
429 3747 650 3804 sperare
696 3732 751 3786 in
803 3732 1126 3801 iniquitate,
1183 3739 1237 3785 et
1286 3729 1503 3799 rapinas
1553 3728 1717 3784 nolite

137 3844 157 3876 ι
207 3824 635 3893 concupiscere:
674 3820 875 3876 divitiae
922 3821 966 3875 si
1013 3819 1264 3886 afﬂuant,
1293 3820 1460 3875 nolite
1507 3835 1601 3875 cor
1625 3834 1718 3890 ap-

142 3936 159 3968 I
208 3930 432 3986 ponere.
462 3914 641 3970 Semel
676 3914 885 3969 locutus
910 3922 992 3968 est
1029 3912 1189 3978 Deus,
1220 3913 1327 3968 duo
1355 3914 1469 3968 haec
1495 3913 1712 3979 audivi,

144 4026 163 4060 ι
206 4008 333 4077 quia
360 4016 599 4077 potestas
625 4005 718 4062 Dei
743 4014 859 4072 est,
884 4014 937 4060 et
962 4006 1088 4071 tibi,
1121 4005 1377 4069 Domine,
1412 4005 1718 4059 misericor-

148 4117 166 4151 ς
209 4098 331 4165 dia,
365 4096 492 4168 quia
530 4105 585 4152 tu
616 4097 795 4153 reddis
824 4096 1115 4167 unicuique
1150 4096 1304 4167 juxta
1330 4110 1493 4167 opera
1521 4111 1640 4152 sua.

704 4187 1156 4244 ENARRATIO.

201 4279 335 4336 “me
363 4294 484 4351 quae
512 4287 743 4350 aguntur
786 4278 841 4333 in
885 4280 986 4334 hoc
1033 4276 1239 4349 psalmo
1263 4318 1277 4343 ,
1309 4278 1620 4333 referuntur
1660 4281 1714 4333 in

131 4374 326 4441 ﬁnem,
357 4372 410 4427 id
437 4379 552 4438 est,
581 4371 635 4426 in
664 4372 961 4436 Christum,
988 4379 1041 4425 et
1067 4378 1149 4425 est
1172 4370 1402 4440 psalmus
1426 4370 1520 4441 ipsi
1547 4370 1715 4424 David

133 4462 547 4527 attribuendus,
587 4462 638 4516 id
668 4471 780 4527 est,
810 4462 1142 4532 dignioribus
1168 4461 1424 4515 membris
1466 4477 1560 4530 pro
1602 4460 1716 4514 Idi-

134 4557 300 4620 thun,
340 4555 391 4609 id
433 4563 546 4619 est,
588 4554 639 4608 in
668 4568 894 4624 persona
934 4553 1165 4607 ldithun.
1210 4552 1424 4605 ldithun
1453 4552 1716 4620 interpre-

138 4657 287 4703 tatur
312 4647 634 4712 transiliens,
666 4661 758 4702 eos
787 4645 993 4700 scilicet
1030 4644 1083 4699 in
1114 4642 1315 4697 inﬁmis
1350 4642 1576 4711 positos,
1606 4650 1715 4696 ter-

136 4755 267 4795 rena
298 4747 565 4794 amantes.
609 4737 707 4793 Hic
752 4736 907 4792 miles
930 4735 1133 4791 Christi
1161 4735 1251 4805 qui
1280 4733 1333 4788 in
1375 4733 1477 4787 hoc
1506 4732 1713 4802 psalmo

136 4832 427 4895 inducitur,
459 4838 771 4900 contempta
813 4828 996 4883 mundi
1031 4826 1305 4892 felicitate,
1336 4840 1523 4881 omnes
1552 4840 1711 4879 mun-

136 4927 262 4980 dum
314 4932 565 4979 amantes
602 4921 871 4986 transivit,
927 4935 1119 4977 omnes
1179 4934 1305 4975 suos
1356 4918 1709 4973 devocatores

137 5014 489 5083 contempsit:
519 5020 573 5067 et
594 5012 644 5067 in
670 5009 958 5081 quemdam
985 5010 1269 5066 sublimem
1298 5009 1475 5063 locum
1501 5024 1559 5065 se
1584 5024 1712 5065 con-

138 5104 279 5167 tulit,
308 5102 450 5157 unde
479 5100 597 5157 illos
634 5099 941 5170 despiceret
967 5098 1121 5169 quasi
1169 5098 1223 5153 in
1256 5096 1456 5152 inﬁmis
1483 5099 1712 5168 positos,

136 5194 230 5247 sed
260 5194 311 5248 in
340 5194 442 5248 hoc
482 5207 589 5247 uno
631 5190 804 5247 milite
841 5188 1070 5257 Christi,
1123 5189 1275 5245 multi
1314 5189 1712 5261 intelliguntur.

143 5285 437 5341 Videndum
463 5294 544 5340 est
570 5299 698 5356 ergo
729 5296 1008 5351 quousque
1033 5282 1365 5349 ascenderit,
1390 5298 1524 5353 quos
1548 5284 1713 5339 etiam

136 3204 154 3235 ί

136 3298 153 3328 1

137 3386 156 3420 ι

137 3478 155 3511 ἰ

140 5374 483 5441 transilierit,
522 5374 609 5431 ubi
639 5372 854 5445 positus
899 5373 1005 5427 sit:
1050 5373 1145 5430 sed
1168 5374 1379 5429 videtur
1401 5374 1714 5431 ascendisse
1748 5404 1751 5407 -

141 5476 193 5518 tn
220 5465 502 5535 quemdam
539 5461 876 5536 spiritualem
919 5471 974 5518 et
1014 5474 1184 5520 tutum
1240 5464 1451 5531 locum,
1502 5466 1569 5522 de
1608 5477 1716 5533 quo

141 5570 257 5611 ioco
287 5555 427 5611 infra
467 5558 665 5628 positos
697 5554 953 5624 respiciat
997 5571 1105 5613 non
1144 5565 1203 5612 ut
1243 5557 1451 5627 lapsum
1501 5559 1712 5621 timeat,

140 5647 233 5701 sed
256 5657 315 5703 ut
339 5648 470 5702 alios
494 5650 692 5705 excitet
720 5648 776 5701 in
809 5646 1153 5707 inferioribus
1181 5650 1385 5721 positos
1422 5651 1490 5705 ad
1534 5650 1713 5707 imita-

1746 4505 1793 4562 D

1826 1910 2206 1964 conscendam.
2243 1909 2451 1966 Revera
2480 1912 2553 1965 illi
2578 1927 2789 1983 semper
2829 1912 3066 1983 subjecta
3096 1914 3198 1968 erit
3226 1914 3405 1967 anima

1826 2015 1946 2053 mea
1965 2041 1978 2065 ,
2011 2001 2135 2070 quia
2164 2000 2265 2055 sibi
2295 2002 2550 2057 mundum
2574 2000 2818 2071 subjecit.
2847 2002 2961 2056 Non
2984 2003 3126 2058 enim
3152 2020 3209 2059 se
3231 2002 3409 2073 subje-

1823 2091 1899 2146 cit
1929 2093 2067 2157 Deo,
2098 2091 2187 2162 qui
2217 2092 2460 2162 suhjacet
2486 2095 2701 2148 mundo.
2730 2095 2798 2150 Et
2821 2095 3012 2148 merito
3035 2094 3145 2149 Deo
3165 2094 3405 2164 subjecta

1822 2181 1956 2246 erit,
2002 2198 2126 2236 nam
2176 2182 2240 2236 ab
2285 2184 2398 2254 ipso
2429 2183 2661 2238 salutare
2710 2201 2914 2251 meum,
2952 2186 3004 2239 id
3031 2192 3112 2239 est
3161 2185 3409 2239 Christus

1824 2271 2084 2326 Dominus
2108 2272 2161 2326 in
2197 2288 2305 2344 quo
2332 2283 2416 2329 est
2453 2273 2599 2330 salus
2629 2289 2783 2340 mea,
2830 2275 2882 2329 in
2911 2289 3018 2344 quo
3059 2272 3281 2330 salutari
3326 2282 3410 2327 est

1823 2362 1954 2417 mihi
2001 2363 2305 2433 exemplum
2346 2364 2638 2434 patientiae.
2690 2365 2758 2420 Et
2802 2379 2987 2421 revera
3039 2365 3154 2434 ipse
3201 2360 3411 2420 sal'vare

1822 2464 2032 2523 potest,
2082 2455 2208 2524 quia
2252 2470 2373 2510 cum
2404 2455 2474 2510 sit
2516 2455 2710 2521 homo,
2752 2471 2859 2511 non
2907 2464 2990 2511 est
3019 2455 3193 2511 solum
3226 2456 3407 2510 homo.

1822 2542 1995 2597 llomo
2020 2544 2165 2597 enim
2204 2552 2380 2614 potest
2415 2530 2517 2599 sibi
2557 2544 2760 2598 homini
2809 2559 2928 2599 esse
2957 2545 3263 2609 damnatio,
3302 2559 3407 2597 non

1823 2643 2006 2689 autem
2030 2642 2207 2704 potest
2230 2635 2332 2691 sibi
2358 2635 2564 2690 homini
2594 2651 2713 2691 esse
2739 2636 2985 2692 salvatio.
3017 2635 3153 2691 Nam
3180 2646 3234 2692 et
3271 2637 3406 2706 ipse,

1822 2735 1883 2780 ut
1908 2725 2072 2781 Pater
2119 2727 2210 2796 qui
2243 2725 2394 2781 misit
2440 2726 2623 2793 illum,
2670 2734 2753 2781 est
2782 2727 2922 2781 Deus
2972 2745 3137 2782 meus.
3172 2728 3237 2782 Et
3283 2729 3409 2798 quia

1822 2816 1981 2883 Deus,
2012 2818 2133 2872 ideo
2178 2828 2225 2872 et
2260 2817 2512 2872 salutaris
2552 2834 2720 2873 meus.
2772 2814 2885 2872 lloc
2931 2820 3090 2872 modo
3138 2828 3223 2873 est
3268 2819 3410 2875 Deus

1824 2923 1995 2971 meus,
2014 2907 2139 2978 quia
2160 2916 2245 2963 est
2264 2916 2532 2979 susceptor
2545 2923 2722 2963 causa:
2746 2924 2878 2964 mere
2901 2909 2967 2963 ad
2990 2908 3408 2964 defendendum.

1822 2999 1890 3054 Et
1918 2999 2039 3053 ideo
2077 3016 2178 3052 non
2208 2999 2447 3053 movebar
2487 3014 2518 3053 a
2543 2999 2654 3054 Deo
2683 3014 2803 3054 meo
2845 2999 3091 3069 amplius.
3121 2999 3287 3055 Movit
3323 3016 3411 3056 me
3454 3000 3457 3001 ⁷

1824 3088 1973 3159 prius
1996 3103 2186 3143 manus
2206 3087 2539 3159 peccatoris,
2563 3104 2685 3144 cum
2717 3089 2816 3143 sub
2837 3102 2902 3142 eo
2936 3104 3054 3144 esse
3076 3089 3251 3154 nolui,
3283 3090 3411 3144 dum

1824 3194 1911 3235 me
1933 3180 1984 3233 in
2009 3180 2313 3249 superbiam
2335 3179 2504 3234 erexi.
2531 3178 2636 3234 Sed
2658 3194 2799 3234 nunc
2818 3178 2920 3233 sub
2943 3179 3034 3233 illo
3054 3180 3284 3250 positus,
3301 3196 3407 3233 non

1823 3272 2023 3326 timebo
2052 3272 2278 3341 lapsum.
2307 3269 2462 3337 Quod
2494 3268 2641 3335 alibi,
2674 3267 2797 3323 Non
2823 3270 2991 3322 veniat
3027 3270 3156 3322 milii
3186 3287 3274 3339 pes
3315 3286 3408 3323 su-

1819 3362 2011 3431 perbire
2034 3359 2205 3432 (Psal.
2242 3359 2405 3430 xxxv)
2434 3377 2447 3413 :
2480 3361 2584 3415 hoc
2612 3360 2794 3422 modo,
2828 3358 3021 3413 Nonne
3045 3358 3151 3413 Deo
3174 3359 3407 3428 subjecta
3448 3354 3453 3361 ’

1819 3455 1916 3508 erit
1940 3455 2118 3507 animo
2164 3470 2301 3507 mea.
2328 3452 2480 3520 Quod
2517 3450 2610 3517 ibi,
2647 3449 2716 3504 Et
2762 3467 2947 3505 manus
2990 3452 3277 3520 peccatoris
3304 3468 3408 3505 non

1820 3560 2020 3603 moveat
2066 3564 2147 3601 mc
2196 3546 2385 3619 (lbid.)
2417 3564 2430 3600 :
2468 3546 2578 3613 hic,
2622 3561 2728 3599 non
2776 3543 3019 3597 movebar
3048 3544 3293 3614 amplius.
3342 3544 3407 3597 Et

1818 3640 1944 3710 quia
1977 3638 2086 3695 Deo
2117 3640 2364 3694 innititur
2393 3639 2573 3693 anima
2604 3653 2743 3703 mea,
2776 3646 2831 3695 et
2857 3638 3092 3709 amplius
3114 3654 3216 3691 non
3246 3654 3409 3691 more-

1819 3732 1949 3787 bor:
1981 3747 2108 3803 ergo
2137 3749 2405 3803 quousque
2448 3732 2650 3786 irruitis
2696 3732 2752 3784 in
2801 3744 2887 3785 me
2920 3730 3202 3795 hominem,
3236 3738 3411 3783 atten-

1819 3824 2008 3879 dentes
2036 3823 2427 3879 humanitatem
2453 3838 2653 3889 meam,
2675 3830 2730 3877 ct
2768 3838 2875 3877 non
2903 3821 3245 3876 attendentes
3267 3821 3407 3875 divi-

1817 3930 1947 3971 num
1993 3915 2344 3986 praesidium?
2375 3913 2680 3985 Quousque,
2720 3913 2772 3967 id
2817 3920 2923 3979 est,
2953 3927 3123 3983 usque
3150 3912 3215 3966 ad
3245 3927 3405 3981 quem

1818 4008 2002 4076 ﬁnem,
2059 4008 2260 4063 irruitis
2302 4008 2678 4075 exsecrando,
2707 4006 3035 4071 insultando,
3081 4005 3406 4068 insidiando,

1815 4099 2214 4172 persequendo,
2260 4098 2595 4154 occidendo?
2649 4096 2939 4167 Nunquam
2994 4097 3153 4151 militi
3204 4096 3405 4150 Christi

1816 4194 1955 4249 bella
2010 4194 2224 4256 desunt,
2272 4191 2396 4261 quia
2448 4192 2567 4247 dua:
2610 4199 2736 4245 sunt
2770 4189 3016 4245 civitates
3063 4202 3205 4242 nunc
3246 4187 3405 4241 simul
3445 4184 3448 4188 ’

1817 4284 1993 4338 mistae
2021 4301 2034 4336 :
2063 4298 2167 4336 una
2195 4279 2517 4346 Jerusalem,
2562 4280 2731 4334 altera
2771 4278 3103 4347 Babylonia;
3138 4292 3242 4330 una
3268 4277 3406 4339 lucc,

1817 4389 1923 4428 una
1958 4373 2068 4428 illa.
2102 4373 2253 4427 Unus
2280 4373 2369 4427 hic
2404 4386 2519 4435 rex,
2557 4386 2695 4425 unus
2719 4370 2789 4424 ibi
2819 4385 2834 4434 ;
2867 4383 3006 4422 unus
3037 4367 3125 4421 hic
3154 4367 3403 4436 populus,

1818 4478 1958 4519 unus
1983 4463 2092 4528 ibi;
2128 4462 2213 4516 isti
2244 4470 2600 4533 pugnantpro
2625 4458 2854 4528 justitia,
2887 4458 2959 4512 illi
2984 4474 3081 4529 pro
3101 4456 3403 4525 injustitia;

1822 4557 1909 4612 isti
1939 4572 2036 4626 pro
2064 4556 2311 4619 veritate,
2351 4554 2425 4608 illi
2473 4570 2572 4623 pro
2604 4552 2857 4607 falsitate.
2901 4550 2993 4606 Isti
3039 4560 3097 4605 ut
3133 4552 3405 4605 destructa

1820 4658 2161 4712 construant,
2208 4647 2281 4702 illi
2322 4655 2380 4700 ut
2421 4653 2731 4701 constructa
2766 4646 3066 4707 destruant,
3118 4652 3171 4698 et
3225 4652 3405 4696 tamen

1820 4740 1935 4794 haec
1962 4740 2155 4794 civitas
2175 4754 2240 4793 ex
2268 4737 2353 4791 illa
2386 4745 2764 4808 congregatur.
2808 4734 2925 4790 Non
2954 4735 3099 4791 enim
3130 4735 3277 4805 prius
3299 4734 3407 4801 spi-

1821 4828 2036 4892 rituale,
2066 4827 2160 4883 sed
2189 4828 2332 4897 quod
2371 4828 2618 4882 carnale:
2656 4825 2743 4881 illa
2786 4826 2937 4897 prior
2981 4837 3242 4895 tempore,
3292 4824 3407 4877 luec

1818 4929 1997 4973 autem
2022 4920 2167 4989 prior
2190 4918 2469 4989 dignitate.
2501 4919 2653 4988 Quod
2688 4927 2870 4987 autem
2912 4920 3031 4974 hare
3064 4934 3129 4973 ex
3159 4916 3247 4969 illa
3287 4929 3406 4984 pro-

1816 5011 1996 5075 cedat,
2039 5010 2401 5082 praeﬁguravit
2434 5010 2737 5068 Jerusalem
2791 5027 2911 5081 qua:
2961 5016 3269 5067 constructa
3323 5016 3410 5058 cst

1817 5104 2049 5160 secunda
2078 5104 2290 5171 civitas,
2317 5102 2593 5161 destructa
2634 5104 2824 5174 priori,
2848 5119 2971 5159 cum
3018 5111 3194 5156 tamen
3232 5097 3407 5165 prima

1818 5197 2009 5252 civitas
2034 5213 2195 5267 quam
2227 5196 2357 5252 Cain
2386 5197 2702 5262 :ediﬁcavit,
2742 5212 2839 5265 per
2868 5211 2926 5250 se
2966 5195 3037 5250 sit
3071 5197 3407 5246 constructa.
3442 5264 3445 5267 δ

1816 5287 2040 5342 Frustra
2064 5289 2266 5342 irruitis
2294 5288 2347 5341 in
2380 5288 2667 5351 hominem,
2690 5287 2817 5354 quia
2846 5284 3052 5355 perfert
3078 5276 3237 5333 homo
3265 5280 3413 5346 quod
3452 5268 3453 5275 “

1818 5387 1998 5450 potest
2047 5381 2231 5445 homo,
2273 5388 2454 5435 tamen
2508 5382 2624 5451 ejus
2662 5376 2863 5429 auxilio
2912 5375 3003 5445 qui
3050 5384 3147 5441 pro
3190 5366 3414 5422 homine

1822 5468 1995 5524 lactus
2015 5480 2095 5525 est
2121 5470 2300 5524 homo.
2336 5468 2546 5527 Revera
2579 5466 2805 5529 irruitis,
2833 5465 2958 5533 quia
2989 5458 3278 5528 inter/icitis
3322 5474 3412 5512 vos

1818 5561 2068 5625 universi,
2097 5560 2300 5615 scilicet
2340 5568 2391 5613 et
2419 5563 2512 5630 qui
2543 5562 2688 5614 intus
2718 5554 2851 5609 estis
2879 5563 2934 5610 et
2970 5560 3122 5608 extra
3166 5548 3309 5603 misti
3354 5558 3414 5603 et

1818 5650 2075 5716 separati,
2107 5662 2249 5701 nunc
2289 5646 2579 5712 tolerandi,
2612 5644 2937 5713 quandoque
2985 5637 3293 5712 separandi.
3322 5636 3414 5689 Ir-
