3918 6410
425 350 524 408 451

1053 342 1315 398 REMlGll
1355 335 2010 397 ANTISSIODORENSiS

2114 334 2198 390 I’P.
2238 332 2419 390 PARS
2457 333 2499 388 Ι.
2543 365 2612 376 -
2638 333 3058 418 βΧΕΟΕΤΙΟΛ.

3588 334 3707 391 ιὸἰ

421 471 526 527 οδε,
555 469 812 530 tanquam
859 456 902 512 si
935 455 1114 526 paries
1153 457 1243 526 qui
1277 455 1386 510 cito
1429 454 1582 525 dejici
1635 454 1805 523 possit
1852 451 2005 521 (ιη.ξεί
2039 455 2081 510 Α
2112 450 2406 512 servando;
2438 448 2520 504 vel
2547 449 2764 519 adjulor
2787 449 3163 520 glorificando,
3208 458 3264 505 et
3293 449 3412 506 ideo
3439 467 3542 504 non
3571 452 3708 506 emi-

422 545 713 601 inclinatus
743 544 810 598 ad
845 543 1056 597 ruinam
1089 559 1101 595 :
1139 543 1262 610 quia
1308 541 1459 596 vobis
1507 540 1776 600 humilior,
1811 550 2004 592 vestrae

421 635 581 691 saluti
604 649 692 690 me
714 633 931 698 incliuo,
967 644 1014 686 et
1049 641 1302 701 tanquam
1345 631 1582 684 maceria:
1608 628 1856 699 depulstc.
1891 627 2003 680 Mi-

423 726 570 782 ceria
597 735 680 781 est
706 725 881 780 siccus
912 739 1098 778 murus
1140 725 1256 778 sine
1294 731 1561 786 cemento,
1607 721 1696 790 qui
1747 720 2006 790 impulsus

422 816 582 872 facile
606 816 870 886 dejicitur.
907 815 1112 869 Aliter:
1156 813 1328 868 Nolite
1356 813 1580 878 irruere,
1607 813 1771 867 nolite
1803 811 2008 865 interli-

421 921 568 968 cere.
599 907 641 961 si
675 923 780 962 non
830 906 1108 961 attenditis
1158 903 1498 974 injustitiam,
1531 904 1719 959 saltem
1769 911 2004 957 vestram

423 1000 685 1054 attendite
708 998 1106 1053 damnationem
1133 1015 1145 1050 :
1172 997 1298 1065 quia
1327 1011 1423 1050 nos
1456 994 1586 1050 foris
1611 991 2005 1052 interficiendo,

423 1091 660 1146 universi
686 1090 990 1146 interficitis
1013 1105 1109 1145 vos
1136 1090 1378 1144 interius.
1411 1087 1786 1143 lnterﬁciendo
1810 1099 2008 1155 corpus

422 1191 689 1247 nostrum,
725 1180 1028 1236 intcrficitis
1063 1180 1300 1234 animam
1326 1187 1559 1234 vestram
1593 1197 1606 1232 :
1638 1178 1762 1232 dum
1796 1177 2006 1231 incum-

421 1272 547 1328 bilis
574 1271 704 1327 mibi
742 1281 994 1342 tanquam
1028 1272 1216 1342 parieti
1255 1270 1510 1324 inclinato
1541 1279 1588 1323 et
1631 1269 1870 1322 maceriw
1913 1266 2004 1319 de-

419 1366 618 1434 pulsw:
659 1366 782 1436 quia
810 1366 958 1421 cadit
996 1365 1118 1435 pius
1143 1365 1207 1418 ad
1233 1364 1632 1418 damnationem
1664 1363 1833 1432 impii,
1869 1363 2009 1416 sicut

417 1451 596 1525 paries
623 1471 786 1527 super
816 1455 936 1511 illos
965 1456 1055 1526 qui
1092 1455 1306 1510 incaute
1328 1454 1602 1522 dejiciunt.
1640 1451 2007 1507 Verumtamen

418 1552 644 1616 pretium
675 1565 847 1603 meum
895 1549 1248 1620 cogitaverunt
1297 1547 1560 1618 repellere.
1616 1545 1781 1614 Quasi
1816 1543 2003 1600 dicat:

417 1637 530 1707 Ego
554 1638 669 1693 illos
695 1640 758 1694 de
789 1640 1097 1695 innocentia
1123 1638 1372 1706 conveni,
1405 1653 1505 1710 ego
1538 1638 1658 1692 illos
1695 1637 1773 1691 sic
1799 1636 2006 1703 monui,

416 1737 470 1780 et
498 1736 821 1783 tamencum
851 1744 954 1784 non
985 1736 1205 1798 possent
1243 1743 1328 1782 me
1359 1727 1561 1797 apertis
1589 1726 2005 1798 impugnatioui-

2108 537 2285 607 grabo.
2321 537 2561 608 Migrabo
2587 539 2651 592 de
2675 539 3040 603 tabernaculo,
3075 539 3168 594 sed
3197 556 3299 593 non
3331 541 3603 610 emigrabo
3640 541 3711 594 de

2107 627 2338 698 palatio;
2386 628 2510 697 quia
2561 629 2614 681 in
2662 628 2766 682 Deo
2805 629 2908 683 erit
2947 638 3074 683 tunc
3108 629 3343 683 salutare
3393 646 3586 690 meum,
3656 630 3709 682 id

2107 729 2211 784 est,
2241 719 2466 774 interior
2499 719 2764 785 salvatio;
2805 730 2850 773 et
2895 720 3062 790 gloria
3104 738 3242 786 mea,
3287 721 3340 775 id
3383 730 3487 784 est,
3525 722 3712 775 honor

2110 809 2566 865 immortalitatis:
2621 810 2735 880 ipse
2775 811 2918 864 enim
2970 811 3073 866 erit
3107 813 3284 866 omnia
3333 813 3386 866 in
3426 812 3713 866 omnibus.

2107 899 2326 956 Interim
2357 911 2537 956 autem
2567 902 2694 956 dum
2725 902 2778 956 in
2809 902 2892 956 via
2918 918 3057 970 sum,
3087 904 3213 958 dum
3241 905 3478 958 nomlum
3506 919 3712 974 perve-

2108 995 2184 1059 ni,
2221 1003 2305 1050 est
2348 994 2491 1050 Deus
2533 995 2722 1050 auxilii
2765 996 2884 1058 mei,
2923 1004 2982 1050 ut
3021 1011 3128 1050 non
3165 995 3443 1062 deficiam;
3489 1005 3545 1049 et
3585 996 3716 1050 ideo

2107 1101 2221 1154 spes
2250 1102 2364 1138 mea
2390 1086 2446 1140 in
2470 1085 2576 1139 Deo
2605 1094 2700 1152 est,
2731 1095 2790 1140 ut
2816 1086 3130 1156 perveniam
3159 1087 3225 1141 ad
3253 1102 3536 1142 coronam.
3561 1087 3717 1157 Ergo

2108 1192 2228 1232 meo
2250 1177 2496 1247 exemplo
2515 1188 2719 1252 sperate
2747 1180 2803 1234 in
2837 1195 2918 1245 eo,
2943 1188 2996 1235 et
3023 1195 3132 1235 non
3158 1179 3212 1234 in
3237 1169 3467 1245 mundo,
3487 1196 3717 1250 congre-

2106 1269 2247 1337 gatio
2302 1271 2468 1322 omnis
2509 1269 2728 1340 populi:
2787 1271 2901 1326 sive
2957 1271 3097 1326 infra
3121 1272 3308 1341 positi,
3355 1273 3470 1327 sive
3522 1283 3717 1337 extra,

2109 1360 2280 1430 aperti
2320 1360 2525 1415 inimici
2555 1361 2637 1415 vel
2664 1361 2887 1428 occulti,
2930 1362 3056 1434 quia
3091 1363 3205 1433 ipse
3237 1378 3334 1418 vos
3368 1363 3634 1426 salvabit,
3663 1373 3720 1418 et

2107 1452 2220 1521 ipse
2245 1451 2585 1523 glorilicabit.
2615 1453 2681 1506 Et
2711 1462 2768 1508 ut
2789 1453 2841 1507 in
2863 1469 2985 1510 eum
3016 1454 3234 1525 possitis
3255 1469 3500 1523 sperare,
3534 1455 3720 1524 effun-

2107 1541 2231 1606 dite,
2277 1541 2328 1595 id
2367 1551 2451 1597 est
2488 1551 2769 1618 evacuate,
2818 1544 2978 1598 corda
3024 1553 3193 1598 vestra
3241 1559 3418 1596 coram
3449 1543 3567 1609 illo,
3608 1559 3719 1598 non

2107 1647 2288 1688 coram
2320 1634 2657 1699 hominibus;
2694 1633 2775 1688 vel
2807 1635 3058 1704 e/j‘undile
3086 1651 3263 1689 coram
3301 1634 3412 1696 illo,
3454 1635 3718 1690 conside—

2109 1723 2316 1778 ratione
2341 1723 2500 1788 illius,
2533 1723 2615 1779 vel
2648 1725 2773 1778 dum
2799 1723 2888 1778 ille
2916 1725 3217 1794 suscipiat;
3251 1723 3336 1778 vel
3357 1723 3526 1799 exite,
3560 1733 3719 1778 trau-

417 1816 517 1870 bus
541 1832 756 1873 movere
785 1819 852 1874 ab
888 1819 1101 1888 incepto
1124 1835 1308 1883 (ursu,
1350 1817 1653 1874 invidentes
1684 1819 1838 1884 mihi,
1878 1818 2004 1888 quia
2039 1833 2080 1892 Β
2109 1818 2348 1873 sccndite
2369 1817 2529 1872 corda
2575 1826 2775 1884 vestra,
2802 1827 2862 1871 ut
2895 1817 2960 1872 de
2999 1817 3088 1872 illo
3118 1818 3359 1887 cogitare
3396 1815 3715 1871 sollicitatis.

416 1905 591 1960 honor
618 1907 879 1962 bonorum
925 1917 1141 1980 torquet
1180 1925 1274 1965 cor
1300 1909 1610 1980 impiorum,
1633 1909 2010 1980 cogitaverunt

413 2013 512 2068 per
537 1999 756 2056 insidias
782 2001 1014 2071 pretium
1047 2016 1246 2068 meum,
1279 2002 1330 2057 id
1368 2010 1473 2065 est,
1517 2017 1772 2056 coronam
1807 2016 2005 2066 meam,

414 2090 659 2144 bravium
689 2107 866 2146 meum
893 2101 1162 2157 avertere,
1187 2092 1313 2147 dum
1349 2107 1569 2147 cursum
1620 2107 1799 2146 meum
1844 2108 2008 2161 para-

415 2181 549 2237 bant
579 2183 860 2254 impedire,
890 2199 957 2238 ne
983 2199 1416 2239 consummarem
1444 2183 1585 2238 hanc
1611 2198 1786 2238 meam
1819 2182 2005 2246 vitam,

415 2276 790 2345 exprobrando
837 2275 1128 2341 difficilem,
1163 2286 1218 2332 et
1248 2275 1376 2330 nulli
1423 2273 1731 2346 possibilem
1759 2273 2004 2329 dicendo.

416 2367 517 2426 llic
547 2380 803 2426 notantur
838 2370 1096 2428 falsorum
1138 2372 1572 2428 Christianorum
1601 2371 2006 2442 impedimenta,

413 2462 504 2530 qui
522 2462 791 2518 blanditiis
803 2473 856 2518 et
879 2463 1034 2518 malis
1049 2465 1486 2535 persuasionibus
1506 2464 1766 2520 militibus
1781 2462 2005 2526 Christi,

417 2552 628 2608 occulte
665 2553 1060 2624 impedimenta
1112 2564 1340 2627 parant,
1381 2556 1766 2611 erubescentes
1819 2564 2008 2624 aperte

417 2642 751 2713 impugnare.
782 2643 885 2714 lpsi
915 2645 1300 2716 impedimenta
1327 2647 1590 2718 parabant
1625 2663 1639 2701 :
1668 2645 1762 2700 sed
1791 2661 1890 2716 ego
1917 2661 2010 2699 cu-

419 2736 567 2790 curri
622 2736 766 2790 nulla
816 2737 976 2810 hujus
1025 2739 1148 2794 vita:
1191 2738 1444 2794 illecebra
1489 2739 1763 2803 detentus,
1809 2736 2008 2793 nullius

413 2825 576 2880 minis
600 2825 683 2880 vel
711 2828 1008 2883 terroribus
1033 2837 1320 2900 retractus.
1358 2829 1423 2883 Et
1463 2829 1516 2882 in
1551 2827 1639 2882 siti
1669 2827 1898 2890 cucurri,
1957 2827 2010 2882 id

413 2927 496 2971 εει
536 2917 587 2970 in
635 2917 906 2976 desiderio
943 2920 1361 2976 transformandi
1399 2921 1528 2975 mihi
1574 2936 1690 2986 eos,
1743 2931 1797 2974 et
1848 2917 2003 2988 traji-

412 3007 588 3062 ciendi
614 3009 665 3062 in
695 3024 892 3078 corpus
929 3009 1162 3065 Christi:
1191 3025 1312 3080 qua:
1331 3011 1444 3064 sitis
1475 3009 1817 3080 przeﬁgurata
1848 3017 1928 3063 est
1954 3009 2006 3061 iu

415 3097 594 3165 capite
616 3097 759 3152 illius
772 3098 942 3166 vituli,
959 3100 1102 3168 quod
1120 3099 1334 3170 Moyses
1361 3099 1694 3154 descendens
1715 3097 1780 3152 de
1802 3105 2004 3160 monte,

2111 1908 2349 1974 Transit,
2385 1911 2645 1980 quidquid
2680 1911 2842 1966 corde
2871 1911 3110 1980 concipis
3137 1918 3334 1981 praeter
3357 1909 3557 1978 ipsum.
3593 1909 3718 1978 Ipse

2112 2011 2312 2068 manet,
2341 2003 2390 2056 in
2416 2018 2539 2056 cum
2569 2002 2783 2058 effunde
2817 2002 3078 2072 quidquid
3109 2000 3493 2056 sollicitudinis
3523 2001 3722 2054 conci-

2111 2097 2188 2166 pit
2213 2112 2309 2152 cor
2329 2106 2500 2150 tuum.
2529 2096 2681 2153 Tunc
2706 2098 2820 2169 ipse
2848 2097 3010 2160 videt,
3038 2113 3162 2153 cum
3193 2113 3375 2152 veram
3407 2097 3717 2152 confessio-

2112 2205 2234 2243 nem
2269 2198 2614 2259 peccatorum
2650 2189 2918 2254 facimus;
2957 2189 3208 2259 e/fundite
3236 2189 3378 2253 dico,
3427 2189 3717 2259 lacryma-

2110 2273 2292 2336 bilitcr
2325 2283 2700 2353 :deprccando,
2753 2280 3401 2352 humiliterconfitcndo,
3434 2281 3718 2335 veraciter

2110 2373 2441 2444 paenitendo,
2473 2389 2579 2428 non
2609 2371 2878 2428 fallaciter
2905 2371 3196 2428 credendo.
3238 2370 3362 2426 ldeo
3398 2386 3594 2425 coram
3628 2371 3718 2424 illo

2109 2465 2383 2533 e/l‘nndite,
2412 2463 2536 2534 quia
2564 2463 2706 2534 quod
2731 2479 2829 2534 per
2851 2478 2946 2518 vos
2965 2479 3074 2518 nou
3099 2463 3345 2532 potestis,
3375 2462 3492 2532 ipse
3524 2460 3713 2516 faciet.

2115 2557 2251 2613 Deus
2275 2558 2488 2628 adjutor
2517 2567 2694 2611 noster
2721 2557 2809 2612 hic
2833 2555 3175 2626 perducendo
3204 2556 3256 2608 in
3283 2565 3564 2607 (uernum.
3606 2554 3716 2606 Ad-

2103 2647 2253 2718 jutor
2301 2656 2384 2704 est
2429 2648 2692 2712 vocando,
2739 2645 3105 2716 justificando,
3156 2644 3551 2699 conservando.
3610 2642 3718 2697 Sed

2110 2738 2236 2794 licet
2274 2753 2369 2794 eos
2396 2754 2645 2794 moneam
2676 2739 2728 2792 in
2773 2739 2883 2793 Deo
2909 2753 3152 2808 sperare,
3189 2745 3243 2792 et
3267 2752 3371 2792 nou
3395 2736 3447 2790 in
3483 2736 3716 2800 sazculo,

2123 2825 2493 2890 Verumtamen
2520 2829 2643 2882 vani
2681 2827 2782 2895 filii
2805 2829 3096 2893 hominum,
3124 2828 3176 2884 id
3202 2837 3307 2890 est,
3335 2827 3491 2881 vanis
3517 2826 3718 2891 dediti,

2111 2921 2319 2978 scilicet
2344 2922 2726 2990 temporalibus
2745 2923 3079 2988 commodis;
3110 2923 3408 2987 mendaces,
3433 2921 3722 2990 decipien-

2112 3019 2192 3066 tes
2223 3011 2391 3078 alios;
2441 3011 2540 3080 ﬁlii
2584 3011 2876 3077 hominum,
2925 3011 2978 3066 id
3009 3021 3119 3077 est,
3163 3012 3466 3066 imitatores
3511 3011 3720 3080 primo-

2112 3092 2266 3168 rum,
2281 3100 2539 3156 subaudis
2567 3111 2719 3157 entes
2741 3103 2795 3156 in
2820 3102 3053 3168 stateris,
3076 3101 3161 3156 vel
3186 3101 3510 3157 simulantes
3537 3101 3718 3172 xqui-

416 3199 636 3258 accepta
665 3188 802 3260 lege,
832 3190 884 3243 in
915 3189 1090 3260 ignem
1131 3190 1280 3245 misit
1315 3199 1370 3244 et
1395 3189 1668 3258 diminuit,
1697 3196 1752 3243 et
1780 3189 1832 3243 in
1865 3202 2002 3259 aqua
2033 3210 2077 3270 ρ
2111 3200 2295 3258 tatem,
2325 3193 2392 3247 ad
2430 3193 2534 3248 hoc
2569 3203 2622 3247 ut
2651 3193 2912 3265 decipiant
2949 3195 3050 3266 ipsi
3070 3194 3134 3250 de
3172 3197 3423 3260 vanitate,
3450 3195 3719 3250 subaudis

416 3279 635 3334 miscuit
663 3288 717 3334 et
756 3279 901 3336 dedit
927 3279 1122 3350 populo
1158 3282 1342 3336 bibere
1379 3280 1575 3352 (Exod.
1604 3279 1797 3352 χχχιι).
1835 3279 2007 3350 Caput

415 3370 566 3424 vituli
599 3370 742 3441 quod
764 3370 864 3425 fuit
899 3380 1061 3441 caput
1090 3371 1238 3438 idoli,
1266 3371 1537 3442 significat
1557 3371 1810 3442 populum
1842 3370 2008 3442 Baby-

416 3463 594 3529 loniae,
622 3465 714 3533 qui
745 3464 972 3536 populus
1001 3465 1055 3520 in
1087 3465 1265 3535 ignem
1305 3463 1713 3518 tribulationum
1751 3462 2006 3528 mittitur,

415 3566 471 3610 et
495 3573 592 3628 per
619 3557 853 3628 Moysen,
879 3558 930 3613 id
954 3567 1060 3624 εει,
1087 3559 1386 3623 doctorem,
1415 3557 1663 3631 eruditio'
1681 3557 2006 3611 comminui-

417 3655 527 3712 tur,
555 3649 603 3702 id
626 3659 728 3715 cst,
757 3649 1076 3703 humiliatur
1097 3650 1163 3703 ad
1190 3649 1564 3718 ptenitentiam
1591 3658 1645 3702 et
1685 3657 1807 3719 post
1839 3649 2007 3702 mitti-

419 3746 509 3790 tur
535 3737 588 3791 in
613 3753 830 3806 aquam,
865 3737 916 3792 id
957 3747 1063 3803 est,
1101 3740 1430 3809 baptizatur,
1469 3747 1523 3794 el
1566 3739 1644 3793 sic
1687 3741 2013 3793 transfertur

419 3827 472 3881 in
499 3842 695 3897 corpus
723 3827 980 3882 fidelium.
1026 3827 1094 3882 Et
1125 3843 1258 3897 opus
1302 3835 1420 3883 erat
1463 3835 1521 3882 ut
1555 3827 1674 3882 illos
1705 3827 1836 3880 mihi
1883 3843 2015 3882 con-

417 3915 732 3982 formarem,
777 3916 902 3986 quia
934 3933 1022 3971 ore
1048 3933 1143 3970 suo
1175 3917 1383 3972 scilicet
1404 3915 1590 3972 doloso
1620 3905 2010 3981 benedicebani,

417 4016 466 4061 et
492 4007 648 4060 corde
675 4023 770 4060 suo
801 4006 1177 4060 maledicebant
1201 4021 1220 4059 .'
1265 4023 1360 4062 ore
1395 4007 1792 4078 praetendentes
1814 4008 2014 4062 verita-

424 4108 550 4162 tem,
586 4099 742 4152 utsic
767 4097 980 4152 facilius
1016 4107 1071 4152 et
1105 4099 1371 4154 occultius
1399 4099 1658 4153 ducerent
1695 4101 1758 4152 ad
1797 4101 2016 4153 menda-

420 4191 590 4256 cium,
621 4199 677 4244 ει
701 4191 866 4254 corde
902 4200 1148 4261 tegentes
1178 4190 1492 4246 falsitatem.
1523 4191 1624 4247 llic
1652 4201 1872 4247 notatur
1903 4193 2011 4246 ha:-

420 4284 709 4338 reticorum
737 4283 992 4353 pravitas.
1041 4281 1431 4354 Verumtamen,
1480 4284 1532 4338 id
1571 4292 1673 4349 εει,
1705 4300 2014 4355 quanquam

423 4379 500 4426 tot
526 4371 909 4443 impedimenta
932 4379 986 4426 et
1011 4381 1086 4427 tot
1110 4373 1321 4428 insidia:
1344 4372 1473 4427 mihi
1494 4383 1772 4442 parentur,
1787 4389 1820 4427 ο
1839 4374 2014 4428 anima

417 4482 555 4531 mea,
592 4467 798 4520 sustine
827 4465 1006 4519 omnia
1035 4484 1047 4519 :
1080 4475 1135 4520 et
1165 4475 1221 4519 ut
1246 4467 1516 4522 sustinere
1543 4467 1748 4532 valeas,
1777 4467 2010 4537 subjecta

2113 3285 2417 3353 temporali,
2449 3285 2500 3340 id
2535 3293 2639 3351 εει,
2687 3285 2753 3341 de
2783 3286 2884 3341 hac
2928 3285 3161 3341 falsitate
3209 3286 3264 3339 in
3297 3286 3550 3354 idipsum,
3591 3287 3721 3340 sub-

2111 3375 2264 3429 audis
2318 3375 2618 3440 tendentes,
2675 3374 2729 3429 id
2776 3383 2879 3440 est,
2919 3374 2972 3428 in
3014 3384 3275 3430 :nternam
3319 3373 3626 3428 vanitatem
3667 3383 3721 3427 et

2115 3468 2166 3522 in
2193 3477 2453 3523 aiternam
2491 3469 2920 3533 damnationem,
2948 3468 3155 3524 scilicet
3193 3467 3261 3522 de
3301 3467 3544 3521 tenebris
3590 3477 3722 3522 tem-

2115 3559 2390 3629 poralibus
2420 3560 2474 3614 in
2511 3570 2760 3614 aeternas.
2807 3558 2877 3614 Ut
2920 3559 3181 3632 decipiant
3213 3561 3312 3630 ipsi
3363 3560 3428 3614 de
3483 3561 3720 3616 vanitate

2113 3652 2165 3704 in
2197 3652 2442 3721 idipsum,
2468 3651 2718 3722 quamvis
2741 3651 2940 3707 diversi
2965 3661 3021 3707 et
3060 3652 3386 3722 multiplices
3427 3652 3543 3706 sint
3565 3667 3720 3707 erro-

2115 3760 2220 3808 res,
2248 3745 2312 3798 de
2353 3746 2584 3798 vanitate
2625 3753 2804 3799 tamen
2839 3760 3028 3800 omnes
3053 3745 3283 3815 idipsum
3325 3745 3593 3812 sentiunt,
3626 3746 3717 3814 qui

2114 3835 2230 3905 ejus
2256 3845 2382 3892 sunt
2408 3835 2664 3901 civitatis,
2690 3837 2784 3906 qui
2811 3851 2991 3907 regem
3015 3836 3219 3892 habent
3243 3836 3545 3892 diabolum.
3577 3836 3717 3905 Ergo

2115 3915 2428 3991 miserandi,
2479 3942 2696 3998 semper
2750 3927 3041 3993 monendi;
3100 3925 3243 3982 unde
3301 3926 3472 3982 dicit:
3538 3924 3716 3980 Nolite

2114 4037 2346 4090 sperare.
2382 4019 2536 4076 Sicut
2572 4020 2660 4074 hic
2691 4018 2994 4074 fefellerunt
3024 4019 3182 4086 alios,
3214 4018 3290 4074 ita
3319 4027 3377 4074 et
3415 4018 3491 4072 ibi
3522 4017 3716 4073 fallen-

2119 4120 2242 4166 tur:
2288 4127 2394 4166 non
2418 4112 2563 4181 quod
2585 4111 2658 4166 ibi
2700 4111 2832 4167 falsa
2857 4111 2967 4166 sint
3003 4120 3292 4178 tormenta,
3325 4111 3423 4165 sed
3447 4122 3712 4180 quantum

2048 4265 2051 4267 ί
2117 4203 2185 4257 ad
2214 4202 2342 4256 boui
2390 4202 2807 4271 reputationem,
2838 4200 3036 4256 nullius
3063 4201 3222 4270 pretii
3253 4208 3414 4265 sunt;
3449 4201 3535 4254 vel
3572 4217 3714 4255 men-

2117 4291 2273 4348 daces
2303 4300 2428 4347 sunt
2454 4289 2552 4360 ﬁlii
2587 4291 2854 4345 hominum
2891 4293 2946 4344 in
2985 4294 3216 4355 stateris,
3248 4291 3302 4347 id
3341 4299 3450 4356 est,
3481 4292 3536 4346 in
3567 4307 3715 4346 com-

2119 4383 2336 4438 merciis
2379 4383 2513 4448 suis,
2543 4397 2573 4436 a
2605 4391 2758 4453 parte
2783 4391 2952 4437 totum
2977 4399 2993 4448 ;
3024 4383 3150 4452 quia
3179 4383 3384 4455 pondus
3412 4393 3462 4437 et
3484 4385 3710 4453 pondus,

2118 4491 2366 4530 mensura
2393 4484 2441 4528 et
2478 4490 2746 4539 mensura,
2772 4475 3094 4530 abominatio
3123 4475 3267 4545 apud
3305 4474 3479 4530 Deum
3511 4473 3705 4548 (Prov.

419 4568 529 4611 esto
559 4555 689 4621 Deo,
736 4558 827 4626 qui
871 4559 965 4611 dat
999 4557 1362 4612 tolerantiam.
1392 4558 1459 4614 Et
1487 4559 1683 4613 merito
1714 4560 1841 4624 Deo,
1885 4575 2014 4629 quo-
2047 4593 2093 4652 ο
2121 4568 2252 4637 xx).
2298 4566 2672 4638 Augustinus:
2738 4585 2757 4618 ι
2787 4567 3034 4622 Attendis
3088 4568 3177 4622 cui
3243 4566 3427 4630 libras,
3482 4577 3542 4623 et
3606 4583 3708 4623 non

421 4650 563 4701 niam
586 4647 650 4700 ab
691 4648 800 4716 ipso
828 4648 1078 4717 patientia
1101 4665 1235 4702 mea.
1267 4648 1424 4704 Venit
1450 4649 1602 4703 dolor
1631 4665 1804 4712 meus,
1835 4650 2014 4705 veniet

419 4735 636 4804 requies
663 4750 806 4801 mea,
831 4737 1050 4806 ponitur
1076 4753 1217 4792 nunc
1243 4753 1434 4792 aurum
1466 4738 1517 4792 in
1552 4737 1789 4802 fornace,
1815 4749 1873 4792 ut
1895 4754 2015 4809 pur-

419 4839 602 4898 gatum
634 4829 818 4884 veniat
852 4829 919 4883 ad
971 4829 1193 4886 lucem:
1252 4829 1461 4898 fornax,
1512 4832 1772 4898 mundus;
1838 4833 2014 4902 palea,

423 4918 590 4989 iniqui
613 4934 628 4984 ;
661 4934 874 4983 aurum,
891 4919 1054 4989 justi;
1081 4919 1241 4992 ignis,
1267 4921 1574 4987 tribulatio;
1603 4921 1835 4986 aurifex,
1853 4921 2011 4977 Deus.

423 5009 576 5074 Quod
603 5008 721 5063 vult
749 5023 876 5080 ergo
901 5009 1123 5076 artifex,
1157 5010 1296 5066 facio
1325 5029 1339 5077 ;
1372 5013 1462 5068 ubi
1493 5029 1576 5067 me
1603 5013 1771 5083 ponit,
1801 5013 1971 5068 tolero
1998 5029 2012 5076 ;

416 5095 613 5164 jubeor
661 5111 762 5168 ego
796 5096 1047 5163 tolerare,
1082 5098 1230 5152 novit
1279 5098 1366 5154 ille
1400 5115 1655 5170 purgare,
1706 5098 1830 5153 licet
1864 5098 2019 5167 palea

424 5189 612 5243 ardeat
644 5191 711 5244 ad
740 5187 1132 5244 incendendum
1157 5204 1264 5255 me,
1296 5190 1384 5244 illa
1416 5191 1469 5245 in
1499 5191 1736 5245 cinerem
1765 5189 2014 5256 vertitur,

424 5294 524 5351 ego
572 5278 819 5335 sordibus
869 5295 1030 5335 careo
1074 5298 1086 5333 :
1134 5282 1350 5350 quare?
1395 5281 1522 5350 quia
1571 5279 1679 5334 Deo
1735 5278 2020 5348 subjicitur

424 5375 602 5427 anima
651 5389 787 5438 mea,
827 5375 1075 5442 quoniam
1140 5374 1203 5426 ab
1249 5374 1359 5445 ipso
1411 5373 1658 5442 patientia
1715 5389 1849 5437 mea,
1899 5388 2019 5443 qua

428 5466 732 5519 necessaria
769 5465 856 5519 hic
884 5472 987 5529 est,
1016 5473 1078 5519 ut
1117 5474 1458 5535 reportemus
1487 5465 1922 5534 promissionem.
1956 5465 2020 5520 Et

430 5557 547 5611 ideo
574 5557 739 5612 etiam
769 5558 841 5612 illi
877 5559 1109 5630 subjecta
1137 5569 1260 5623 esto,
1296 5559 1420 5629 quia
1460 5558 1567 5629 ipse
1597 5558 1737 5612 Deus
1774 5558 2014 5612 omnium
2045 5617 2048 5620 ,

430 5663 524 5712 per
554 5657 822 5713 naturam,
847 5659 932 5704 est
962 5649 1100 5703 Deus
1131 5667 1274 5704 mens
1301 5665 1397 5720 per
1423 5649 1653 5720 gratiam
1687 5649 1949 5712 vocando,
1969 5658 2014 5702 ct

427 5736 658 5789 Sttlt‘ttht‘
683 5753 826 5790 meus
866 5740 1032 5809 gratis
1060 5739 1424 5810 justificamlo,
1458 5740 1674 5810 adjutor
1704 5756 1846 5792 meus
1884 5755 2014 5792 con-

2119 4659 2356 4716 attendis
2402 4673 2510 4728 quo
2549 4657 2786 4713 libraris.
2815 4677 2833 4709 ι
2877 4658 2979 4729 1ρεί
3012 4658 3077 4712 de
3119 4659 3345 4713 vanitate
3374 4660 3428 4712 in
3459 4660 3706 4731 idipsum,

2119 4751 2172 4805 id
2202 4758 2306 4816 est,
2351 4763 2539 4804 omnes
2569 4748 2623 4802 in
2663 4749 2902 4804 vanitate
2933 4748 3248 4804 concordes.
3279 4748 3464 4803 Nolite
3504 4767 3708 4820 sperare

2119 4844 2172 4898 in
2193 4844 2486 4914 iniquitate.
2515 4841 2676 4910 Quasi
2709 4843 2889 4897 dicat:
2921 4843 3034 4914 Ego
3055 4843 3188 4908 dixi,
3219 4852 3430 4914 sperate
3462 4844 3517 4898 in
3538 4859 3623 4899 eo.
3653 4843 3707 4899 Si

2119 4946 2299 4991 autem
2325 4935 2380 4988 in
2412 4949 2478 4990 eo
2515 4949 2732 5004 sperare
2760 4934 2941 4999 vultis,
2979 4934 3137 4988 nolite
3172 4950 3382 5004 sperare
3416 4935 3473 4989 in
3513 4936 3704 5004 iniqui-

2120 5036 2246 5092 tate,
2280 5027 2330 5082 id
2358 5035 2442 5081 est
2467 5026 2520 5080 in
2549 5026 2774 5092 divitiis,
2803 5043 2923 5096 qua:
2954 5035 3081 5080 sunt
3115 5041 3420 5080 mammona
3456 5027 3707 5096 iniquita-

2123 5119 2210 5184 tis,
2237 5118 2363 5188 quia
2391 5107 2569 5174 omnis
2603 5117 2754 5172 dives
2786 5126 2881 5173 aut
2911 5115 3145 5186 iniquus,
3177 5123 3268 5170 aut
3306 5116 3482 5171 hazres
3519 5115 3703 5185 iniqui.

2130 5207 2498 5264 Verumtamen
2549 5209 2666 5263 vani
2705 5207 2806 5277 ﬁlii
2857 5207 3146 5269 hominum,
3181 5220 3244 5260 ex
3283 5208 3519 5276 quadam
3558 5221 3704 5262 com-

2120 5301 2371 5370 passione
2409 5298 2733 5368 interposuit
2775 5298 3027 5353 ldithun:
3072 5297 3172 5352 hoc
3216 5297 3284 5350 ad
3325 5297 3543 5352 divites.
3606 5297 3706 5351 V'os

2121 5401 2302 5448 autem
2325 5405 2608 5461 pauperes,
2633 5391 2845 5460 rapinas
2863 5389 3018 5443 nolite
3052 5389 3434 5458 concupiscere.
3464 5388 3626 5458 [lapis
3652 5397 3702 5440 tu

2124 5482 2351 5553 quisque
2382 5481 2579 5545 aliena,
2603 5489 2658 5536 et
2687 5482 2864 5534 nescis
2891 5497 2918 5533 a
2943 5495 3049 5548 quo
3075 5479 3320 5548 rapiat-is.
3349 5478 3516 5549 Rapis
3546 5493 3702 5548 pecu-

2124 5578 2295 5638 niam,
2334 5574 2514 5643 perdis
2557 5574 2957 5628 innocentiam:
2997 5582 3051 5627 ct
3087 5573 3167 5628 sic
3213 5572 3441 5626 interius
3480 5571 3614 5640 rapit
3655 5579 3702 5622 te

2126 5668 2210 5724 leo
2264 5665 2373 5729 ille,
2419 5665 2510 5734 qui
2556 5665 2764 5732 rugiens
2815 5664 3000 5717 circuit
3047 5679 3286 5733 qua’rens
3315 5679 3465 5733 quem
3507 5663 3700 5714 deraret

2129 5757 2194 5827 (I
2228 5756 2373 5812 Petr.
2404 5760 2477 5826 v).
2513 5756 2556 5812 Ο
2596 5755 2836 5826 iniquum
2877 5755 3284 5819 commercium,
3331 5771 3363 5809 0
3394 5755 3700 5809 damnosum
