3884 5678
90 367 213 426 453

1239 354 1765 414 ENARIMTIONES
1805 353 1868 407 ΙΝ
1910 351 2242 407 PSALMOS.

3281 353 3389 412 454

91 481 666 545 !ucrum,‘acqmrere
705 471 1010 543 pecuniam,
1058 477 1116 524 ut
1157 467 1374 522 amittas
1398 465 1692 536 justitiam!
1729 468 1773 527 Α
1804 464 1992 517 Anima
2035 464 2191 534 primi
2218 462 2388 517 Adam
2422 439 2530 519 non
2568 462 2665 518 fuit
2696 464 2935 536 subjecta
2967 465 3096 532 Deo,
3127 477 3179 524 et
3210 469 3329 526 ideo
3356 486 3391 527 a

89 567 229 624 Noli
271 582 408 637 ergo
447 579 656 636 rapere,
697 563 807 618 noli
856 563 920 618 de
958 567 1272 632 paupertate
1313 559 1531 621 timere;
1576 555 1700 625 quia

90 665 195 732 qui
238 660 416 730 pascit
441 657 725 720 latronem,
755 654 930 724 pascit
966 654 1338 714 innocentem;
1377 649 1501 716 quia
1533 645 1706 717 pascit

91 749 505 811 damnandum,
549 753 732 815 pascet
769 743 1110 798 salvandum.
1161 738 1256 795 Vel
1305 739 1470 793 nolite
1517 745 1705 807 putare

91 850 155 894 ut
187 840 403 894 divitia:
431 853 495 892 ex
527 836 810 906 iniquitate
841 833 1117 903 acquisita:
1139 829 1290 883 vobis
1313 828 1542 899 prosint,
1581 841 1703 880 cuni

93 931 238 984 inde
299 928 636 984 benefacitis.
688 926 850 993 Quasi
905 925 1096 978 dicat:
1155 921 1334 984 Dives,
1379 919 1484 973 noli
1530 917 1702 971 aliena

93 1035 330 1091 rapere,
380 1019 505 1088 quia
551 1032 655 1071 non
695 1017 839 1087 cogit
881 1012 1196 1069 necessitas.
1229 1010 1386 1064 Audi.
1421 1001 1628 1063 Di'ritia:
1659 1008 1706 1061 si

92 1113 356 1182 afﬂuant,
392 1109 549 1164 nolite
576 1125 664 1162 cor
695 1123 969 1178 apponere,
1001 1107 1054 1160 id
1085 1113 1190 1169 est,
1228 1117 1332 1157 non
1360 1116 1454 1156 eas
1492 1100 1702 1164 ametis,

94 1218 217 1256 non
276 1203 334 1255 in
386 1201 466 1256 eis
505 1199 754 1271 speretis,
787 1213 892 1252 non
938 1196 1012 1251 ibi
1053 1211 1148 1249 cor
1190 1193 1388 1264 ligatis,
1440 1205 1507 1244 ne
1549 1188 1706 1244 simul

92 1293 367 1347 ellluatis.
395 1292 545 1359 Quod
574 1291 716 1346 enim
748 1289 935 1352 aﬂluit,
969 1296 1147 1358 potest
1179 1294 1235 1340 et
1274 1283 1488 1340 elllucre
1516 1301 1528 1336 :
1563 1297 1700 1336 vana

92 1381 397 1450 iniquitas,
428 1381 618 1435 ﬂorere
643 1381 708 1434 ad
755 1389 984 1448 tempus.
1017 1377 1167 1430 Miles
1209 1375 1408 1430 Christi
1453 1374 1702 1436 ldithun;

91 1471 198 1542 qui
236 1473 347 1526 huc
379 1486 544 1540 usque
565 1471 774 1524 locutus
799 1478 880 1523 est
903 1469 968 1522 ad
1007 1483 1100 1522 eos
1131 1483 1267 1538 quos
1296 1465 1434 1519 infra
1464 1481 1518 1519 se
1550 1464 1704 1529 vidit,

90 1562 356 1616 invitatis
394 1576 486 1616 eos
533 1561 600 1616 ad
643 1576 881 1624 cursmn,
927 1561 1150 1614 horlans
1187 1572 1376 1611 omnes
1422 1572 1568 1625 spem
1608 1572 1706 1626 po-

90 1665 242 1705 nere
276 1652 332 1704 in
358 1650 603 1714 Domino,
627 1658 682 1704 et
710 1651 1003 1704 dehortans
1025 1662 1242 1718 sperare
1269 1648 1320 1700 in
1345 1647 1558 1708 saeculo,
1582 1662 1707 1715 sup-

89 1743 265 1814 ponit
325 1742 605 1810 utrinsque
663 1741 739 1794 rei
799 1741 1082 1805 rationem,
1139 1747 1192 1792 et
1235 1738 1498 1793 convertit
1537 1753 1594 1791 se
1636 1737 1704 1792 ad

1808 570 1967 608 manu
2023 555 2321 624 peccatoris
2374 563 2516 608 mota
2559 555 2868 611 humanitas
2920 556 3139 613 Christi.
3201 559 3390 618 Nonne

1809 643 1916 699 Deo
1955 645 2189 714 subjecta
2233 645 2338 700 erit
2365 647 2541 700 anima
2569 649 2728 701 mea?
2752 648 2867 702 Erit
2896 650 3100 720 utique,
3133 652 3256 720 quia
3288 669 3393 708 non

1806 737 1933 789 mihi
1959 737 2135 790 veniet
2161 753 2248 806 pes
2270 738 2547 807 superbire.
2580 739 2661 794 Ab
2693 739 2806 809 ipso
2834 741 3001 807 enim,
3033 743 3238 798 scilicet
3259 742 3396 800 Ver-

1805 825 1873 879 bo
1899 825 2028 879 mihi
2059 827 2226 894 unito,
2256 819 2488 883 Salutare
2520 845 2718 893 meum,
2751 845 2854 884 non
2887 846 2917 885 a
2956 847 3040 886 me
3078 834 3327 889 homine:
3363 850 3390 888 a

1806 932 1865 971 se
1895 917 2037 971 enim
2066 918 2165 972 sibi
2199 919 2400 972 homini
2430 920 2726 986 damnatio,
2749 935 2778 974 ει
2807 921 2914 975 Deo
2937 930 3116 977 autem
3148 924 3391 978 salvatio.

1808 1007 1942 1060 Nam
1992 1017 2046 1062 et
2079 1009 2208 1078 ipse,
2243 1010 2449 1064 scilicet
2475 1011 2731 1078 Verbum,
2773 1023 2855 1067 est
2888 1014 3027 1068 Deus
3057 1031 3207 1069 meus
3239 1032 3392 1070 crea-

1808 1099 1953 1154 tione
1987 1099 2181 1168 prima,
2214 1100 2463 1155 salutaris
2490 1119 2653 1166 meus,
2680 1103 2732 1157 id
2765 1112 2866 1170 est,
2895 1119 3135 1159 meorum
3163 1105 3395 1160 creatio-

1808 1204 1874 1244 ne
1901 1191 2156 1255 secunda,
2181 1201 2447 1260 susceptor
2478 1209 2620 1246 meus
2648 1194 2713 1248 de
2736 1209 2911 1249 massa
2938 1197 3272 1265 perditorum
3309 1195 3396 1249 vel

1808 1279 1875 1333 de
1911 1279 2184 1348 sepulcro,
2216 1289 2271 1335 et
2317 1281 2436 1336 ideo
2485 1298 2586 1336 non
2636 1285 2872 1337 movebar
2921 1285 3164 1355 amplius.
3220 1284 3396 1340 Motus

1808 1387 1926 1425 sum
1956 1372 2105 1441 prius
2131 1372 2180 1426 in
2213 1388 2412 1438 massa,
2432 1375 2525 1428 sed
2549 1391 2651 1429 non
2679 1375 2906 1446 amplius
2935 1377 3154 1432 moriar.
3183 1378 3245 1430 Et
3267 1378 3392 1448 quia

1809 1462 1948 1516 Deus
1985 1462 2214 1516 salvator
2243 1481 2408 1531 meus,
2433 1479 2562 1534 ergo
2608 1482 2872 1536 quousque
2915 1467 3116 1520 irruitis
3154 1469 3205 1520 in
3233 1468 3399 1521 homi-

1809 1569 1948 1617 nem,
1991 1567 2023 1607 0
2067 1552 2259 1620 Judmi,
2292 1557 2358 1609 ad
2402 1556 2876 1610 interficiendum?
2916 1566 2967 1611 et
3016 1558 3165 1626 quasi
3199 1557 3270 1611 illi
3322 1557 3401 1609 di-

1809 1654 1981 1699 cant:
2027 1644 2134 1700 Nos
2192 1661 2296 1700 non
2345 1649 2634 1717 quaerimus
2691 1657 2744 1702 te
2813 1648 3394 1713 interﬁcerez'Ccrte,

1809 1738 2002 1807 inquit,
2047 1739 2280 1793 universi
2318 1755 2416 1794 vos
2447 1740 2769 1807 interlicitis,
2827 1743 2928 1797 etsi
2969 1743 3021 1798 in
3077 1743 3287 1814 gladiis,
3324 1752 3400 1796 ta-

92 1834 310 1899 Deum,
356 1831 510 1902 quasi
554 1830 876 1886 familiarius
919 1831 998 1887 sic
1041 1831 1288 1899 loquens,
1331 1829 1484 1898 quasi
1521 1829 1598 1882 sic
1627 1827 1704 1882 di-
1737 1825 1780 1883 Β
1809 1845 1929 1884 men
1977 1831 2030 1884 in
2066 1831 2260 1901 linguis
2290 1847 2384 1889 vos
2433 1835 2636 1888 irruitis
2684 1834 2834 1900 mihi,
2875 1835 2966 1906 qui
2996 1851 3113 1889 sum
3145 1846 3398 1906 tanquam

91 1940 242 1980 cens
276 1943 290 1978 :
326 1924 664 1996 Sperandum
695 1933 777 1980 est
823 1923 874 1977 in
925 1933 995 1988 te,
1026 1935 1059 1978 ο
1105 1923 1348 1986 Domine,
1398 1930 1454 1976 et
1494 1937 1599 1976 non
1630 1931 1713 1976 est

90 2014 446 2084 sperandum
514 2014 568 2069 in
631 2012 959 2068 vanitatibus
1001 2012 1160 2082 hujus
1219 2012 1444 2078 smculi;
1489 2013 1635 2082 quia,
1680 2025 1712 2064 ο

94 2107 280 2172 Dens,
323 2115 379 2159 tu
425 2105 606 2160 reddes
637 2107 914 2177 unicuique
935 2104 1093 2175 juxta
1138 2120 1292 2174 Opera
1328 2121 1424 2157 sua
1448 2117 1466 2154 :
1503 2102 1713 2172 injustis

92 2216 359 2270 poenam,
387 2197 550 2268 justis
589 2195 868 2254 coronam.
903 2199 967 2253 Et
995 2199 1099 2253 hoc
1147 2198 1312 2252 facies
1343 2212 1406 2252 ex
1448 2205 1715 2266 potestate

94 2304 156 2349 et
220 2308 290 2348 ex
334 2278 724 2358 misericordia,
775 2295 898 2363 quia
953 2302 1180 2363 potestas
1227 2292 1324 2346 Dei
1378 2301 1474 2357 est,
1509 2301 1556 2345 et
1599 2292 1712 2356 tibi,

95 2385 366 2450 Domine,
397 2384 759 2437 misericordia
785 2399 804 2438 :
835 2393 1063 2453 potestas
1095 2399 1199 2453 qua
1239 2383 1405 2438 malos
1445 2382 1710 2446 damnas;

94 2473 513 2538 misericordia,
566 2487 669 2542 qua
738 2474 906 2528 bonos
955 2489 1293 2530 remuneras.
1343 2471 1603 2535 Potestas,
1662 2472 1716 2526 id

96 2575 218 2629 est,
250 2564 464 2636 justitia
490 2573 572 2618 est
602 2564 653 2619 in
692 2579 778 2628 eo,
808 2580 874 2619 ne
896 2579 1196 2634 prmsumas
1226 2564 1291 2619 de
1320 2564 1711 2630 misericordia,

97 2672 177 2711 ne
212 2664 404 2709 autem
443 2653 697 2723 desperes
727 2655 791 2708 de
816 2654 1048 2724 iustitia,
1077 2655 1386 2709 misericors
1412 2663 1516 2709 est.
1553 2655 1712 2709 Pote-

99 2756 262 2802 state
299 2747 564 2816 superbos
594 2746 863 2811 humilias,
915 2746 1286 2800 misericordia
1316 2745 1546 2801 humiles
1568 2746 1716 2800 exal-

101 2849 219 2893 tas.
251 2837 314 2892 In
361 2837 444 2891 his
486 2837 694 2892 duolms
723 2837 902 2892 omnia
951 2837 1151 2908 scripta
1199 2837 1278 2891 vel
1308 2838 1445 2890 dicta
1487 2838 1717 2907 patriar-

101 2931 374 2993 charum,
424 2930 808 2999 prophetarum
846 2937 898 2983 et
935 2928 1320 2998 apostolorum,
1349 2929 1711 2983 continentur.

100 3023 389 3076 Amemus
411 3035 539 3090 ergo
560 3020 1009 3086 misericordiam,
1038 3021 1324 3074 timeamus
1352 3028 1670 3090 potestatem
1697 3060 1710 3085 ,

101 3123 165 3166 et
197 3113 286 3166 sic
327 3126 570 3166 amemus
606 3111 1053 3176 misericordiam,
1080 3119 1140 3165 ut
1169 3125 1274 3164 non
1306 3120 1716 3165 contemnamus

104 3213 453 3276 potestatem
482 3219 496 3268 ;
527 3202 605 3257 sic
636 3204 922 3257 timeamus
949 3211 1296 3272 potestatem,
1321 3210 1377 3256 ut
1406 3202 1472 3256 de
1500 3201 1715 3256 miseri-
1744 3176 1788 3237 (ἶ

107 3295 312 3350 cordia
355 3303 534 3349 tamen
565 3309 671 3348 non
712 3294 1080 3363 desperemus.
1106 3291 1417 3347 Timeamus
1446 3307 1575 3364 ergo
1604 3290 1718 3360 ejus

108 3401 438 3455 supremam
459 3385 750 3455 potentiam
769 3402 782 3438 :
804 3383 1061 3453 quidquid
1084 3383 1199 3438 vult
1221 3382 1419 3448 facere,
1444 3392 1641 3453 potest,
1668 3390 1718 3436 et

111 3485 314 3529 tamen
343 3473 478 3529 nihil
506 3473 636 3529 facit
669 3474 773 3529 nisi
819 3473 987 3541 juste,
1031 3473 1130 3528 etsi
1184 3473 1452 3527 interdum
1491 3471 1717 3526 occulte.

112 3566 465 3622 Potestatem
494 3565 657 3620 habet
701 3564 967 3630 diabolus,
1011 3564 1104 3619 sed
1134 3564 1234 3618 sub
1261 3563 1370 3619 illo.
1405 3563 1545 3618 Nihil
1577 3564 1720 3618 enim

114 3665 311 3728 potest
369 3657 473 3712 nisi
519 3656 844 3728 permissus,
889 3663 943 3711 et
989 3663 1251 3724 quantum
1301 3655 1614 3724 permissus,
1670 3663 1724 3709 et

119 3748 350 3819 quando
379 3748 694 3819 permissus.
733 3747 810 3802 Ex
843 3754 1112 3817 potestate
1143 3745 1282 3800 Deus
1307 3745 1568 3815 permittit
1597 3762 1724 3800 suos

121 3837 385 3894 tribulari
415 3855 427 3890 :
458 3852 524 3892 ex
571 3835 940 3891 misericordia
984 3833 1110 3889 facit
1150 3843 1487 3904 proventum,
1517 3844 1574 3888 ut
1598 3850 1723 3904 pos-

122 3928 244 3983 sint
278 3926 551 3982 sustinere
590 3925 650 3997 (Ι
681 3925 806 3979 Cor.
864 3925 941 3997 χ).
975 3925 1040 3979 Et
1090 3925 1190 3980 hoc
1223 3925 1377 3994 quasi
1431 3925 1610 3980 dicat:
1648 3926 1726 3980 Ex

125 4036 222 4077 me
251 4037 364 4076 non
387 4021 560 4075 habeo
581 4021 721 4091 quod
746 4020 897 4075 vobis
921 4021 1062 4086 dico,
1089 4019 1180 4074 sed
1203 4019 1378 4074 audiri
1406 4019 1516 4073 ha’e
1535 4019 1639 4074 duo
1661 4020 1726 4075 de

126 4119 408 4183 potestate
433 4109 528 4166 Dei
570 4119 625 4166 et
672 4111 736 4165 de
781 4109 1173 4173 misericordia,
1197 4125 1227 4163 a
1272 4109 1381 4164 Deo
1404 4109 1610 4164 scilicet
1640 4109 1726 4163 cui

130 4203 381 4273 subjecta
408 4213 494 4257 est
514 4203 691 4256 anima
722 4217 857 4256 mea.
888 4201 1053 4269 Quasi
1080 4201 1158 4255 sic
1188 4201 1326 4255 dicat
1355 4219 1366 4253 :
1399 4200 1730 4254 Transilien-

132 4300 206 4353 do
230 4296 417 4352 omnia
459 4295 747 4358 nmndana,
799 4294 964 4348 multa
1009 4293 1209 4358 audivi,
1254 4292 1420 4346 multa
1466 4292 1726 4362 cognovi,

134 4389 283 4442 inter
321 4401 442 4456 quae
493 4394 548 4440 et
600 4385 714 4440 base
743 4386 848 4440 duo
885 4385 1122 4439 humano
1164 4385 1345 4454 generi
1397 4385 1727 4450 necessaria,

135 4477 354 4533 scilicet
384 4483 441 4530 ut
474 4475 781 4530 misericors
810 4474 878 4530 sit
904 4476 1047 4530 Deus
1071 4483 1125 4529 et
1149 4484 1359 4542 potens.
1396 4474 1460 4528 Et
1493 4489 1596 4528 non
1631 4475 1727 4528 mi-

136 4585 286 4633 rum,
316 4567 440 4637 quia
472 4567 686 4622 ascendi
727 4568 890 4621 etiam
915 4581 1084 4634 usque
1111 4567 1176 4620 ad
1213 4566 1334 4631 hoc,
1380 4575 1434 4620 ut
1469 4566 1728 4636 intellige-

137 4676 284 4722 rem,
318 4659 460 4728 quod
501 4658 657 4713 semel
690 4657 894 4712 locutus
937 4667 1011 4711 est
1044 4657 1201 4723 Deus,
1232 4659 1283 4713 id
1325 4668 1427 4722 est,
1455 4660 1636 4729 genuit
1664 4653 1730 4714 ex

136 4769 202 4810 se
237 4751 494 4815 Verbum,
527 4751 609 4806 vel
639 4752 818 4806 omnia
848 4750 974 4806 fecit
1012 4751 1064 4805 in
1093 4749 1268 4806 Verbo
1313 4759 1600 4821 antequam
1635 4761 1730 4807 ue-

137 4853 292 4908 rent,
322 4843 442 4898 sine
480 4843 633 4898 initio
676 4851 731 4897 et
783 4842 898 4898 sine
943 4842 1066 4897 line.
1125 4841 1399 4909 Quaestio:
1456 4842 1733 4910 Quomodo

138 4935 332 4999 semel,
361 4933 406 4989 si
434 4934 537 4988 duo
569 4933 817 4988 audivit?
845 4933 950 4987 Per
985 4932 1179 4988 multos
1226 4933 1439 5002 quidem
1484 4943 1538 4988 ct
1570 4933 1732 4988 multa

143 5027 367 5081 locutus
408 5032 511 5090 est,
559 5025 651 5080 sed
703 5024 755 5078 id
789 5031 954 5077 totum
1006 5023 1074 5077 ab
1120 5038 1184 5078 eo
1212 5023 1301 5092 qui
1348 5022 1504 5078 semel
1533 5024 1736 5078 locutus

143 5128 250 5182 est,
277 5115 407 5186 quia
437 5117 606 5171 solum
648 5115 835 5187 genuit
861 5114 1106 5169 verbum.
1134 5114 1215 5169 Ad
1242 5114 1382 5184 quod
1430 5117 1530 5172 iste
1558 5126 1737 5172 trans-

148 5208 355 5269 ilierat,
389 5214 441 5259 et
471 5207 634 5262 semel
667 5203 850 5259 omnia
882 5201 1010 5258 fecit
1040 5204 1091 5257 in
1120 5202 1296 5258 Verbo
1324 5212 1611 5277 antequam
1647 5205 1740 5261 lie-

149 5308 301 5354 rent.
329 5299 466 5352 Ante
490 5300 628 5354 enim
659 5298 885 5351 fuerunt
909 5296 1064 5350 simul
1097 5296 1149 5350 in
1183 5296 1536 5366 dispositione
1562 5299 1742 5354 consi-

150 5392 231 5456 lii,
268 5404 434 5459 quam
466 5391 516 5445 in
546 5389 754 5462 species
781 5388 1227 5456 producerentur.
1252 5389 1317 5442 Et
1345 5391 1471 5460 quia
1498 5395 1608 5447 Iure
1635 5392 1739 5445 duo

153 5482 341 5537 audivi
366 5489 419 5534 et
465 5497 492 5534 a
531 5484 639 5538 Deo
679 5479 898 5548 accepi,
931 5480 1094 5534 nolite
1121 5495 1248 5548 ergo
1276 5491 1620 5539 contemnere
1656 5496 1740 5536 me

155 5573 278 5627 lucc
308 5570 454 5624 utilia
497 5574 644 5628 vobis
669 5568 1104 5642 persuadentem.
1136 5571 1303 5625 Aliter
1346 5572 1397 5625 in
1427 5590 1557 5630 voce
1594 5574 1740 5644 capi-

307 5661 346 5678 τι

1812 1924 1983 1992 paries
2033 1923 2312 1977 inclinatus
2351 1933 2397 1977 et
2446 1927 2672 1979 maceria
2705 1926 2924 1996 depulsa
2957 1929 3266 1997 opprimens
3305 1944 3402 1983 vos

1814 2028 1908 2092 per
1938 2023 2164 2068 mortem
2218 2031 2436 2070 meam:
2481 2027 2851 2073 verumtamen
2875 2034 3178 2089 quanquam
3216 2021 3404 2074 admo-

1815 2103 1904 2156 nui
1935 2104 2162 2173 pretium
2214 2121 2405 2171 meum,
2449 2121 2516 2161 ne
2560 2106 2611 2160 in
2663 2108 2880 2161 nomine
2910 2123 3029 2164 meo
3072 2125 3230 2164 einne
3261 2127 3399 2180 genu

1814 2191 2077 2259 ﬂectatur,
2112 2210 2206 2249 ore
2233 2211 2328 2250 suo
2352 2193 2760 2261 benedicebant,
2794 2196 2944 2250 Viam
2987 2197 3080 2252 Dei
3107 2200 3160 2253 in
3190 2201 3403 2254 veritate

1813 2287 1966 2342 doces
2007 2286 2223 2358 (Matth.
2284 2291 2447 2360 xxn):
2503 2298 2556 2343 et
2612 2290 2776 2344 corde
2825 2306 2922 2345 suo
2986 2292 3404 2356 maledicebant,

1797 2377 1940 2432 'Non
1986 2389 2061 2432 est
2115 2379 2198 2433 In'c
2247 2379 2399 2432 homo
2450 2398 2482 2433 (ι
2517 2379 2624 2433 Deo
2655 2381 2836 2452 (Joan.
2870 2382 2980 2453 lx).
3033 2382 3088 2438 Si
3137 2385 3205 2439 de
3252 2384 3405 2440 falsis

1815 2468 2161 2536 Christianis,
2192 2470 2518 2526 confitentur
2538 2485 2597 2526 se
2625 2489 2782 2528 nosse
2814 2474 3004 2541 Deum,
3035 2474 3190 2544 factis
3220 2487 3401 2532 autem

1816 2569 2031 2630 negant.
2069 2559 2208 2614 Deus
2253 2563 2460 2616 auxilii.
2493 2562 2606 2619 Non
2648 2581 2748 2635 ego
2790 2567 2918 2621 mihi
2963 2568 3075 2637 ipse
3121 2570 3401 2636 auxilium,

1818 2665 1923 2702 non
1963 2665 2062 2718 ego
2105 2649 2293 2720 gloria,
2327 2652 2420 2706 sed
2445 2653 2612 2724 gloria
2649 2672 2764 2711 mea
2796 2656 2936 2711 Deus
2961 2659 3218 2713 auxilium
3246 2662 3403 2717 dans.

1817 2739 2035 2811 Sperate
2082 2743 2134 2795 in
2198 2760 2278 2808 eo,
2331 2744 2592 2801 habentes
2641 2764 2727 2802 me
2775 2750 3101 2819 exetnplum,
3154 2754 3407 2822 effundite

1816 2851 1990 2887 coram
2019 2833 2109 2888 illo
2156 2838 2315 2890 corda
2355 2850 2545 2904 vestra,
2569 2852 2825 2896 evacuate
2857 2843 3024 2910 vitiis,
3055 2854 3111 2898 ut
3153 2847 3407 2914 implean-

1817 2938 1904 2982 tur
1935 2930 2242 2993 virtutibus.
2284 2933 2512 3003 Adjutor
2549 2944 2752 3000 noster,
2780 2947 3038 3004 quantmu
3072 2939 3137 2994 ad
3169 2956 3403 2994 massam

1819 3019 1920 3073 hoc
1943 3019 2090 3088 dicit,
2121 3021 2413 3076 secundum
2444 3023 2566 3078 illud
2591 3026 2828 3096 Apostoli
2857 3045 2870 3081 :
2908 3028 2969 3083 Si
3003 3031 3235 3098 nosipsus
3256 3031 3408 3100 judi—

1819 3124 2079 3175 caremus,
2112 3125 2216 3163 non
2251 3111 2426 3181 utique
2450 3111 2872 3186 iudicaremur“
2901 3114 3025 3170 Cor.
3058 3117 3162 3188 xu).

2355 3219 2677 3276 PSALMUS
2715 3222 2874 3278 LXII.

1920 3349 2152 3390 PSALIUS
2178 3349 2360 3398 DAVID,
2390 3349 2496 3389 CUI
2524 3350 2682 3390 ESSET
2709 3352 2763 3390 IN
2791 3353 3026 3392 DESERTO
3057 3355 3308 3395 [DUM/EE.

1900 3466 1918 3499 ι
1963 3447 2127 3511 Deus,
2148 3447 2288 3500 Deus
2305 3461 2474 3513 meus,
2507 3447 2574 3502 ad
2609 3457 2659 3502 te
2681 3449 2746 3503 de
2790 3448 2906 3503 luce
2934 3451 3112 3521 vigilo.
3146 3452 3325 3508 Sitivit
3352 3453 3408 3509 in

1832 3554 1852 3587 ι
1899 3546 1949 3591 te
1980 3537 2158 3590 anima
2194 3548 2333 3602 mea,
2377 3553 2540 3606 quam
2571 3538 2939 3608 multipliciter
2967 3529 3060 3596 tibi
3109 3558 3236 3597 caro
3266 3559 3404 3599 mea.

1831 3649 1849 3679 ι
1897 3629 1953 3682 In
1997 3637 2139 3709 terra
2167 3627 2401 3694 deserta,
2437 3629 2579 3683 invia
2627 3639 2682 3683 et
2719 3631 3001 3699 inaquosa,
3031 3633 3108 3688 sic
3137 3634 3187 3687 in
3221 3643 3411 3690 sancto

1831 3741 1850 3773 ι
1896 3723 2117 3793 apparui
2143 3722 2259 3788 tibi,
2298 3732 2357 3777 ut
2380 3724 2616 3778 viderem
2649 3725 2903 3780 virtutem
2931 3735 3074 3781 tuam
3100 3737 3153 3784 et
3183 3729 3409 3799 gloriam

1833 3831 1852 3862 ι
1899 3821 2062 3866 tuam.
2104 3812 2366 3878 Quoniam
2395 3813 2585 3869 melior
2616 3824 2697 3870 est
2726 3815 3096 3872 misericordia
3133 3828 3222 3873 tua
3252 3835 3414 3890 super

1834 3921 1851 3953 ι
1897 3903 2057 3968 vitas,
2093 3902 2233 3956 labia
2264 3918 2381 3958 mea
2410 3903 2702 3959 laudabunt
2730 3914 2802 3959 te.
2830 3904 2921 3960 Sic
2939 3907 3252 3962 benedicam
3280 3918 3329 3963 te
3359 3909 3412 3964 in

1835 4012 1854 4046 ι
1899 3995 2006 4049 vita
2037 4009 2176 4058 mea,
2204 4002 2258 4048 et
2303 3995 2356 4049 in
2391 3996 2606 4050 nomine
2655 4006 2745 4051 tuo
2773 3997 2963 4053 levabo
3005 4015 3198 4054 manus
3242 4016 3410 4055 meas.

1837 4100 1856 4134 ι
1903 4083 2054 4138 Sicut
2081 4085 2236 4153 adipe
2260 4092 2316 4137 et
2339 4077 2663 4154 pinguedine
2688 4085 2960 4156 repleatur
2985 4087 3164 4142 anima
3192 4103 3334 4154 mea,
3362 4096 3418 4143 et

1837 4194 1857 4227 ι
1903 4175 2060 4232 labiis
2111 4174 2490 4230 exsultationis
2541 4175 2782 4231 laudabit
2834 4192 2896 4232 os
2944 4191 3144 4230 meum.
3195 4176 3251 4231 Si
3298 4191 3434 4231 me-’

1837 4285 1857 4318 ι
1903 4281 2021 4322 mor
2061 4265 2135 4320 fui
2189 4265 2262 4320 tui
2319 4282 2484 4337 super
2526 4277 2756 4322 stratum
2799 4281 3000 4333 meum,
3053 4267 3105 4320 in
3138 4267 3420 4322 matutinis

1838 4373 1856 4407 ι
1903 4356 2204 4410 meditabor
2249 4355 2302 4410 in
2334 4364 2408 4420 te,
2437 4357 2563 4426 quia
2608 4356 2754 4411 fuisti
2784 4355 2998 4425 adjutor
3040 4360 3208 4411 meus.
3252 4356 3320 4411 Et
3363 4358 3416 4411 in

1839 4470 1857 4503 ι
1902 4450 2206 4505 velamento
2228 4449 2432 4503 alarum
2451 4459 2662 4503 tuarum
2681 4449 2982 4513 exsultaho,
2999 4449 3418 4507 adhresitanima

1755 4533 1807 4594 D
1838 4561 1855 4593 ι
1904 4555 2022 4594 mea
2062 4548 2184 4610 post
2208 4549 2279 4604 te,
2317 4555 2403 4594 me
2432 4541 2668 4609 suscepit
2692 4539 2908 4596 dextera
2941 4550 3049 4597 tua.
3073 4542 3176 4613 Ipsi
3209 4559 3336 4599 vero
3366 4546 3418 4599 in

1845 4651 1863 4683 ι
1907 4647 2104 4686 vanum
2148 4632 2478 4702 quresierunt
2513 4633 2748 4687 animam
2796 4649 2993 4700 meam,
3027 4635 3326 4692 introibant
3367 4638 3420 4691 in

1845 4743 1861 4776 ι
1911 4722 2164 4779 inferiora
2191 4732 2346 4778 terra:
2375 4741 2388 4776 :
2425 4716 2706 4779 tradentur
2734 4724 2787 4778 in
2815 4741 3008 4781 manus
3032 4726 3216 4797 gladii,
3240 4737 3422 4796 partes

1847 4814 2151 4886 «(vulpium
2181 4823 2356 4870 erunt.
2384 4814 2503 4871 Rex
2532 4830 2661 4871 vero
2689 4816 2956 4874 lzetabitur
2985 4819 3037 4873 in
3069 4818 3198 4884 Deo,
3231 4818 3420 4872 lauda-

1846 4925 1864 4959 ι
1913 4905 2116 4962 buntur
2143 4921 2333 4962 omnes
2366 4908 2455 4976 qui
2485 4907 2671 4979 jurant
2713 4909 2765 4963 in
2795 4925 2884 4977 eo,
2930 4930 3052 4981 qu...
3082 4910 3420 4965 obstructum

1847 5014 1865 5047 ι
1911 5004 1995 5050 est
2022 5012 2083 5052 os
2113 4995 2444 5066 loquentium
2477 4997 2679 5068 iniqua.
2719 5018 2738 5048 ι

2404 5107 2860 5168 ENARRATIO.

1915 5201 2151 5262 ldumcea
2185 5206 2572 5273 interpretatur
2598 5213 2832 5272 terrena,
2864 5215 2918 5262 et
2964 5197 3227 5274 significat
3262 5197 3430 5250 vitam

1843 5292 2160 5350 humanam.
2193 5297 2478 5351 Desertum
2511 5297 2754 5351 ldumzcai
2785 5307 2871 5351 est
2891 5293 3140 5350 saeculum
3171 5301 3432 5357 praesens,

1842 5383 1936 5438 ubi
1965 5387 2151 5442 multis
2177 5396 2230 5440 et
2255 5386 2464 5457 magnis
2488 5385 2719 5442 miseriis
2759 5387 3083 5456 suhjacetur.
3111 5379 3259 5445 Quod
3288 5377 3434 5432 enim

1843 5477 2125 5534 desertum
2178 5478 2371 5548 majus,
2432 5481 2577 5546 quod
2631 5476 3006 5546 periculosius,
3066 5487 3223 5541 quam
3285 5467 3440 5532 illud,

1843 5570 1992 5638 quod
2023 5573 2148 5627 dum
2179 5573 2300 5643 quis
2338 5573 2658 5641 peregrinus
2704 5569 3026 5639 ingreditur,
3078 5580 3182 5620 non
3238 5560 3446 5642 invenit
