  <div class='ocr_page' id='page_1' title='image "/cluster/home/n/w/nwhite01/storage/ocr_20150623/131/hvd.32044015471725/233.png"; bbox 0 0 3884 5512; ppageno 0'>
   <div class='ocr_carea' id='block_1_1' title="bbox 438 335 544 393">
    <p class='ocr_par' dir='ltr' id='par_1_1' title="bbox 438 335 544 393">
     <span class='ocr_line' id='line_1_1' title="bbox 438 335 544 393; baseline 0 0"><span class='ocrx_word' id='word_1_1' title='bbox 438 335 544 393; x_wconf 70' lang='grc' dir='ltr'><strong>ιεδ</strong></span> 
     </span>
    </p>
   </div>
   <div class='ocr_carea' id='block_1_2' title="bbox 1035 304 3062 395">
    <p class='ocr_par' dir='ltr' id='par_1_2' title="bbox 1035 304 3062 395">
     <span class='ocr_line' id='line_1_2' title="bbox 1035 304 3062 395; baseline 0 -5"><span class='ocrx_word' id='word_1_2' title='bbox 1035 335 1294 394; x_wconf 80' lang='lat' dir='ltr'><strong>REMIGII</strong></span> <span class='ocrx_word' id='word_1_3' title='bbox 1349 304 2009 392; x_wconf 76' lang='lat' dir='ltr'><strong>ANTISSIODORENSIS</strong></span> <span class='ocrx_word' id='word_1_4' title='bbox 2072 331 2222 389; x_wconf 84' lang='lat' dir='ltr'><strong>OPP.</strong></span> <span class='ocrx_word' id='word_1_5' title='bbox 2267 331 2445 392; x_wconf 81' lang='lat' dir='ltr'><strong>PARS</strong></span> <span class='ocrx_word' id='word_1_6' title='bbox 2482 332 2522 390; x_wconf 85' lang='lat' dir='ltr'><strong>l.</strong></span> <span class='ocrx_word' id='word_1_7' title='bbox 2554 365 2625 376; x_wconf 88' lang='lat'><strong>-—</strong></span> <span class='ocrx_word' id='word_1_8' title='bbox 2652 334 3062 395; x_wconf 80' lang='lat' dir='ltr'><strong>EXEGETlCA.</strong></span> 
     </span>
    </p>
   </div>
   <div class='ocr_carea' id='block_1_3' title="bbox 3592 339 3690 395">
    <p class='ocr_par' dir='ltr' id='par_1_3' title="bbox 3592 339 3690 395">
     <span class='ocr_line' id='line_1_3' title="bbox 3592 339 3690 395; baseline 0 0"><span class='ocrx_word' id='word_1_9' title='bbox 3592 339 3690 395; x_wconf 68' lang='grc'><strong>438</strong></span> 
     </span>
    </p>
   </div>
   <div class='ocr_carea' id='block_1_4' title="bbox 438 447 3690 524">
    <p class='ocr_par' dir='ltr' id='par_1_4' title="bbox 438 447 3690 524">
     <span class='ocr_line' id='line_1_4' title="bbox 438 447 3690 524; baseline 0.001 -14"><span class='ocrx_word' id='word_1_10' title='bbox 438 470 546 512; x_wconf 87' lang='lat' dir='ltr'><strong>non</strong></span> <span class='ocrx_word' id='word_1_11' title='bbox 575 452 780 510; x_wconf 83' lang='lat' dir='ltr'><strong>invenit</strong></span> <span class='ocrx_word' id='word_1_12' title='bbox 805 450 1178 519; x_wconf 74' lang='lat' dir='ltr'><strong>refectionem,</strong></span> <span class='ocrx_word' id='word_1_13' title='bbox 1204 468 1329 509; x_wconf 86' lang='lat' dir='ltr'><strong>cum</strong></span> <span class='ocrx_word' id='word_1_14' title='bbox 1359 451 1433 509; x_wconf 92' lang='lat' dir='ltr'><strong>ibi</strong></span> <span class='ocrx_word' id='word_1_15' title='bbox 1468 452 1540 508; x_wconf 92' lang='lat' dir='ltr'><strong>sit</strong></span> <span class='ocrx_word' id='word_1_16' title='bbox 1574 465 1727 521; x_wconf 78' lang='lat' dir='ltr'><strong>aqua:</strong></span> <span class='ocrx_word' id='word_1_17' title='bbox 1771 448 2017 522; x_wconf 88' lang='lat' dir='ltr'><strong>penuria.</strong></span> <span class='ocrx_word' id='word_1_18' title='bbox 2049 449 2101 509; x_wconf 77' lang='grc' dir='ltr'><strong>Α</strong></span> <span class='ocrx_word' id='word_1_19' title='bbox 2125 447 2239 505; x_wconf 78' lang='lat' dir='ltr'><strong>haec</strong></span> <span class='ocrx_word' id='word_1_20' title='bbox 2259 449 2345 505; x_wconf 87' lang='lat' dir='ltr'><strong>via</strong></span> <span class='ocrx_word' id='word_1_21' title='bbox 2379 469 2392 506; x_wconf 91' lang='lat'><strong>:</strong></span> <span class='ocrx_word' id='word_1_22' title='bbox 2429 452 2555 521; x_wconf 84' lang='lat' dir='ltr'><strong>quia</strong></span> <span class='ocrx_word' id='word_1_23' title='bbox 2586 461 2852 524; x_wconf 90' lang='lat' dir='ltr'><strong>quantum</strong></span> <span class='ocrx_word' id='word_1_24' title='bbox 2878 455 2949 509; x_wconf 86' lang='lat' dir='ltr'><strong>ad</strong></span> <span class='ocrx_word' id='word_1_25' title='bbox 2973 470 3066 520; x_wconf 92' lang='lat' dir='ltr'><strong>se,</strong></span> <span class='ocrx_word' id='word_1_26' title='bbox 3095 453 3273 510; x_wconf 89' lang='lat' dir='ltr'><strong>nullus</strong></span> <span class='ocrx_word' id='word_1_27' title='bbox 3314 468 3437 510; x_wconf 88' lang='lat' dir='ltr'><strong>eam</strong></span> <span class='ocrx_word' id='word_1_28' title='bbox 3476 455 3690 523; x_wconf 65' lang='lat' dir='ltr'><strong>excoli,</strong></span> 
     </span>
    </p>
   </div>
   <div class='ocr_carea' id='block_1_5' title="bbox 437 539 2021 612">
    <p class='ocr_par' dir='ltr' id='par_1_5' title="bbox 437 539 2021 612">
     <span class='ocr_line' id='line_1_5' title="bbox 437 539 2021 612; baseline -0.005 -10"><span class='ocrx_word' id='word_1_29' title='bbox 437 545 567 602; x_wconf 85' lang='lat' dir='ltr'><strong>Tale</strong></span> <span class='ocrx_word' id='word_1_30' title='bbox 591 545 692 601; x_wconf 83' lang='lat' dir='ltr'><strong>fuit</strong></span> <span class='ocrx_word' id='word_1_31' title='bbox 722 545 825 601; x_wconf 89' lang='lat' dir='ltr'><strong>hoc</strong></span> <span class='ocrx_word' id='word_1_32' title='bbox 850 543 1105 601; x_wconf 71' lang='lat' dir='ltr'><strong>stneulum</strong></span> <span class='ocrx_word' id='word_1_33' title='bbox 1132 554 1189 599; x_wconf 87' lang='lat' dir='ltr'><strong>et</strong></span> <span class='ocrx_word' id='word_1_34' title='bbox 1228 543 1403 599; x_wconf 88' lang='lat' dir='ltr'><strong>adhuc</strong></span> <span class='ocrx_word' id='word_1_35' title='bbox 1445 552 1552 608; x_wconf 89' lang='lat' dir='ltr'><strong>est,</strong></span> <span class='ocrx_word' id='word_1_36' title='bbox 1582 550 1844 612; x_wconf 90' lang='lat' dir='ltr'><strong>quantum</strong></span> <span class='ocrx_word' id='word_1_37' title='bbox 1869 539 1937 595; x_wconf 89' lang='lat' dir='ltr'><strong>ad</strong></span> <span class='ocrx_word' id='word_1_38' title='bbox 1961 551 2021 595; x_wconf 87' lang='lat' dir='ltr'><strong>se</strong></span> 
     </span>
    </p>
   </div>
   <div class='ocr_carea' id='block_1_6' title="bbox 435 634 2018 710">
    <p class='ocr_par' dir='ltr' id='par_1_6' title="bbox 435 634 2018 710">
     <span class='ocr_line' id='line_1_6' title="bbox 435 634 2018 710; baseline -0.005 -14"><span class='ocrx_word' id='word_1_39' title='bbox 435 653 717 710; x_wconf 80' lang='lat' dir='ltr'><strong>quousque</strong></span> <span class='ocrx_word' id='word_1_40' title='bbox 751 637 896 694; x_wconf 88' lang='lat' dir='ltr'><strong>Deus</strong></span> <span class='ocrx_word' id='word_1_41' title='bbox 925 636 1177 694; x_wconf 76' lang='lat' dir='ltr'><strong>misertus</strong></span> <span class='ocrx_word' id='word_1_42' title='bbox 1205 636 1399 703; x_wconf 83' lang='lat' dir='ltr'><strong>nostri,</strong></span> <span class='ocrx_word' id='word_1_43' title='bbox 1430 635 1578 691; x_wconf 83' lang='lat' dir='ltr'><strong>misit</strong></span> <span class='ocrx_word' id='word_1_44' title='bbox 1621 634 1817 690; x_wconf 87' lang='lat' dir='ltr'><strong>Filium</strong></span> <span class='ocrx_word' id='word_1_45' title='bbox 1860 647 2018 690; x_wconf 90' lang='lat' dir='ltr'><strong>suum</strong></span> 
     </span>
    </p>
   </div>
   <div class='ocr_carea' id='block_1_7' title="bbox 435 726 2019 799">
    <p class='ocr_par' dir='ltr' id='par_1_7' title="bbox 435 726 2019 799">
     <span class='ocr_line' id='line_1_7' title="bbox 435 726 2019 799; baseline -0.003 -15"><span class='ocrx_word' id='word_1_46' title='bbox 435 730 492 786; x_wconf 94' lang='lat' dir='ltr'><strong>in</strong></span> <span class='ocrx_word' id='word_1_47' title='bbox 526 730 627 786; x_wconf 80' lang='lat' dir='ltr'><strong>hoc</strong></span> <span class='ocrx_word' id='word_1_48' title='bbox 656 729 950 795; x_wconf 86' lang='lat' dir='ltr'><strong>desertum,</strong></span> <span class='ocrx_word' id='word_1_49' title='bbox 982 728 1072 799; x_wconf 89' lang='lat' dir='ltr'><strong>qui</strong></span> <span class='ocrx_word' id='word_1_50' title='bbox 1121 736 1176 784; x_wconf 90' lang='lat' dir='ltr'><strong>et</strong></span> <span class='ocrx_word' id='word_1_51' title='bbox 1223 728 1337 798; x_wconf 89' lang='lat' dir='ltr'><strong>ipse</strong></span> <span class='ocrx_word' id='word_1_52' title='bbox 1389 726 1729 792; x_wconf 87' lang='lat' dir='ltr'><strong>inbabitavit,</strong></span> <span class='ocrx_word' id='word_1_53' title='bbox 1782 732 1839 780; x_wconf 90' lang='lat' dir='ltr'><strong>et</strong></span> <span class='ocrx_word' id='word_1_54' title='bbox 1890 737 2019 780; x_wconf 89' lang='lat' dir='ltr'><strong>suos</strong></span> 
     </span>
    </p>
   </div>
   <div class='ocr_carea' id='block_1_8' title="bbox 436 814 2015 889">
    <p class='ocr_par' dir='ltr' id='par_1_8' title="bbox 436 814 2015 889">
     <span class='ocr_line' id='line_1_8' title="bbox 436 814 2015 889; baseline -0.003 -16"><span class='ocrx_word' id='word_1_55' title='bbox 436 820 740 875; x_wconf 82' lang='lat' dir='ltr'><strong>inhabitare</strong></span> <span class='ocrx_word' id='word_1_56' title='bbox 765 818 909 883; x_wconf 81' lang='lat' dir='ltr'><strong>fecit,</strong></span> <span class='ocrx_word' id='word_1_57' title='bbox 927 829 982 874; x_wconf 90' lang='lat' dir='ltr'><strong>et</strong></span> <span class='ocrx_word' id='word_1_58' title='bbox 1009 818 1149 873; x_wconf 90' lang='lat' dir='ltr'><strong>viam</strong></span> <span class='ocrx_word' id='word_1_59' title='bbox 1178 818 1386 889; x_wconf 90' lang='lat' dir='ltr'><strong>aperuit</strong></span> <span class='ocrx_word' id='word_1_60' title='bbox 1407 832 1512 889; x_wconf 88' lang='lat' dir='ltr'><strong>qua</strong></span> <span class='ocrx_word' id='word_1_61' title='bbox 1528 814 1834 872; x_wconf 83' lang='lat' dir='ltr'><strong>exeundum</strong></span> <span class='ocrx_word' id='word_1_62' title='bbox 1849 821 2015 880; x_wconf 88' lang='lat' dir='ltr'><strong>esset,</strong></span> 
     </span>
    </p>
   </div>
   <div class='ocr_carea' id='block_1_9' title="bbox 434 905 2015 979">
    <p class='ocr_par' dir='ltr' id='par_1_9' title="bbox 434 905 2015 979">
     <span class='ocr_line' id='line_1_9' title="bbox 434 905 2015 979; baseline -0.004 -15"><span class='ocrx_word' id='word_1_63' title='bbox 434 919 491 964; x_wconf 89' lang='lat' dir='ltr'><strong>et</strong></span> <span class='ocrx_word' id='word_1_64' title='bbox 525 924 720 979; x_wconf 89' lang='lat' dir='ltr'><strong>aquam</strong></span> <span class='ocrx_word' id='word_1_65' title='bbox 760 908 927 975; x_wconf 86' lang='lat' dir='ltr'><strong>dedit,</strong></span> <span class='ocrx_word' id='word_1_66' title='bbox 958 907 1013 962; x_wconf 89' lang='lat' dir='ltr'><strong>id</strong></span> <span class='ocrx_word' id='word_1_67' title='bbox 1063 916 1147 964; x_wconf 90' lang='lat' dir='ltr'><strong>est</strong></span> <span class='ocrx_word' id='word_1_68' title='bbox 1185 906 1409 963; x_wconf 80' lang='lat' dir='ltr'><strong>verbum</strong></span> <span class='ocrx_word' id='word_1_69' title='bbox 1459 905 1718 961; x_wconf 68' lang='lat' dir='ltr'><strong>doctrina:</strong></span> <span class='ocrx_word' id='word_1_70' title='bbox 1746 919 1880 971; x_wconf 71' lang='lat' dir='ltr'><strong>suae,</strong></span> <span class='ocrx_word' id='word_1_71' title='bbox 1910 918 2015 973; x_wconf 89' lang='lat' dir='ltr'><strong>qua</strong></span> 
     </span>
    </p>
   </div>
   <div class='ocr_carea' id='block_1_10' title="bbox 434 992 2015 1067">
    <p class='ocr_par' dir='ltr' id='par_1_10' title="bbox 434 992 2015 1067">
     <span class='ocr_line' id='line_1_10' title="bbox 434 992 2015 1067; baseline -0.004 -13"><span class='ocrx_word' id='word_1_72' title='bbox 434 1000 805 1063; x_wconf 87' lang='lat' dir='ltr'><strong>relicerenmr,</strong></span> <span class='ocrx_word' id='word_1_73' title='bbox 835 1004 940 1067; x_wconf 72' lang='lat' dir='ltr'><strong>Qua</strong></span> <span class='ocrx_word' id='word_1_74' title='bbox 968 1013 1090 1053; x_wconf 88' lang='lat' dir='ltr'><strong>cum</strong></span> <span class='ocrx_word' id='word_1_75' title='bbox 1120 996 1231 1051; x_wconf 93' lang='lat' dir='ltr'><strong>Deo</strong></span> <span class='ocrx_word' id='word_1_76' title='bbox 1259 995 1561 1066; x_wconf 85' lang='lat' dir='ltr'><strong>loquentes,</strong></span> <span class='ocrx_word' id='word_1_77' title='bbox 1593 992 2015 1050; x_wconf 80' lang='lat' dir='ltr'><strong>consolationem</strong></span> 
     </span>
    </p>
   </div>
   <div class='ocr_carea' id='block_1_11' title="bbox 435 1090 2015 1163">
    <p class='ocr_par' dir='ltr' id='par_1_11' title="bbox 435 1090 2015 1163">
     <span class='ocr_line' id='line_1_11' title="bbox 435 1090 2015 1163; baseline -0.002 -17"><span class='ocrx_word' id='word_1_78' title='bbox 435 1092 778 1148; x_wconf 89' lang='lat' dir='ltr'><strong>haberemus.</strong></span> <span class='ocrx_word' id='word_1_79' title='bbox 817 1090 1042 1147; x_wconf 83' lang='lat' dir='ltr'><strong>Instruit</strong></span> <span class='ocrx_word' id='word_1_80' title='bbox 1082 1106 1213 1163; x_wconf 87' lang='lat' dir='ltr'><strong>ergo</strong></span> <span class='ocrx_word' id='word_1_81' title='bbox 1242 1105 1341 1147; x_wconf 90' lang='lat' dir='ltr'><strong>nos</strong></span> <span class='ocrx_word' id='word_1_82' title='bbox 1363 1098 1528 1161; x_wconf 90' lang='lat' dir='ltr'><strong>caput</strong></span> <span class='ocrx_word' id='word_1_83' title='bbox 1555 1099 1823 1153; x_wconf 88' lang='lat' dir='ltr'><strong>nostrum,</strong></span> <span class='ocrx_word' id='word_1_84' title='bbox 1854 1101 2015 1145; x_wconf 88' lang='lat' dir='ltr'><strong>verus</strong></span> 
     </span>
    </p>
   </div>
   <div class='ocr_carea' id='block_1_12' title="bbox 433 1177 2016 1250">
    <p class='ocr_par' dir='ltr' id='par_1_12' title="bbox 433 1177 2016 1250">
     <span class='ocr_line' id='line_1_12' title="bbox 433 1177 2016 1250; baseline -0.004 -11"><span class='ocrx_word' id='word_1_85' title='bbox 433 1183 622 1250; x_wconf 84' lang='lat' dir='ltr'><strong>David,</strong></span> <span class='ocrx_word' id='word_1_86' title='bbox 650 1184 702 1238; x_wconf 92' lang='lat' dir='ltr'><strong>in</strong></span> <span class='ocrx_word' id='word_1_87' title='bbox 727 1197 861 1238; x_wconf 89' lang='lat' dir='ltr'><strong>voce</strong></span> <span class='ocrx_word' id='word_1_88' title='bbox 886 1198 980 1239; x_wconf 90' lang='lat' dir='ltr'><strong>sua</strong></span> <span class='ocrx_word' id='word_1_89' title='bbox 999 1192 1053 1240; x_wconf 88' lang='lat' dir='ltr'><strong>et</strong></span> <span class='ocrx_word' id='word_1_90' title='bbox 1078 1182 1446 1239; x_wconf 85' lang='lat' dir='ltr'><strong>membrorum</strong></span> <span class='ocrx_word' id='word_1_91' title='bbox 1463 1179 1656 1250; x_wconf 91' lang='lat' dir='ltr'><strong>quidin</strong></span> <span class='ocrx_word' id='word_1_92' title='bbox 1677 1181 1782 1236; x_wconf 93' lang='lat' dir='ltr'><strong>hoc</strong></span> <span class='ocrx_word' id='word_1_93' title='bbox 1800 1177 2016 1234; x_wconf 84' lang='lat' dir='ltr'><strong>deserto</strong></span> 
     </span>
    </p>
   </div>
   <div class='ocr_carea' id='block_1_13' title="bbox 430 1269 2016 1344">
    <p class='ocr_par' dir='ltr' id='par_1_13' title="bbox 430 1269 2016 1344">
     <span class='ocr_line' id='line_1_13' title="bbox 430 1269 2016 1344; baseline -0.003 -16"><span class='ocrx_word' id='word_1_94' title='bbox 430 1273 589 1342; x_wconf 85' lang='lat' dir='ltr'><strong>positi</strong></span> <span class='ocrx_word' id='word_1_95' title='bbox 618 1288 777 1344; x_wconf 89' lang='lat' dir='ltr'><strong>agere</strong></span> <span class='ocrx_word' id='word_1_96' title='bbox 815 1272 1127 1330; x_wconf 82' lang='lat' dir='ltr'><strong>debeamus.</strong></span> <span class='ocrx_word' id='word_1_97' title='bbox 1172 1272 1232 1329; x_wconf 90' lang='lat' dir='ltr'><strong>ln</strong></span> <span class='ocrx_word' id='word_1_98' title='bbox 1266 1287 1374 1343; x_wconf 91' lang='lat' dir='ltr'><strong>quo</strong></span> <span class='ocrx_word' id='word_1_99' title='bbox 1417 1271 1553 1326; x_wconf 96' lang='lat' dir='ltr'><strong>beati</strong></span> <span class='ocrx_word' id='word_1_100' title='bbox 1579 1270 1670 1342; x_wconf 86' lang='lat' dir='ltr'><strong>qui</strong></span> <span class='ocrx_word' id='word_1_101' title='bbox 1704 1269 1939 1325; x_wconf 79' lang='lat' dir='ltr'><strong>esuriunl</strong></span> <span class='ocrx_word' id='word_1_102' title='bbox 1964 1278 2016 1324; x_wconf 82' lang='lat' dir='ltr'><strong>et</strong></span> 
     </span>
    </p>
   </div>
   <div class='ocr_carea' id='block_1_14' title="bbox 429 1361 2010 1437">
    <p class='ocr_par' dir='ltr' id='par_1_14' title="bbox 429 1361 2010 1437">
     <span class='ocr_line' id='line_1_14' title="bbox 429 1361 2010 1437; baseline -0.001 -18"><span class='ocrx_word' id='word_1_103' title='bbox 429 1365 611 1421; x_wconf 86' lang='lat' dir='ltr'><strong>sitiunt</strong></span> <span class='ocrx_word' id='word_1_104' title='bbox 638 1365 903 1436; x_wconf 76' lang='lat' dir='ltr'><strong>justitiam</strong></span> <span class='ocrx_word' id='word_1_105' title='bbox 942 1364 1159 1436; x_wconf 75' lang='lat' dir='ltr'><strong>(Matth.</strong></span> <span class='ocrx_word' id='word_1_106' title='bbox 1186 1364 1264 1437; x_wconf 66' lang='grc' dir='ltr'><strong>γ),</strong></span> <span class='ocrx_word' id='word_1_107' title='bbox 1294 1364 1386 1435; x_wconf 91' lang='lat' dir='ltr'><strong>qui</strong></span> <span class='ocrx_word' id='word_1_108' title='bbox 1425 1364 1623 1420; x_wconf 89' lang='lat' dir='ltr'><strong>sentiet</strong></span> <span class='ocrx_word' id='word_1_109' title='bbox 1662 1363 1716 1418; x_wconf 92' lang='lat' dir='ltr'><strong>in</strong></span> <span class='ocrx_word' id='word_1_110' title='bbox 1758 1361 2010 1429; x_wconf 91' lang='lat' dir='ltr'><strong>sitiendo,</strong></span> 
     </span>
    </p>
   </div>
   <div class='ocr_carea' id='block_1_15' title="bbox 429 1450 2009 1520">
    <p class='ocr_par' dir='ltr' id='par_1_15' title="bbox 429 1450 2009 1520">
     <span class='ocr_line' id='line_1_15' title="bbox 429 1450 2009 1520; baseline -0.004 -8"><span class='ocrx_word' id='word_1_111' title='bbox 429 1456 625 1512; x_wconf 89' lang='lat' dir='ltr'><strong>sentiet</strong></span> <span class='ocrx_word' id='word_1_112' title='bbox 675 1457 728 1512; x_wconf 93' lang='lat' dir='ltr'><strong>in</strong></span> <span class='ocrx_word' id='word_1_113' title='bbox 778 1456 1091 1513; x_wconf 76' lang='lat' dir='ltr'><strong>reficiendo.</strong></span> <span class='ocrx_word' id='word_1_114' title='bbox 1133 1453 1362 1511; x_wconf 88' lang='lat' dir='ltr'><strong>Sitiendi</strong></span> <span class='ocrx_word' id='word_1_115' title='bbox 1404 1454 1554 1510; x_wconf 91' lang='lat' dir='ltr'><strong>locus</strong></span> <span class='ocrx_word' id='word_1_116' title='bbox 1598 1453 1710 1520; x_wconf 89' lang='lat' dir='ltr'><strong>hic,</strong></span> <span class='ocrx_word' id='word_1_117' title='bbox 1743 1466 1849 1508; x_wconf 90' lang='lat' dir='ltr'><strong>non</strong></span> <span class='ocrx_word' id='word_1_118' title='bbox 1883 1450 2009 1506; x_wconf 85' lang='lat' dir='ltr'><strong>reli-</strong></span> 
     </span>
    </p>
   </div>
   <div class='ocr_carea' id='block_1_16' title="bbox 428 1544 1509 1617">
    <p class='ocr_par' dir='ltr' id='par_1_16' title="bbox 428 1544 1509 1617">
     <span class='ocr_line' id='line_1_16' title="bbox 428 1544 1509 1617; baseline -0.004 -15"><span class='ocrx_word' id='word_1_119' title='bbox 428 1547 640 1612; x_wconf 88' lang='lat' dir='ltr'><strong>ciendi;</strong></span> <span class='ocrx_word' id='word_1_120' title='bbox 669 1545 1171 1611; x_wconf 87' lang='lat' dir='ltr'><strong>macrescendi,non</strong></span> <span class='ocrx_word' id='word_1_121' title='bbox 1209 1544 1509 1617; x_wconf 81' lang='lat' dir='ltr'><strong>saginandi.</strong></span> 
     </span>
    </p>
   </div>
   <div class='ocr_carea' id='block_1_17' title="bbox 502 1632 2009 1705">
    <p class='ocr_par' dir='ltr' id='par_1_17' title="bbox 502 1632 2009 1705">
     <span class='ocr_line' id='line_1_17' title="bbox 502 1632 2009 1705; baseline -0.003 -14"><span class='ocrx_word' id='word_1_122' title='bbox 502 1636 662 1702; x_wconf 86' lang='lat' dir='ltr'><strong>Deus,</strong></span> <span class='ocrx_word' id='word_1_123' title='bbox 710 1635 915 1694; x_wconf 85' lang='lat' dir='ltr'><strong>scilicet</strong></span> <span class='ocrx_word' id='word_1_124' title='bbox 953 1636 1192 1693; x_wconf 90' lang='lat' dir='ltr'><strong>omnium</strong></span> <span class='ocrx_word' id='word_1_125' title='bbox 1239 1650 1336 1705; x_wconf 90' lang='lat' dir='ltr'><strong>per</strong></span> <span class='ocrx_word' id='word_1_126' title='bbox 1384 1643 1655 1699; x_wconf 87' lang='lat' dir='ltr'><strong>naturam,</strong></span> <span class='ocrx_word' id='word_1_127' title='bbox 1698 1632 1838 1688; x_wconf 84' lang='lat' dir='ltr'><strong>Deus</strong></span> <span class='ocrx_word' id='word_1_128' title='bbox 1864 1647 2009 1687; x_wconf 85' lang='lat' dir='ltr'><strong>meus</strong></span> 
     </span>
    </p>
   </div>
   <div class='ocr_carea' id='block_1_18' title="bbox 426 1722 2012 1799">
    <p class='ocr_par' dir='ltr' id='par_1_18' title="bbox 426 1722 2012 1799">
     <span class='ocr_line' id='line_1_18' title="bbox 426 1722 2012 1799; baseline -0.003 -17"><span class='ocrx_word' id='word_1_129' title='bbox 426 1742 526 1798; x_wconf 88' lang='lat' dir='ltr'><strong>per</strong></span> <span class='ocrx_word' id='word_1_130' title='bbox 557 1727 807 1799; x_wconf 85' lang='lat' dir='ltr'><strong>gratiam,</strong></span> <span class='ocrx_word' id='word_1_131' title='bbox 836 1726 904 1780; x_wconf 84' lang='lat' dir='ltr'><strong>ad</strong></span> <span class='ocrx_word' id='word_1_132' title='bbox 927 1736 975 1781; x_wconf 86' lang='lat' dir='ltr'><strong>te</strong></span> <span class='ocrx_word' id='word_1_133' title='bbox 998 1724 1170 1797; x_wconf 79' lang='lat' dir='ltr'><strong>vigilo,</strong></span> <span class='ocrx_word' id='word_1_134' title='bbox 1196 1740 1300 1781; x_wconf 94' lang='lat' dir='ltr'><strong>non</strong></span> <span class='ocrx_word' id='word_1_135' title='bbox 1328 1725 1396 1781; x_wconf 93' lang='lat' dir='ltr'><strong>ad</strong></span> <span class='ocrx_word' id='word_1_136' title='bbox 1431 1725 1704 1781; x_wconf 89' lang='lat' dir='ltr'><strong>desertum</strong></span> <span class='ocrx_word' id='word_1_137' title='bbox 1731 1722 1872 1779; x_wconf 79' lang='lat' dir='ltr'><strong>istud</strong></span> <span class='ocrx_word' id='word_1_138' title='bbox 1898 1740 1914 1778; x_wconf 90' lang='lat'><strong>:</strong></span> <span class='ocrx_word' id='word_1_139' title='bbox 1957 1730 2012 1777; x_wconf 91' lang='lat' dir='ltr'><strong>te</strong></span> 
     </span>
    </p>
   </div>
   <div class='ocr_carea' id='block_1_19' title="bbox 2122 536 3689 616">
    <p class='ocr_par' dir='ltr' id='par_1_19' title="bbox 2122 536 3689 616">
     <span class='ocr_line' id='line_1_19' title="bbox 2122 536 3689 616; baseline 0.008 -26"><span class='ocrx_word' id='word_1_140' title='bbox 2122 536 2301 593; x_wconf 89' lang='lat' dir='ltr'><strong>nullus</strong></span> <span class='ocrx_word' id='word_1_141' title='bbox 2340 538 2626 596; x_wconf 85' lang='lat' dir='ltr'><strong>inhabitat.</strong></span> <span class='ocrx_word' id='word_1_142' title='bbox 2675 541 2827 598; x_wconf 76' lang='lat' dir='ltr'><strong>Invia</strong></span> <span class='ocrx_word' id='word_1_143' title='bbox 2855 552 2974 607; x_wconf 84' lang='lat' dir='ltr'><strong>est.</strong></span> <span class='ocrx_word' id='word_1_144' title='bbox 3015 543 3143 615; x_wconf 87' lang='lat' dir='ltr'><strong>quia</strong></span> <span class='ocrx_word' id='word_1_145' title='bbox 3194 552 3461 616; x_wconf 85' lang='lat' dir='ltr'><strong>quantum</strong></span> <span class='ocrx_word' id='word_1_146' title='bbox 3502 547 3572 601; x_wconf 88' lang='lat' dir='ltr'><strong>ad</strong></span> <span class='ocrx_word' id='word_1_147' title='bbox 3616 559 3689 614; x_wconf 82' lang='lat' dir='ltr'><strong>se,</strong></span> 
     </span>
    </p>
   </div>
   <div class='ocr_carea' id='block_1_20' title="bbox 2119 626 3689 706">
    <p class='ocr_par' dir='ltr' id='par_1_20' title="bbox 2119 626 3689 706">
     <span class='ocr_line' id='line_1_20' title="bbox 2119 626 3689 706; baseline 0.008 -26"><span class='ocrx_word' id='word_1_148' title='bbox 2119 626 2322 682; x_wconf 86' lang='lat' dir='ltr'><strong>nullam</strong></span> <span class='ocrx_word' id='word_1_149' title='bbox 2357 627 2520 684; x_wconf 83' lang='lat' dir='ltr'><strong>habet</strong></span> <span class='ocrx_word' id='word_1_150' title='bbox 2547 629 2688 684; x_wconf 90' lang='lat' dir='ltr'><strong>viam</strong></span> <span class='ocrx_word' id='word_1_151' title='bbox 2723 645 2845 702; x_wconf 76' lang='lat' dir='ltr'><strong>qua:</strong></span> <span class='ocrx_word' id='word_1_152' title='bbox 2877 631 2947 688; x_wconf 90' lang='lat' dir='ltr'><strong>ad</strong></span> <span class='ocrx_word' id='word_1_153' title='bbox 2973 632 3140 688; x_wconf 81' lang='lat' dir='ltr'><strong>vitam</strong></span> <span class='ocrx_word' id='word_1_154' title='bbox 3175 634 3357 700; x_wconf 73' lang='lat' dir='ltr'><strong>ducat,</strong></span> <span class='ocrx_word' id='word_1_155' title='bbox 3385 634 3499 691; x_wconf 87' lang='lat' dir='ltr'><strong>imo</strong></span> <span class='ocrx_word' id='word_1_156' title='bbox 3542 633 3689 706; x_wconf 81' lang='lat' dir='ltr'><strong>plena</strong></span> 
     </span>
    </p>
   </div>
   <div class='ocr_carea' id='block_1_21' title="bbox 2116 715 3689 794">
    <p class='ocr_par' dir='ltr' id='par_1_21' title="bbox 2116 715 3689 794">
     <span class='ocr_line' id='line_1_21' title="bbox 2116 715 3689 794; baseline 0.008 -23"><span class='ocrx_word' id='word_1_157' title='bbox 2116 724 2199 771; x_wconf 88' lang='lat' dir='ltr'><strong>est</strong></span> <span class='ocrx_word' id='word_1_158' title='bbox 2224 715 2408 773; x_wconf 91' lang='lat' dir='ltr'><strong>multis</strong></span> <span class='ocrx_word' id='word_1_159' title='bbox 2433 717 2727 775; x_wconf 89' lang='lat' dir='ltr'><strong>erroribus.</strong></span> <span class='ocrx_word' id='word_1_160' title='bbox 2756 719 3026 793; x_wconf 82' lang='lat' dir='ltr'><strong>Inaquosa</strong></span> <span class='ocrx_word' id='word_1_161' title='bbox 3060 731 3175 789; x_wconf 89' lang='lat' dir='ltr'><strong>est,</strong></span> <span class='ocrx_word' id='word_1_162' title='bbox 3200 732 3467 794; x_wconf 87' lang='lat' dir='ltr'><strong>quantum</strong></span> <span class='ocrx_word' id='word_1_163' title='bbox 3497 727 3568 781; x_wconf 83' lang='lat' dir='ltr'><strong>ad</strong></span> <span class='ocrx_word' id='word_1_164' title='bbox 3598 740 3689 783; x_wconf 83' lang='lat' dir='ltr'><strong>se:</strong></span> 
     </span>
    </p>
   </div>
   <div class='ocr_carea' id='block_1_22' title="bbox 2116 806 3688 885">
    <p class='ocr_par' dir='ltr' id='par_1_22' title="bbox 2116 806 3688 885">
     <span class='ocr_line' id='line_1_22' title="bbox 2116 806 3688 885; baseline 0.008 -25"><span class='ocrx_word' id='word_1_165' title='bbox 2116 806 2242 878; x_wconf 89' lang='lat' dir='ltr'><strong>quia</strong></span> <span class='ocrx_word' id='word_1_166' title='bbox 2272 822 2378 863; x_wconf 90' lang='lat' dir='ltr'><strong>non</strong></span> <span class='ocrx_word' id='word_1_167' title='bbox 2403 808 2566 865; x_wconf 78' lang='lat' dir='ltr'><strong>habet</strong></span> <span class='ocrx_word' id='word_1_168' title='bbox 2601 825 2798 882; x_wconf 89' lang='lat' dir='ltr'><strong>aquam</strong></span> <span class='ocrx_word' id='word_1_169' title='bbox 2843 812 3024 870; x_wconf 85' lang='lat' dir='ltr'><strong>vivam</strong></span> <span class='ocrx_word' id='word_1_170' title='bbox 3065 830 3172 885; x_wconf 84' lang='lat' dir='ltr'><strong>qua</strong></span> <span class='ocrx_word' id='word_1_171' title='bbox 3227 816 3470 872; x_wconf 80' lang='lat' dir='ltr'><strong>reﬁcitur</strong></span> <span class='ocrx_word' id='word_1_172' title='bbox 3494 816 3688 883; x_wconf 78' lang='lat' dir='ltr'><strong>anima,</strong></span> 
     </span>
    </p>
   </div>
   <div class='ocr_carea' id='block_1_23' title="bbox 2117 897 3692 977">
    <p class='ocr_par' dir='ltr' id='par_1_23' title="bbox 2117 897 3692 977">
     <span class='ocr_line' id='line_1_23' title="bbox 2117 897 3692 977; baseline 0.006 -24"><span class='ocrx_word' id='word_1_173' title='bbox 2117 897 2326 954; x_wconf 87' lang='lat' dir='ltr'><strong>scilicet</strong></span> <span class='ocrx_word' id='word_1_174' title='bbox 2369 898 2706 969; x_wconf 84' lang='lat' dir='ltr'><strong>spiritualem</strong></span> <span class='ocrx_word' id='word_1_175' title='bbox 2766 902 2998 972; x_wconf 75' lang='lat' dir='ltr'><strong>gratiam</strong></span> <span class='ocrx_word' id='word_1_176' title='bbox 3048 903 3134 977; x_wconf 72' lang='lat' dir='ltr'><strong>vel</strong></span> <span class='ocrx_word' id='word_1_177' title='bbox 3186 904 3494 962; x_wconf 87' lang='lat' dir='ltr'><strong>doctrinam</strong></span> <span class='ocrx_word' id='word_1_178' title='bbox 3550 908 3692 963; x_wconf 82' lang='lat' dir='ltr'><strong>verbi</strong></span> 
     </span>
    </p>
   </div>
   <div class='ocr_carea' id='block_1_24' title="bbox 2114 983 3694 1053">
    <p class='ocr_par' dir='ltr' id='par_1_24' title="bbox 2114 983 3694 1053">
     <span class='ocr_line' id='line_1_24' title="bbox 2114 983 3694 1053; baseline 0.008 -13"><span class='ocrx_word' id='word_1_179' title='bbox 2114 983 2208 1041; x_wconf 88' lang='lat' dir='ltr'><strong>Dei</strong></span> <span class='ocrx_word' id='word_1_180' title='bbox 2233 1002 2248 1053; x_wconf 89' lang='lat'><strong>;</strong></span> <span class='ocrx_word' id='word_1_181' title='bbox 2316 987 2410 1042; x_wconf 88' lang='lat' dir='ltr'><strong>sed</strong></span> <span class='ocrx_word' id='word_1_182' title='bbox 2439 987 2659 1044; x_wconf 85' lang='lat' dir='ltr'><strong>veniens</strong></span> <span class='ocrx_word' id='word_1_183' title='bbox 2692 988 2860 1047; x_wconf 88' lang='lat' dir='ltr'><strong>Filius</strong></span> <span class='ocrx_word' id='word_1_184' title='bbox 2888 990 2985 1047; x_wconf 90' lang='lat' dir='ltr'><strong>Dei</strong></span> <span class='ocrx_word' id='word_1_185' title='bbox 3031 991 3085 1047; x_wconf 92' lang='lat' dir='ltr'><strong>in</strong></span> <span class='ocrx_word' id='word_1_186' title='bbox 3113 992 3257 1049; x_wconf 88' lang='lat' dir='ltr'><strong>hanc</strong></span> <span class='ocrx_word' id='word_1_187' title='bbox 3282 993 3563 1050; x_wconf 84' lang='lat' dir='ltr'><strong>desertam</strong></span> <span class='ocrx_word' id='word_1_188' title='bbox 3598 1004 3694 1053; x_wconf 67' lang='grc' dir='ltr'><strong>ωτι</strong></span> 
     </span>
    </p>
   </div>
   <div class='ocr_carea' id='block_1_25' title="bbox 2114 1075 3697 1158">
    <p class='ocr_par' dir='ltr' id='par_1_25' title="bbox 2114 1075 3697 1158">
     <span class='ocr_line' id='line_1_25' title="bbox 2114 1075 3697 1158; baseline 0.009 -29"><span class='ocrx_word' id='word_1_189' title='bbox 2114 1090 2252 1141; x_wconf 90' lang='lat' dir='ltr'><strong>ram,</strong></span> <span class='ocrx_word' id='word_1_190' title='bbox 2274 1075 2443 1133; x_wconf 87' lang='lat' dir='ltr'><strong>coluit</strong></span> <span class='ocrx_word' id='word_1_191' title='bbox 2462 1092 2582 1133; x_wconf 90' lang='lat' dir='ltr'><strong>eam</strong></span> <span class='ocrx_word' id='word_1_192' title='bbox 2617 1079 2935 1149; x_wconf 74' lang='lat' dir='ltr'><strong>virtutibus,</strong></span> <span class='ocrx_word' id='word_1_193' title='bbox 2976 1097 3140 1154; x_wconf 88' lang='lat' dir='ltr'><strong>opere</strong></span> <span class='ocrx_word' id='word_1_194' title='bbox 3168 1093 3224 1139; x_wconf 92' lang='lat' dir='ltr'><strong>et</strong></span> <span class='ocrx_word' id='word_1_195' title='bbox 3249 1083 3496 1141; x_wconf 81' lang='lat' dir='ltr'><strong>doctrina</strong></span> <span class='ocrx_word' id='word_1_196' title='bbox 3523 1099 3624 1158; x_wconf 83' lang='lat' dir='ltr'><strong>per</strong></span> <span class='ocrx_word' id='word_1_197' title='bbox 3643 1100 3697 1143; x_wconf 84' lang='lat' dir='ltr'><strong>se</strong></span> 
     </span>
    </p>
   </div>
   <div class='ocr_carea' id='block_1_26' title="bbox 2111 1169 3695 1244">
    <p class='ocr_par' dir='ltr' id='par_1_26' title="bbox 2111 1169 3695 1244">
     <span class='ocr_line' id='line_1_26' title="bbox 2111 1169 3695 1244; baseline 0.006 -20"><span class='ocrx_word' id='word_1_198' title='bbox 2111 1175 2169 1224; x_wconf 89' lang='lat' dir='ltr'><strong>et</strong></span> <span class='ocrx_word' id='word_1_199' title='bbox 2203 1181 2300 1237; x_wconf 91' lang='lat' dir='ltr'><strong>per</strong></span> <span class='ocrx_word' id='word_1_200' title='bbox 2329 1182 2457 1224; x_wconf 90' lang='lat' dir='ltr'><strong>suos</strong></span> <span class='ocrx_word' id='word_1_201' title='bbox 2489 1187 2503 1223; x_wconf 90' lang='lat'><strong>:</strong></span> <span class='ocrx_word' id='word_1_202' title='bbox 2537 1178 2591 1224; x_wconf 85' lang='lat' dir='ltr'><strong>et</strong></span> <span class='ocrx_word' id='word_1_203' title='bbox 2617 1169 2758 1225; x_wconf 85' lang='lat' dir='ltr'><strong>viam</strong></span> <span class='ocrx_word' id='word_1_204' title='bbox 2789 1173 3024 1228; x_wconf 90' lang='lat' dir='ltr'><strong>ostendit</strong></span> <span class='ocrx_word' id='word_1_205' title='bbox 3053 1188 3158 1244; x_wconf 92' lang='lat' dir='ltr'><strong>qua</strong></span> <span class='ocrx_word' id='word_1_206' title='bbox 3186 1175 3486 1244; x_wconf 75' lang='lat' dir='ltr'><strong>exiremus,</strong></span> <span class='ocrx_word' id='word_1_207' title='bbox 3535 1186 3595 1233; x_wconf 90' lang='lat' dir='ltr'><strong>et</strong></span> <span class='ocrx_word' id='word_1_208' title='bbox 3635 1179 3695 1233; x_wconf 76' lang='lat' dir='ltr'><strong>ad</strong></span> 
     </span>
    </p>
   </div>
   <div class='ocr_carea' id='block_1_27' title="bbox 2112 1260 3739 1337">
    <p class='ocr_par' dir='ltr' id='par_1_27' title="bbox 2112 1260 3739 1337">
     <span class='ocr_line' id='line_1_27' title="bbox 2112 1260 3739 1337; baseline 0.007 -22"><span class='ocrx_word' id='word_1_209' title='bbox 2112 1260 2343 1332; x_wconf 86' lang='lat' dir='ltr'><strong>patriam</strong></span> <span class='ocrx_word' id='word_1_210' title='bbox 2373 1260 2694 1329; x_wconf 88' lang='lat' dir='ltr'><strong>rediremus,</strong></span> <span class='ocrx_word' id='word_1_211' title='bbox 2721 1263 2931 1321; x_wconf 87' lang='lat' dir='ltr'><strong>scilicet</strong></span> <span class='ocrx_word' id='word_1_212' title='bbox 2953 1265 3255 1337; x_wconf 81' lang='lat' dir='ltr'><strong>exemplum</strong></span> <span class='ocrx_word' id='word_1_213' title='bbox 3285 1268 3414 1323; x_wconf 69' lang='lat' dir='ltr'><strong>vitae</strong></span> <span class='ocrx_word' id='word_1_214' title='bbox 3458 1283 3579 1325; x_wconf 64' lang='lat' dir='ltr'><strong>sua</strong></span> <span class='ocrx_word' id='word_1_215' title='bbox 3604 1285 3694 1325; x_wconf 80' lang='lat' dir='ltr'><strong>no-</strong></span> <span class='ocrx_word' id='word_1_216' title='bbox 3736 1304 3739 1307; x_wconf 54' lang='grc' dir='ltr'>ν</span> 
     </span>
    </p>
   </div>
   <div class='ocr_carea' id='block_1_28' title="bbox 2112 1352 3696 1430">
    <p class='ocr_par' dir='ltr' id='par_1_28' title="bbox 2112 1352 3696 1430">
     <span class='ocr_line' id='line_1_28' title="bbox 2112 1352 3696 1430; baseline 0.006 -23"><span class='ocrx_word' id='word_1_217' title='bbox 2112 1352 2196 1407; x_wconf 84' lang='lat' dir='ltr'><strong>bis</strong></span> <span class='ocrx_word' id='word_1_218' title='bbox 2224 1353 2521 1424; x_wconf 87' lang='lat' dir='ltr'><strong>proposuit,</strong></span> <span class='ocrx_word' id='word_1_219' title='bbox 2551 1362 2614 1409; x_wconf 94' lang='lat' dir='ltr'><strong>ut</strong></span> <span class='ocrx_word' id='word_1_220' title='bbox 2642 1354 2860 1411; x_wconf 90' lang='lat' dir='ltr'><strong>tandem</strong></span> <span class='ocrx_word' id='word_1_221' title='bbox 2908 1356 2976 1413; x_wconf 91' lang='lat' dir='ltr'><strong>de</strong></span> <span class='ocrx_word' id='word_1_222' title='bbox 3003 1357 3106 1414; x_wconf 87' lang='lat' dir='ltr'><strong>bac</strong></span> <span class='ocrx_word' id='word_1_223' title='bbox 3145 1360 3496 1430; x_wconf 88' lang='lat' dir='ltr'><strong>corruptione</strong></span> <span class='ocrx_word' id='word_1_224' title='bbox 3524 1368 3696 1417; x_wconf 78' lang='lat' dir='ltr'><strong>trans-</strong></span> 
     </span>
    </p>
   </div>
   <div class='ocr_carea' id='block_1_29' title="bbox 2110 1431 3697 1519">
    <p class='ocr_par' dir='ltr' id='par_1_29' title="bbox 2110 1431 3697 1519">
     <span class='ocr_line' id='line_1_29' title="bbox 2110 1431 3697 1519; baseline 0.007 -21"><span class='ocrx_word' id='word_1_225' title='bbox 2110 1431 2313 1500; x_wconf 79' lang='lat' dir='ltr'><strong>iremus</strong></span> <span class='ocrx_word' id='word_1_226' title='bbox 2361 1443 2431 1500; x_wconf 89' lang='lat' dir='ltr'><strong>ad</strong></span> <span class='ocrx_word' id='word_1_227' title='bbox 2480 1443 2938 1516; x_wconf 88' lang='lat' dir='ltr'><strong>incorruptionem</strong></span> <span class='ocrx_word' id='word_1_228' title='bbox 2960 1485 2977 1514; x_wconf 88' lang='lat'><strong>,</strong></span> <span class='ocrx_word' id='word_1_229' title='bbox 3012 1447 3154 1504; x_wconf 86' lang='lat' dir='ltr'><strong>sicut</strong></span> <span class='ocrx_word' id='word_1_230' title='bbox 3198 1448 3317 1519; x_wconf 91' lang='lat' dir='ltr'><strong>ipse</strong></span> <span class='ocrx_word' id='word_1_231' title='bbox 3346 1459 3600 1507; x_wconf 87' lang='lat' dir='ltr'><strong>mortuus</strong></span> <span class='ocrx_word' id='word_1_232' title='bbox 3622 1460 3697 1509; x_wconf 84' lang='lat' dir='ltr'><strong>est</strong></span> 
     </span>
    </p>
   </div>
   <div class='ocr_carea' id='block_1_30' title="bbox 2109 1533 3696 1611">
    <p class='ocr_par' dir='ltr' id='par_1_30' title="bbox 2109 1533 3696 1611">
     <span class='ocr_line' id='line_1_30' title="bbox 2109 1533 3696 1611; baseline 0.006 -22"><span class='ocrx_word' id='word_1_233' title='bbox 2109 1541 2166 1589; x_wconf 88' lang='lat' dir='ltr'><strong>et</strong></span> <span class='ocrx_word' id='word_1_234' title='bbox 2196 1533 2513 1601; x_wconf 75' lang='lat' dir='ltr'><strong>resurrexit,</strong></span> <span class='ocrx_word' id='word_1_235' title='bbox 2550 1541 2606 1591; x_wconf 90' lang='lat' dir='ltr'><strong>et</strong></span> <span class='ocrx_word' id='word_1_236' title='bbox 2632 1550 2835 1607; x_wconf 83' lang='lat' dir='ltr'><strong>aquam</strong></span> <span class='ocrx_word' id='word_1_237' title='bbox 2860 1537 3011 1594; x_wconf 86' lang='lat' dir='ltr'><strong>dedit</strong></span> <span class='ocrx_word' id='word_1_238' title='bbox 3042 1550 3154 1611; x_wconf 85' lang='lat' dir='ltr'><strong>qua</strong></span> <span class='ocrx_word' id='word_1_239' title='bbox 3196 1539 3287 1596; x_wconf 89' lang='lat' dir='ltr'><strong>hic</strong></span> <span class='ocrx_word' id='word_1_240' title='bbox 3325 1540 3549 1598; x_wconf 87' lang='lat' dir='ltr'><strong>interim</strong></span> <span class='ocrx_word' id='word_1_241' title='bbox 3583 1543 3696 1599; x_wconf 79' lang='lat' dir='ltr'><strong>rell-</strong></span> 
     </span>
    </p>
   </div>
   <div class='ocr_carea' id='block_1_31' title="bbox 2108 1622 3695 1702">
    <p class='ocr_par' dir='ltr' id='par_1_31' title="bbox 2108 1622 3695 1702">
     <span class='ocr_line' id='line_1_31' title="bbox 2108 1622 3695 1702; baseline 0.006 -24"><span class='ocrx_word' id='word_1_242' title='bbox 2108 1636 2375 1688; x_wconf 90' lang='lat' dir='ltr'><strong>ceremur,</strong></span> <span class='ocrx_word' id='word_1_243' title='bbox 2407 1622 2461 1678; x_wconf 89' lang='lat' dir='ltr'><strong>id</strong></span> <span class='ocrx_word' id='word_1_244' title='bbox 2489 1631 2574 1679; x_wconf 91' lang='lat' dir='ltr'><strong>est</strong></span> <span class='ocrx_word' id='word_1_245' title='bbox 2612 1623 2917 1683; x_wconf 83' lang='lat' dir='ltr'><strong>doctrinam</strong></span> <span class='ocrx_word' id='word_1_246' title='bbox 2946 1625 3110 1685; x_wconf 85' lang='lat' dir='ltr'><strong>Verbi</strong></span> <span class='ocrx_word' id='word_1_247' title='bbox 3140 1627 3247 1696; x_wconf 86' lang='lat' dir='ltr'><strong>sui,</strong></span> <span class='ocrx_word' id='word_1_248' title='bbox 3281 1641 3695 1702; x_wconf 76' lang='lat' dir='ltr'><strong>praeeeptasua,</strong></span> 
     </span>
    </p>
   </div>
   <div class='ocr_carea' id='block_1_32' title="bbox 2109 1711 3697 1788">
    <p class='ocr_par' dir='ltr' id='par_1_32' title="bbox 2109 1711 3697 1788">
     <span class='ocr_line' id='line_1_32' title="bbox 2109 1711 3697 1788; baseline 0.01 -23"><span class='ocrx_word' id='word_1_249' title='bbox 2109 1711 2308 1781; x_wconf 86' lang='lat' dir='ltr'><strong>quibus</strong></span> <span class='ocrx_word' id='word_1_250' title='bbox 2352 1711 2694 1769; x_wconf 79' lang='lat' dir='ltr'><strong>familiariter</strong></span> <span class='ocrx_word' id='word_1_251' title='bbox 2718 1729 2840 1772; x_wconf 88' lang='lat' dir='ltr'><strong>cum</strong></span> <span class='ocrx_word' id='word_1_252' title='bbox 2877 1731 2942 1773; x_wconf 91' lang='lat' dir='ltr'><strong>eo</strong></span> <span class='ocrx_word' id='word_1_253' title='bbox 2969 1714 3334 1788; x_wconf 82' lang='lat' dir='ltr'><strong>loqueremur.</strong></span> <span class='ocrx_word' id='word_1_254' title='bbox 3384 1720 3502 1788; x_wconf 82' lang='lat' dir='ltr'><strong>Sic,</strong></span> <span class='ocrx_word' id='word_1_255' title='bbox 3536 1723 3597 1779; x_wconf 81' lang='lat' dir='ltr'><strong>id</strong></span> <span class='ocrx_word' id='word_1_256' title='bbox 3620 1732 3697 1780; x_wconf 84' lang='lat' dir='ltr'><strong>est</strong></span> 
     </span>
    </p>
   </div>
   <div class='ocr_carea' id='block_1_33' title="bbox 427 1802 2009 1887">
    <p class='ocr_par' dir='ltr' id='par_1_33' title="bbox 427 1812 2009 1887">
     <span class='ocr_line' id='line_1_33' title="bbox 427 1812 2009 1887; baseline -0.001 -17"><span class='ocrx_word' id='word_1_257' title='bbox 427 1816 602 1871; x_wconf 89' lang='lat' dir='ltr'><strong>solum</strong></span> <span class='ocrx_word' id='word_1_258' title='bbox 644 1816 908 1872; x_wconf 89' lang='lat' dir='ltr'><strong>desidero.</strong></span> <span class='ocrx_word' id='word_1_259' title='bbox 959 1814 1052 1872; x_wconf 93' lang='lat' dir='ltr'><strong>llle</strong></span> <span class='ocrx_word' id='word_1_260' title='bbox 1096 1815 1163 1871; x_wconf 88' lang='lat' dir='ltr'><strong>ad</strong></span> <span class='ocrx_word' id='word_1_261' title='bbox 1206 1817 1374 1877; x_wconf 87' lang='lat' dir='ltr'><strong>Deum</strong></span> <span class='ocrx_word' id='word_1_262' title='bbox 1414 1815 1621 1887; x_wconf 76' lang='lat' dir='ltr'><strong>vigilat,</strong></span> <span class='ocrx_word' id='word_1_263' title='bbox 1668 1814 1762 1885; x_wconf 88' lang='lat' dir='ltr'><strong>qui</strong></span> <span class='ocrx_word' id='word_1_264' title='bbox 1811 1812 2009 1869; x_wconf 69' lang='lat' dir='ltr'><strong>saeculo</strong></span> 
     </span>
    </p>
   </div>
   <div class='ocr_carea' id='block_1_34' title="bbox 2109 1802 3697 1887">
    <p class='ocr_par' dir='ltr' id='par_1_34' title="bbox 2110 1802 3697 1884">
     <span class='ocr_line' id='line_1_34' title="bbox 2110 1802 3697 1884; baseline 0.007 -25"><span class='ocrx_word' id='word_1_265' title='bbox 2110 1802 2342 1859; x_wconf 82' lang='lat' dir='ltr'><strong>sitiendo</strong></span> <span class='ocrx_word' id='word_1_266' title='bbox 2386 1802 2439 1859; x_wconf 91' lang='lat' dir='ltr'><strong>in</strong></span> <span class='ocrx_word' id='word_1_267' title='bbox 2467 1813 2555 1873; x_wconf 73' lang='lat' dir='ltr'><strong>te,</strong></span> <span class='ocrx_word' id='word_1_268' title='bbox 2573 1805 2629 1859; x_wconf 82' lang='lat' dir='ltr'><strong>in</strong></span> <span class='ocrx_word' id='word_1_269' title='bbox 2651 1816 2838 1863; x_wconf 84' lang='lat' dir='ltr'><strong>sancto</strong></span> <span class='ocrx_word' id='word_1_270' title='bbox 2876 1809 3134 1866; x_wconf 86' lang='lat' dir='ltr'><strong>subaudis</strong></span> <span class='ocrx_word' id='word_1_271' title='bbox 3161 1809 3454 1880; x_wconf 77' lang='lat' dir='ltr'><strong>desiderio,</strong></span> <span class='ocrx_word' id='word_1_272' title='bbox 3479 1818 3697 1884; x_wconf 74' lang='lat' dir='ltr'><strong>apponi</strong></span> 
     </span>
    </p>
   </div>
   <div class='ocr_carea' id='block_1_35' title="bbox 427 1902 2005 1981">
    <p class='ocr_par' dir='ltr' id='par_1_35' title="bbox 427 1902 2005 1981">
     <span class='ocr_line' id='line_1_35' title="bbox 427 1902 2005 1981; baseline -0.001 -21"><span class='ocrx_word' id='word_1_273' title='bbox 427 1904 644 1960; x_wconf 88' lang='lat' dir='ltr'><strong>dormit.</strong></span> <span class='ocrx_word' id='word_1_274' title='bbox 675 1904 801 1960; x_wconf 71' lang='lat' dir='ltr'><strong>Duae</strong></span> <span class='ocrx_word' id='word_1_275' title='bbox 838 1912 965 1960; x_wconf 88' lang='lat' dir='ltr'><strong>sunt</strong></span> <span class='ocrx_word' id='word_1_276' title='bbox 1010 1904 1384 1981; x_wconf 78' lang='lat' dir='ltr'><strong>dormitioncs,</strong></span> <span class='ocrx_word' id='word_1_277' title='bbox 1431 1904 1573 1960; x_wconf 90' lang='lat' dir='ltr'><strong>sicut</strong></span> <span class='ocrx_word' id='word_1_278' title='bbox 1621 1903 1742 1959; x_wconf 82' lang='lat' dir='ltr'><strong>duae</strong></span> <span class='ocrx_word' id='word_1_279' title='bbox 1768 1902 2005 1973; x_wconf 77' lang='lat' dir='ltr'><strong>vigilite:</strong></span> 
     </span>
    </p>
   </div>
   <div class='ocr_carea' id='block_1_36' title="bbox 427 1991 2012 2065">
    <p class='ocr_par' dir='ltr' id='par_1_36' title="bbox 427 1991 2012 2065">
     <span class='ocr_line' id='line_1_36' title="bbox 427 1991 2012 2065; baseline -0.002 -16"><span class='ocrx_word' id='word_1_280' title='bbox 427 2010 533 2050; x_wconf 88' lang='lat' dir='ltr'><strong>una</strong></span> <span class='ocrx_word' id='word_1_281' title='bbox 562 1995 832 2065; x_wconf 84' lang='lat' dir='ltr'><strong>corporis,</strong></span> <span class='ocrx_word' id='word_1_282' title='bbox 860 1993 1030 2050; x_wconf 84' lang='lat' dir='ltr'><strong>altera</strong></span> <span class='ocrx_word' id='word_1_283' title='bbox 1053 1993 1267 2049; x_wconf 81' lang='lat' dir='ltr'><strong>animae.</strong></span> <span class='ocrx_word' id='word_1_284' title='bbox 1286 1993 1551 2048; x_wconf 90' lang='lat' dir='ltr'><strong>Dormitio</strong></span> <span class='ocrx_word' id='word_1_285' title='bbox 1575 1992 1821 2063; x_wconf 86' lang='lat' dir='ltr'><strong>corporis</strong></span> <span class='ocrx_word' id='word_1_286' title='bbox 1848 1991 2012 2047; x_wconf 87' lang='lat' dir='ltr'><strong>inter-</strong></span> 
     </span>
    </p>
   </div>
   <div class='ocr_carea' id='block_1_37' title="bbox 423 2085 2011 2156">
    <p class='ocr_par' dir='ltr' id='par_1_37' title="bbox 423 2085 2011 2156">
     <span class='ocr_line' id='line_1_37' title="bbox 423 2085 2011 2156; baseline -0.002 -16"><span class='ocrx_word' id='word_1_287' title='bbox 423 2085 551 2141; x_wconf 92' lang='lat' dir='ltr'><strong>dum</strong></span> <span class='ocrx_word' id='word_1_288' title='bbox 578 2096 664 2142; x_wconf 92' lang='lat' dir='ltr'><strong>est</strong></span> <span class='ocrx_word' id='word_1_289' title='bbox 691 2085 1016 2151; x_wconf 84' lang='lat' dir='ltr'><strong>necessaria,</strong></span> <span class='ocrx_word' id='word_1_290' title='bbox 1060 2094 1122 2140; x_wconf 91' lang='lat' dir='ltr'><strong>ut</strong></span> <span class='ocrx_word' id='word_1_291' title='bbox 1162 2100 1256 2156; x_wconf 83' lang='lat' dir='ltr'><strong>per</strong></span> <span class='ocrx_word' id='word_1_292' title='bbox 1294 2085 1531 2155; x_wconf 88' lang='lat' dir='ltr'><strong>quietem</strong></span> <span class='ocrx_word' id='word_1_293' title='bbox 1581 2090 1858 2138; x_wconf 86' lang='lat' dir='ltr'><strong>recreetur</strong></span> <span class='ocrx_word' id='word_1_294' title='bbox 1903 2095 2011 2151; x_wconf 88' lang='lat' dir='ltr'><strong>quo</strong></span> 
     </span>
    </p>
   </div>
   <div class='ocr_carea' id='block_1_38' title="bbox 425 2171 2011 2245">
    <p class='ocr_par' dir='ltr' id='par_1_38' title="bbox 425 2171 2011 2245">
     <span class='ocr_line' id='line_1_38' title="bbox 425 2171 2011 2245; baseline -0.002 -14"><span class='ocrx_word' id='word_1_295' title='bbox 425 2174 654 2231; x_wconf 77' lang='lat' dir='ltr'><strong>sulliciat</strong></span> <span class='ocrx_word' id='word_1_296' title='bbox 690 2174 929 2232; x_wconf 90' lang='lat' dir='ltr'><strong>motibus</strong></span> <span class='ocrx_word' id='word_1_297' title='bbox 972 2189 1187 2245; x_wconf 88' lang='lat' dir='ltr'><strong>semper</strong></span> <span class='ocrx_word' id='word_1_298' title='bbox 1239 2175 1450 2245; x_wconf 89' lang='lat' dir='ltr'><strong>agentis</strong></span> <span class='ocrx_word' id='word_1_299' title='bbox 1479 2173 1695 2228; x_wconf 70' lang='lat' dir='ltr'><strong>animm.</strong></span> <span class='ocrx_word' id='word_1_300' title='bbox 1746 2171 2011 2228; x_wconf 89' lang='lat' dir='ltr'><strong>Dormitio</strong></span> 
     </span>
    </p>
   </div>
   <div class='ocr_carea' id='block_1_39' title="bbox 425 2265 2007 2333">
    <p class='ocr_par' dir='ltr' id='par_1_39' title="bbox 425 2265 2007 2333">
     <span class='ocr_line' id='line_1_39' title="bbox 425 2265 2007 2333; baseline -0.001 -13"><span class='ocrx_word' id='word_1_301' title='bbox 425 2268 621 2323; x_wconf 70' lang='lat' dir='ltr'><strong>anima:</strong></span> <span class='ocrx_word' id='word_1_302' title='bbox 666 2276 786 2333; x_wconf 89' lang='lat' dir='ltr'><strong>est,</strong></span> <span class='ocrx_word' id='word_1_303' title='bbox 829 2266 1073 2323; x_wconf 84' lang='lat' dir='ltr'><strong>oblivisci</strong></span> <span class='ocrx_word' id='word_1_304' title='bbox 1115 2266 1392 2322; x_wconf 80' lang='lat' dir='ltr'><strong>Creatoris</strong></span> <span class='ocrx_word' id='word_1_305' title='bbox 1419 2265 1533 2332; x_wconf 85' lang='lat' dir='ltr'><strong>sui;</strong></span> <span class='ocrx_word' id='word_1_306' title='bbox 1585 2265 1727 2321; x_wconf 88' lang='lat' dir='ltr'><strong>unde</strong></span> <span class='ocrx_word' id='word_1_307' title='bbox 1770 2265 2007 2321; x_wconf 87' lang='lat' dir='ltr'><strong>dicitur:</strong></span> 
     </span>
    </p>
   </div>
   <div class='ocr_carea' id='block_1_40' title="bbox 425 2353 2010 2429">
    <p class='ocr_par' dir='ltr' id='par_1_40' title="bbox 425 2353 2010 2429">
     <span class='ocr_line' id='line_1_40' title="bbox 425 2353 2010 2429; baseline -0.003 -16"><span class='ocrx_word' id='word_1_308' title='bbox 425 2357 591 2429; x_wconf 84' lang='lat' dir='ltr'><strong>Surge</strong></span> <span class='ocrx_word' id='word_1_309' title='bbox 614 2359 704 2428; x_wconf 86' lang='lat' dir='ltr'><strong>qui</strong></span> <span class='ocrx_word' id='word_1_310' title='bbox 724 2357 944 2423; x_wconf 81' lang='lat' dir='ltr'><strong>dormis,</strong></span> <span class='ocrx_word' id='word_1_311' title='bbox 975 2367 1021 2412; x_wconf 86' lang='lat' dir='ltr'><strong>et</strong></span> <span class='ocrx_word' id='word_1_312' title='bbox 1051 2371 1270 2427; x_wconf 72' lang='lat' dir='ltr'><strong>exsurge</strong></span> <span class='ocrx_word' id='word_1_313' title='bbox 1291 2373 1324 2409; x_wconf 93' lang='lat' dir='ltr'><strong>a</strong></span> <span class='ocrx_word' id='word_1_314' title='bbox 1351 2354 1591 2421; x_wconf 77' lang='lat' dir='ltr'><strong>mortuis,</strong></span> <span class='ocrx_word' id='word_1_315' title='bbox 1622 2365 1667 2409; x_wconf 82' lang='lat' dir='ltr'><strong>et</strong></span> <span class='ocrx_word' id='word_1_316' title='bbox 1692 2353 2010 2409; x_wconf 83' lang='lat' dir='ltr'><strong>illuminabit</strong></span> 
     </span>
    </p>
   </div>
   <div class='ocr_carea' id='block_1_41' title="bbox 421 2444 2011 2520">
    <p class='ocr_par' dir='ltr' id='par_1_41' title="bbox 421 2444 2011 2520">
     <span class='ocr_line' id='line_1_41' title="bbox 421 2444 2011 2520; baseline -0.001 -17"><span class='ocrx_word' id='word_1_317' title='bbox 421 2459 472 2503; x_wconf 86' lang='lat' dir='ltr'><strong>te</strong></span> <span class='ocrx_word' id='word_1_318' title='bbox 497 2447 738 2504; x_wconf 75' lang='lat' dir='ltr'><strong>Christus</strong></span> <span class='ocrx_word' id='word_1_319' title='bbox 761 2446 922 2520; x_wconf 80' lang='lat' dir='ltr'><strong>(Eph.</strong></span> <span class='ocrx_word' id='word_1_320' title='bbox 952 2445 1032 2512; x_wconf 70' lang='grc' dir='ltr'><strong>ν).</strong></span> <span class='ocrx_word' id='word_1_321' title='bbox 1057 2444 1250 2518; x_wconf 82' lang='lat' dir='ltr'><strong>Vigilia</strong></span> <span class='ocrx_word' id='word_1_322' title='bbox 1290 2446 1482 2500; x_wconf 64' lang='lat' dir='ltr'><strong>animae</strong></span> <span class='ocrx_word' id='word_1_323' title='bbox 1510 2452 1614 2508; x_wconf 86' lang='lat' dir='ltr'><strong>est,</strong></span> <span class='ocrx_word' id='word_1_324' title='bbox 1643 2445 1814 2500; x_wconf 89' lang='lat' dir='ltr'><strong>Deum</strong></span> <span class='ocrx_word' id='word_1_325' title='bbox 1852 2458 2011 2502; x_wconf 71' lang='lat' dir='ltr'><strong>suum</strong></span> 
     </span>
    </p>
   </div>
   <div class='ocr_carea' id='block_1_42' title="bbox 422 2533 2008 2611">
    <p class='ocr_par' dir='ltr' id='par_1_42' title="bbox 422 2533 2008 2611">
     <span class='ocr_line' id='line_1_42' title="bbox 422 2533 2008 2611; baseline -0.003 -17"><span class='ocrx_word' id='word_1_326' title='bbox 422 2555 637 2611; x_wconf 83' lang='lat' dir='ltr'><strong>semper</strong></span> <span class='ocrx_word' id='word_1_327' title='bbox 665 2539 719 2594; x_wconf 94' lang='lat' dir='ltr'><strong>in</strong></span> <span class='ocrx_word' id='word_1_328' title='bbox 745 2537 1004 2595; x_wconf 87' lang='lat' dir='ltr'><strong>memoria</strong></span> <span class='ocrx_word' id='word_1_329' title='bbox 1039 2538 1262 2603; x_wconf 89' lang='lat' dir='ltr'><strong>habere,</strong></span> <span class='ocrx_word' id='word_1_330' title='bbox 1294 2536 1442 2592; x_wconf 91' lang='lat' dir='ltr'><strong>illum</strong></span> <span class='ocrx_word' id='word_1_331' title='bbox 1474 2536 1649 2602; x_wconf 89' lang='lat' dir='ltr'><strong>sitire,</strong></span> <span class='ocrx_word' id='word_1_332' title='bbox 1682 2534 1830 2589; x_wconf 92' lang='lat' dir='ltr'><strong>illum</strong></span> <span class='ocrx_word' id='word_1_333' title='bbox 1867 2533 2008 2589; x_wconf 85' lang='lat' dir='ltr'><strong>desi-</strong></span> 
     </span>
    </p>
   </div>
   <div class='ocr_carea' id='block_1_43' title="bbox 423 2623 2006 2695">
    <p class='ocr_par' dir='ltr' id='par_1_43' title="bbox 423 2623 2006 2695">
     <span class='ocr_line' id='line_1_43' title="bbox 423 2623 2006 2695; baseline -0.003 -11"><span class='ocrx_word' id='word_1_334' title='bbox 423 2629 637 2695; x_wconf 90' lang='lat' dir='ltr'><strong>derare,</strong></span> <span class='ocrx_word' id='word_1_335' title='bbox 667 2629 808 2684; x_wconf 90' lang='lat' dir='ltr'><strong>bona</strong></span> <span class='ocrx_word' id='word_1_336' title='bbox 837 2628 1190 2683; x_wconf 88' lang='lat' dir='ltr'><strong>conversione</strong></span> <span class='ocrx_word' id='word_1_337' title='bbox 1229 2635 1284 2682; x_wconf 93' lang='lat' dir='ltr'><strong>et</strong></span> <span class='ocrx_word' id='word_1_338' title='bbox 1325 2626 1435 2680; x_wconf 84' lang='lat' dir='ltr'><strong>vita</strong></span> <span class='ocrx_word' id='word_1_339' title='bbox 1472 2624 1540 2681; x_wconf 91' lang='lat' dir='ltr'><strong>ad</strong></span> <span class='ocrx_word' id='word_1_340' title='bbox 1588 2623 1737 2679; x_wconf 90' lang='lat' dir='ltr'><strong>illum</strong></span> <span class='ocrx_word' id='word_1_341' title='bbox 1771 2623 2006 2681; x_wconf 88' lang='lat' dir='ltr'><strong>tendere.</strong></span> 
     </span>
    </p>
   </div>
   <div class='ocr_carea' id='block_1_44' title="bbox 423 2713 2006 2791">
    <p class='ocr_par' dir='ltr' id='par_1_44' title="bbox 423 2713 2006 2791">
     <span class='ocr_line' id='line_1_44' title="bbox 423 2713 2006 2791; baseline -0.002 -20"><span class='ocrx_word' id='word_1_342' title='bbox 423 2717 502 2774; x_wconf 87' lang='lat' dir='ltr'><strong>De</strong></span> <span class='ocrx_word' id='word_1_343' title='bbox 528 2734 629 2788; x_wconf 89' lang='lat' dir='ltr'><strong>qua</strong></span> <span class='ocrx_word' id='word_1_344' title='bbox 671 2717 851 2791; x_wconf 85' lang='lat' dir='ltr'><strong>vigilia</strong></span> <span class='ocrx_word' id='word_1_345' title='bbox 881 2718 969 2773; x_wconf 88' lang='lat' dir='ltr'><strong>hic</strong></span> <span class='ocrx_word' id='word_1_346' title='bbox 997 2716 1149 2783; x_wconf 91' lang='lat' dir='ltr'><strong>dicit,</strong></span> <span class='ocrx_word' id='word_1_347' title='bbox 1179 2715 1357 2788; x_wconf 83' lang='lat' dir='ltr'><strong>vigilo,</strong></span> <span class='ocrx_word' id='word_1_348' title='bbox 1404 2715 1458 2770; x_wconf 92' lang='lat' dir='ltr'><strong>id</strong></span> <span class='ocrx_word' id='word_1_349' title='bbox 1497 2723 1600 2783; x_wconf 91' lang='lat' dir='ltr'><strong>est,</strong></span> <span class='ocrx_word' id='word_1_350' title='bbox 1642 2713 1782 2769; x_wconf 87' lang='lat' dir='ltr'><strong>bona</strong></span> <span class='ocrx_word' id='word_1_351' title='bbox 1811 2729 2006 2786; x_wconf 74' lang='lat' dir='ltr'><strong>opera-</strong></span> 
     </span>
    </p>
   </div>
   <div class='ocr_carea' id='block_1_45' title="bbox 422 2807 2006 2878">
    <p class='ocr_par' dir='ltr' id='par_1_45' title="bbox 422 2807 2006 2878">
     <span class='ocr_line' id='line_1_45' title="bbox 422 2807 2006 2878; baseline -0.001 -14"><span class='ocrx_word' id='word_1_352' title='bbox 422 2809 571 2874; x_wconf 86' lang='lat' dir='ltr'><strong>tione</strong></span> <span class='ocrx_word' id='word_1_353' title='bbox 596 2818 651 2864; x_wconf 92' lang='lat' dir='ltr'><strong>et</strong></span> <span class='ocrx_word' id='word_1_354' title='bbox 673 2810 820 2867; x_wconf 91' lang='lat' dir='ltr'><strong>omni</strong></span> <span class='ocrx_word' id='word_1_355' title='bbox 856 2808 1036 2865; x_wconf 89' lang='lat' dir='ltr'><strong>studio</strong></span> <span class='ocrx_word' id='word_1_356' title='bbox 1070 2824 1167 2865; x_wconf 90' lang='lat' dir='ltr'><strong>cor</strong></span> <span class='ocrx_word' id='word_1_357' title='bbox 1196 2824 1374 2864; x_wconf 86' lang='lat' dir='ltr'><strong>meum</strong></span> <span class='ocrx_word' id='word_1_358' title='bbox 1407 2809 1474 2863; x_wconf 90' lang='lat' dir='ltr'><strong>ad</strong></span> <span class='ocrx_word' id='word_1_359' title='bbox 1504 2819 1556 2861; x_wconf 92' lang='lat' dir='ltr'><strong>te</strong></span> <span class='ocrx_word' id='word_1_360' title='bbox 1591 2807 2006 2878; x_wconf 90' lang='lat' dir='ltr'><strong>promerendum</strong></span> 
     </span>
    </p>
   </div>
   <div class='ocr_carea' id='block_1_46' title="bbox 421 2902 2009 2969">
    <p class='ocr_par' dir='ltr' id='par_1_46' title="bbox 421 2902 2009 2969">
     <span class='ocr_line' id='line_1_46' title="bbox 421 2902 2009 2969; baseline -0.001 -10"><span class='ocrx_word' id='word_1_361' title='bbox 421 2917 481 2960; x_wconf 89' lang='lat' dir='ltr'><strong>se</strong></span> <span class='ocrx_word' id='word_1_362' title='bbox 508 2905 764 2961; x_wconf 84' lang='lat' dir='ltr'><strong>extendit.</strong></span> <span class='ocrx_word' id='word_1_363' title='bbox 800 2904 874 2958; x_wconf 88' lang='lat' dir='ltr'><strong>De</strong></span> <span class='ocrx_word' id='word_1_364' title='bbox 894 2904 1029 2969; x_wconf 88' lang='lat' dir='ltr'><strong>luce,</strong></span> <span class='ocrx_word' id='word_1_365' title='bbox 1062 2904 1115 2958; x_wconf 91' lang='lat' dir='ltr'><strong>id</strong></span> <span class='ocrx_word' id='word_1_366' title='bbox 1136 2912 1238 2969; x_wconf 89' lang='lat' dir='ltr'><strong>est,</strong></span> <span class='ocrx_word' id='word_1_367' title='bbox 1264 2905 1330 2959; x_wconf 89' lang='lat' dir='ltr'><strong>de</strong></span> <span class='ocrx_word' id='word_1_368' title='bbox 1356 2913 1445 2960; x_wconf 87' lang='lat' dir='ltr'><strong>tua</strong></span> <span class='ocrx_word' id='word_1_369' title='bbox 1482 2902 1905 2969; x_wconf 87' lang='lat' dir='ltr'><strong>illuminalione;</strong></span> <span class='ocrx_word' id='word_1_370' title='bbox 1950 2910 2009 2958; x_wconf 86' lang='lat' dir='ltr'><strong>tu</strong></span> 
     </span>
    </p>
   </div>
   <div class='ocr_carea' id='block_1_47' title="bbox 423 2992 2005 3067">
    <p class='ocr_par' dir='ltr' id='par_1_47' title="bbox 423 2992 2005 3067">
     <span class='ocr_line' id='line_1_47' title="bbox 423 2992 2005 3067; baseline -0.002 -17"><span class='ocrx_word' id='word_1_371' title='bbox 423 2993 614 3050; x_wconf 87' lang='lat' dir='ltr'><strong>dedisti</strong></span> <span class='ocrx_word' id='word_1_372' title='bbox 648 2993 776 3049; x_wconf 89' lang='lat' dir='ltr'><strong>mihi</strong></span> <span class='ocrx_word' id='word_1_373' title='bbox 815 2993 955 3048; x_wconf 91' lang='lat' dir='ltr'><strong>hanc</strong></span> <span class='ocrx_word' id='word_1_374' title='bbox 986 2992 1184 3067; x_wconf 84' lang='lat' dir='ltr'><strong>lucem,</strong></span> <span class='ocrx_word' id='word_1_375' title='bbox 1214 2992 1267 3047; x_wconf 92' lang='lat' dir='ltr'><strong>id</strong></span> <span class='ocrx_word' id='word_1_376' title='bbox 1306 3003 1409 3058; x_wconf 89' lang='lat' dir='ltr'><strong>est,</strong></span> <span class='ocrx_word' id='word_1_377' title='bbox 1458 2993 1615 3048; x_wconf 84' lang='lat' dir='ltr'><strong>hunc</strong></span> <span class='ocrx_word' id='word_1_378' title='bbox 1637 2992 2005 3067; x_wconf 89' lang='lat' dir='ltr'><strong>intellectum;</strong></span> 
     </span>
    </p>
   </div>
   <div class='ocr_carea' id='block_1_48' title="bbox 2112 1893 3695 1971">
    <p class='ocr_par' dir='ltr' id='par_1_48' title="bbox 2112 1893 3695 1971">
     <span class='ocr_line' id='line_1_48' title="bbox 2112 1893 3695 1971; baseline 0.008 -22"><span class='ocrx_word' id='word_1_379' title='bbox 2112 1894 2229 1960; x_wconf 87' lang='lat' dir='ltr'><strong>tibi,</strong></span> <span class='ocrx_word' id='word_1_380' title='bbox 2260 1893 2315 1950; x_wconf 91' lang='lat' dir='ltr'><strong>id</strong></span> <span class='ocrx_word' id='word_1_381' title='bbox 2358 1903 2443 1951; x_wconf 88' lang='lat' dir='ltr'><strong>est</strong></span> <span class='ocrx_word' id='word_1_382' title='bbox 2480 1895 2805 1966; x_wconf 90' lang='lat' dir='ltr'><strong>complacui,</strong></span> <span class='ocrx_word' id='word_1_383' title='bbox 2850 1898 3044 1971; x_wconf 87' lang='lat' dir='ltr'><strong>dignus</strong></span> <span class='ocrx_word' id='word_1_384' title='bbox 3088 1899 3162 1955; x_wconf 81' lang='lat' dir='ltr'><strong>fui</strong></span> <span class='ocrx_word' id='word_1_385' title='bbox 3213 1909 3275 1956; x_wconf 90' lang='lat' dir='ltr'><strong>ut</strong></span> <span class='ocrx_word' id='word_1_386' title='bbox 3304 1916 3394 1959; x_wconf 93' lang='lat' dir='ltr'><strong>me</strong></span> <span class='ocrx_word' id='word_1_387' title='bbox 3441 1904 3695 1961; x_wconf 84' lang='lat' dir='ltr'><strong>videres:</strong></span> 
     </span>
    </p>
   </div>
   <div class='ocr_carea' id='block_1_49' title="bbox 2062 1983 3698 2069">
    <p class='ocr_par' dir='ltr' id='par_1_49' title="bbox 2062 1983 3698 2069">
     <span class='ocr_line' id='line_1_49' title="bbox 2062 1983 3698 2069; baseline 0.01 -32"><span class='ocrx_word' id='word_1_388' title='bbox 2062 2012 2072 2021; x_wconf 91' lang='lat'><strong>-</strong></span> <span class='ocrx_word' id='word_1_389' title='bbox 2112 1983 2256 2053; x_wconf 91' lang='lat' dir='ltr'><strong>quod</strong></span> <span class='ocrx_word' id='word_1_390' title='bbox 2290 1999 2398 2040; x_wconf 92' lang='lat' dir='ltr'><strong>non</strong></span> <span class='ocrx_word' id='word_1_391' title='bbox 2430 1984 2491 2039; x_wconf 84' lang='lat' dir='ltr'><strong>lit</strong></span> <span class='ocrx_word' id='word_1_392' title='bbox 2518 1986 2623 2041; x_wconf 89' lang='lat' dir='ltr'><strong>nisi</strong></span> <span class='ocrx_word' id='word_1_393' title='bbox 2658 2002 2755 2058; x_wconf 88' lang='lat' dir='ltr'><strong>per</strong></span> <span class='ocrx_word' id='word_1_394' title='bbox 2782 1990 3168 2048; x_wconf 87' lang='lat' dir='ltr'><strong>humilitatem.</strong></span> <span class='ocrx_word' id='word_1_395' title='bbox 3198 1992 3352 2050; x_wconf 84' lang='lat' dir='ltr'><strong>Sicut</strong></span> <span class='ocrx_word' id='word_1_396' title='bbox 3384 2010 3486 2066; x_wconf 89' lang='lat' dir='ltr'><strong>per</strong></span> <span class='ocrx_word' id='word_1_397' title='bbox 3512 2011 3698 2069; x_wconf 82' lang='lat' dir='ltr'><strong>super-</strong></span> 
     </span>
    </p>
   </div>
   <div class='ocr_carea' id='block_1_50' title="bbox 2110 2077 3699 2164">
    <p class='ocr_par' dir='ltr' id='par_1_50' title="bbox 2110 2077 3699 2164">
     <span class='ocr_line' id='line_1_50' title="bbox 2110 2077 3699 2164; baseline 0.009 -31"><span class='ocrx_word' id='word_1_398' title='bbox 2110 2077 2259 2133; x_wconf 91' lang='lat' dir='ltr'><strong>biam</strong></span> <span class='ocrx_word' id='word_1_399' title='bbox 2303 2094 2334 2133; x_wconf 88' lang='lat' dir='ltr'><strong>a</strong></span> <span class='ocrx_word' id='word_1_400' title='bbox 2365 2077 2479 2133; x_wconf 89' lang='lat' dir='ltr'><strong>Deo</strong></span> <span class='ocrx_word' id='word_1_401' title='bbox 2517 2081 2952 2163; x_wconf 33' lang='lat' dir='ltr'><strong>recedimus,.ita</strong></span> <span class='ocrx_word' id='word_1_402' title='bbox 2984 2084 3037 2139; x_wconf 91' lang='lat' dir='ltr'><strong>in</strong></span> <span class='ocrx_word' id='word_1_403' title='bbox 3075 2084 3378 2143; x_wconf 86' lang='lat' dir='ltr'><strong>humilitate</strong></span> <span class='ocrx_word' id='word_1_404' title='bbox 3400 2088 3517 2146; x_wconf 89' lang='lat' dir='ltr'><strong>Deo</strong></span> <span class='ocrx_word' id='word_1_405' title='bbox 3543 2106 3699 2164; x_wconf 77' lang='lat' dir='ltr'><strong>appa-</strong></span> 
     </span>
    </p>
   </div>
   <div class='ocr_carea' id='block_1_51' title="bbox 2113 2169 3695 2244">
    <p class='ocr_par' dir='ltr' id='par_1_51' title="bbox 2113 2169 3695 2244">
     <span class='ocr_line' id='line_1_51' title="bbox 2113 2169 3695 2244; baseline 0.011 -24"><span class='ocrx_word' id='word_1_406' title='bbox 2113 2180 2315 2233; x_wconf 91' lang='lat' dir='ltr'><strong>rcmns,</strong></span> <span class='ocrx_word' id='word_1_407' title='bbox 2369 2169 2673 2225; x_wconf 89' lang='lat' dir='ltr'><strong>contitendo</strong></span> <span class='ocrx_word' id='word_1_408' title='bbox 2714 2178 2772 2226; x_wconf 90' lang='lat' dir='ltr'><strong>et</strong></span> <span class='ocrx_word' id='word_1_409' title='bbox 2818 2171 3186 2231; x_wconf 81' lang='lat' dir='ltr'><strong>inﬁrmitatem</strong></span> <span class='ocrx_word' id='word_1_410' title='bbox 3233 2186 3507 2244; x_wconf 86' lang='lat' dir='ltr'><strong>nostram,</strong></span> <span class='ocrx_word' id='word_1_411' title='bbox 3560 2182 3695 2237; x_wconf 82' lang='lat' dir='ltr'><strong>sitim</strong></span> 
     </span>
    </p>
   </div>
   <div class='ocr_carea' id='block_1_52' title="bbox 2112 2257 3696 2335">
    <p class='ocr_par' dir='ltr' id='par_1_52' title="bbox 2112 2257 3696 2335">
     <span class='ocr_line' id='line_1_52' title="bbox 2112 2257 3696 2335; baseline 0.011 -24"><span class='ocrx_word' id='word_1_412' title='bbox 2112 2266 2377 2313; x_wconf 83' lang='lat' dir='ltr'><strong>nostram.</strong></span> <span class='ocrx_word' id='word_1_413' title='bbox 2401 2257 2485 2317; x_wconf 85' lang='lat' dir='ltr'><strong>Ad</strong></span> <span class='ocrx_word' id='word_1_414' title='bbox 2529 2259 2635 2318; x_wconf 87' lang='lat' dir='ltr'><strong>hoc</strong></span> <span class='ocrx_word' id='word_1_415' title='bbox 2660 2264 2918 2333; x_wconf 67' lang='lat' dir='ltr'><strong>apparati,</strong></span> <span class='ocrx_word' id='word_1_416' title='bbox 2951 2276 3007 2319; x_wconf 87' lang='lat' dir='ltr'><strong>ut</strong></span> <span class='ocrx_word' id='word_1_417' title='bbox 3036 2267 3261 2323; x_wconf 80' lang='lat' dir='ltr'><strong>uiderem</strong></span> <span class='ocrx_word' id='word_1_418' title='bbox 3280 2310 3296 2335; x_wconf 92' lang='lat'><strong>,</strong></span> <span class='ocrx_word' id='word_1_419' title='bbox 3326 2270 3383 2325; x_wconf 87' lang='lat' dir='ltr'><strong>id</strong></span> <span class='ocrx_word' id='word_1_420' title='bbox 3411 2282 3498 2329; x_wconf 86' lang='lat' dir='ltr'><strong>est</strong></span> <span class='ocrx_word' id='word_1_421' title='bbox 3523 2283 3590 2328; x_wconf 88' lang='lat' dir='ltr'><strong>ut</strong></span> <span class='ocrx_word' id='word_1_422' title='bbox 3618 2290 3696 2329; x_wconf 88' lang='lat' dir='ltr'><strong>me</strong></span> 
     </span>
    </p>
   </div>
   <div class='ocr_carea' id='block_1_53' title="bbox 2111 2349 3694 2436">
    <p class='ocr_par' dir='ltr' id='par_1_53' title="bbox 2111 2349 3694 2436">
     <span class='ocr_line' id='line_1_53' title="bbox 2111 2349 3694 2436; baseline 0.011 -32"><span class='ocrx_word' id='word_1_423' title='bbox 2111 2363 2447 2421; x_wconf 84' lang='lat' dir='ltr'><strong>cognoscere</strong></span> <span class='ocrx_word' id='word_1_424' title='bbox 2473 2349 2686 2409; x_wconf 80' lang='lat' dir='ltr'><strong>faceres</strong></span> <span class='ocrx_word' id='word_1_425' title='bbox 2717 2353 2962 2411; x_wconf 78' lang='lat' dir='ltr'><strong>uirtutem</strong></span> <span class='ocrx_word' id='word_1_426' title='bbox 3002 2365 3183 2426; x_wconf 80' lang='lat' dir='ltr'><strong>tuam;</strong></span> <span class='ocrx_word' id='word_1_427' title='bbox 3229 2361 3473 2418; x_wconf 74' lang='lat' dir='ltr'><strong>uirtutem</strong></span> <span class='ocrx_word' id='word_1_428' title='bbox 3492 2406 3509 2431; x_wconf 95' lang='lat'><strong>,</strong></span> <span class='ocrx_word' id='word_1_429' title='bbox 3540 2381 3694 2436; x_wconf 81' lang='lat' dir='ltr'><strong>quam</strong></span> 
     </span>
    </p>
   </div>
   <div class='ocr_carea' id='block_1_54' title="bbox 2115 2442 3699 2523">
    <p class='ocr_par' dir='ltr' id='par_1_54' title="bbox 2115 2442 3699 2523">
     <span class='ocr_line' id='line_1_54' title="bbox 2115 2442 3699 2523; baseline 0.011 -27"><span class='ocrx_word' id='word_1_430' title='bbox 2115 2442 2291 2498; x_wconf 88' lang='lat' dir='ltr'><strong>habeo</strong></span> <span class='ocrx_word' id='word_1_431' title='bbox 2331 2444 2480 2513; x_wconf 90' lang='lat' dir='ltr'><strong>quod</strong></span> <span class='ocrx_word' id='word_1_432' title='bbox 2502 2443 2683 2500; x_wconf 84' lang='lat' dir='ltr'><strong>anima</strong></span> <span class='ocrx_word' id='word_1_433' title='bbox 2723 2460 2846 2503; x_wconf 87' lang='lat' dir='ltr'><strong>mea</strong></span> <span class='ocrx_word' id='word_1_434' title='bbox 2882 2461 2987 2504; x_wconf 91' lang='lat' dir='ltr'><strong>non</strong></span> <span class='ocrx_word' id='word_1_435' title='bbox 3018 2451 3222 2507; x_wconf 86' lang='lat' dir='ltr'><strong>recedit</strong></span> <span class='ocrx_word' id='word_1_436' title='bbox 3265 2469 3295 2509; x_wconf 83' lang='lat' dir='ltr'><strong>a</strong></span> <span class='ocrx_word' id='word_1_437' title='bbox 3320 2463 3373 2510; x_wconf 92' lang='lat' dir='ltr'><strong>te</strong></span> <span class='ocrx_word' id='word_1_438' title='bbox 3403 2456 3621 2523; x_wconf 84' lang='lat' dir='ltr'><strong>sitiens,</strong></span> <span class='ocrx_word' id='word_1_439' title='bbox 3652 2466 3699 2513; x_wconf 87' lang='lat' dir='ltr'><strong>te</strong></span> 
     </span>
    </p>
   </div>
   <div class='ocr_carea' id='block_1_55' title="bbox 2109 2531 3694 2615">
    <p class='ocr_par' dir='ltr' id='par_1_55' title="bbox 2109 2531 3694 2615">
     <span class='ocr_line' id='line_1_55' title="bbox 2109 2531 3694 2615; baseline 0.009 -28"><span class='ocrx_word' id='word_1_440' title='bbox 2109 2531 2426 2590; x_wconf 86' lang='lat' dir='ltr'><strong>desiderans</strong></span> <span class='ocrx_word' id='word_1_441' title='bbox 2446 2544 2623 2590; x_wconf 82' lang='lat' dir='ltr'><strong>:tuam</strong></span> <span class='ocrx_word' id='word_1_442' title='bbox 2649 2550 2792 2603; x_wconf 89' lang='lat' dir='ltr'><strong>esse,</strong></span> <span class='ocrx_word' id='word_1_443' title='bbox 2816 2553 2924 2594; x_wconf 89' lang='lat' dir='ltr'><strong>non</strong></span> <span class='ocrx_word' id='word_1_444' title='bbox 2955 2552 3152 2597; x_wconf 87' lang='lat' dir='ltr'><strong>meam.</strong></span> <span class='ocrx_word' id='word_1_445' title='bbox 3181 2542 3251 2598; x_wconf 84' lang='lat' dir='ltr'><strong>Et</strong></span> <span class='ocrx_word' id='word_1_446' title='bbox 3273 2546 3503 2615; x_wconf 79' lang='lat' dir='ltr'><strong>gloriam</strong></span> <span class='ocrx_word' id='word_1_447' title='bbox 3531 2558 3694 2613; x_wconf 74' lang='lat' dir='ltr'><strong>tuam,</strong></span> 
     </span>
    </p>
   </div>
   <div class='ocr_carea' id='block_1_56' title="bbox 2110 2622 3697 2708">
    <p class='ocr_par' dir='ltr' id='par_1_56' title="bbox 2110 2622 3697 2708">
     <span class='ocr_line' id='line_1_56' title="bbox 2110 2622 3697 2708; baseline 0.01 -30"><span class='ocrx_word' id='word_1_448' title='bbox 2110 2622 2161 2678; x_wconf 93' lang='lat' dir='ltr'><strong>id</strong></span> <span class='ocrx_word' id='word_1_449' title='bbox 2183 2623 2759 2684; x_wconf 73' lang='lat' dir='ltr'><strong>estimmortalitatem</strong></span> <span class='ocrx_word' id='word_1_450' title='bbox 2781 2638 2836 2684; x_wconf 90' lang='lat' dir='ltr'><strong>et</strong></span> <span class='ocrx_word' id='word_1_451' title='bbox 2860 2629 3339 2703; x_wconf 87' lang='lat' dir='ltr'><strong>incorruptionem,</strong></span> <span class='ocrx_word' id='word_1_452' title='bbox 3362 2651 3529 2708; x_wconf 80' lang='lat' dir='ltr'><strong>quam</strong></span> <span class='ocrx_word' id='word_1_453' title='bbox 3562 2655 3697 2694; x_wconf 85' lang='lat' dir='ltr'><strong>nunc</strong></span> 
     </span>
    </p>
   </div>
   <div class='ocr_carea' id='block_1_57' title="bbox 2109 2714 3733 2797">
    <p class='ocr_par' dir='ltr' id='par_1_57' title="bbox 2109 2714 3733 2797">
     <span class='ocr_line' id='line_1_57' title="bbox 2109 2714 3733 2797; baseline 0.012 -29"><span class='ocrx_word' id='word_1_454' title='bbox 2109 2714 2289 2772; x_wconf 88' lang='lat' dir='ltr'><strong>habeo</strong></span> <span class='ocrx_word' id='word_1_455' title='bbox 2339 2715 2397 2797; x_wconf 85' lang='lat' dir='ltr'><strong>in_</strong></span> <span class='ocrx_word' id='word_1_456' title='bbox 2442 2730 2540 2788; x_wconf 87' lang='lat' dir='ltr'><strong>spe</strong></span> <span class='ocrx_word' id='word_1_457' title='bbox 2566 2756 2585 2785; x_wconf 92' lang='lat'><strong>,</strong></span> <span class='ocrx_word' id='word_1_458' title='bbox 2633 2717 2961 2792; x_wconf 89' lang='lat' dir='ltr'><strong>quandoque</strong></span> <span class='ocrx_word' id='word_1_459' title='bbox 3010 2722 3291 2782; x_wconf 90' lang='lat' dir='ltr'><strong>habiturus</strong></span> <span class='ocrx_word' id='word_1_460' title='bbox 3339 2727 3393 2782; x_wconf 88' lang='lat' dir='ltr'><strong>in</strong></span> <span class='ocrx_word' id='word_1_461' title='bbox 3429 2726 3733 2787; x_wconf 37' lang='lat' dir='ltr'><strong>rettum‘</strong></span> 
     </span>
    </p>
   </div>
   <div class='ocr_carea' id='block_1_58' title="bbox 2106 2809 3694 2878">
    <p class='ocr_par' dir='ltr' id='par_1_58' title="bbox 2106 2809 3694 2878">
     <span class='ocr_line' id='line_1_58' title="bbox 2106 2809 3694 2878; baseline 0.011 -17"><span class='ocrx_word' id='word_1_462' title='bbox 2106 2820 2269 2873; x_wconf 88' lang='lat' dir='ltr'><strong>esse,</strong></span> <span class='ocrx_word' id='word_1_463' title='bbox 2315 2820 2424 2861; x_wconf 87' lang='lat' dir='ltr'><strong>non</strong></span> <span class='ocrx_word' id='word_1_464' title='bbox 2470 2822 2646 2864; x_wconf 89' lang='lat' dir='ltr'><strong>meam</strong></span> <span class='ocrx_word' id='word_1_465' title='bbox 2674 2809 2801 2866; x_wconf 90' lang='lat' dir='ltr'><strong>:vel</strong></span> <span class='ocrx_word' id='word_1_466' title='bbox 2851 2826 3069 2869; x_wconf 90' lang='lat' dir='ltr'><strong>omnem</strong></span> <span class='ocrx_word' id='word_1_467' title='bbox 3118 2830 3297 2873; x_wconf 88' lang='lat' dir='ltr'><strong>meam</strong></span> <span class='ocrx_word' id='word_1_468' title='bbox 3350 2819 3599 2876; x_wconf 72' lang='lat' dir='ltr'><strong>uirtutem</strong></span> <span class='ocrx_word' id='word_1_469' title='bbox 3646 2832 3694 2878; x_wconf 90' lang='lat' dir='ltr'><strong>et</strong></span> 
     </span>
    </p>
   </div>
   <div class='ocr_carea' id='block_1_59' title="bbox 2106 2895 3694 2980">
    <p class='ocr_par' dir='ltr' id='par_1_59' title="bbox 2106 2895 3694 2980">
     <span class='ocr_line' id='line_1_59' title="bbox 2106 2895 3694 2980; baseline 0.011 -30"><span class='ocrx_word' id='word_1_470' title='bbox 2106 2909 2321 2951; x_wconf 89' lang='lat' dir='ltr'><strong>omnem</strong></span> <span class='ocrx_word' id='word_1_471' title='bbox 2351 2895 2595 2966; x_wconf 84' lang='lat' dir='ltr'><strong>gloriam,</strong></span> <span class='ocrx_word' id='word_1_472' title='bbox 2621 2914 2652 2953; x_wconf 96' lang='lat' dir='ltr'><strong>a</strong></span> <span class='ocrx_word' id='word_1_473' title='bbox 2685 2906 2737 2955; x_wconf 89' lang='lat' dir='ltr'><strong>te</strong></span> <span class='ocrx_word' id='word_1_474' title='bbox 2763 2914 2901 2956; x_wconf 87' lang='lat' dir='ltr'><strong>esse.</strong></span> <span class='ocrx_word' id='word_1_475' title='bbox 2920 2899 3059 2968; x_wconf 80' lang='lat' dir='ltr'><strong>Quid</strong></span> <span class='ocrx_word' id='word_1_476' title='bbox 3085 2906 3227 2960; x_wconf 91' lang='lat' dir='ltr'><strong>enim</strong></span> <span class='ocrx_word' id='word_1_477' title='bbox 3253 2906 3413 2963; x_wconf 78' lang='lat' dir='ltr'><strong>habes</strong></span> <span class='ocrx_word' id='word_1_478' title='bbox 3439 2913 3586 2980; x_wconf 86' lang='lat' dir='ltr'><strong>quod</strong></span> <span class='ocrx_word' id='word_1_479' title='bbox 3599 2929 3694 2967; x_wconf 73' lang='lat' dir='ltr'><strong>nos</strong></span> 
     </span>
    </p>
   </div>
   <div class='ocr_carea' id='block_1_60' title="bbox 2106 2993 3695 3081">
    <p class='ocr_par' dir='ltr' id='par_1_60' title="bbox 2106 2993 3695 3081">
     <span class='ocr_line' id='line_1_60' title="bbox 2106 2993 3695 3081; baseline 0.014 -36"><span class='ocrx_word' id='word_1_480' title='bbox 2106 2994 2353 3065; x_wconf 81' lang='lat' dir='ltr'><strong>accepisti</strong></span> <span class='ocrx_word' id='word_1_481' title='bbox 2397 2993 2465 3067; x_wconf 89' lang='grc' dir='ltr'><strong>(Ι</strong></span> <span class='ocrx_word' id='word_1_482' title='bbox 2511 2996 2636 3052; x_wconf 83' lang='lat' dir='ltr'><strong>Cor.</strong></span> <span class='ocrx_word' id='word_1_483' title='bbox 2688 2997 2816 3071; x_wconf 80' lang='lat' dir='ltr'><strong>tv)?</strong></span> <span class='ocrx_word' id='word_1_484' title='bbox 2858 2999 3031 3057; x_wconf 83' lang='lat' dir='ltr'><strong>Aliter</strong></span> <span class='ocrx_word' id='word_1_485' title='bbox 3068 3002 3190 3059; x_wconf 89' lang='lat' dir='ltr'><strong>sic:</strong></span> <span class='ocrx_word' id='word_1_486' title='bbox 3223 3004 3276 3061; x_wconf 92' lang='lat' dir='ltr'><strong>id</strong></span> <span class='ocrx_word' id='word_1_487' title='bbox 3310 3014 3400 3063; x_wconf 88' lang='lat' dir='ltr'><strong>est</strong></span> <span class='ocrx_word' id='word_1_488' title='bbox 3444 3016 3506 3063; x_wconf 90' lang='lat' dir='ltr'><strong>ut</strong></span> <span class='ocrx_word' id='word_1_489' title='bbox 3550 3012 3695 3081; x_wconf 86' lang='lat' dir='ltr'><strong>prius</strong></span> 
     </span>
    </p>
   </div>
   <div class='ocr_carea' id='block_1_61' title="bbox 419 3066 3695 3172">
    <p class='ocr_par' dir='ltr' id='par_1_61' title="bbox 419 3066 3695 3172">
     <span class='ocr_line' id='line_1_61' title="bbox 419 3066 3695 3172; baseline 0.004 -34"><span class='ocrx_word' id='word_1_490' title='bbox 419 3083 962 3156; x_wconf 77' lang='lat' dir='ltr'><strong>juxtaApostolum:</strong></span> <span class='ocrx_word' id='word_1_491' title='bbox 1008 3066 1215 3137; x_wconf 85' lang='lat' dir='ltr'><strong>Fuistis</strong></span> <span class='ocrx_word' id='word_1_492' title='bbox 1261 3081 1545 3153; x_wconf 79' lang='lat' dir='ltr'><strong>aliquando</strong></span> <span class='ocrx_word' id='word_1_493' title='bbox 1589 3066 1830 3149; x_wconf 58' lang='lat' dir='ltr'><strong>tenebrit’,</strong></span> <span class='ocrx_word' id='word_1_494' title='bbox 1873 3100 2010 3138; x_wconf 73' lang='lat' dir='ltr'><strong>nunc</strong></span> <span class='ocrx_word' id='word_1_495' title='bbox 2042 3164 2075 3172; x_wconf 76' lang='lat'>_</span> <span class='ocrx_word' id='word_1_496' title='bbox 2111 3083 2199 3140; x_wconf 88' lang='lat' dir='ltr'><strong>hic</strong></span> <span class='ocrx_word' id='word_1_497' title='bbox 2239 3066 2417 3142; x_wconf 85' lang='lat' dir='ltr'><strong>sitiret</strong></span> <span class='ocrx_word' id='word_1_498' title='bbox 2464 3089 2642 3143; x_wconf 85' lang='lat' dir='ltr'><strong>anima</strong></span> <span class='ocrx_word' id='word_1_499' title='bbox 2690 3066 2807 3146; x_wconf 83' lang='lat' dir='ltr'><strong>mea</strong></span> <span class='ocrx_word' id='word_1_500' title='bbox 2848 3103 2896 3147; x_wconf 87' lang='lat' dir='ltr'><strong>et</strong></span> <span class='ocrx_word' id='word_1_501' title='bbox 2933 3108 3090 3161; x_wconf 83' lang='lat' dir='ltr'><strong>caro,</strong></span> <span class='ocrx_word' id='word_1_502' title='bbox 3122 3096 3346 3166; x_wconf 71' lang='lat' dir='ltr'><strong>apparari</strong></span> <span class='ocrx_word' id='word_1_503' title='bbox 3389 3099 3517 3169; x_wconf 81' lang='lat' dir='ltr'><strong>tibi,</strong></span> <span class='ocrx_word' id='word_1_504' title='bbox 3550 3066 3695 3172; x_wconf 57' lang='grc' dir='ltr'><strong>ἠπίη</strong></span> 
     </span>
    </p>
   </div>
   <div class='ocr_carea' id='block_1_62' title="bbox 424 3164 3692 3258">
    <p class='ocr_par' dir='ltr' id='par_1_62' title="bbox 424 3164 3692 3258">
     <span class='ocr_line' id='line_1_62' title="bbox 424 3164 3692 3258; baseline 0.006 -31"><span class='ocrx_word' id='word_1_505' title='bbox 424 3183 597 3228; x_wconf 70' lang='lat' dir='ltr'><strong>autem</strong></span> <span class='ocrx_word' id='word_1_506' title='bbox 616 3170 707 3227; x_wconf 71' lang='lat' dir='ltr'><strong>lux</strong></span> <span class='ocrx_word' id='word_1_507' title='bbox 725 3172 779 3226; x_wconf 83' lang='lat' dir='ltr'><strong>in</strong></span> <span class='ocrx_word' id='word_1_508' title='bbox 799 3171 1357 3245; x_wconf 81' lang='lat' dir='ltr'><strong>Domino(lbid.).Vel</strong></span> <span class='ocrx_word' id='word_1_509' title='bbox 1380 3172 1554 3245; x_wconf 76' lang='lat' dir='ltr'><strong>vigilo,</strong></span> <span class='ocrx_word' id='word_1_510' title='bbox 1580 3173 1630 3228; x_wconf 89' lang='lat' dir='ltr'><strong>id</strong></span> <span class='ocrx_word' id='word_1_511' title='bbox 1648 3175 2003 3239; x_wconf 85' lang='lat' dir='ltr'><strong>est,stttdiosa</strong></span> <span class='ocrx_word' id='word_1_512' title='bbox 2032 3164 2077 3227; x_wconf 93' lang='lat' dir='ltr'>C</span> <span class='ocrx_word' id='word_1_513' title='bbox 2109 3174 2259 3230; x_wconf 87' lang='lat' dir='ltr'><strong>novit</strong></span> <span class='ocrx_word' id='word_1_514' title='bbox 2308 3175 2569 3233; x_wconf 87' lang='lat' dir='ltr'><strong>Dominus</strong></span> <span class='ocrx_word' id='word_1_515' title='bbox 2614 3181 2707 3250; x_wconf 91' lang='lat' dir='ltr'><strong>qui</strong></span> <span class='ocrx_word' id='word_1_516' title='bbox 2748 3186 2875 3236; x_wconf 87' lang='lat' dir='ltr'><strong>sunt</strong></span> <span class='ocrx_word' id='word_1_517' title='bbox 2920 3182 3004 3238; x_wconf 88' lang='lat' dir='ltr'><strong>sui</strong></span> <span class='ocrx_word' id='word_1_518' title='bbox 3058 3164 3164 3256; x_wconf 81' lang='grc' dir='ltr'><strong>(Π</strong></span> <span class='ocrx_word' id='word_1_519' title='bbox 3189 3164 3324 3241; x_wconf 69' lang='lat' dir='ltr'><strong>Tim.</strong></span> <span class='ocrx_word' id='word_1_520' title='bbox 3372 3164 3692 3258; x_wconf 50' lang='grc' dir='ltr'><strong>η’)ξῒίἆίειί</strong></span> 
     </span>
    </p>
   </div>
   <div class='ocr_carea' id='block_1_63' title="bbox 422 3264 2005 3335">
    <p class='ocr_par' dir='ltr' id='par_1_63' title="bbox 422 3264 2005 3335">
     <span class='ocr_line' id='line_1_63' title="bbox 422 3264 2005 3335; baseline -0.001 -13"><span class='ocrx_word' id='word_1_521' title='bbox 422 3274 479 3322; x_wconf 89' lang='lat' dir='ltr'><strong>et</strong></span> <span class='ocrx_word' id='word_1_522' title='bbox 524 3264 740 3321; x_wconf 87' lang='lat' dir='ltr'><strong>assidua</strong></span> <span class='ocrx_word' id='word_1_523' title='bbox 791 3265 1106 3335; x_wconf 88' lang='lat' dir='ltr'><strong>operatione</strong></span> <span class='ocrx_word' id='word_1_524' title='bbox 1155 3265 1438 3322; x_wconf 87' lang='lat' dir='ltr'><strong>sollicitor.</strong></span> <span class='ocrx_word' id='word_1_525' title='bbox 1479 3266 1561 3320; x_wconf 81' lang='lat' dir='ltr'><strong>Ad</strong></span> <span class='ocrx_word' id='word_1_526' title='bbox 1591 3276 1660 3330; x_wconf 83' lang='lat' dir='ltr'><strong>te,</strong></span> <span class='ocrx_word' id='word_1_527' title='bbox 1705 3266 1757 3320; x_wconf 89' lang='lat' dir='ltr'><strong>id</strong></span> <span class='ocrx_word' id='word_1_528' title='bbox 1803 3276 1906 3332; x_wconf 87' lang='lat' dir='ltr'><strong>est,</strong></span> <span class='ocrx_word' id='word_1_529' title='bbox 1936 3266 2005 3322; x_wconf 84' lang='lat' dir='ltr'><strong>ad</strong></span> 
     </span>
    </p>
   </div>
   <div class='ocr_carea' id='block_1_64' title="bbox 423 3349 2007 3428">
    <p class='ocr_par' dir='ltr' id='par_1_64' title="bbox 423 3349 2007 3428">
     <span class='ocr_line' id='line_1_64' title="bbox 423 3349 2007 3428; baseline 0.001 -17"><span class='ocrx_word' id='word_1_530' title='bbox 423 3349 679 3413; x_wconf 84' lang='lat' dir='ltr'><strong>mandata</strong></span> <span class='ocrx_word' id='word_1_531' title='bbox 709 3367 797 3412; x_wconf 88' lang='lat' dir='ltr'><strong>tua</strong></span> <span class='ocrx_word' id='word_1_532' title='bbox 823 3356 1187 3428; x_wconf 80' lang='lat' dir='ltr'><strong>exsequenda.</strong></span> <span class='ocrx_word' id='word_1_533' title='bbox 1225 3356 1302 3414; x_wconf 91' lang='lat' dir='ltr'><strong>De</strong></span> <span class='ocrx_word' id='word_1_534' title='bbox 1333 3357 1454 3415; x_wconf 89' lang='lat' dir='ltr'><strong>luce</strong></span> <span class='ocrx_word' id='word_1_535' title='bbox 1482 3357 1548 3412; x_wconf 88' lang='lat' dir='ltr'><strong>ad</strong></span> <span class='ocrx_word' id='word_1_536' title='bbox 1578 3357 2007 3425; x_wconf 86' lang='lat' dir='ltr'><strong>similitudinem,</strong></span> 
     </span>
    </p>
   </div>
   <div class='ocr_carea' id='block_1_65' title="bbox 423 3446 2007 3519">
    <p class='ocr_par' dir='ltr' id='par_1_65' title="bbox 423 3446 2007 3519">
     <span class='ocr_line' id='line_1_65' title="bbox 423 3446 2007 3519; baseline 0.001 -17"><span class='ocrx_word' id='word_1_537' title='bbox 423 3446 478 3502; x_wconf 87' lang='lat' dir='ltr'><strong>id</strong></span> <span class='ocrx_word' id='word_1_538' title='bbox 502 3454 608 3514; x_wconf 88' lang='lat' dir='ltr'><strong>est,</strong></span> <span class='ocrx_word' id='word_1_539' title='bbox 632 3448 872 3505; x_wconf 90' lang='lat' dir='ltr'><strong>studiose</strong></span> <span class='ocrx_word' id='word_1_540' title='bbox 893 3448 1037 3504; x_wconf 87' lang='lat' dir='ltr'><strong>sicut</strong></span> <span class='ocrx_word' id='word_1_541' title='bbox 1065 3447 1193 3505; x_wconf 94' lang='lat' dir='ltr'><strong>boni</strong></span> <span class='ocrx_word' id='word_1_542' title='bbox 1218 3448 1477 3518; x_wconf 91' lang='lat' dir='ltr'><strong>operarii,</strong></span> <span class='ocrx_word' id='word_1_543' title='bbox 1503 3448 1595 3519; x_wconf 89' lang='lat' dir='ltr'><strong>qui</strong></span> <span class='ocrx_word' id='word_1_544' title='bbox 1629 3463 1839 3504; x_wconf 83' lang='lat' dir='ltr'><strong>summo</strong></span> <span class='ocrx_word' id='word_1_545' title='bbox 1863 3447 2007 3504; x_wconf 90' lang='lat' dir='ltr'><strong>dilu-</strong></span> 
     </span>
    </p>
   </div>
   <div class='ocr_carea' id='block_1_66' title="bbox 422 3536 2015 3610">
    <p class='ocr_par' dir='ltr' id='par_1_66' title="bbox 422 3536 2015 3610">
     <span class='ocr_line' id='line_1_66' title="bbox 422 3536 2015 3610; baseline 0.001 -17"><span class='ocrx_word' id='word_1_546' title='bbox 422 3536 545 3593; x_wconf 86' lang='lat' dir='ltr'><strong>culo</strong></span> <span class='ocrx_word' id='word_1_547' title='bbox 585 3547 813 3610; x_wconf 84' lang='lat' dir='ltr'><strong>surgunt</strong></span> <span class='ocrx_word' id='word_1_548' title='bbox 840 3538 907 3593; x_wconf 87' lang='lat' dir='ltr'><strong>ad</strong></span> <span class='ocrx_word' id='word_1_549' title='bbox 949 3553 1105 3610; x_wconf 91' lang='lat' dir='ltr'><strong>opus.</strong></span> <span class='ocrx_word' id='word_1_550' title='bbox 1145 3536 1550 3601; x_wconf 80' lang='lat' dir='ltr'><strong>Cassiodorus:</strong></span> <span class='ocrx_word' id='word_1_551' title='bbox 1590 3537 1714 3608; x_wconf 76' lang='lat' dir='ltr'><strong>ipsa</strong></span> <span class='ocrx_word' id='word_1_552' title='bbox 1757 3538 2015 3608; x_wconf 89' lang='lat' dir='ltr'><strong>repetitio.</strong></span> 
     </span>
    </p>
   </div>
   <div class='ocr_carea' id='block_1_67' title="bbox 420 3628 2008 3700">
    <p class='ocr_par' dir='ltr' id='par_1_67' title="bbox 420 3628 2008 3700">
     <span class='ocr_line' id='line_1_67' title="bbox 420 3628 2008 3700; baseline 0.001 -19"><span class='ocrx_word' id='word_1_553' title='bbox 420 3629 715 3684; x_wconf 84' lang='lat' dir='ltr'><strong>venerandi</strong></span> <span class='ocrx_word' id='word_1_554' title='bbox 740 3629 993 3695; x_wconf 88' lang='lat' dir='ltr'><strong>nominis,</strong></span> <span class='ocrx_word' id='word_1_555' title='bbox 1016 3628 1267 3685; x_wconf 75' lang='lat' dir='ltr'><strong>allectum</strong></span> <span class='ocrx_word' id='word_1_556' title='bbox 1291 3629 1394 3700; x_wconf 81' lang='lat' dir='ltr'><strong>piae</strong></span> <span class='ocrx_word' id='word_1_557' title='bbox 1410 3628 1805 3699; x_wconf 87' lang='lat' dir='ltr'><strong>deprecationis</strong></span> <span class='ocrx_word' id='word_1_558' title='bbox 1824 3637 2008 3683; x_wconf 90' lang='lat' dir='ltr'><strong>osten-</strong></span> 
     </span>
    </p>
   </div>
   <div class='ocr_carea' id='block_1_68' title="bbox 421 3718 2008 3790">
    <p class='ocr_par' dir='ltr' id='par_1_68' title="bbox 421 3718 2008 3790">
     <span class='ocr_line' id='line_1_68' title="bbox 421 3718 2008 3790; baseline 0.001 -17"><span class='ocrx_word' id='word_1_559' title='bbox 421 3719 520 3784; x_wconf 92' lang='lat' dir='ltr'><strong>dit,</strong></span> <span class='ocrx_word' id='word_1_560' title='bbox 542 3719 708 3785; x_wconf 85' lang='lat' dir='ltr'><strong>Deus,</strong></span> <span class='ocrx_word' id='word_1_561' title='bbox 747 3718 884 3775; x_wconf 83' lang='lat' dir='ltr'><strong>Deus</strong></span> <span class='ocrx_word' id='word_1_562' title='bbox 931 3736 1095 3775; x_wconf 83' lang='lat' dir='ltr'><strong>meus.</strong></span> <span class='ocrx_word' id='word_1_563' title='bbox 1131 3719 1256 3775; x_wconf 90' lang='lat' dir='ltr'><strong>Ideo</strong></span> <span class='ocrx_word' id='word_1_564' title='bbox 1284 3719 1352 3774; x_wconf 87' lang='lat' dir='ltr'><strong>ad</strong></span> <span class='ocrx_word' id='word_1_565' title='bbox 1382 3729 1430 3775; x_wconf 87' lang='lat' dir='ltr'><strong>te</strong></span> <span class='ocrx_word' id='word_1_566' title='bbox 1464 3718 1636 3790; x_wconf 80' lang='lat' dir='ltr'><strong>vigilo,</strong></span> <span class='ocrx_word' id='word_1_567' title='bbox 1663 3719 1789 3790; x_wconf 90' lang='lat' dir='ltr'><strong>quia</strong></span> <span class='ocrx_word' id='word_1_568' title='bbox 1843 3720 2008 3775; x_wconf 82' lang='lat' dir='ltr'><strong>sitivit</strong></span> 
     </span>
    </p>
   </div>
   <div class='ocr_carea' id='block_1_69' title="bbox 421 3809 2005 3882">
    <p class='ocr_par' dir='ltr' id='par_1_69' title="bbox 421 3809 2005 3882">
     <span class='ocr_line' id='line_1_69' title="bbox 421 3809 2005 3882; baseline 0.003 -19"><span class='ocrx_word' id='word_1_569' title='bbox 421 3809 480 3864; x_wconf 79' lang='lat' dir='ltr'><strong>in</strong></span> <span class='ocrx_word' id='word_1_570' title='bbox 502 3817 552 3863; x_wconf 85' lang='lat' dir='ltr'><strong>te</strong></span> <span class='ocrx_word' id='word_1_571' title='bbox 573 3810 753 3864; x_wconf 84' lang='lat' dir='ltr'><strong>anima</strong></span> <span class='ocrx_word' id='word_1_572' title='bbox 783 3826 917 3867; x_wconf 87' lang='lat' dir='ltr'><strong>mea.</strong></span> <span class='ocrx_word' id='word_1_573' title='bbox 948 3810 1118 3866; x_wconf 86' lang='lat' dir='ltr'><strong>Nemo</strong></span> <span class='ocrx_word' id='word_1_574' title='bbox 1160 3811 1305 3866; x_wconf 89' lang='lat' dir='ltr'><strong>enim</strong></span> <span class='ocrx_word' id='word_1_575' title='bbox 1342 3810 1409 3866; x_wconf 90' lang='lat' dir='ltr'><strong>ad</strong></span> <span class='ocrx_word' id='word_1_576' title='bbox 1448 3811 1618 3866; x_wconf 89' lang='lat' dir='ltr'><strong>Deum</strong></span> <span class='ocrx_word' id='word_1_577' title='bbox 1660 3810 1864 3882; x_wconf 83' lang='lat' dir='ltr'><strong>vigilat,</strong></span> <span class='ocrx_word' id='word_1_578' title='bbox 1898 3810 2005 3868; x_wconf 91' lang='lat' dir='ltr'><strong>nisi</strong></span> 
     </span>
    </p>
   </div>
   <div class='ocr_carea' id='block_1_70' title="bbox 422 3898 2002 3969">
    <p class='ocr_par' dir='ltr' id='par_1_70' title="bbox 422 3898 2002 3969">
     <span class='ocr_line' id='line_1_70' title="bbox 422 3898 2002 3969; baseline 0.002 -15"><span class='ocrx_word' id='word_1_579' title='bbox 422 3912 546 3954; x_wconf 86' lang='lat' dir='ltr'><strong>eum</strong></span> <span class='ocrx_word' id='word_1_580' title='bbox 601 3898 753 3969; x_wconf 90' lang='lat' dir='ltr'><strong>prius</strong></span> <span class='ocrx_word' id='word_1_581' title='bbox 810 3898 978 3954; x_wconf 88' lang='lat' dir='ltr'><strong>sitiat.</strong></span> <span class='ocrx_word' id='word_1_582' title='bbox 1036 3898 1171 3955; x_wconf 85' lang='lat' dir='ltr'><strong>Sitis</strong></span> <span class='ocrx_word' id='word_1_583' title='bbox 1222 3900 1418 3955; x_wconf 63' lang='lat' dir='ltr'><strong>animae</strong></span> <span class='ocrx_word' id='word_1_584' title='bbox 1487 3899 1820 3956; x_wconf 87' lang='lat' dir='ltr'><strong>desiderium</strong></span> <span class='ocrx_word' id='word_1_585' title='bbox 1871 3909 2002 3967; x_wconf 87' lang='lat' dir='ltr'><strong>est;</strong></span> 
     </span>
    </p>
   </div>
   <div class='ocr_carea' id='block_1_71' title="bbox 421 3990 2003 4061">
    <p class='ocr_par' dir='ltr' id='par_1_71' title="bbox 421 3990 2003 4061">
     <span class='ocr_line' id='line_1_71' title="bbox 421 3990 2003 4061; baseline 0.006 -18"><span class='ocrx_word' id='word_1_586' title='bbox 421 3990 583 4044; x_wconf 84' lang='lat' dir='ltr'><strong>sitivit</strong></span> <span class='ocrx_word' id='word_1_587' title='bbox 619 3991 799 4045; x_wconf 84' lang='lat' dir='ltr'><strong>anima</strong></span> <span class='ocrx_word' id='word_1_588' title='bbox 844 4007 960 4046; x_wconf 89' lang='lat' dir='ltr'><strong>mea</strong></span> <span class='ocrx_word' id='word_1_589' title='bbox 993 3991 1046 4047; x_wconf 84' lang='lat' dir='ltr'><strong>in</strong></span> <span class='ocrx_word' id='word_1_590' title='bbox 1079 4003 1150 4053; x_wconf 88' lang='lat' dir='ltr'><strong>te,</strong></span> <span class='ocrx_word' id='word_1_591' title='bbox 1183 3991 1235 4048; x_wconf 90' lang='lat' dir='ltr'><strong>id</strong></span> <span class='ocrx_word' id='word_1_592' title='bbox 1264 4001 1372 4060; x_wconf 89' lang='lat' dir='ltr'><strong>est,</strong></span> <span class='ocrx_word' id='word_1_593' title='bbox 1420 3993 1747 4061; x_wconf 79' lang='lat' dir='ltr'><strong>desideravit</strong></span> <span class='ocrx_word' id='word_1_594' title='bbox 1787 4009 1893 4051; x_wconf 93' lang='lat' dir='ltr'><strong>non</strong></span> <span class='ocrx_word' id='word_1_595' title='bbox 1939 4008 2003 4052; x_wconf 87' lang='lat' dir='ltr'><strong>ea</strong></span> 
     </span>
    </p>
   </div>
   <div class='ocr_carea' id='block_1_72' title="bbox 422 4080 2002 4158">
    <p class='ocr_par' dir='ltr' id='par_1_72' title="bbox 422 4080 2002 4158">
     <span class='ocr_line' id='line_1_72' title="bbox 422 4080 2002 4158; baseline 0.004 -22"><span class='ocrx_word' id='word_1_596' title='bbox 422 4080 562 4138; x_wconf 88' lang='lat' dir='ltr'><strong>bona</strong></span> <span class='ocrx_word' id='word_1_597' title='bbox 588 4097 707 4152; x_wconf 72' lang='lat' dir='ltr'><strong>qua:</strong></span> <span class='ocrx_word' id='word_1_598' title='bbox 737 4090 863 4138; x_wconf 90' lang='lat' dir='ltr'><strong>sunt</strong></span> <span class='ocrx_word' id='word_1_599' title='bbox 886 4084 938 4138; x_wconf 91' lang='lat' dir='ltr'><strong>in</strong></span> <span class='ocrx_word' id='word_1_600' title='bbox 963 4085 1066 4140; x_wconf 88' lang='lat' dir='ltr'><strong>hoc</strong></span> <span class='ocrx_word' id='word_1_601' title='bbox 1088 4085 1325 4151; x_wconf 88' lang='lat' dir='ltr'><strong>deserto,</strong></span> <span class='ocrx_word' id='word_1_602' title='bbox 1352 4086 1444 4141; x_wconf 89' lang='lat' dir='ltr'><strong>sed</strong></span> <span class='ocrx_word' id='word_1_603' title='bbox 1467 4100 1529 4142; x_wconf 89' lang='lat' dir='ltr'><strong>ea</strong></span> <span class='ocrx_word' id='word_1_604' title='bbox 1563 4102 1682 4158; x_wconf 60' lang='lat' dir='ltr'><strong>quas</strong></span> <span class='ocrx_word' id='word_1_605' title='bbox 1707 4096 1833 4142; x_wconf 89' lang='lat' dir='ltr'><strong>sunt</strong></span> <span class='ocrx_word' id='word_1_606' title='bbox 1858 4089 2002 4154; x_wconf 81' lang='lat' dir='ltr'><strong>inte,</strong></span> 
     </span>
    </p>
   </div>
   <div class='ocr_carea' id='block_1_73' title="bbox 420 4171 2000 4246">
    <p class='ocr_par' dir='ltr' id='par_1_73' title="bbox 420 4171 2000 4246">
     <span class='ocr_line' id='line_1_73' title="bbox 420 4171 2000 4246; baseline 0.004 -20"><span class='ocrx_word' id='word_1_607' title='bbox 420 4171 628 4228; x_wconf 88' lang='lat' dir='ltr'><strong>scilicet</strong></span> <span class='ocrx_word' id='word_1_608' title='bbox 651 4181 912 4230; x_wconf 65' lang='lat' dir='ltr'><strong>aitet-nam</strong></span> <span class='ocrx_word' id='word_1_609' title='bbox 957 4175 1232 4246; x_wconf 89' lang='lat' dir='ltr'><strong>requiem,</strong></span> <span class='ocrx_word' id='word_1_610' title='bbox 1277 4185 1535 4232; x_wconf 66' lang='lat' dir='ltr'><strong>aeternam</strong></span> <span class='ocrx_word' id='word_1_611' title='bbox 1593 4176 2000 4245; x_wconf 86' lang='lat' dir='ltr'><strong>beatitudinem,</strong></span> 
     </span>
    </p>
   </div>
   <div class='ocr_carea' id='block_1_74' title="bbox 420 4266 2005 4339">
    <p class='ocr_par' dir='ltr' id='par_1_74' title="bbox 420 4266 2005 4339">
     <span class='ocr_line' id='line_1_74' title="bbox 420 4266 2005 4339; baseline 0.006 -22"><span class='ocrx_word' id='word_1_612' title='bbox 420 4278 547 4334; x_wconf 63' lang='lat' dir='ltr'><strong>quat</strong></span> <span class='ocrx_word' id='word_1_613' title='bbox 569 4279 835 4335; x_wconf 90' lang='lat' dir='ltr'><strong>nusquam</strong></span> <span class='ocrx_word' id='word_1_614' title='bbox 862 4276 949 4322; x_wconf 90' lang='lat' dir='ltr'><strong>est</strong></span> <span class='ocrx_word' id='word_1_615' title='bbox 992 4266 1098 4322; x_wconf 89' lang='lat' dir='ltr'><strong>nisi</strong></span> <span class='ocrx_word' id='word_1_616' title='bbox 1137 4267 1192 4321; x_wconf 81' lang='lat' dir='ltr'><strong>in</strong></span> <span class='ocrx_word' id='word_1_617' title='bbox 1225 4276 1294 4322; x_wconf 87' lang='lat' dir='ltr'><strong>te.</strong></span> <span class='ocrx_word' id='word_1_618' title='bbox 1342 4266 1600 4339; x_wconf 85' lang='lat' dir='ltr'><strong>Subjaeet</strong></span> <span class='ocrx_word' id='word_1_619' title='bbox 1626 4271 1771 4325; x_wconf 90' lang='lat' dir='ltr'><strong>enim</strong></span> <span class='ocrx_word' id='word_1_620' title='bbox 1821 4269 2005 4327; x_wconf 89' lang='lat' dir='ltr'><strong>multis</strong></span> 
     </span>
    </p>
   </div>
   <div class='ocr_carea' id='block_1_75' title="bbox 418 4354 2006 4433">
    <p class='ocr_par' dir='ltr' id='par_1_75' title="bbox 418 4354 2006 4433">
     <span class='ocr_line' id='line_1_75' title="bbox 418 4354 2006 4433; baseline 0.008 -27"><span class='ocrx_word' id='word_1_621' title='bbox 418 4354 794 4433; x_wconf 87' lang='lat' dir='ltr'><strong>passionibus,</strong></span> <span class='ocrx_word' id='word_1_622' title='bbox 851 4358 1031 4428; x_wconf 87' lang='lat' dir='ltr'><strong>cupit,</strong></span> <span class='ocrx_word' id='word_1_623' title='bbox 1073 4358 1316 4433; x_wconf 89' lang='lat' dir='ltr'><strong>.metuit,</strong></span> <span class='ocrx_word' id='word_1_624' title='bbox 1361 4359 1538 4426; x_wconf 89' lang='lat' dir='ltr'><strong>dolet,</strong></span> <span class='ocrx_word' id='word_1_625' title='bbox 1588 4362 1826 4433; x_wconf 86' lang='lat' dir='ltr'><strong>gaudet:</strong></span> <span class='ocrx_word' id='word_1_626' title='bbox 1878 4361 2006 4418; x_wconf 89' lang='lat' dir='ltr'><strong>hine</strong></span> 
     </span>
    </p>
   </div>
   <div class='ocr_carea' id='block_1_76' title="bbox 419 4432 1999 4518">
    <p class='ocr_par' dir='ltr' id='par_1_76' title="bbox 419 4432 1999 4518">
     <span class='ocr_line' id='line_1_76' title="bbox 419 4432 1999 4518; baseline 0.005 -21"><span class='ocrx_word' id='word_1_627' title='bbox 419 4442 498 4498; x_wconf 89' lang='lat' dir='ltr'><strong>ira</strong></span> <span class='ocrx_word' id='word_1_628' title='bbox 539 4432 742 4513; x_wconf 88' lang='lat' dir='ltr'><strong>turbat,</strong></span> <span class='ocrx_word' id='word_1_629' title='bbox 771 4447 976 4513; x_wconf 89' lang='lat' dir='ltr'><strong>odium,</strong></span> <span class='ocrx_word' id='word_1_630' title='bbox 1004 4432 1231 4515; x_wconf 77' lang='lat' dir='ltr'><strong>invidia,</strong></span> <span class='ocrx_word' id='word_1_631' title='bbox 1261 4458 1316 4504; x_wconf 90' lang='lat' dir='ltr'><strong>et</strong></span> <span class='ocrx_word' id='word_1_632' title='bbox 1340 4432 1626 4505; x_wconf 81' lang='lat' dir='ltr'><strong>innumera</strong></span> <span class='ocrx_word' id='word_1_633' title='bbox 1671 4447 1999 4518; x_wconf 75' lang='lat' dir='ltr'><strong>huiusmodi.</strong></span> 
     </span>
    </p>
   </div>
   <div class='ocr_carea' id='block_1_77' title="bbox 2109 3267 3691 3345">
    <p class='ocr_par' dir='ltr' id='par_1_77' title="bbox 2109 3267 3691 3345">
     <span class='ocr_line' id='line_1_77' title="bbox 2109 3267 3691 3345; baseline 0.011 -26"><span class='ocrx_word' id='word_1_634' title='bbox 2109 3280 2213 3332; x_wconf 89' lang='lat' dir='ltr'><strong>me,</strong></span> <span class='ocrx_word' id='word_1_635' title='bbox 2250 3276 2306 3321; x_wconf 77' lang='lat' dir='ltr'><strong>ut</strong></span> <span class='ocrx_word' id='word_1_636' title='bbox 2345 3267 2570 3324; x_wconf 80' lang='lat' dir='ltr'><strong>uiderem</strong></span> <span class='ocrx_word' id='word_1_637' title='bbox 2606 3280 2700 3326; x_wconf 89' lang='lat' dir='ltr'><strong>te:</strong></span> <span class='ocrx_word' id='word_1_638' title='bbox 2735 3272 2809 3326; x_wconf 92' lang='lat' dir='ltr'><strong>ita</strong></span> <span class='ocrx_word' id='word_1_639' title='bbox 2852 3276 3096 3345; x_wconf 86' lang='lat' dir='ltr'><strong>apparui,</strong></span> <span class='ocrx_word' id='word_1_640' title='bbox 3120 3285 3182 3331; x_wconf 93' lang='lat' dir='ltr'><strong>ut</strong></span> <span class='ocrx_word' id='word_1_641' title='bbox 3226 3277 3332 3333; x_wconf 89' lang='lat' dir='ltr'><strong>hoc</strong></span> <span class='ocrx_word' id='word_1_642' title='bbox 3367 3281 3691 3336; x_wconf 78' lang='lat' dir='ltr'><strong>attribuam.</strong></span> 
     </span>
    </p>
   </div>
   <div class='ocr_carea' id='block_1_78' title="bbox 2105 3354 3697 3442">
    <p class='ocr_par' dir='ltr' id='par_1_78' title="bbox 2105 3354 3697 3442">
     <span class='ocr_line' id='line_1_78' title="bbox 2105 3354 3697 3442; baseline 0.012 -34"><span class='ocrx_word' id='word_1_643' title='bbox 2105 3354 2478 3424; x_wconf 87' lang='lat' dir='ltr'><strong>Appareamus</strong></span> <span class='ocrx_word' id='word_1_644' title='bbox 2500 3373 2630 3431; x_wconf 88' lang='lat' dir='ltr'><strong>ergo</strong></span> <span class='ocrx_word' id='word_1_645' title='bbox 2669 3361 2721 3416; x_wconf 92' lang='lat' dir='ltr'><strong>ei</strong></span> <span class='ocrx_word' id='word_1_646' title='bbox 2752 3361 2807 3416; x_wconf 88' lang='lat' dir='ltr'><strong>in</strong></span> <span class='ocrx_word' id='word_1_647' title='bbox 2854 3364 3161 3432; x_wconf 88' lang='lat' dir='ltr'><strong>sanctitate,</strong></span> <span class='ocrx_word' id='word_1_648' title='bbox 3208 3375 3269 3423; x_wconf 91' lang='lat' dir='ltr'><strong>ut</strong></span> <span class='ocrx_word' id='word_1_649' title='bbox 3298 3368 3547 3425; x_wconf 83' lang='lat' dir='ltr'><strong>rirtutem</strong></span> <span class='ocrx_word' id='word_1_650' title='bbox 3585 3372 3697 3442; x_wconf 83' lang='lat' dir='ltr'><strong>ejus</strong></span> 
     </span>
    </p>
   </div>
   <div class='ocr_carea' id='block_1_79' title="bbox 2106 3444 3692 3520">
    <p class='ocr_par' dir='ltr' id='par_1_79' title="bbox 2106 3444 3692 3520">
     <span class='ocr_line' id='line_1_79' title="bbox 2106 3444 3692 3520; baseline 0.011 -22"><span class='ocrx_word' id='word_1_651' title='bbox 2106 3444 2385 3503; x_wconf 88' lang='lat' dir='ltr'><strong>videamus</strong></span> <span class='ocrx_word' id='word_1_652' title='bbox 2426 3457 2475 3503; x_wconf 89' lang='lat' dir='ltr'><strong>et</strong></span> <span class='ocrx_word' id='word_1_653' title='bbox 2522 3447 2767 3520; x_wconf 82' lang='lat' dir='ltr'><strong>gloriam,</strong></span> <span class='ocrx_word' id='word_1_654' title='bbox 2820 3451 2875 3507; x_wconf 93' lang='lat' dir='ltr'><strong>id</strong></span> <span class='ocrx_word' id='word_1_655' title='bbox 2915 3462 3000 3510; x_wconf 90' lang='lat' dir='ltr'><strong>est</strong></span> <span class='ocrx_word' id='word_1_656' title='bbox 3026 3453 3319 3512; x_wconf 87' lang='lat' dir='ltr'><strong>Christum.</strong></span> <span class='ocrx_word' id='word_1_657' title='bbox 3372 3457 3443 3515; x_wconf 87' lang='lat' dir='ltr'><strong>Ut</strong></span> <span class='ocrx_word' id='word_1_658' title='bbox 3475 3461 3692 3516; x_wconf 68' lang='lat' dir='ltr'><strong>riderent</strong></span> 
     </span>
    </p>
   </div>
   <div class='ocr_carea' id='block_1_80' title="bbox 2104 3534 3692 3622">
    <p class='ocr_par' dir='ltr' id='par_1_80' title="bbox 2104 3534 3692 3622">
     <span class='ocr_line' id='line_1_80' title="bbox 2104 3534 3692 3622; baseline 0.01 -31"><span class='ocrx_word' id='word_1_659' title='bbox 2104 3534 2344 3593; x_wconf 80' lang='lat' dir='ltr'><strong>virtutem</strong></span> <span class='ocrx_word' id='word_1_660' title='bbox 2382 3548 2551 3605; x_wconf 88' lang='lat' dir='ltr'><strong>tuam,</strong></span> <span class='ocrx_word' id='word_1_661' title='bbox 2597 3547 2653 3597; x_wconf 92' lang='lat' dir='ltr'><strong>et</strong></span> <span class='ocrx_word' id='word_1_662' title='bbox 2700 3542 3069 3611; x_wconf 81' lang='lat' dir='ltr'><strong>inﬁrmitatem</strong></span> <span class='ocrx_word' id='word_1_663' title='bbox 3114 3560 3292 3603; x_wconf 85' lang='lat' dir='ltr'><strong>meam</strong></span> <span class='ocrx_word' id='word_1_664' title='bbox 3324 3567 3339 3603; x_wconf 83' lang='lat'><strong>:</strong></span> <span class='ocrx_word' id='word_1_665' title='bbox 3370 3560 3419 3605; x_wconf 84' lang='lat' dir='ltr'><strong>et</strong></span> <span class='ocrx_word' id='word_1_666' title='bbox 3471 3551 3692 3622; x_wconf 73' lang='lat' dir='ltr'><strong>gloriam</strong></span> 
     </span>
    </p>
   </div>
   <div class='ocr_carea' id='block_1_81' title="bbox 2106 3634 3711 3717">
    <p class='ocr_par' dir='ltr' id='par_1_81' title="bbox 2106 3634 3711 3717">
     <span class='ocr_line' id='line_1_81' title="bbox 2106 3634 3711 3717; baseline 0.014 -37"><span class='ocrx_word' id='word_1_667' title='bbox 2106 3635 2284 3695; x_wconf 86' lang='lat' dir='ltr'><strong>tuam,</strong></span> <span class='ocrx_word' id='word_1_668' title='bbox 2333 3644 2508 3685; x_wconf 87' lang='lat' dir='ltr'><strong>meam</strong></span> <span class='ocrx_word' id='word_1_669' title='bbox 2535 3641 2714 3688; x_wconf 87' lang='lat' dir='ltr'><strong>autem</strong></span> <span class='ocrx_word' id='word_1_670' title='bbox 2742 3634 3112 3706; x_wconf 85' lang='lat' dir='ltr'><strong>ignominiam.</strong></span> <span class='ocrx_word' id='word_1_671' title='bbox 3151 3638 3217 3693; x_wconf 87' lang='lat' dir='ltr'><strong>Et</strong></span> <span class='ocrx_word' id='word_1_672' title='bbox 3242 3641 3383 3697; x_wconf 88' lang='lat' dir='ltr'><strong>sicut</strong></span> <span class='ocrx_word' id='word_1_673' title='bbox 3424 3645 3478 3698; x_wconf 92' lang='lat' dir='ltr'><strong>in</strong></span> <span class='ocrx_word' id='word_1_674' title='bbox 3512 3650 3566 3700; x_wconf 87' lang='lat' dir='ltr'><strong>te</strong></span> <span class='ocrx_word' id='word_1_675' title='bbox 3590 3645 3711 3717; x_wconf 82' lang='lat' dir='ltr'><strong>glo-&#39;</strong></span> 
     </span>
    </p>
   </div>
   <div class='ocr_carea' id='block_1_82' title="bbox 2106 3718 3690 3810">
    <p class='ocr_par' dir='ltr' id='par_1_82' title="bbox 2106 3718 3690 3810">
     <span class='ocr_line' id='line_1_82' title="bbox 2106 3718 3690 3810; baseline 0.013 -38"><span class='ocrx_word' id='word_1_676' title='bbox 2106 3718 2350 3776; x_wconf 89' lang='lat' dir='ltr'><strong>riandum</strong></span> <span class='ocrx_word' id='word_1_677' title='bbox 2378 3730 2501 3789; x_wconf 85' lang='lat' dir='ltr'><strong>est,</strong></span> <span class='ocrx_word' id='word_1_678' title='bbox 2527 3738 2634 3779; x_wconf 90' lang='lat' dir='ltr'><strong>non</strong></span> <span class='ocrx_word' id='word_1_679' title='bbox 2662 3722 2719 3780; x_wconf 90' lang='lat' dir='ltr'><strong>in</strong></span> <span class='ocrx_word' id='word_1_680' title='bbox 2750 3741 2856 3793; x_wconf 90' lang='lat' dir='ltr'><strong>me,</strong></span> <span class='ocrx_word' id='word_1_681' title='bbox 2885 3728 3006 3785; x_wconf 91' lang='lat' dir='ltr'><strong>ideo</strong></span> <span class='ocrx_word' id='word_1_682' title='bbox 3034 3738 3179 3786; x_wconf 86' lang='lat' dir='ltr'><strong>tuam</strong></span> <span class='ocrx_word' id='word_1_683' title='bbox 3203 3733 3449 3789; x_wconf 74' lang='lat' dir='ltr'><strong>uirtutem</strong></span> <span class='ocrx_word' id='word_1_684' title='bbox 3492 3746 3545 3793; x_wconf 86' lang='lat' dir='ltr'><strong>et</strong></span> <span class='ocrx_word' id='word_1_685' title='bbox 3584 3738 3690 3810; x_wconf 83' lang='lat' dir='ltr'><strong>glo-</strong></span> 
     </span>
    </p>
   </div>
   <div class='ocr_carea' id='block_1_83' title="bbox 2107 3813 3690 3886">
    <p class='ocr_par' dir='ltr' id='par_1_83' title="bbox 2107 3813 3690 3886">
     <span class='ocr_line' id='line_1_83' title="bbox 2107 3813 3690 3886; baseline 0.013 -19"><span class='ocrx_word' id='word_1_686' title='bbox 2107 3813 2241 3868; x_wconf 82' lang='lat' dir='ltr'><strong>riam</strong></span> <span class='ocrx_word' id='word_1_687' title='bbox 2274 3823 2442 3870; x_wconf 86' lang='lat' dir='ltr'><strong>tuam.</strong></span> <span class='ocrx_word' id='word_1_688' title='bbox 2480 3815 2743 3883; x_wconf 83' lang='lat' dir='ltr'><strong>Quoniam</strong></span> <span class='ocrx_word' id='word_1_689' title='bbox 2784 3822 2971 3878; x_wconf 84' lang='lat' dir='ltr'><strong>melior</strong></span> <span class='ocrx_word' id='word_1_690' title='bbox 2996 3833 3071 3879; x_wconf 88' lang='lat' dir='ltr'><strong>est</strong></span> <span class='ocrx_word' id='word_1_691' title='bbox 3099 3825 3461 3883; x_wconf 75' lang='lat' dir='ltr'><strong>misericordia</strong></span> <span class='ocrx_word' id='word_1_692' title='bbox 3483 3840 3578 3886; x_wconf 78' lang='lat' dir='ltr'><strong>tua</strong></span> <span class='ocrx_word' id='word_1_693' title='bbox 3601 3849 3690 3886; x_wconf 61' lang='lat' dir='ltr'><strong>suo</strong></span> 
     </span>
    </p>
   </div>
   <div class='ocr_carea' id='block_1_84' title="bbox 2104 3903 3685 3988">
    <p class='ocr_par' dir='ltr' id='par_1_84' title="bbox 2104 3903 3685 3988">
     <span class='ocr_line' id='line_1_84' title="bbox 2104 3903 3685 3988; baseline 0.013 -33"><span class='ocrx_word' id='word_1_694' title='bbox 2104 3919 2200 3974; x_wconf 87' lang='lat' dir='ltr'><strong>per</strong></span> <span class='ocrx_word' id='word_1_695' title='bbox 2235 3904 2387 3959; x_wconf 79' lang='lat' dir='ltr'><strong>vitas.</strong></span> <span class='ocrx_word' id='word_1_696' title='bbox 2436 3903 2556 3961; x_wconf 84' lang='lat' dir='ltr'><strong>Vita</strong></span> <span class='ocrx_word' id='word_1_697' title='bbox 2587 3907 2677 3964; x_wconf 89' lang='lat' dir='ltr'><strong>illa</strong></span> <span class='ocrx_word' id='word_1_698' title='bbox 2717 3910 2912 3967; x_wconf 66' lang='lat' dir='ltr'><strong>anima:</strong></span> <span class='ocrx_word' id='word_1_699' title='bbox 2952 3921 3009 3968; x_wconf 90' lang='lat' dir='ltr'><strong>et</strong></span> <span class='ocrx_word' id='word_1_700' title='bbox 3050 3915 3320 3986; x_wconf 85' lang='lat' dir='ltr'><strong>corporis,</strong></span> <span class='ocrx_word' id='word_1_701' title='bbox 3362 3932 3532 3988; x_wconf 88' lang='lat' dir='ltr'><strong>quam</strong></span> <span class='ocrx_word' id='word_1_702' title='bbox 3561 3920 3685 3976; x_wconf 91' lang='lat' dir='ltr'><strong>mihi</strong></span> 
     </span>
    </p>
   </div>
   <div class='ocr_carea' id='block_1_85' title="bbox 2105 3993 3688 4079">
    <p class='ocr_par' dir='ltr' id='par_1_85' title="bbox 2105 3993 3688 4079">
     <span class='ocr_line' id='line_1_85' title="bbox 2105 3993 3688 4079; baseline 0.011 -30"><span class='ocrx_word' id='word_1_703' title='bbox 2105 3993 2300 4051; x_wconf 87' lang='lat' dir='ltr'><strong>dedisti</strong></span> <span class='ocrx_word' id='word_1_704' title='bbox 2334 4012 2432 4067; x_wconf 89' lang='lat' dir='ltr'><strong>per</strong></span> <span class='ocrx_word' id='word_1_705' title='bbox 2455 3997 2883 4057; x_wconf 86' lang='lat' dir='ltr'><strong>misericordiam</strong></span> <span class='ocrx_word' id='word_1_706' title='bbox 2926 4011 3094 4071; x_wconf 89' lang='lat' dir='ltr'><strong>tuam,</strong></span> <span class='ocrx_word' id='word_1_707' title='bbox 3117 4005 3234 4062; x_wconf 90' lang='lat' dir='ltr'><strong>sine</strong></span> <span class='ocrx_word' id='word_1_708' title='bbox 3260 4010 3688 4079; x_wconf 67' lang='lat' dir='ltr'><strong>praecedentibus</strong></span> 
     </span>
    </p>
   </div>
   <div class='ocr_carea' id='block_1_86' title="bbox 2106 4086 3689 4171">
    <p class='ocr_par' dir='ltr' id='par_1_86' title="bbox 2106 4086 3689 4171">
     <span class='ocr_line' id='line_1_86' title="bbox 2106 4086 3689 4171; baseline 0.011 -31"><span class='ocrx_word' id='word_1_709' title='bbox 2106 4086 2312 4143; x_wconf 91' lang='lat' dir='ltr'><strong>meritis</strong></span> <span class='ocrx_word' id='word_1_710' title='bbox 2360 4089 2517 4156; x_wconf 90' lang='lat' dir='ltr'><strong>meis,</strong></span> <span class='ocrx_word' id='word_1_711' title='bbox 2560 4092 2731 4163; x_wconf 83' lang='lat' dir='ltr'><strong>gratis</strong></span> <span class='ocrx_word' id='word_1_712' title='bbox 2776 4096 3041 4163; x_wconf 84' lang='lat' dir='ltr'><strong>vocando,</strong></span> <span class='ocrx_word' id='word_1_713' title='bbox 3087 4098 3257 4167; x_wconf 84' lang='lat' dir='ltr'><strong>gratis</strong></span> <span class='ocrx_word' id='word_1_714' title='bbox 3290 4111 3515 4171; x_wconf 86' lang='lat' dir='ltr'><strong>peccata</strong></span> <span class='ocrx_word' id='word_1_715' title='bbox 3566 4117 3689 4158; x_wconf 79' lang='lat' dir='ltr'><strong>con-</strong></span> 
     </span>
    </p>
   </div>
   <div class='ocr_carea' id='block_1_87' title="bbox 2104 4175 3685 4265">
    <p class='ocr_par' dir='ltr' id='par_1_87' title="bbox 2104 4175 3685 4265">
     <span class='ocr_line' id='line_1_87' title="bbox 2104 4175 3685 4265; baseline 0.01 -34"><span class='ocrx_word' id='word_1_716' title='bbox 2104 4175 2380 4245; x_wconf 87' lang='lat' dir='ltr'><strong>donando,</strong></span> <span class='ocrx_word' id='word_1_717' title='bbox 2412 4182 2581 4250; x_wconf 88' lang='lat' dir='ltr'><strong>gratis</strong></span> <span class='ocrx_word' id='word_1_718' title='bbox 2602 4182 2988 4253; x_wconf 85' lang='lat' dir='ltr'><strong>justilicando,</strong></span> <span class='ocrx_word' id='word_1_719' title='bbox 3022 4187 3210 4244; x_wconf 80' lang='lat' dir='ltr'><strong>melior</strong></span> <span class='ocrx_word' id='word_1_720' title='bbox 3258 4202 3334 4247; x_wconf 85' lang='lat' dir='ltr'><strong>est</strong></span> <span class='ocrx_word' id='word_1_721' title='bbox 3380 4209 3541 4265; x_wconf 81' lang='lat' dir='ltr'><strong>super</strong></span> <span class='ocrx_word' id='word_1_722' title='bbox 3564 4205 3685 4251; x_wconf 74' lang='lat' dir='ltr'><strong>ruas</strong></span> 
     </span>
    </p>
   </div>
   <div class='ocr_carea' id='block_1_88' title="bbox 2104 4264 3686 4344">
    <p class='ocr_par' dir='ltr' id='par_1_88' title="bbox 2104 4264 3686 4344">
     <span class='ocr_line' id='line_1_88' title="bbox 2104 4264 3686 4344; baseline 0.013 -23"><span class='ocrx_word' id='word_1_723' title='bbox 2104 4264 2224 4324; x_wconf 90' lang='lat' dir='ltr'><strong>illas</strong></span> <span class='ocrx_word' id='word_1_724' title='bbox 2249 4283 2469 4336; x_wconf 89' lang='lat' dir='ltr'><strong>omnes,</strong></span> <span class='ocrx_word' id='word_1_725' title='bbox 2496 4286 2604 4342; x_wconf 85' lang='lat' dir='ltr'><strong>qua</strong></span> <span class='ocrx_word' id='word_1_726' title='bbox 2633 4283 2926 4344; x_wconf 88' lang='lat' dir='ltr'><strong>suppetunt</strong></span> <span class='ocrx_word' id='word_1_727' title='bbox 2954 4277 3057 4334; x_wconf 92' lang='lat' dir='ltr'><strong>sibi</strong></span> <span class='ocrx_word' id='word_1_728' title='bbox 3089 4281 3346 4340; x_wconf 89' lang='lat' dir='ltr'><strong>mortales</strong></span> <span class='ocrx_word' id='word_1_729' title='bbox 3376 4283 3429 4339; x_wconf 91' lang='lat' dir='ltr'><strong>in</strong></span> <span class='ocrx_word' id='word_1_730' title='bbox 3448 4264 3686 4341; x_wconf 78' lang='lat' dir='ltr'><strong>diversis</strong></span> 
     </span>
    </p>
   </div>
   <div class='ocr_carea' id='block_1_89' title="bbox 2102 4357 3684 4442">
    <p class='ocr_par' dir='ltr' id='par_1_89' title="bbox 2102 4357 3684 4442">
     <span class='ocr_line' id='line_1_89' title="bbox 2102 4357 3684 4442; baseline 0.014 -31"><span class='ocrx_word' id='word_1_731' title='bbox 2102 4357 2314 4414; x_wconf 91' lang='lat' dir='ltr'><strong>studiis.</strong></span> <span class='ocrx_word' id='word_1_732' title='bbox 2353 4358 2421 4415; x_wconf 80' lang='lat' dir='ltr'><strong>Et</strong></span> <span class='ocrx_word' id='word_1_733' title='bbox 2449 4360 2579 4431; x_wconf 89' lang='lat' dir='ltr'><strong>quia</strong></span> <span class='ocrx_word' id='word_1_734' title='bbox 2625 4363 2733 4419; x_wconf 87' lang='lat' dir='ltr'><strong>vita</strong></span> <span class='ocrx_word' id='word_1_735' title='bbox 2767 4365 2856 4421; x_wconf 86' lang='lat' dir='ltr'><strong>illa</strong></span> <span class='ocrx_word' id='word_1_736' title='bbox 2896 4377 3083 4425; x_wconf 89' lang='lat' dir='ltr'><strong>sancta</strong></span> <span class='ocrx_word' id='word_1_737' title='bbox 3112 4384 3275 4442; x_wconf 84' lang='lat' dir='ltr'><strong>quam</strong></span> <span class='ocrx_word' id='word_1_738' title='bbox 3311 4374 3507 4432; x_wconf 90' lang='lat' dir='ltr'><strong>dedisti</strong></span> <span class='ocrx_word' id='word_1_739' title='bbox 3558 4379 3684 4433; x_wconf 88' lang='lat' dir='ltr'><strong>mihi</strong></span> 
     </span>
    </p>
   </div>
   <div class='ocr_carea' id='block_1_90' title="bbox 2104 4451 3681 4539">
    <p class='ocr_par' dir='ltr' id='par_1_90' title="bbox 2104 4451 3681 4539">
     <span class='ocr_line' id='line_1_90' title="bbox 2104 4451 3681 4539; baseline 0.013 -35"><span class='ocrx_word' id='word_1_740' title='bbox 2104 4463 2202 4519; x_wconf 87' lang='lat' dir='ltr'><strong>per</strong></span> <span class='ocrx_word' id='word_1_741' title='bbox 2228 4451 2653 4510; x_wconf 87' lang='lat' dir='ltr'><strong>misericordiam</strong></span> <span class='ocrx_word' id='word_1_742' title='bbox 2680 4464 2846 4524; x_wconf 83' lang='lat' dir='ltr'><strong>tuam,</strong></span> <span class='ocrx_word' id='word_1_743' title='bbox 2870 4459 3062 4518; x_wconf 89' lang='lat' dir='ltr'><strong>melior</strong></span> <span class='ocrx_word' id='word_1_744' title='bbox 3079 4472 3164 4518; x_wconf 90' lang='lat' dir='ltr'><strong>est</strong></span> <span class='ocrx_word' id='word_1_745' title='bbox 3184 4466 3332 4521; x_wconf 91' lang='lat' dir='ltr'><strong>omni</strong></span> <span class='ocrx_word' id='word_1_746' title='bbox 3388 4468 3498 4523; x_wconf 86' lang='lat' dir='ltr'><strong>vita</strong></span> <span class='ocrx_word' id='word_1_747' title='bbox 3524 4485 3681 4539; x_wconf 84' lang='lat' dir='ltr'><strong>quam</strong></span> 
     </span>
    </p>
   </div>
   <div class='ocr_carea' id='block_1_91' title="bbox 419 4516 3682 4629">
    <p class='ocr_par' dir='ltr' id='par_1_91' title="bbox 419 4516 3682 4629">
     <span class='ocr_line' id='line_1_91' title="bbox 419 4516 3682 4629; baseline 0.008 -41"><span class='ocrx_word' id='word_1_748' title='bbox 419 4533 486 4589; x_wconf 81' lang='lat' dir='ltr'><strong>Et</strong></span> <span class='ocrx_word' id='word_1_749' title='bbox 529 4534 652 4591; x_wconf 89' lang='lat' dir='ltr'><strong>ideo</strong></span> <span class='ocrx_word' id='word_1_750' title='bbox 698 4536 861 4593; x_wconf 79' lang='lat' dir='ltr'><strong>sitivit</strong></span> <span class='ocrx_word' id='word_1_751' title='bbox 906 4538 1087 4592; x_wconf 74' lang='lat' dir='ltr'><strong>anima</strong></span> <span class='ocrx_word' id='word_1_752' title='bbox 1138 4554 1255 4596; x_wconf 83' lang='lat' dir='ltr'><strong>mea</strong></span> <span class='ocrx_word' id='word_1_753' title='bbox 1297 4540 1353 4593; x_wconf 85' lang='lat' dir='ltr'><strong>in</strong></span> <span class='ocrx_word' id='word_1_754' title='bbox 1405 4547 1457 4594; x_wconf 83' lang='lat' dir='ltr'><strong>te</strong></span> <span class='ocrx_word' id='word_1_755' title='bbox 1506 4516 1886 4611; x_wconf 65' lang='lat' dir='ltr'><strong>multipliciter,</strong></span> <span class='ocrx_word' id='word_1_756' title='bbox 2029 4516 2078 4577; x_wconf 73' lang='grc' dir='ltr'><strong>θ</strong></span> <span class='ocrx_word' id='word_1_757' title='bbox 2102 4516 2205 4613; x_wconf 80' lang='lat' dir='ltr'><strong>ego</strong></span> <span class='ocrx_word' id='word_1_758' title='bbox 2247 4544 2378 4600; x_wconf 87' lang='lat' dir='ltr'><strong>mihi</strong></span> <span class='ocrx_word' id='word_1_759' title='bbox 2416 4560 2634 4617; x_wconf 87' lang='lat' dir='ltr'><strong>possem</strong></span> <span class='ocrx_word' id='word_1_760' title='bbox 2672 4516 2962 4620; x_wconf 73' lang='lat' dir='ltr'><strong>appetere,</strong></span> <span class='ocrx_word' id='word_1_761' title='bbox 3000 4516 3142 4608; x_wconf 78' lang='lat' dir='ltr'><strong>labia</strong></span> <span class='ocrx_word' id='word_1_762' title='bbox 3183 4516 3682 4629; x_wconf 42' lang='lat' dir='ltr'><strong>diuisi</strong></span> 
     </span>
    </p>
   </div>
   <div class='ocr_carea' id='block_1_92' title="bbox 415 4625 3681 4706">
    <p class='ocr_par' dir='ltr' id='par_1_92' title="bbox 415 4625 3681 4706">
     <span class='ocr_line' id='line_1_92' title="bbox 415 4625 3681 4706; baseline 0.008 -29"><span class='ocrx_word' id='word_1_763' title='bbox 415 4632 500 4678; x_wconf 86' lang='lat' dir='ltr'><strong>est</strong></span> <span class='ocrx_word' id='word_1_764' title='bbox 529 4663 545 4690; x_wconf 91' lang='lat'><strong>,</strong></span> <span class='ocrx_word' id='word_1_765' title='bbox 614 4635 837 4696; x_wconf 90' lang='lat' dir='ltr'><strong>propter</strong></span> <span class='ocrx_word' id='word_1_766' title='bbox 899 4625 1248 4695; x_wconf 87' lang='lat' dir='ltr'><strong>multiplicem</strong></span> <span class='ocrx_word' id='word_1_767' title='bbox 1316 4627 1621 4698; x_wconf 87' lang='lat' dir='ltr'><strong>passionem</strong></span> <span class='ocrx_word' id='word_1_768' title='bbox 1654 4667 1671 4694; x_wconf 91' lang='lat'><strong>,</strong></span> <span class='ocrx_word' id='word_1_769' title='bbox 1738 4627 2003 4700; x_wconf 88' lang='lat' dir='ltr'><strong>multipli-</strong></span> <span class='ocrx_word' id='word_1_770' title='bbox 2103 4632 2380 4706; x_wconf 90' lang='lat' dir='ltr'><strong>meorum)</strong></span> <span class='ocrx_word' id='word_1_771' title='bbox 2412 4634 2703 4692; x_wconf 80' lang='lat' dir='ltr'><strong>laudabunt</strong></span> <span class='ocrx_word' id='word_1_772' title='bbox 2731 4648 2800 4702; x_wconf 88' lang='lat' dir='ltr'><strong>te,</strong></span> <span class='ocrx_word' id='word_1_773' title='bbox 2825 4656 2931 4696; x_wconf 92' lang='lat' dir='ltr'><strong>non</strong></span> <span class='ocrx_word' id='word_1_774' title='bbox 2964 4657 3071 4699; x_wconf 89' lang='lat' dir='ltr'><strong>me.</strong></span> <span class='ocrx_word' id='word_1_775' title='bbox 3099 4625 3382 4701; x_wconf 67' lang='lat' dir='ltr'><strong>Exteriore</strong></span> <span class='ocrx_word' id='word_1_776' title='bbox 3411 4647 3549 4704; x_wconf 87' lang='lat' dir='ltr'><strong>labia</strong></span> <span class='ocrx_word' id='word_1_777' title='bbox 3579 4664 3681 4704; x_wconf 83' lang='lat' dir='ltr'><strong>non</strong></span> 
     </span>
    </p>
   </div>
   <div class='ocr_carea' id='block_1_93' title="bbox 416 4715 3677 4809">
    <p class='ocr_par' dir='ltr' id='par_1_93' title="bbox 416 4715 3677 4809">
     <span class='ocr_line' id='line_1_93' title="bbox 416 4715 3677 4809; baseline 0.008 -40"><span class='ocrx_word' id='word_1_778' title='bbox 416 4729 536 4769; x_wconf 88' lang='lat' dir='ltr'><strong>cem</strong></span> <span class='ocrx_word' id='word_1_779' title='bbox 574 4715 847 4772; x_wconf 87' lang='lat' dir='ltr'><strong>desiderat</strong></span> <span class='ocrx_word' id='word_1_780' title='bbox 892 4717 1249 4774; x_wconf 87' lang='lat' dir='ltr'><strong>curationem.</strong></span> <span class='ocrx_word' id='word_1_781' title='bbox 1306 4719 1372 4774; x_wconf 85' lang='lat' dir='ltr'><strong>Et</strong></span> <span class='ocrx_word' id='word_1_782' title='bbox 1424 4735 1534 4776; x_wconf 88' lang='lat' dir='ltr'><strong>non</strong></span> <span class='ocrx_word' id='word_1_783' title='bbox 1579 4719 1753 4776; x_wconf 89' lang='lat' dir='ltr'><strong>solum</strong></span> <span class='ocrx_word' id='word_1_784' title='bbox 1798 4722 2000 4789; x_wconf 78' lang='lat' dir='ltr'><strong>anima,</strong></span> <span class='ocrx_word' id='word_1_785' title='bbox 2104 4726 2430 4784; x_wconf 88' lang='lat' dir='ltr'><strong>erubescant</strong></span> <span class='ocrx_word' id='word_1_786' title='bbox 2472 4737 2527 4785; x_wconf 91' lang='lat' dir='ltr'><strong>te</strong></span> <span class='ocrx_word' id='word_1_787' title='bbox 2575 4729 2823 4788; x_wconf 81' lang='lat' dir='ltr'><strong>conﬁteri</strong></span> <span class='ocrx_word' id='word_1_788' title='bbox 2877 4747 3062 4809; x_wconf 82' lang='lat' dir='ltr'><strong>coram</strong></span> <span class='ocrx_word' id='word_1_789' title='bbox 3101 4735 3432 4794; x_wconf 89' lang='lat' dir='ltr'><strong>hominibus.</strong></span> <span class='ocrx_word' id='word_1_790' title='bbox 3484 4739 3591 4803; x_wconf 80' lang='lat' dir='ltr'><strong>Sir,</strong></span> <span class='ocrx_word' id='word_1_791' title='bbox 3629 4739 3677 4794; x_wconf 86' lang='lat' dir='ltr'><strong>id</strong></span> 
     </span>
    </p>
   </div>
   <div class='ocr_carea' id='block_1_94' title="bbox 415 4805 3677 4895">
    <p class='ocr_par' dir='ltr' id='par_1_94' title="bbox 415 4805 3677 4895">
     <span class='ocr_line' id='line_1_94' title="bbox 415 4805 3677 4895; baseline 0.008 -35"><span class='ocrx_word' id='word_1_792' title='bbox 415 4805 510 4860; x_wconf 90' lang='lat' dir='ltr'><strong>sed</strong></span> <span class='ocrx_word' id='word_1_793' title='bbox 547 4814 602 4860; x_wconf 91' lang='lat' dir='ltr'><strong>et</strong></span> <span class='ocrx_word' id='word_1_794' title='bbox 629 4822 754 4861; x_wconf 85' lang='lat' dir='ltr'><strong>caro</strong></span> <span class='ocrx_word' id='word_1_795' title='bbox 784 4823 898 4862; x_wconf 83' lang='lat' dir='ltr'><strong>mea</strong></span> <span class='ocrx_word' id='word_1_796' title='bbox 927 4808 1089 4863; x_wconf 81' lang='lat' dir='ltr'><strong>sitiuit</strong></span> <span class='ocrx_word' id='word_1_797' title='bbox 1112 4808 1169 4863; x_wconf 82' lang='lat' dir='ltr'><strong>in</strong></span> <span class='ocrx_word' id='word_1_798' title='bbox 1193 4818 1262 4875; x_wconf 86' lang='lat' dir='ltr'><strong>te,</strong></span> <span class='ocrx_word' id='word_1_799' title='bbox 1293 4818 1617 4880; x_wconf 81' lang='lat' dir='ltr'><strong>exspectans</strong></span> <span class='ocrx_word' id='word_1_800' title='bbox 1647 4811 2004 4868; x_wconf 84' lang='lat' dir='ltr'><strong>resurrectio—</strong></span> <span class='ocrx_word' id='word_1_801' title='bbox 2102 4824 2185 4872; x_wconf 89' lang='lat' dir='ltr'><strong>est</strong></span> <span class='ocrx_word' id='word_1_802' title='bbox 2227 4815 2494 4874; x_wconf 88' lang='lat' dir='ltr'><strong>laudando</strong></span> <span class='ocrx_word' id='word_1_803' title='bbox 2521 4822 2785 4888; x_wconf 79' lang='lat' dir='ltr'><strong>exterius,</strong></span> <span class='ocrx_word' id='word_1_804' title='bbox 2814 4805 3112 4879; x_wconf 72' lang='lat' dir='ltr'><strong>benedieam</strong></span> <span class='ocrx_word' id='word_1_805' title='bbox 3139 4836 3187 4881; x_wconf 87' lang='lat' dir='ltr'><strong>te</strong></span> <span class='ocrx_word' id='word_1_806' title='bbox 3206 4827 3270 4881; x_wconf 85' lang='lat' dir='ltr'><strong>in</strong></span> <span class='ocrx_word' id='word_1_807' title='bbox 3314 4830 3420 4883; x_wconf 80' lang='lat' dir='ltr'><strong>vim</strong></span> <span class='ocrx_word' id='word_1_808' title='bbox 3451 4846 3585 4895; x_wconf 84' lang='lat' dir='ltr'><strong>mea,</strong></span> <span class='ocrx_word' id='word_1_809' title='bbox 3629 4830 3677 4885; x_wconf 82' lang='lat' dir='ltr'><strong>id</strong></span> 
     </span>
    </p>
   </div>
   <div class='ocr_carea' id='block_1_95' title="bbox 416 4896 3674 4988">
    <p class='ocr_par' dir='ltr' id='par_1_95' title="bbox 416 4896 3674 4988">
     <span class='ocr_line' id='line_1_95' title="bbox 416 4896 3674 4988; baseline 0.008 -38"><span class='ocrx_word' id='word_1_810' title='bbox 416 4910 561 4988; x_wconf 82' lang='lat' dir='ltr'><strong>nem,</strong></span> <span class='ocrx_word' id='word_1_811' title='bbox 585 4906 647 4952; x_wconf 89' lang='lat' dir='ltr'><strong>ut</strong></span> <span class='ocrx_word' id='word_1_812' title='bbox 667 4896 846 4954; x_wconf 87' lang='lat' dir='ltr'><strong>anima</strong></span> <span class='ocrx_word' id='word_1_813' title='bbox 871 4898 1304 4967; x_wconf 88' lang='lat' dir='ltr'><strong>beatitudinem;</strong></span> <span class='ocrx_word' id='word_1_814' title='bbox 1350 4901 1446 4958; x_wconf 89' lang='lat' dir='ltr'><strong>sed</strong></span> <span class='ocrx_word' id='word_1_815' title='bbox 1475 4908 1530 4958; x_wconf 90' lang='lat' dir='ltr'><strong>et</strong></span> <span class='ocrx_word' id='word_1_816' title='bbox 1558 4901 1648 4958; x_wconf 87' lang='lat' dir='ltr'><strong>illa</strong></span> <span class='ocrx_word' id='word_1_817' title='bbox 1677 4918 1836 4974; x_wconf 78' lang='lat' dir='ltr'><strong>quam</strong></span> <span class='ocrx_word' id='word_1_818' title='bbox 1863 4902 2004 4958; x_wconf 82' lang='lat' dir='ltr'><strong>mul-</strong></span> <span class='ocrx_word' id='word_1_819' title='bbox 2105 4916 2191 4965; x_wconf 89' lang='lat' dir='ltr'><strong>est</strong></span> <span class='ocrx_word' id='word_1_820' title='bbox 2233 4907 2575 4968; x_wconf 85' lang='lat' dir='ltr'><strong>laudabiliter</strong></span> <span class='ocrx_word' id='word_1_821' title='bbox 2617 4911 2850 4970; x_wconf 88' lang='lat' dir='ltr'><strong>vivendo</strong></span> <span class='ocrx_word' id='word_1_822' title='bbox 2891 4914 3261 4988; x_wconf 89' lang='lat' dir='ltr'><strong>multiplicabo</strong></span> <span class='ocrx_word' id='word_1_823' title='bbox 3294 4917 3486 4975; x_wconf 88' lang='lat' dir='ltr'><strong>laudes</strong></span> <span class='ocrx_word' id='word_1_824' title='bbox 3525 4929 3674 4985; x_wconf 83' lang='lat' dir='ltr'><strong>tuas,</strong></span> 
     </span>
    </p>
   </div>
   <div class='ocr_carea' id='block_1_96' title="bbox 414 4985 3678 5080">
    <p class='ocr_par' dir='ltr' id='par_1_96' title="bbox 414 4985 3678 5080">
     <span class='ocr_line' id='line_1_96' title="bbox 414 4985 3678 5080; baseline 0.009 -40"><span class='ocrx_word' id='word_1_825' title='bbox 414 4985 675 5056; x_wconf 82' lang='lat' dir='ltr'><strong>tiplieiter,</strong></span> <span class='ocrx_word' id='word_1_826' title='bbox 700 4989 751 5044; x_wconf 93' lang='lat' dir='ltr'><strong>id</strong></span> <span class='ocrx_word' id='word_1_827' title='bbox 774 4998 861 5046; x_wconf 90' lang='lat' dir='ltr'><strong>est</strong></span> <span class='ocrx_word' id='word_1_828' title='bbox 887 4990 1056 5047; x_wconf 90' lang='lat' dir='ltr'><strong>multo</strong></span> <span class='ocrx_word' id='word_1_829' title='bbox 1084 4990 1204 5062; x_wconf 90' lang='lat' dir='ltr'><strong>plus</strong></span> <span class='ocrx_word' id='word_1_830' title='bbox 1227 5007 1387 5063; x_wconf 90' lang='lat' dir='ltr'><strong>quam</strong></span> <span class='ocrx_word' id='word_1_831' title='bbox 1414 4993 1632 5063; x_wconf 86' lang='lat' dir='ltr'><strong>anima;</strong></span> <span class='ocrx_word' id='word_1_832' title='bbox 1663 4996 1791 5066; x_wconf 85' lang='lat' dir='ltr'><strong>quia</strong></span> <span class='ocrx_word' id='word_1_833' title='bbox 1820 4996 2000 5051; x_wconf 83' lang='lat' dir='ltr'><strong>anima</strong></span> <span class='ocrx_word' id='word_1_834' title='bbox 2100 5008 2156 5054; x_wconf 89' lang='lat' dir='ltr'><strong>et</strong></span> <span class='ocrx_word' id='word_1_835' title='bbox 2188 5013 2294 5054; x_wconf 89' lang='lat' dir='ltr'><strong>non</strong></span> <span class='ocrx_word' id='word_1_836' title='bbox 2348 4999 2521 5056; x_wconf 88' lang='lat' dir='ltr'><strong>solum</strong></span> <span class='ocrx_word' id='word_1_837' title='bbox 2566 5015 2667 5073; x_wconf 85' lang='lat' dir='ltr'><strong>ego</strong></span> <span class='ocrx_word' id='word_1_838' title='bbox 2703 5001 2936 5061; x_wconf 86' lang='lat' dir='ltr'><strong>laudabo</strong></span> <span class='ocrx_word' id='word_1_839' title='bbox 2981 4985 3244 5065; x_wconf 37' lang='lat' dir='ltr'><strong>te‘verbis</strong></span> <span class='ocrx_word' id='word_1_840' title='bbox 3271 5018 3329 5065; x_wconf 90' lang='lat' dir='ltr'><strong>et</strong></span> <span class='ocrx_word' id='word_1_841' title='bbox 3364 5012 3559 5080; x_wconf 86' lang='lat' dir='ltr'><strong>opere,</strong></span> <span class='ocrx_word' id='word_1_842' title='bbox 3586 5010 3678 5067; x_wconf 83' lang='lat' dir='ltr'><strong>sed</strong></span> 
     </span>
    </p>
   </div>
   <div class='ocr_carea' id='block_1_97' title="bbox 415 5077 3675 5169">
    <p class='ocr_par' dir='ltr' id='par_1_97' title="bbox 415 5077 3675 5169">
     <span class='ocr_line' id='line_1_97' title="bbox 415 5077 3675 5169; baseline 0.01 -44"><span class='ocrx_word' id='word_1_843' title='bbox 415 5077 783 5132; x_wconf 66' lang='lat' dir='ltr'><strong>immsSibilis-</strong></span> <span class='ocrx_word' id='word_1_844' title='bbox 819 5097 941 5134; x_wconf 81' lang='lat' dir='ltr'><strong>mro</strong></span> <span class='ocrx_word' id='word_1_845' title='bbox 983 5091 1165 5139; x_wconf 81' lang='lat' dir='ltr'><strong>autem</strong></span> <span class='ocrx_word' id='word_1_846' title='bbox 1197 5084 1440 5138; x_wconf 79' lang='lat' dir='ltr'><strong>mortalis</strong></span> <span class='ocrx_word' id='word_1_847' title='bbox 1478 5093 1533 5132; x_wconf 82' lang='lat' dir='ltr'><strong>et</strong></span> <span class='ocrx_word' id='word_1_848' title='bbox 1558 5086 1849 5142; x_wconf 83' lang='lat' dir='ltr'><strong>nassibilis.</strong></span> <span class='ocrx_word' id='word_1_849' title='bbox 1881 5086 1997 5138; x_wconf 86' lang='lat' dir='ltr'><strong>Non</strong></span> <span class='ocrx_word' id='word_1_850' title='bbox 2102 5090 2168 5144; x_wconf 82' lang='lat' dir='ltr'><strong>ad</strong></span> <span class='ocrx_word' id='word_1_851' title='bbox 2204 5091 2508 5142; x_wconf 77' lang='lat' dir='ltr'><strong>exemnlnm</strong></span> <span class='ocrx_word' id='word_1_852' title='bbox 2555 5093 2786 5148; x_wconf 74' lang='lat' dir='ltr'><strong>aliorum</strong></span> <span class='ocrx_word' id='word_1_853' title='bbox 2835 5097 3019 5155; x_wconf 79' lang='lat' dir='ltr'><strong>leuabo</strong></span> <span class='ocrx_word' id='word_1_854' title='bbox 3063 5115 3252 5155; x_wconf 83' lang='lat' dir='ltr'><strong>manus</strong></span> <span class='ocrx_word' id='word_1_855' title='bbox 3289 5077 3457 5169; x_wconf 72' lang='lat' dir='ltr'><strong>meas,</strong></span> <span class='ocrx_word' id='word_1_856' title='bbox 3496 5102 3550 5158; x_wconf 87' lang='lat' dir='ltr'><strong>id</strong></span> <span class='ocrx_word' id='word_1_857' title='bbox 3595 5113 3675 5158; x_wconf 83' lang='lat' dir='ltr'><strong>est</strong></span> 
     </span>
    </p>
   </div>
   <div class='ocr_carea' id='block_1_98' title="bbox 3480 5196 3676 5240">
    <p class='ocr_par' dir='ltr' id='par_1_98' title="bbox 3480 5196 3676 5240">
     <span class='ocr_line' id='line_1_98' title="bbox 3480 5196 3676 5240; baseline 0.015 -3"><span class='ocrx_word' id='word_1_858' title='bbox 3480 5196 3676 5240; x_wconf 53' lang='grc' dir='ltr'><strong>Ἰᾶιίσιι-ί.</strong></span> 
     </span>
    </p>
   </div>
  </div>
