3884 5452
82 333 175 410 tsi

1202 338 1735 399 ENARRATIONES
1778 337 1841 392 IN
1881 337 2213 394 PSALMOS.

3245 334 3340 388 £58

77 465 345 539 pinguedo
373 464 458 520 illa
493 479 612 535 qua:
647 462 902 520 interiora
939 440 1279 534 amplectitur
1315 458 1644 531 :pinguedo,
1679 460 1725 519 Α
1753 455 1797 511 si
1838 471 2033 510 memor
2053 464 2138 510 est
2183 453 2272 508 Dei
2303 468 2456 523 super
2482 459 2724 517 stratum,
2763 450 2814 507 id
2841 459 2943 515 cst,
2972 449 3142 519 magis
3172 449 3340 505 Deum

76 558 312 614 obesitas
337 550 394 613 ei
437 557 737 613 crassitudo
772 555 919 612 circa
954 564 1152 611 cutem.
1207 549 1490 622 Repleatur
1526 563 1656 621 ergo

76 652 252 705 anima
284 667 399 704 mea
423 689 438 715 ,
488 663 594 703 non
631 662 758 702 caro
787 662 907 702 mea
958 662 1063 701 non
1105 643 1260 714 adipe
1307 645 1404 697 nec
1435 641 1654 712 pingue-

76 741 220 806 dine,
272 741 398 810 quia
448 739 552 794 vile
601 748 746 794 esset
802 739 947 808 quod
994 746 1255 807 peterem,
1287 735 1428 805 quod
1491 734 1653 788 etiam

74 820 250 876 brutis
279 819 600 874 animalibus
636 827 899 889 praestas;
933 817 1030 872 sed
1071 818 1208 871 sicut
1249 815 1431 883 adipe,
1482 813 1532 866 id
1573 820 1658 866 est

73 912 344 983 sapientia
369 953 384 974 ,
426 928 529 981 qua
567 911 760 966 carens
789 911 966 964 anima
987 950 1002 975 ,
1033 908 1177 963 sicca
1223 914 1306 962 est
1340 914 1392 960 et
1432 917 1654 959 macra:

75 1015 123 1062 et
143 1006 227 1062 sic
255 1007 569 1074 pinguedine
598 1003 878 1074 repleatur,
913 1003 964 1057 id
994 1010 1079 1058 est
1106 999 1420 1071 operatione
1444 1004 1657 1054 sancta-

73 1110 191 1149 rum
229 1095 490 1148 virtutum
514 1135 529 1158 ,
569 1101 668 1165 per
695 1108 858 1164 quam
886 1091 1253 1163 operation‘ém
1289 1088 1423 1144 foris
1457 1087 1659 1144 eniteat

73 1186 340 1256 sapientia
366 1186 584 1248 animae;
603 1193 660 1240 ut
683 1185 762 1240 sic
779 1184 1046 1255 saginata,
1073 1183 1287 1237 tandem
1310 1180 1432 1234 liam
1455 1178 1549 1234 tibi
1573 1193 1660 1234 ac-

71 1275 361 1344 ceptabilis
382 1275 575 1339 hostia,
599 1273 831 1329 offerens
845 1273 944 1328 tibi
965 1272 1187 1327 vitulum
1211 1271 1496 1334 labiornm,
1515 1269 1658 1340 quod

72 1378 122 1424 et
156 1369 446 1438 sequitur:
473 1366 538 1421 Et
559 1366 710 1421 labiis
739 1365 1101 1422 exsultationis
1128 1363 1362 1418 laudabit
1385 1379 1440 1416 os
1465 1378 1656 1416 meum.

73 1459 232 1515 Modo
254 1459 397 1514 labia
417 1458 681 1514 orationis
702 1457 825 1513 dum
850 1468 970 1511 sum
996 1456 1048 1510 in
1085 1463 1227 1510 terra
1251 1455 1486 1518 deserta,
1511 1451 1654 1508 sitio.

72 1550 325 1619 Quandiu
370 1549 514 1604 enim
557 1548 710 1614 sitis,
746 1548 903 1603 durat
943 1546 1147 1610 oratio;
1188 1545 1282 1600 sed
1311 1558 1434 1599 cum
1477 1557 1661 1598 cessa-

71 1641 144 1695 bit
181 1640 326 1705 sitis,
355 1639 585 1694 cessabit
608 1639 782 1694 oratio
811 1646 866 1692 ct
894 1643 1150 1708 sequetur
1174 1634 1432 1690 laudatio.
1471 1632 1660 1690 Omnis

71 1729 339 1784 fortitudo
383 1730 576 1784 animm
609 1729 664 1784 in
713 1729 798 1784 his
831 1727 1038 1783 duobus
1087 1725 1353 1792 consistit,
1394 1725 1659 1797 sapientia

1760 544 1930 618 diligit
1967 562 2126 616 quam
2152 544 2385 601 carnalia
2415 543 2700 607 desideria,
2725 542 2777 597 in
2808 541 3070 598 matutino
3103 557 3199 598 suo
3229 541 3344 595 lau-

1758 633 1906 690 dabit
1935 651 2056 690 eum
2083 638 2138 690 et
2163 644 2289 690 tunc
2315 633 2595 689 exsultatio
2623 648 2723 704 ego
2749 639 2803 688 et
2837 631 2940 686 mei
2968 631 3025 685 in
3056 630 3342 686 velamento

1757 725 1966 779 alarum
2004 733 2236 791 tuarum,
2269 725 2320 780 id
2342 733 2424 779 est
2456 724 2508 778 in
2545 724 2876 794 proiectione
2907 729 2995 776 tua
3016 763 3030 786 ,
3057 721 3141 776 vel
3185 721 3236 774 in
3264 709 3346 774 di?

1757 816 1985 871 lectione
2015 815 2108 871 Dei
2135 813 2191 870 et
2230 815 2482 886 proximi.
2520 815 2644 870 Ideo
2690 813 2763 868 ibi
2787 815 2839 867 in
2878 821 2967 866 tua
3009 811 3344 882 protectione

1757 905 2054 970 exsultabo,
2085 906 2210 976 quia
2249 906 2469 960 adha’sit
2508 903 2685 959 anima
2719 923 2854 970 mea,
2908 903 2958 960 id
2999 913 3103 968 est,
3142 903 3346 975 glutino

1757 999 2040 1054 charitatis
2095 999 2322 1054 lirmiter
2370 999 2465 1054 tibi
2515 999 2693 1052 vincta
2733 997 2834 1051 fuit
2877 996 2966 1050 hic
2993 1011 3008 1049 :
3038 997 3130 1050 sed
3168 1005 3344 1049 tamen

1754 1097 1870 1158 post
1913 1099 1980 1154 te,
2014 1097 2118 1143 n‘on
2172 1091 2234 1142 ut
2282 1098 2336 1143 te
2365 1088 2524 1144 vellet
2565 1089 2865 1159 praecedere
2889 1086 2973 1142 vel
3017 1095 3192 1141 tecum
3236 1085 3343 1142 ire.

1758 1187 1817 1234 ut
1846 1179 2057 1246 Petrus,
2099 1181 2190 1251 qui
2219 1181 2431 1237 dicebat
2456 1182 2683 1236 Domino
2717 1199 2730 1236 :
2764 1179 3032 1253 Pr0pitius
3079 1189 3208 1246 esto,
3241 1178 3350 1233 Do-

1757 1270 1916 1336 mine,
1959 1270 2081 1333 tibi,
2119 1279 2165 1324 et
2201 1287 2263 1324 ne
2292 1270 2458 1342 facias
2507 1273 2604 1326 hoc
2632 1285 2650 1324 :
2680 1273 2765 1328 cui
2809 1287 2839 1326 a
2895 1271 3118 1327 Domino
3146 1271 3347 1325 dictum

1757 1372 1841 1417 est
1874 1379 1889 1418 :
1931 1361 2075 1419 Vade
2118 1368 2278 1430 retro,
2305 1363 2530 1418 Satanas
2561 1365 2777 1437 (Matth.
2803 1365 2935 1437 xvt).
2960 1361 3122 1432 Quasi
3155 1364 3298 1418 dicat
3333 1378 3346 1416 :

1759 1451 1874 1509 Non
1909 1461 1960 1509 te
1993 1462 2204 1526 oportet
2242 1457 2577 1526 pnecedei-e,
2627 1459 2720 1513 sed
2764 1451 2936 1528 sequi.
2985 1456 3083 1525 Qui
3117 1455 3348 1526 disposi-

1759 1550 1903 1607 tione
1931 1565 2027 1606 sua
2064 1550 2116 1606 in
2167 1553 2384 1607 Christo
2422 1549 2534 1607 vult
2586 1554 2798 1618 vivere,
2848 1552 3154 1624 praecedere
3195 1550 3349 1615 vult,

1761 1657 1866 1699 non
1919 1644 2107 1713 sequi:
2135 1652 2256 1701 tene
2303 1657 2482 1701 autem
2521 1642 2843 1702 charilatcm
2895 1648 3010 1711 sic,
3043 1655 3101 1702 nt
3139 1647 3192 1700 in
3229 1663 3349 1702 om-

1761 1731 1920 1789 nibus
1947 1733 2220 1791 Christum
2253 1738 2497 1807 sequaris
2537 1738 2750 1794 interim
2788 1739 2842 1793 in
2883 1734 3265 1808 permistione,
3298 1747 3356 1792 ut

69 1830 124 1876 et
150 1823 379 1875 Virtute.
409 1820 615 1874 Aliter:
643 1817 808 1873 Labt'a
863 1835 977 1873 mea
1031 1817 1319 1872 laudabunt
1349 1826 1396 1872 te
1420 1818 1523 1872 hoc
1549 1825 1664 1871 m0?
1689 1817 1736 1876 B
1763 1824 2076 1895 suscipiaris
2103 1829 2443 1896 postmodum
2478 1829 2546 1884 ad
2573 1830 2850 1886 dexteram
2888 1829 3006 1900 ejus
3048 1831 3097 1884 in
3137 1846 3356 1900 separa-

71 1913 182 1978 do,
223 1911 314 1967 vel
371 1911 669 1965 benedicam
715 1920 764 1964 te
801 1910 854 1964 in
903 1910 1006 1964 vita
1059 1924 1177 1963 mea
1203 1923 1224 1962 :
1252 1907 1395 1978 quod
1448 1907 1572 1961 vivo
1615 1913 1671 1961 et

69 2003 215 2074 quod
243 2003 344 2064 tibi
375 2002 639 2068 adhaereo,
670 2001 765 2057 tibi
816 2001 1107 2057 attribuam
1128 2041 1142 2067 ,
1177 2013 1283 2056 non
1314 1998 1467 2064 mihi,
1501 2006 1669 2053 totum

71 2091 464 2149 miSericordiae
503 2101 606 2147 ttire
641 2102 728 2147 :et
772 2093 829 2146 in
869 2093 1074 2146 neruine
1119 2100 1209 2144 tuo
1255 2089 1437 2144 levabo
1479 2104 1668 2144 manus

70 2201 238 2250 nicas,
278 2184 333 2238 id
362 2191 466 2244 est,
496 2183 662 2238 orabo
701 2181 890 2237 levatis
929 2181 1175 2235 manibus
1206 2179 1272 2234 ad
1304 2188 1378 2246 te,
1409 2179 1669 2235 imitando

71 2277 224 2330 illum
254 2275 351 2345 qui
381 2290 478 2346 pro
518 2289 602 2330 me
631 2275 836 2329 orando
865 2272 1105 2328 extendit
1156 2288 1347 2327 manus
1386 2273 1438 2326 in
1481 2286 1663 2327 cruce.

70 2368 175 2422 Per
204 2383 433 2432 manus,
471 2363 634 2436 opera
665 2366 989 2434 accipimus,
1023 2365 1148 2436 quia
1201 2364 1454 2419 manibus
1479 2378 1670 2434 opera-

69 2476 218 2514 ntur.
277 2456 512 2513 Orantes
558 2455 801 2511 levamus
831 2451 1022 2510 manus
1045 2495 1059 2518 ,
1086 2463 1147 2508 ut
1168 2455 1212 2509 si
1255 2467 1419 2524 Opera
1451 2453 1520 2508 ab
1547 2450 1672 2507 Ora-

73 2551 222 2603 tione
275 2547 618 2615 discrepant,
669 2545 801 2600 ﬁant
853 2544 1089 2599 aratiuni
1146 2559 1404 2600 consona.
1457 2542 1526 2598 In
1574 2560 1670 2598 no-

67 2640 210 2693 mine
261 2649 388 2704 tuo,
437 2637 487 2692 id
519 2645 604 2692 est
629 2637 1003 2708 principaliter
1033 2645 1083 2692 te
1127 2646 1304 2707 petam
1354 2637 1408 2691 in
1440 2635 1669 2691 levando

68 2745 306 2792 pronus;
359 2728 486 2793 vel,
535 2727 710 2782 levabo
745 2729 800 2782 in
833 2729 1043 2782 nomine
1087 2737 1175 2781 tuo
1200 2742 1219 2780 :
1250 2728 1295 2782 si
1324 2726 1524 2782 bonum
1589 2724 1670 2780 l'a-

65 2823 176 2888 cio,
226 2823 285 2876 in
337 2829 390 2875 te
423 2821 554 2875 mihi
596 2821 796 2876 bonum
843 2822 975 2884 erit,
1005 2835 1112 2873 non
1160 2819 1217 2873 in
1266 2833 1370 2874 me.
1405 2817 1517 2882 Sic,
1542 2815 1674 2873 sub-

65 2915 232 2968 audis
278 2914 394 2968 haec
442 2911 667 2978 faciam,
702 2915 800 2967 hac
855 2912 1172 2978 intentione,
1205 2912 1310 2968 hoc
1361 2910 1671 2976 desiderio,

63 3019 123 3062 nt
153 3008 346 3061 anima
383 3003 497 3061 mea
527 3022 646 3076 qua:
676 3007 834 3063 modo
869 3007 1013 3071 sitit,
1049 3008 1207 3062 modo
1237 3021 1420 3062 amara
1453 3014 1559 3072 est,
1591 3023 1674 3060 re—

61 3098 290 3169 pleatur
318 3099 452 3151 sicut
501 3098 652 3168 adipe
696 3107 745 3152 et
790 3098 1119 3169 pinguedine,
1153 3098 1206 3153 id
1253 3106 1359 3163 est,
1411 3097 1672 3152 virtutum

1771 1915 1934 1971 tione.
1965 1917 2032 1972 Et
2060 1928 2119 1972 ut
2166 1919 2342 1974 anima
2385 1933 2504 1974 mea
2536 1920 2631 1975 tibi
2667 1911 2987 1987 adhaereret,
3023 1938 3103 1974 me
3131 1920 3354 1990 suscepit

1766 2007 1978 2059 dextera
2009 2017 2124 2072 tua,
2167 2007 2218 2062 id
2262 2018 2365 2074 est,
2405 2009 2715 2080 propitiatio
2745 2018 2834 2065 tua
2867 2011 2932 2066 de
2965 2027 3140 2066 massa
3173 2010 3355 2081 perdi-

1769 2102 1943 2149 torum
1970 2113 1982 2149 :
2011 2094 2112 2162 vel,
2135 2097 2178 2150 si
2207 2107 2387 2169 caput,
2421 2100 2670 2155 divinitas
2702 2115 2786 2154 mc
2820 2096 3092 2154 hominem
3122 2097 3358 2166 suscepit

1768 2182 1834 2239 dc
1859 2183 2226 2255 sepulcro.Vcl
2248 2201 2346 2258 ego
2375 2189 2441 2243 ad
2471 2189 2782 2256 dexteram;
2809 2190 2904 2260 ipsi
2934 2199 3111 2243 autem
3140 2188 3356 2242 Idumaei

1769 2275 1858 2346 qui
1876 2292 1961 2332 me
1981 2278 2314 2348 occiderunt,
2334 2278 2460 2352 Quid
2475 2280 2810 2351 ?glntroibunt
2833 2283 2885 2334 in
2907 2281 3158 2350 inferiora
3182 2290 3357 2340 terrm.

1770 2368 1822 2423 id
1841 2377 1942 2436 est,
1965 2369 2247 2440 disponent
2271 2387 2367 2441 pro
2397 2373 2626 2428 terrenis
2654 2371 2901 2428 occidere
2931 2371 3222 2426 Christum.
3258 2367 3358 2435 Qui

1769 2459 1911 2514 enim
1939 2469 2126 2514 contra
2151 2461 2376 2516 salutem
2405 2477 2556 2517 suam
2587 2477 2706 2532 quae
2723 2471 2848 2517 sunt
2867 2471 3078 2517 terrena
3098 2461 3358 2530 sequitur,

1770 2549 1894 2604 dum
1945 2549 2254 2605 inferiorem
2295 2567 2352 2606 se
2388 2555 2533 2608 "terra
2583 2546 2750 2618 facit,
2794 2553 2895 2608 sub
2946 2561 3088 2606 terra
3142 2558 3256 2614 est;
3308 2556 3364 2604 et

1770 2640 1898 2710 quid
1941 2642 2008 2695 de
2049 2641 2189 2696 illis?
2239 2643 2536 2697 amiserunt
2567 2643 2742 2698 locum
2774 2651 2828 2699 et
2852 2642 3097 2712 gentem,
3131 2641 3272 2712 quod
3306 2648 3365 2694 ut

1771 2744 1877 2784 non
1934 2730 2276 2798 amitterent,
2315 2731 2587 2787 Christum
2639 2733 2953 2788 occiderunt
3001 2733 3194 2803 (Joan.
3247 2730 3360 2803 ιι).

1772 2817 2051 2885 Quomodo
2098 2821 2207 2874 (lati
2264 2829 2388 2874 sunt
2427 2820 2479 2875 in
2526 2819 2758 2892 gladium
2805 2821 3361 2889 Romanorutn?quia

1776 2906 2081 2976 rejecerunt
2121 2910 2331 2981 Agnum
2365 2910 2491 2977 Dei,
2524 2899 2764 2965 dicentes
2791 2927 2804 2964 :
2837 2909 3022 2979 Regem
3069 2926 3171 2964 non
3202 2909 3362 2963 habe-

1773 3006 1889 3050 mus
1930 2998 2030 3052 nisi
2059 2996 2360 3054 Cursarem?
2387 2997 2568 3071 (Joan.
2617 2999 2755 3067 xix.)
2785 2999 2851 3053 Et
2888 2998 3017 3070 quid
3054 2999 3185 3052 rex?
3213 2997 3364 3053 [απα-

1777 3090 1916 3144 bitur
1949 3091 2004 3145 in
2038 3090 2293 3156 Domino;
2340 3109 2443 3147 non
2474 3091 2686 3146 occidet
2718 3092 2770 3146 in
2803 3108 2868 3147 eo
2900 3092 3044 3162 quod
3080 3092 3242 3156 Deus,
3273 3091 3368 3145 sed

63 3188 417 3244 abundantia
438 3198 493 3243 et
519 3197 721 3244 aeterno
747 3189 961 3260 gaudio.
997 3188 1061 3243 Et
1089 3197 1218 3243 tunc
1246 3186 1402 3242 labiis
1435 3188 1672 3242 ex‘sulta-
1699 3171 1744 3232 Ο
1776 3182 2094 3251 gloriamur.
2128 3183 2195 3237 Et
2218 3184 2347 3254 Quid
2398 3183 2516 3239 sui?
2561 3181 2779 3254 εισι-ἱοεί
2813 3195 3152 3241 commorant
3203 3185 3255 3239 in
3303 3199 3370 3239 eo

60 3282 238 3337 tionis
258 3282 497 3336 laudabit
527 3298 584 3336 os
617 3295 808 3346 meum,
841 3289 897 3334 ut
924 3294 1105 3349 supra.
1130 3279 1198 3334 Et
1227 3292 1413 3334 revera
1443 3278 1672 3334 laudabo

64 3382 147 3438 te,
189 3373 417 3428 tandem
445 3372 792 3437 exsultando,
821 3371 946 3441 quia
979 3386 1122 3425 nunc
1149 3370 1368 3426 interim
1402 3371 1457 3424 in
1503 3378 1672 3424 matu-

60 3465 201 3518 tim’s
252 3463 546 3517 meditabor
591 3462 648 3516 in
694 3471 742 3516 te
795 3462 848 3516 in
896 3460 1075 3516 studio
1117 3475 1340 3532 operum
1389 3475 1670 3517 meorum:

61 3558 204 3627 quia
241 3556 336 3626 qui
368 3555 591 3611 studiosi
625 3564 786 3620 sunt,
811 3555 863 3608 in
893 3553 1172 3610 matutinis
1194 3562 1420 3623 surgunt
1449 3555 1514 3609 ad
1540 3567 1672 3623 ope-

62 3665 156 3702 ra.
211 3646 514 3700 Heditabor
556 3646 609 3699 in
655 3655 726 3711 te,
756 3645 1004 3700 assiduus
1033 3660 1128 3700 ero
1157 3645 1213 3700 in
1247 3645 1351 3700 illis
1387 3645 1672 3716 operibus,

61 3739 123 3794 in
159 3736 520 3792 meditatione
569 3737 678 3802 tui,
711 3736 835 3807 quia
881 3737 949 3792 ad
986 3737 1244 3791 honorem
1295 3746 1445 3790 tuum
1478 3736 1674 3792 faciam

59 3827 291 3884 omnia.
323 3826 447 3882 Ideo
487 3828 544 3880 in
583 3835 652 3892 te,
681 3827 808 3897 quia
852 3835 906 3880 tu
950 3825 1099 3896 fuisti
1137 3826 1352 3896 adjutor
1389 3841 1568 3890 meus,
1617 3833 1679 3880 ut

59 3917 405 3990 perlicerent
435 3932 520 3974 ea.
565 3915 633 3970 In
679 3916 948 3971 matutinis
987 3917 1296 3982 meditabor,
1329 3915 1382 3972 id
1409 3925 1494 3973 est
1520 3917 1573 3971 in
1603 3916 1679 3971 la-

60 4011 239 4065 bore.
284 4007 347 4063 Si
372 4025 569 4063 memor
597 4008 676 4078 [ui
709 4009 785 4062 tui
819 4024 975 4078 super
1002 4017 1227 4062 stratum
1271 4025 1443 4063 meum
1466 4022 1487 4062 :
1507 4025 1538 4064 a
1563 4023 1680 4064 ma-

53 4101 207 4172 jori,
238 4098 292 4153 id
319 4108 427 4165 est,
453 4099 496 4154 si
519 4108 569 4154 te
588 4099 755 4170 quieti
783 4098 1064 4170 praeposui.
1085 4098 1188 4166 Qui
1217 4099 1342 4155 dum
1361 4100 1576 4170 quietus
1598 4109 1683 4156 est

59 4209 254 4265 super
300 4191 575 4247 Christum
627 4193 956 4247 meditatur:
991 4192 1118 4246 dum
1165 4192 1232 4246 ad
1279 4207 1414 4263 opus
1444 4193 1680 4259 venitur,

63 4299 304 4339 memor
331 4291 416 4337 est
447 4281 668 4338 Christi.
702 4281 760 4337 Si
803 4282 1038 4353 quietem
1071 4297 1232 4352 quam
1263 4283 1467 4339 habere
1508 4284 1679 4354 potui,

59 4386 316 4448 propter
345 4384 397 4430 te
425 4373 723 4445 interrupi:
754 4373 838 4429 vel
863 4382 921 4428 ut
949 4373 1001 4428 in
1033 4389 1262 4444 persona
1296 4374 1495 4445 sapitis
1529 4375 1684 4432 dica-

62 4477 204 4532 tur,
248 4472 305 4520 et
344 4475 469 4520 tunc
496 4465 698 4536 repleta
721 4467 899 4519 anima
929 4481 1065 4532 mea,
1100 4465 1152 4521 id
1180 4475 1264 4522 est
1292 4481 1556 4532 meorum,
1585 4468 1686 4523 sic-

1774 3275 1956 3329 vivere
1987 3292 1999 3328 ;
2029 3275 2237 3330 confusi
2267 3285 2449 3331 autem
2477 3285 2602 3331 sunt
2628 3286 2684 3332 et
2713 3278 2962 3348 dispersi,
3003 3279 3090 3348 qui
3116 3277 3370 3346 conjura-

1774 3376 1899 3417 runt
1943 3372 2130 3418 contra
2174 3378 2331 3430 eum,
2381 3365 2622 3420 (licentes
2654 3383 2665 3420 :
2699 3366 2926 3438 Oportet
2978 3384 3144 3422 unum
3195 3368 3365 3432 mori;

1773 3455 1872 3525 ipsi
1899 3469 2015 3509 vero
2061 3454 2152 3524 qui
2184 3471 2289 3511 non
2335 3455 2699 3523 adhaeserunt,
2741 3458 2937 3528 quibus
2979 3457 3078 3513 luit
3119 3460 3369 3528 proposi-

1776 3555 1888 3602 tum
1917 3548 2192 3618 exemplar
2227 3550 2364 3606 bene
2389 3551 2629 3615 vivendi,
2677 3551 2722 3606 si
2769 3552 3002 3619 Vellent,
3049 3553 3370 3623 qnwsierunt

1775 3639 2008 3692 animam
2045 3648 2232 3705 meam,
2262 3641 2316 3696 id
2345 3649 2447 3707 est,
2477 3642 2641 3695 vitam
2671 3658 2866 3709 meam,
2900 3658 3007 3698 non
3040 3643 3106 3699 ad
3149 3645 3367 3700 imitan-

1777 3733 1928 3796 dum,
1961 3734 2054 3788 sed
2095 3735 2161 3788 ad
2188 3734 2524 3804 prodendum
2557 3753 2569 3788 :
2604 3735 2696 3790 sed
2749 3736 2806 3789 in
2849 3753 3061 3792 vanum.
3099 3737 3222 3790 Tria
3258 3736 3374 3792 fue-

1779 3831 1906 3878 runt
1938 3825 2134 3893 quibus
2176 3825 2410 3878 maxime
2457 3825 2788 3894 quaesierunt
2832 3827 2998 3882 vitam
3046 3827 3256 3882 Domini
3305 3829 3372 3882 ad

1779 3915 2132 3986 perdendum,
2168 3916 2260 3970 sed
2306 3915 2506 3971 frustra
2534 3935 2546 3970 :
2572 3925 2629 3970 ut
2671 3933 2865 3972 nomen
2917 3918 3060 3974 illius
3104 3919 3375 3975 deleretur

1780 4006 1848 4062 de
1879 4014 2042 4071 terra,
2084 4015 2143 4062 ut
2170 4007 2403 4064 mundus
2444 4014 2565 4077 post
2588 4022 2708 4062 eum
2753 4025 2857 4063 non
2897 4009 3095 4076 abiret,
3139 4010 3280 4079 quod
3307 4025 3373 4063 ex

1783 4112 1976 4168 magna
2012 4097 2112 4152 fuit
2141 4096 2361 4164 invidia,
2400 4107 2458 4152 ut
2490 4111 2594 4153 non
2620 4101 2937 4155 amitterent
2963 4101 3138 4157 locum
3169 4111 3223 4156 et
3245 4119 3374 4172 gen-

1786 4198 1913 4244 tem.
1932 4187 2038 4244 Sed
2066 4189 2238 4244 crevit
2263 4202 2458 4244 nomen
2487 4189 2627 4258 ejus,
2646 4192 3015 4261 quiamortuis
3039 4193 3333 4246 resurrexit
3357 4207 3372 4245 :

1784 4289 1840 4336 et
1875 4279 2048 4334 crevit
2095 4278 2241 4333 fatua
2272 4278 2390 4348 ejus
2414 4289 2512 4350 per
2542 4291 2711 4336 totum
2757 4282 3035 4335 mundum.
3065 4280 3182 4334 Jam
3215 4297 3374 4333 mnu-

1787 4372 1886 4428 dus
1912 4381 2032 4443 post
2063 4387 2185 4426 eum
2217 4373 2372 4440 abiit,
2400 4381 2454 4428 et
2485 4373 2582 4444 ipsi
2615 4375 2911 4429 amiserunt
2942 4374 3116 4428 locum
3161 4381 3213 4428 et
3245 4389 3376 4445 gen-

1789 4466 1930 4524 tem,
1964 4468 2018 4515 et
2060 4461 2181 4516 ideo
2206 4461 2262 4515 in
2309 4474 2498 4516 vanum
2542 4463 2859 4533 quwsierunt
2910 4462 3140 4517 animam
3181 4479 3373 4516 meam.

63 4569 134 4615 ut
188 4529 353 4628 adipe
396 4567 444 4612 et
490 4529 802 4629 pinguedine
851 4557 1008 4612 labiis
1049 4529 1415 4614 etsultationis
1445 4529 1684 4615 laudabit
1716 4529 1913 4604 Dldeo
1945 4558 2188 4620 quaarent
2232 4552 2470 4606 animam
2515 4529 2690 4607 meam
2737 4553 2805 4607 ad
2834 4553 3200 4623 perdendum,
3247 4555 3375 4625 quia

62 4667 136 4705 os
186 4663 384 4711 meum,
419 4647 469 4702 id
492 4657 574 4703 est
597 4662 861 4703 meorum.
903 4647 958 4702 ιη
991 4663 1097 4717 quo
1129 4648 1213 4703 illa
1243 4649 1394 4714 laus,
1423 4653 1682 4706 ostendit.

61 4737 418 4797 Laudabunt
465 4746 517 4793 te
562 4739 619 4793 in
665 4742 959 4805 matutinis,
1009 4742 1060 4797 id
1090 4751 1172 4798 est
1226 4744 1278 4797 in
1335 4745 1450 4800 suis
1497 4760 1681 4801 resur-

64 4821 428 4886 rectiombus
459 4846 473 4883 :
505 4829 632 4898 quia
664 4840 798 4900 quot
827 4829 989 4901 justi,
1036 4842 1114 4888 tot
1165 4836 1434 4890 matutini.
1491 4835 1685 4909 Fulge-

64 4923 216 4975 bunt
239 4918 378 4988 justi
393 4919 526 4973 sicut
545 4919 623 4974 sol
644 4921 699 4975 in
722 4937 879 4992 regno
909 4922 1084 4977 Patris
1107 4940 1285 4979 eorum
1306 4925 1680 4999 (Matt/1.3m).

64 5011 249 5066 Tunc
279 5009 682 5066 meditabuntur
711 5011 768 5065 in
793 5021 862 5077 te,
893 5012 946 5068 id
974 5024 1078 5079 est,
1109 5017 1286 5073 omnis
1308 5031 1494 5073 eorum
1533 5020 1684 5090 cogi-

66 5105 230 5159 tatio
267 5103 375 5158 erit
422 5102 473 5158 in
500 5102 651 5160 laude
681 5113 804 5168 tua,
834 5107 956 5174 quia
979 5104 1090 5174 jath
1125 5124 1230 5164 non
1256 5110 1362 5166 erit
1387 5111 1530 5167 aliud
1574 5128 1685 5167 am-

65 5194 239 5266 plius
267 5192 415 5247 unde
434 5193 638 5252 solliciti
661 5195 774 5249 sint
800 5212 813 5248 :
837 5195 1081 5268 Amplius
1107 5201 1246 5255 enim
1271 5217 1372 5256 non
1397 5205 1494 5258 erit
1525 5220 1687 5275 neque

65 5287 294 5346 luctus,
327 5299 492 5370 neque
521 5286 740 5351 clamor,
791 5301 956 5358 neque
985 5288 1123 5346 ullus
1151 5291 1300 5345 dolor
1327 5294 1512 5364 (Apoc.
1548 5295 1682 5363 xxi).

63 5376 216 5416 ἈΜ
266 5382 323 5428 te.
373 5372 647 5422 laudabunt
728 5376 855 5420 auia
887 5386 941 5422 tn
977 5379 1120 5420 fui-ti
1153 5383 1368 5420 ηλςοιιη..
1411 5404 1554 5420 κη...
1635 5388 1686 5418 ςΑ

1785 4640 1955 4711 pluris
1995 4641 2193 4697 facient
2217 4651 2430 4697 terrena
2456 4658 2618 4712 quam
2650 4658 2728 4708 se,
2759 4643 2969 4700 scilicet
2993 4645 3282 4700 introibunt
3315 4646 3371 4698 in

1786 4731 2038 4802 inferiora
2067 4743 2241 4788 terra.
2285 4733 2378 4789 llle
2416 4734 2584 4791 intrat
2610 4745 2831 4800 terram,
2865 4737 2959 4805 qui
2996 4744 3176 4801 terrae,
3206 4737 3257 4792 id
3288 4746 3379 4791 est

1789 4826 1938 4883 carni
1979 4841 2109 4892 suae,
2156 4828 2446 4884 consentit.
2489 4830 2581 4885 Ille
2606 4839 2788 4886 autem
2820 4832 2988 4886 intrat
3025 4834 3081 4886 in
3115 4833 3374 4903 inferiora

1787 4929 1960 4985 terra,
2013 4920 2103 4990 qui
2133 4933 2252 4990 quae
2278 4920 2420 4976 infra
2450 4933 2578 4979 sunt
2609 4922 2778 4993 pluris
2823 4922 2955 4978 facit
2998 4940 3159 4994 quam
3197 4939 3276 4977 se.
3311 4924 3381 4976 Et

1791 5010 1916 5081 quia
1956 5012 2289 5082 quaesierunt
2329 5015 2559 5083 perdere
2590 5015 2826 5068 animam
2865 5031 3074 5080 meam,
3103 5015 3378 5069 tradentur

1790 5103 1847 5156 in
1877 5119 2065 5157 manus
2113 5105 2305 5176 gladii,
2345 5105 2399 5161 id
2432 5117 2534 5175 est,
2564 5108 2617 5160 in
2663 5116 2982 5176 potestatem
3022 5105 3378 5177 gladiatorum

1795 5195 1903 5250 Titi
1934 5207 1990 5251 et
2013 5196 2349 5270 Vespasiani.
2392 5200 2459 5255 Et
2485 5209 2636 5256 erant
2676 5210 2850 5267 partes
2896 5197 3150 5266 vulpium,
3196 5195 3249 5246 id
3301 5202 3390 5246 est

1796 5290 1977 5360 Pmda
2005 5290 2376 5348 Romanorum
2401 5292 2747 5364 principum;
2784 5289 2872 5358 qui
2903 5287 3168 5356 principes
3201 5283 3390 5351 vulpes

1797 5382 2051 5416 ("anni-In
2114 5392 2336 5420 npnnIo-I
2389 5384 2582 5418 Arnim".
