3884 5430
129 410 208 465 ιδι
1211 392 1681 453 ΕΝᾹΒΒΑΤΙΟΝΙ

1784 391 1851 447 IM
1890 391 2224 450 PSALMOS.
3246 398 3354 455 469.

126 524 313 595 guinem
341 533 533 590 ponere
556 517 606 571 in
637 514 1068 572 conscientiam?
1099 513 1436 569 lntenderunt
1463 527 1664 569 arcum,
1701 512 1744 567 Λ
1774 522 1871 577 per
1936 524 2065 574 nos,
2134 510 2227 565 sed
2280 526 2377 582 per
2434 511 2752 583 discipulum
2816 513 3124 581 ‘occidatur,
3176 517 3272 572 sed
3321 532 3353 571 ι

126 613 321 668 insidias
352 622 718 682 paraverunt:
771 619 823 665 et
855 608 1203 664 intenderunt
1253 623 1361 661 rem
1406 622 1666 669 amaram,
1767 597 1976 669 judice;
2029 611 2195 658 totum
2250 603 2513 662 faciamus
2556 615 2610 662 et
2658 606 2731 662 nil
2779 606 2970 663 fecisse
3007 608 3285 665 videamur
3337 629 3351 665 :

124 708 242 759 hanc
267 704 505 759 scilicet:
536 702 913 757 subverterunt
942 698 1168 770 pecunia
1203 695 1523 767 discipulum
1564 694 1669 750 col-
1771 692 1863 746 sed
1902 693 2198 762 defecerunt
2245 705 2537 752 scrutantes

124 798 271 865 legam
298 792 517 857 Christi,
556 801 613 847 ut
632 808 729 863 per
757 808 877 845 cum
909 791 1234 844 traderetur.
1263 788 1346 843 Ad
1375 787 1478 843 hoc
1498 786 1666 841 inten-

122 890 479 940 deruntarcum
508 895 562 937 ut
591 884 857 953 sagittent,
881 882 1058 944 idest,
1079 878 1327 933 occidant
1352 879 1407 932 in
1432 876 1668 939 occultis,

124 980 164 1031 il
192 988 283 1041 est,
318 978 543 1030 latenter
573 991 693 1028 cum
720 991 879 1044 quem
909 973 1043 1028 nihil
1072 971 1222 1038 latet,
1254 972 1667 1033 immaculatum,

123 1070 246 1121 illum
277 1066 476 1121 scilicet
498 1069 588 1136 qui
620 1066 853 1121 maculas
880 1071 1227 1134 peccatorum
1256 1059 1474 1117 auferre
1505 1074 1670 1115 vene-

2609 697 2905 765 scrutinia,
2956 700 3009 755 id
3069 708 3152 755 est
3198 709 3356 756 acuta

1771 781 2016 836 consilia.
2056 783 2178 839 ldeo
2217 784 2546 854 defecerunt,
2579 788 2705 856 quia
2748 788 3000 844 simulata
3048 790 3357 847 innocentia

1771 871 1887 927 haec
1916 881 2055 927 erat.
2092 872 2403 930 Subdebant
2445 877 2586 931 enim
2612 919 2626 943 ,
2659 877 2939 949 Cruciﬁge.
2982 881 3175 936 Anima
3207 883 3352 937 enim

1772 974 2024 1021 avertens
2062 982 2120 1023 se
2156 983 2186 1022 a
2233 968 2352 1024 luce
2390 968 2653 1039 iustitiae,
2702 980 2904 1042 quanto
2949 974 3121 1045 magis
3165 975 3361 1043 quierit

1772 1057 1900 1125 quid
1948 1058 2187 1115 inveniat
2232 1060 2763 1145 contra_justitiam,
2814 1073 2967 1119 tanto
3002 1064 3122 1133 plus
3163 1081 3192 1119 a
3239 1065 3359 1120 luce

124 1170 210 1215 rat.
242 1158 414 1213 Subito
444 1159 759 1228 sagittabunt
790 1174 931 1222 eum,
962 1156 1015 1210 id
1052 1164 1135 1210 est
1164 1156 1376 1209 incaute
1395 1162 1451 1209 et
1484 1153 1670 1207 incon-

122 1252 347 1313 siderate,
375 1251 715 1305 attendentes
746 1249 1038 1312 hominem,
1080 1256 1132 1302 et
1182 1262 1289 1301 non
1336 1244 1673 1301 attendentes

124 1345 285 1397 Deum.
309 1340 371 1393 Et
394 1359 497 1394 non
523 1342 793 1395 timebunt.
822 1340 1023 1393 Durum
1051 1354 1167 1403 cor,
1194 1338 1336 1408 quod
1365 1352 1470 1392 non
1499 1333 1676 1390 timuit

118 1434 326 1503 judicent
370 1433 517 1486 illum
572 1432 767 1502 injuste
824 1431 1105 1495 damnare,
1161 1444 1323 1500 quem
1370 1426 1548 1482 nullus
1591 1424 1678 1494 ju-

120 1524 273 1578 dicum
332 1532 510 1592 potest
568 1521 773 1577 fallere.
840 1522 1042 1576 Durum
1066 1524 1179 1583 eor,
1245 1518 1389 1587 quod
1450 1531 1556 1572 non
1613 1513 1673 1569 ti-

122 1612 234 1665 muit
271 1611 414 1665 illum
466 1611 688 1682 ligatum
738 1611 977 1677 tradere,
1015 1610 1106 1680 qui
1158 1615 1377 1664 venerat
1418 1608 1676 1664 mundum

121 1718 143 1754 τι
185 1703 409 1771 peccatis
458 1702 683 1757 solvere.
732 1703 934 1757 Durum
989 1717 1103 1766 eor,
1169 1699 1311 1771 quod
1348 1713 1454 1754 non
1500 1697 1678 1753 timuit

120 1791 246 1843 illum
274 1792 537 1856 occidere,
570 1792 662 1862 qui
712 1800 936 1847 venerat
964 1792 1222 1846 mundum
1278 1806 1306 1845 a
1348 1797 1520 1846 morte
1548 1788 1681 1844 libe-

1775 1147 2082 1218 repellitur,
2122 1159 2177 1205 et
2222 1150 2275 1205 in
2310 1152 2590 1207 tenebrosa
2631 1153 2978 1224 demergitur.
3012 1153 3202 1209 Merito
3229 1169 3361 1226 ergo

1775 1238 1866 1295 isti
1914 1240 2225 1297 recedentes
2271 1258 2301 1297 a
2336 1240 2547 1311 iustitia
2595 1242 2929 1299 defecerunt.
2980 1244 3105 1300 Ideo
3152 1243 3359 1314 defece-

1777 1338 1931 1395 runt,
1954 1331 2077 1400 quia
2100 1332 2306 1387 accedet
2329 1334 2517 1400 homo,
2547 1334 2601 1389 id
2629 1343 2743 1400 est,
2771 1344 2961 1405 sponte
2987 1352 3081 1391 sua
3113 1337 3363 1391 humani-

1780 1428 1861 1475 tas
1907 1435 2026 1477 mea
2075 1422 2295 1479 accedet
2343 1425 2412 1479 ad
2441 1434 2532 1480 'cor
2562 1426 2763 1493 altum,
2812 1428 2863 1482 id
2904 1438 3017 1494 est,
3072 1431 3140 1485 ad
3173 1444 3360 1485 eorum

1778 1510 2040 1582 profunda
2087 1515 2349 1582 consilia,
2398 1526 2453 1573 et
2496 1518 2550 1573 in
2594 1519 2813 1575 homine
2863 1520 3025 1576 Deus.
3050 1520 3118 1575 Et
3160 1522 3362 1577 exalta-

1780 1602 1921 1657 bitur
1976 1603 2147 1671 Deus,
2208 1606 2332 1663 illuc
2389 1610 2641 1665 ascendet
2699 1611 2997 1677 exaltatus,
3054 1612 3195 1668 unde
3251 1630 3358 1669 non

1781 1692 2062 1749 descendit
2116 1696 2586 1755 humiliatuszvel
2642 1702 2849 1755 accedet
2899 1704 3093 1768 homo,
3162 1703 3216 1759 id
3279 1712 3365 1759 est

1782 1783 2133 1843 humanitas:
2165 1788 2235 1841 ad
2279 1804 2370 1842 cor
2414 1788 2612 1857 altum,
2654 1791 2705 1845 id
2748 1800 2863 1856 est,
2907 1794 2975 1847 ad
3016 1793 3365 1849 inscrutabile

121 1899 241 1935 rare.
274 1880 471 1936 Timuit
494 1858 752 1953 potestas,
783 1883 910 1953 quia
940 1882 1143 1937 Pilatus
1184 1881 1525 1935 verberatum
1550 1894 1674 1934 eum
1706 1858 1754 1921 Β
1779 1874 2059 1931 consilium
2109 1876 2232 1944 Dei,
2275 1880 2400 1950 quia
2448 1878 2616 1937 noluit
2668 1882 2870 1947 videri,
2913 1892 2973 1937 ut
3016 1900 3122 1938 non
3164 1898 3367 1953 cogno-

121 1972 207 2027 illis
236 1973 469 2037 tradidit,
514 1988 618 2028 non
657 1974 943 2030 inveniens
970 1973 1022 2028 in
1049 1987 1171 2027 eum
1213 1986 1433 2027 causam
1465 1969 1673 2032 mortis,

120 2074 207 2117 non
222 2073 277 2117 ut
290 2074 412 2118 eum
428 2064 730 2131 damnaret,
750 2065 842 2121 sed
860 2076 914 2119 ut
932 2080 1121 2121 eorum
1144 2062 1453 2119 crudelitati
1470 2060 1678 2116 satisfa-

120 2162 261 2207 ceret.
292 2152 492 2207 Timuit
522 2163 761 2224 potestas
785 2164 842 2211 et
866 2171 971 2210 non
990 2151 1676 2210 contremiscitIudaeorum

124 2244 404 2300 immanitas
438 2262 451 2298 :
483 2245 611 2300 lavit
652 2262 843 2302 manus
884 2255 1154 2316 potestas,
1184 2252 1239 2300 et
1275 2244 1374 2314 ipsi
1420 2243 1679 2314 sanguine

119 2332 393 2401 polluerunt
424 2335 801 2391 conscientias.
828 2337 1035 2405 Revera
1061 2351 1164 2391 non
1199 2335 1526 2401 timuerunt,
1555 2334 1680 2405 quia

120 2425 437 2487 ﬁrmaverunt
498 2428 596 2482 sibi
646 2444 934 2484 sermonem
983 2444 1225 2499 nequam.
1282 2426 1383 2483 llic
1430 2427 1531 2482 fuit
1593 2427 1681 2481 ille

120 2528 320 2582 nequam
382 2530 597 2583 sermo,
657 2516 796 2572 Reus
850 2528 924 2573 est
985 2519 1164 2573 mortis
1235 2517 1449 2589 (Matth.
1508 2516 1719 2586 κενὴ..

120 2603 248 2671 Quod
292 2605 644 2663 ﬁrmaverunt
689 2611 903 2679 quando
930 2610 1213 2674 dixerunt,
1250 2607 1528 2678 Cruci/ige,
1562 2624 1682 2661 cru-

120 2695 278 2766 ciﬁge;
318 2707 367 2753 et
419 2688 703 2769 potestas:
745 2700 935 2772 Regem
978 2711 1206 2756 vestrum
1244 2699 1588 2770 cruciﬁgam?
1617 2698 1683 2753 Et

120 2784 208 2849 illi,
238 2785 425 2859 Regem
457 2806 560 2843 non
588 2790 838 2844 habemus
882 2790 982 2844 nisi
1022 2788 1283 2844 Ca’sarem
1315 2788 1497 2859 (Joan.
1543 2790 1677 2861 nx),

117 2884 161 2929 et
203 2880 349 2933 tertio
405 2880 897 2948 conﬁrmaverunt,
950 2882 1164 2951 quando
1209 2890 1451 2953 potestas
1493 2882 1676 2937 dixit:

120 2965 315 3024 Nullam
367 2973 572 3027 invenio
622 2976 677 3027 in
706 2982 824 3028 eum
875 2982 1220 3038 causam;et
1270 2974 1341 3028 illi
1390 2993 1403 3029 :
1452 2972 1681 3046 Sanguis

116 3056 397 3130 ejusrsuper
429 3078 519 3116 nos
558 3072 606 3117 et
656 3079 811 3133 super
830 3062 969 3131 filios
1002 3074 1203 3118 nostros
1230 3062 1445 3134 (Matth.
1485 3063 1678 3135 xxvtt).

118 3147 207 3203 Sed
263 3152 359 3205 sibi
410 3153 789 3221 ﬁrmaverunt,
847 3155 899 3210 id
952 3164 1071 3221 est,
1125 3156 1192 3211 ad
1248 3172 1398 3212 suam
1451 3158 1679 3212 damna-

118 3240 327 3307 tionem,
375 3218 483 3297 non
527 3243 616 3299 Dei
652 3259 667 3298 :
703 3245 814 3317 ipse
860 3256 1088 3302 mortem
1126 3247 1355 3313 occidit,
1395 3247 1467 3302 illi
1513 3248 1679 3304 occisi
1707 3218 1753 3281 Β

115 3343 222 3386 ευηι
271 3334 394 3405 quia
459 3334 511 3390 in
564 3351 621 3391 se
680 3336 1020 3408 iniquitatem
1074 3335 1323 3394 occidere
1371 3338 1680 3395 noluerunt.

116 3424 161 3477 ln
197 3426 419 3481 Domino
456 3443 601 3482 mors
630 3428 803 3484 occisa
852 3438 962 3493 est,
1002 3430 1054 3483 in
1090 3429 1193 3485 illis
1224 3429 1478 3499 iniquitas
1513 3431 1679 3495 vixit,

116 3514 160 3567 in
204 3532 303 3586 qua
348 3518 545 3572 mortui
593 3528 739 3574 sunt.
783 3519 891 3574 Aut
936 3521 1078 3575 enim
1135 3531 1186 3574 tu
1233 3521 1434 3576 occidis
1485 3522 1682 3591 iniqui-

117 3616 260 3661 tatem
294 3649 310 3672 ,
369 3618 465 3663 aut
515 3610 627 3680 ipsa
697 3619 766 3664 te.
826 3610 881 3665 Si
931 3612 1014 3667 vis
1068 3627 1185 3665 eam
1234 3612 1524 3677 occidere,
1578 3613 1682 3667 noli

114 3700 304 3756 hostem
349 3719 594 3774 quaerere
637 3715 792 3760 extra
843 3713 927 3771 te,
976 3706 1119 3760 intus
1169 3718 1291 3759 eum
1340 3705 1525 3761 habes.
1560 3707 1687 3761 Dure

112 3791 239 3845 enim
282 3802 408 3847 sunt
451 3804 631 3863 partes
678 3795 874 3849 animae
915 3812 929 3848 :
972 3810 1075 3848 una
1129 3810 1248 3864 qua:
1298 3794 1533 3848 adhaeret
1565 3811 1684 3849 car-

114 3881 337 3948 nalitati,
384 3883 474 3939 illa
534 3894 758 3940 vocatur
804 3883 1097 3955 spiritalis,
1156 3886 1262 3940 ista
1322 3884 1589 3939 sensualis
1637 3898 1684 3939 ει.

115 3969 223 4026 Ηίεε
259 3984 341 4028 εει
384 3974 496 4029 Eva
542 3984 761 4039 nostra,
805 3990 925 4045 qua:
970 3975 1145 4031 adhuc
1183 3975 1425 4030 extendit
1470 3990 1685 4031 manum

114 4063 171 4116 ad
227 4063 447 4131 illicita,
506 4076 561 4121 et
611 4067 677 4120 ad
739 4075 1019 4137 peccatum
1083 4082 1182 4123 nos
1246 4069 1440 4127 trahit.
1479 4067 1523 4123 si
1582 4085 1686 4125 non

112 4154 174 4209 sit
218 4157 505 4228 subiugata
556 4158 674 4213 viro
740 4173 873 4225 suo,
940 4158 991 4213 id
1055 4167 1170 4226 est,
1225 4159 1455 4231 spiritali
1509 4160 1686 4231 patri,

110 4248 191 4316 qui
243 4257 297 4304 et
352 4259 513 4320 caput
573 4250 687 4321 ejus
742 4259 863 4316 est,
920 4250 1046 4320 quia
1102 4258 1259 4321 caput
1316 4249 1553 4305 mulieris
1614 4252 1692 4305 vir

112 4325 159 4389 (1
203 4336 322 4392 Cor.
378 4339 477 4399 xi).
525 4338 891 4395 Narraverunt
931 4350 983 4394 ut
1020 4339 1396 4396 absconderant
1453 4340 1687 4412 laqueos,

112 4430 155 4490 id
192 4439 301 4493 est,
354 4431 589 4486 inierunt
631 4433 915 4488 consilium
964 4433 1234 4503 quomodo
1272 4432 1483 4488 occulte
1514 4450 1686 4505 quan-

112 4524 211 4572 tum
250 4521 314 4574 ad
364 4536 424 4576 se
468 4537 589 4576 eum
639 4522 983 4589 occiderent,
1014 4524 1097 4579 vel
1138 4524 1189 4578 in
1238 4539 1487 4581 sermone
1530 4542 1690 4598 cape-

112 4618 250 4673 rent,
299 4608 459 4677 juxta
506 4611 633 4666 illud
679 4631 690 4666 :
744 4613 871 4668 Ilwc
924 4616 1111 4669 mulier
1168 4616 1325 4671 modo
1372 4616 1691 4687 deprehensa

110 4708 174 4751 est
220 4702 273 4755 in
302 4703 561 4760 adulterio
611 4705 792 4775 (Joan.
840 4707 979 4780 vnl).
1038 4708 1103 4763 Et
1155 4708 1284 4763 illud
1330 4725 1344 4762 :
1394 4709 1535 4765 Licet
1575 4728 1694 4766 cen-

111 4806 215 4845 sum
264 4794 392 4849 dare
438 4795 636 4851 Caesari
694 4800 912 4853 annon?
941 4799 1159 4871 (Matth.
1186 4800 1349 4872 χχιι.)
1396 4801 1689 4870 Dixerunt,

113 4895 207 4938 non
265 4887 318 4941 in
369 4901 532 4953 voce,
577 4890 671 4946 sed
737 4890 788 4945 in
852 4894 1067 4949 corde:
1122 4892 1252 4960 Quis
1314 4894 1501 4949 videbit
1564 4896 1693 4951 eos.’

116 4972 210 5029 Sed
268 4980 375 5035 hoc
429 4982 709 5047 dicebant,
763 4984 862 5037 hoc
919 4984 1212 5040 machinati
1262 4995 1390 5041 sunt
1453 4987 1507 5042 in
1561 5003 1686 5044 eum

112 5078 261 5133 quem
317 5068 448 5122 nihil
505 5071 656 5127 latet.
714 5069 761 5126 Ο
817 5070 1031 5136 Iudaee.
1087 5076 1413 5146 dicis,quis
1449 5078 1693 5135 videbit?

114 5154 203 5208 sed
248 5158 394 5213 videt
439 5162 524 5231 qui
574 5162 707 5217 fecit
761 5171 831 5216 te.
872 5162 972 5230 Qui
1013 5166 1155 5221 enim
1203 5165 1331 5223 l‘ecit
1373 5168 1689 5236 hominem,

114 5248 208 5298 scit
233 5252 363 5302 nuid
397 5264 472 5308 est
520 5257 571 5312 in
610 5254 834 5311 homine
859 5296 874 5322 ,
922 5265 976 5312 et
1020 5274 1126 5316 non
1174 5275 1312 5330 opus
1340 5270 1425 5317 est
1469 5272 1529 5319 ut
1566 5262 1689 5333 qnis

986 5367 995 5372 ”
1046 5354 1061 5373 ¹
1087 5355 1265 5388 δινεῖ-η’·
1302 5372 1314 5402 τ
1360 5356 1412 5402 hi
1462 5366 1584 5404 man
1616 5356 1687 5392 illi

1776 1975 2051 2035 sceretur;
2103 1984 2210 2024 non
2255 1970 2543 2041 COﬁI‘IOSCi,
2609 1983 2669 2026 ιιι
2721 1982 3185 2042 contemneretur;
3233 1992 3366 2033 COD-

1779 2057 1977 2125 temni,
2010 2068 2069 2113 ut
2110 2061 2517 2130 cruciligeretur
2551 2076 2567 2115 :
2598 2062 2681 2117 vel
2716 2063 2835 2119 ideo
2874 2064 3203 2134 defecerunt,
3233 2066 3362 2136 quia

1778 2145 1844 2201 ad
1895 2162 2081 2203 eorum
2133 2152 2358 2207 consilia
2434 2153 2641 2208 accedet
2694 2154 2867 2209 homo.
2922 2156 3038 2210 Non
3082 2158 3225 2212 enim
3286 2166 3366 2213 te-

1779 2246 2000 2293 neretur
2052 2240 2156 2296 nisi
2215 2242 2378 2298 homo
2425 2252 2482 2299 et
2527 2259 2633 2299 non
2680 2244 2855 2299 solum
2905 2248 3095 2315 homo,
3151 2250 3276 2319 quia
3307 2259 3363 2305 et

1779 2351 1871 2388 cor
1923 2335 2128 2403 altum,
2177 2338 2232 2393 id
2303 2346 2417 2405 est,
2472 2339 2615 2394 Deus
2673 2358 2686 2393 :
2738 2338 2851 2411 Ego
2904 2341 3041 2395 enim
3092 2352 3139 2396 et
3202 2340 3367 2397 Pater

1779 2446 1943 2485 unum
1984 2448 2164 2488 sumus
2208 2432 2389 2505 (Joan.
2436 2434 2515 2506 x).
2563 2434 2771 2491 Occidit
2816 2436 2976 2491 homo
3019 2446 3073 2492 et
3097 2437 3369 2492 exaltatur

1782 2522 1968 2577 Deus:
2007 2540 2112 2580 non
2162 2524 2301 2596 apud
2350 2526 2623 2594 homines,
2683 2529 2774 2599 qui
2817 2529 2867 2584 in
2925 2530 3141 2585 homine
3188 2530 3366 2585 humi-

1781 2612 1943 2670 liatus
1988 2624 2106 2682 est,
2162 2616 2217 2671 in
2266 2618 2483 2675 homine
2537 2625 2750 2690 quoque
2802 2620 3037 2676 exaltato
3085 2630 3169 2677 est
3218 2621 3369 2677 exal-

1782 2714 1943 2762 tatus.
2004 2708 2222 2763 Accedet
2285 2709 2440 2764 homo
2497 2710 2568 2764 ad
2614 2728 2706 2764 cor
2740 2710 2905 2766 altum
2956 2722 3005 2767 et
3050 2712 3371 2768 exaltabitur

1780 2796 1923 2854 Deus
1955 2813 1974 2852 :
2005 2800 2093 2855 ille
2141 2800 2282 2856 idem
2316 2802 2408 2873 qui
2447 2817 2603 2859 verus
2652 2804 2812 2859 homo
2861 2806 3244 2876 comprobatus
3285 2816 3371 2862 est

1781 2904 1902 2946 esse
1948 2890 2002 2945 in
2048 2891 2330 2962 passione,
2381 2908 2540 2949 verus
2585 2894 2726 2949 Deus
2779 2897 3027 2966 apparuit
3080 2896 3131 2951 in
3187 2884 3373 2952 resur-

1783 2986 2042 3041 reCtione.
2099 2986 2223 3043 Ideo
2278 2987 2418 3043 Deus
2464 2988 2821 3055 exaltabitur,
2863 2988 2914 3044 id
2962 3001 3081 3057 est,
3132 2991 3370 3061 potentia

1783 3079 1965 3135 divina
2043 3080 2509 3148 manifestabitur,
2580 3082 2708 3151 quia
2774 3082 2975 3153 sagitta:
3032 3082 3372 3152 parvulorum

1784 3169 1938 3239 factm
1964 3180 2085 3225 sunt
2132 3169 2302 3241 plaga:
2333 3186 2535 3225 eorum.
2582 3168 2776 3226 Omnia
2822 3171 2903 3227 eis
2944 3172 2994 3226 in
3037 3172 3368 3227 contrarium

1784 3275 1939 3317 versa
1988 3270 2167 3317 sunt:
2206 3261 2375 3334 plaga:
2427 3278 2615 3318 eorum
2666 3263 3060 3334 comparabiles
3106 3272 3235 3318 sunt
3283 3278 3373 3317 sa-

1785 3354 1935 3425 gittis
2003 3356 2383 3424 parvulorum,
2459 3356 2585 3425 quia
2662 3354 2964 3411 inellicaces
3016 3364 3069 3410 et
3129 3355 3376 3409 invalida:

1785 3444 2051 3503 fuerunt:
2108 3447 2191 3503 vel
2249 3448 2303 3502 in
2355 3455 2517 3518 caput
2563 3462 2753 3504 eorum
2807 3456 3172 3513 revertentes,
3228 3448 3376 3502 sicut

1786 3536 1995 3608 sagitta».
2050 3535 2394 3605 parvulorum
2428 3535 2645 3591 incaute
2701 3536 2754 3589 in
2800 3535 2968 3589 altum
3012 3534 3190 3604 jactae.
3246 3534 3371 3590 Ideo

1786 3628 1991 3697 sagitta:
2054 3625 2427 3697 parvulorum,
2494 3626 2619 3697 quia
2679 3626 2958 3695 inﬁrmata:
3007 3634 3128 3680 sunt
3186 3635 3370 3680 contra

1786 3735 1873 3773 eos
1913 3716 2109 3787 lingum
2150 3732 2364 3782 eorum,
2417 3717 2470 3771 id
2522 3725 2638 3782 est,
2690 3716 2851 3771 verba
2905 3731 3025 3785 quae
3080 3716 3179 3787 ipsi
3219 3725 3378 3786 puta-

1791 3816 1983 3863 verunt
2042 3807 2327 3862 commoda
2380 3807 2449 3863 ad
2500 3823 2715 3864 causam
2765 3822 2952 3874 suam,
3003 3817 3193 3864 contra
3246 3824 3378 3864 eau-

1790 3916 1904 3955 sam
1969 3912 2123 3953 suam
2179 3895 2599 3968 fueruntzquia
2653 3898 2719 3953 ad
2771 3912 2889 3953 eam
2946 3898 3373 3955 conﬁrmandam

1791 3992 2025 4046 maxime
2065 3988 2369 4045 valuerunt.
2422 3989 2669 4045 Surrexit
2725 3988 2868 4045 enim
2921 3988 3215 4046 Christus:
3250 4006 3376 4047 cor-

1793 4071 1934 4142 rupti
1962 4078 2087 4126 sunt
2116 4067 2340 4141 vigiles,
2388 4069 2511 4140 quia
2563 4070 2750 4124 eadem
2798 4069 3026 4124 avaritia
3054 4086 3175 4141 quae
3206 4072 3379 4142 capti-

1791 4161 1939 4216 vavit
1989 4159 2309 4231 discipulum
2361 4159 2612 4216 comitem
2639 4159 2876 4225 Christi,
2922 4162 3221 4231 eaptivavit
3271 4164 3375 4218 mi-

1792 4255 1939 4311 litem
1964 4254 2243 4311 custodem
2291 4252 2541 4325 sepulcri.
2573 4253 2777 4307 Dicite:
2812 4252 3200 4310 Dormientibus
3227 4258 3377 4311 nobis

1791 4348 2034 4419 discipuli
2084 4363 2202 4403 eum
2250 4346 2488 4403 tulerunt
2538 4346 2751 4417 (Matth.
2799 4346 2991 4415 xxvm)
3039 4365 3050 4400 :
3104 4348 3375 4403 inﬁrmum

1794 4442 1897 4497 hoc
1956 4440 2099 4495 fuit:
2139 4438 2269 4510 quid
2320 4438 2505 4495 enim?
2559 4437 2616 4493 Si
2676 4437 3043 4502 dormiebant,
3107 4440 3377 4509 quomodo

1792 4518 1960 4587 Judaei
2024 4530 2227 4586 testes?
2281 4527 2456 4584 Testis
2521 4528 2663 4583 enim
2715 4542 2817 4583 non
2875 4537 2959 4584 est
3012 4529 3376 4599 conﬁrmare,

1797 4625 1897 4680 nisi
1939 4624 2082 4695 quod
2128 4623 2285 4689 vidit,
2336 4621 2420 4678 vel
2448 4621 2670 4676 audivit.
2708 4620 2763 4675 Si
2792 4630 2969 4676 autem
3004 4637 3110 4677 non
3143 4622 3378 4679 dormie-

1796 4722 1947 4779 runt,
1981 4730 2079 4770 cur
2124 4728 2231 4770 non
2272 4712 2698 4785 prohibuerunt?
2742 4712 2855 4767 Hoc
2892 4712 3010 4769 illos
3043 4714 3224 4770 dicere
3249 4729 3379 4771 con-

1791 4807 2115 4869 stituerunt,
2150 4804 2291 4859 unde
2320 4802 2492 4874 magis
2534 4811 2853 4858 teneantur:
2887 4802 2966 4856 vel
3000 4804 3140 4858 unde
3170 4818 3229 4858 se
3275 4817 3377 4857 sua

1794 4900 1965 4972 magis
1988 4892 2311 4956 conﬁrmare
2336 4902 2689 4967 putaverunt,
2720 4894 2843 4951 inde
2872 4894 3043 4966 magis
3065 4893 3379 4949 inﬁrmave-

1794 4999 1939 5047 runt.
1957 4990 2275 5047 Amiserunt
2299 4987 2442 5045 enim
2472 4997 2526 5045 et
2546 4987 2724 5043 locum
2741 4996 2797 5044 et
2820 4995 3053 5057 gentem.
3084 4983 3378 5040 lnﬁrmatis

1795 5080 1991 5153 linguis
2018 5093 2227 5144 eorum,
2258 5078 2556 5133 conturbati
2601 5085 2721 5131 sunt
2759 5092 2934 5132 omnes
2972 5074 3060 5145 qui
3108 5071 3385 5135 videbant,

1794 5172 1845 5227 id
1876 5182 1982 5240 est,
2013 5187 2135 5228 cum
2163 5170 2357 5225 timore
2378 5184 2534 5227 suam
2562 5166 2799 5224 salutem
2819 5165 3022 5237 operati
3047 5171 3171 5219 sunt
3196 5159 3268 5213 illi
3289 5162 3395 5227 qui

1793 5263 2055 5331 videbant,
2096 5263 2146 5318 id
2176 5270 2283 5327 est,
2314 5260 2692 5335 intelligebant
2719 5276 2809 5313 eos
2845 5258 3141 5311 inﬁrmatos
3166 5258 3219 5303 et
3244 5248 3403 5302 inef-

1795 5353 1990 5392 ﬁnnnnc
2056 5352 2137 5393 ναι
2170 5350 2396 5391 annclnli
2435 5364 2488 5392 οι
2519 5348 2699 5391 Μοιριιί
2744 5345 2984 5388 .iicninnli
3010 5342 3098 5384 nni
3124 5336 3405 5382 into-“ian-
