3918 6412
502 374 628 442 ἰϐδ

508 500 772 556 1imorem
806 497 1247 554 annuntiarerunt
1276 515 1432 570 opera
1459 497 1582 565 Dei,
1624 513 1745 569 quae
1767 496 1908 552 Deus
1938 496 2098 551 Pater
2127 497 2175 556 Α

519 599 772 661 operatus
804 597 889 645 est
934 604 1032 660 per
1076 588 1272 645 Filium
1321 589 1390 645 ad
1442 589 1836 659 reparationem
1881 586 2093 658 generis

518 681 760 735 humani.
811 679 879 734 Et
914 679 1052 750 facta
1108 679 1244 749 ejus,
1300 679 1354 734 id
1392 686 1497 744 est,
1547 680 1662 734 haec
1704 677 2090 741 intellexerunt,

516 770 642 839 quia
686 770 909 826 decebat
937 765 1059 825 eum
1090 770 1179 839 qui
1212 769 1409 826 mullos
1448 769 1588 825 ﬁlios
1617 769 1947 825 adducturus
1975 774 2094 822 erat

516 858 571 913 in
594 858 822 930 gloriam
853 855 1050 924 Patris,
1081 851 1353 914 auctorem
1376 858 1564 914 salutis
1597 873 1805 923 eorum,
1842 872 1940 928 per
1966 872 2092 927 pas-

515 949 720 1004 sionem
747 949 1108 1005 consummari
1131 947 1316 1020 (Hebr.
1340 948 1425 1022 u),
1452 947 1607 1019 juxta
1623 944 1784 1014 illud,
1814 946 2093 1018 Oportebat

511 1040 623 1109 pati
663 1040 928 1094 Christum
964 1039 1114 1111 (Luc.
1141 1038 1314 1111 xxtv).
1362 1038 1603 1095 Portavit
1640 1039 1695 1094 in
1730 1053 1891 1094 cruce
1930 1036 2091 1093 insul«

514 1137 711 1196 tantes,
763 1130 817 1184 in
860 1129 1121 1201 sepulcro
1162 1131 1373 1202 vigiles.
1422 1130 1566 1187 Cur?
1600 1129 1931 1185 Moriendum
1975 1136 2097 1184 erat

501 1214 734 1291 propter
771 1222 1089 1286 morituros,
1133 1231 1188 1277 et
1226 1218 1618 1296 resurgendum
1652 1231 1873 1295 propter
1914 1237 2093 1278 resur-

495 1318 778 1366 .recturos.
821 1311 948 1367 Haec
980 1313 1131 1382 prius
1157 1311 1428 1368 intellecta
1456 1328 1565 1369 non
1607 1321 1733 1368 sunt
1761 1330 1776 1367 :
1804 1310 2096 1367 Laetabitur

502 1402 683 1470 justus
708 1403 762 1456 in
790 1402 1037 1469 Domino,
1078 1404 1168 1474 qui
1192 1402 1369 1474 justus
1402 1414 1521 1459 erat
1555 1404 1607 1458 in
1646 1411 1819 1460 morte
1858 1403 2090 1469 Domini,

510 1493 651 1547 sicut
677 1495 905 1563 apustoli
934 1503 983 1549 et
1016 1494 1105 1548 alii
1139 1495 1291 1549 multi
1322 1494 1659 1551 laetabuntur
1682 1495 1738 1550 in
1763 1493 1879 1564 ejus
1916 1510 2095 1552 resur-

511 1584 771 1641 rectione.
805 1584 870 1639 Et
899 1586 1125 1655 sperabit
1151 1587 1204 1641 in
1233 1604 1315 1653 eo,
1339 1603 1445 1643 non
1476 1587 1530 1642 in
1552 1602 1632 1655 se,
1654 1603 1764 1645 non
1794 1588 1847 1643 in
1869 1587 2093 1653 mundo,

511 1675 607 1729 sed
654 1675 706 1729 in
741 1676 828 1731 illo
868 1677 1109 1747 sperabit
1146 1674 1450 1749 resurgere,
1503 1678 1596 1748 qui
1626 1685 1872 1734 mortuus
1912 1686 1995 1734 est
2039 1684 2096 1733 et

510 1774 810 1827 resurrexit
839 1792 853 1827 :
892 1781 946 1829 et
980 1790 1086 1828 non
1117 1775 1287 1830 solum
1322 1775 1501 1846 justus
1531 1776 1621 1845 qui
1643 1789 1766 1832 eum
1798 1774 1931 1830 vidit
1972 1788 2091 1845 spe-

1170 382 1426 441 REMIGII
1465 365 2121 442 aurts'smoon'eusrs
2158 375 2309 435 ore.
2349 377 2528 436 rans
2562 378 2603 434 ι.
2644 409 2716 421 -
2749 377 3157 437 EXEGETICA.

3679 379 3770 436 ιθι

2765 486 3221 544 ENARRATIO.

2266 584 2377 640 Res
2402 590 2554 654 gesta
2596 592 2933 638 memoratur
2966 583 3022 638 in
3060 581 3239 637 titulo.
3281 578 3480 637 Notum
3523 589 3611 636 est
3647 594 3770 651 quo-

2195 676 2354 733 modo
2377 670 2604 746 po‘pulus
2627 673 2747 741 Dei,
2782 674 2946 730 Israel
2975 673 3183 730 scilicet
3202 671 3397 729 ductus
3426 678 3510 728 est
3536 671 3772 741 captivus

2195 768 2248 822 in
2292 766 2617 837 Babylonem
2659 762 2766 837 (IV
2816 763 2943 836 Reg.
2991 763 3143 836 xxv).
3203 762 3273 819 Et
3314 778 3438 819 cum
3485 771 3675 817 essent
3702 761 3770 817 illi

2194 857 2408 928 captivi,
2437 854 2724 921 Jeremias,
2747 854 2839 924 qui
2863 861 2982 910 erat
2996 854 3063 910 de
3083 853 3271 910 eodem
3292 850 3510 925 populo,
3534 852 3773 922 ρι’εῶιῆ

2195 948 2300 1004 illis
2332 948 2561 1003 reditum
2591 947 2645 1002 in
2668 945 2967 1003 Jerusalem
2993 954 3116 1018 post
3138 945 3481 1017 septuaginta
3504 958 3700 1025 annos,
3718 953 3772 1001 et

2194 1040 2638 1096 restaurationem
2656 1037 2840 1109 templi
2863 1037 2996 1109 (Jer.
3020 1036 3340 1108 xxv,xxrx).
3367 1035 3587 1106 Aggeus
3606 1043 3772 1090 autem

2194 1130 2248 1185 in
2272 1129 2469 1196 reditu,
2500 1144 2597 1184 sua
2622 1128 2947 1184 auctoritate
2971 1136 3026 1183 et
3046 1126 3275 1184 consilio
3293 1124 3500 1195 adjuvit
3524 1126 3772 1194 templum

2193 1220 2527 1278 remdiﬁcare
2550 1219 2704 1292 (Agg.
2733 1236 2771 1287 ι,
2798 1220 2882 1293 ιι).
2920 1219 3050 1275 Haec
3078 1229 3252 1274 autem
3284 1219 3341 1273 in
3373 1218 3552 1288 ﬁgura
3580 1218 3772 1271 contin-

2193 1316 2378 1387 gebant
2405 1314 2512 1369 illis
2548 1314 2598 1384 (ι
2632 1314 2754 1369 Cor.
2790 1313 2870 1386 ι),
2902 1313 3023 1369 ideo
3053 1320 3293 1368 nostram
3328 1312 3384 1366 in
3417 1309 3507 1366 his
3536 1307 3772 1364 attenda-

2193 1419 2316 1461 mus
2343 1402 2853 1475 peregrinationem.
2884 1402 3014 1458 Duzc
3040 1400 3145 1457 ilke
3172 1399 3426 1457 civitates
3452 1399 3654 1454 umbra
3672 1396 3773 1451 fue-

2193 1505 2320 1551 runt
2344 1496 2576 1551 duarum
2604 1495 2905 1560 civitatum,
2931 1509 3054 1564 qua:
3083 1493 3138 1549 in
3168 1493 3272 1548 hac
3293 1491 3404 1547 vita
3425 1489 3594 1546 simul
3617 1490 3774 1546 mistae

2192 1593 2335 1642 sunt.
2367 1585 2655 1656 Babylonia
2687 1585 2879 1640 civitas
2915 1583 3019 1640 fuit
3074 1584 3130 1640 in
3167 1581 3376 1640 ultimis
3414 1580 3621 1636 ﬁnibus
3658 1578 3774 1634 Per-

2193 1676 2324 1733 sidis
2343 1675 2755 1747 opulentissima
2775 1686 2830 1732 et
2850 1674 3245 1747 potentissima.
3266 1671 3571 1728 Jerusalem
3598 1670 3773 1726 civitas

2194 1767 2296 1823 fuit
2324 1769 2378 1823 in
2404 1767 2649 1837 partibus
2681 1767 2872 1839 Syriae,
2904 1782 3068 1839 quam
3104 1765 3321 1833 Jebusei
3356 1763 3773 1826 aediﬁcaverunt,

511 1865 654 1920 rabit
680 1879 995 1937 resurgere:
1028 1865 1124 1922 sed
1144 1865 1521 1934 laudabuntur,
1547 1868 1600 1922 id
1622 1875 1724 1934 est,
1751 1866 2098 1923 laudabiliter
2122 1865 2170 1926 B
2198 1868 2254 1915 et
2279 1859 2546 1930 appellata
2577 1866 2660 1914 est
2688 1858 2856 1915 Jebus
2895 1876 2909 1913 :
2956 1857 3046 1913 illa
3076 1859 3371 1923 destructa,
3398 1854 3670 1911 aediﬁcata
3704 1860 3774 1907 est

508 1955 694 2010 vivent
723 1966 781 2010 ut
802 1964 858 2011 et
880 1955 985 2028 ipsi
1018 1957 1225 2027 possint
1244 1964 1488 2028 Sperare,
1524 1974 1701 2013 omnes
1739 1958 1868 2012 recti
1891 1958 2048 2012 corde
2074 1973 2094 2013 :

509 2046 583 2102 illi
602 2055 815 2118 regunt
834 2062 991 2104 suum
1021 2063 1136 2114 cor,
1178 2048 1373 2119 quibus
1401 2048 1493 2103 Dei
1522 2049 1798 2119 dispositio
1819 2058 1874 2105 et
1900 2049 2094 2105 volun-

510 2144 592 2191 tas
636 2137 689 2191 in
717 2137 967 2193 omnibus
993 2136 1190 2208 placet,
1233 2144 1338 2192 non
1376 2152 1492 2192 sua.
1525 2137 1698 2194 Aliter
1743 2154 1758 2195 :
1801 2137 2091 2209 Postquam

507 2228 651 2283 facta
681 2229 777 2284 Dei
807 2228 1192 2285 intellexerunt
1218 2243 1284 2283 eo
1296 2236 1646 2299 resurgente,
1683 2229 1777 2301 qui
1806 2230 1959 2300 prius
1986 2244 2092 2285 non

510 2319 896 2376 intellexerunt
923 2334 989 2376 eo
1021 2321 1287 2376 moriente
1313 2321 1604 2376 dixerunt:
1649 2320 1789 2388 Quid
1818 2321 2089 2391 faciemus,

508 2410 606 2466 viri
626 2411 815 2480 fratres
827 2410 857 2464 ‘?
883 2410 950 2465 Et
979 2409 1077 2477 illi,
1105 2407 1474 2465 Paenitentiam
1495 2411 1632 2481 agite
1659 2409 1798 2481 (Act.
1820 2412 1908 2481 ιι),
1942 2425 2092 2465 acce-

511 2502 702 2557 dentes
726 2501 1087 2556 ad'unitatcm
1114 2500 1236 2557 ﬁdei
1267 2519 1280 2556 :
1305 2509 1360 2556 et
1389 2501 1481 2571 qui
1506 2508 1633 2557 tunc
1655 2500 1979 2567 fuerunt,'et
2001 2500 2093 2571 qui

513 2606 657 2646 nttnc
687 2601 836 2659 sunt,
876 2590 1006 2647 facti
1031 2607 1169 2647 unus
1191 2606 1257 2647 ex
1291 2591 1429 2657 ﬁde;
1465 2591 1731 2647 lwtabitur
1757 2591 1811 2645 in
1844 2589 2119 2654 Dentium.

509 2683 563 2738 id
588 2690 691 2750 est,
724 2683 778 2738 in
806 2684 1204 2739 resurrectione
1223 2683 1459 2749 Domini,
1484 2698 1710 2754 sperans
1734 2690 1789 2738 et
1808 2683 1925 2754 ipse
1945 2681 1999 2736 in
2027 2693 2093 2737 eo

507 2776 812 2848 resurgere.
853 2773 922 2831 Et
956 2775 1183 2847 sperabit
1208 2777 1264 2833 in
1289 2792 1369 2842 eo,
1397 2776 1527 2848 quia
1566 2785 1810 2846 apertum
1854 2774 1967 2846 jam
1995 2793 2094 2833 cur

505 2866 676 2922 voluit
702 2867 841 2923 mori
871 2874 925 2923 et
960 2880 1245 2938 resurgere
1273 2874 1325 2921 et
1353 2865 1433 2921 sic
1462 2865 1823 2921 laudabuntur
1851 2866 2089 2932 tandem,

513 2956 713 3025 Venite,
739 2956 990 3013 benedicti
1018 2954 1196 3011 Patris
1224 2956 1326 3011 mei
1348 2955 1563 3028 (Matth.
1592 2957 1747 3028 xxv),
1768 2973 1945 3012 omnes
1964 2959 2093 3014 recti

505 3050 663 3103 corde
692 3065 711 3104 :
740 3064 865 3104 cum
889 3048 962 3103 illi
990 3048 1388 3103 damnabantur
1408 3047 1500 3119 qui
1523 3054 1649 3104 sunt
1670 3047 1883 3104 distorti
1903 3049 2087 3116 corde,

505 3137 704 3207 quibus
744 3137 925 3208 placet
963 3151 1122 3194 suum
1169 3137 1453 3194 consilium
1524 3145 1580 3194 et
1625 3138 1871 3211 displicet
1911 3139 2081 3197 consi-

503 3228 640 3284 lium
678 3229 794 3286 Dei.
1708 3254 1709 3257 ‘

1016 3364 1346 3459 ‘PSALMUS
1383 3347 1568 3423 Lxrv.

502 3520 557 3559 i.‘
592 3519 753 3561 l-‘INEI
805 3519 1036 3559 PSALMUS
1073 3518 1286 3559 CANTICI
1340 3519 1500 3557 υΑνω
1532 3516 1800 3559 εικτιευιι
1847 3516 2089 3557 ιΕΚΕἋΙΑΕ

514 3616 519 3621 -
574 3592 642 3631 ET
680 3590 985 3629 εῑεοιιιιῖιιδ
1042 3590 1109 3627 DE
1158 3588 1358 3631 ιιοῐιυιο
1401 3587 1941 3641 TRANSIHGRATIONIS,
1982 3589 2089 3630 ευιι

576 3661 892 3702 INCIPEBENT
930 3659 1241 3700 PRlll-‘ICISCI.
1348 3662 1351 3665 '

413 3854 416 3861 ,
496 3814 509 3821 ·
546 3802 549 3805 λ
579 3802 599 3837 ι
647 3785 724 3841 Te
748 3784 901 3847 decet
930 3784 1185 3855 hymnus,
1217 3783 1380 3848 Deus,
1412 3782 1467 3837 in
1495 3780 1648 3847 Sion,
1689 3789 1744 3836 et
1768 3779 1866 3836 tibi
1894 3779 2088 3837 reddea-

412 3868 413 3873 “
508 3895 528 3929 ι
574 3878 664 3933 tur
683 3875 871 3932 votum
902 3877 955 3931 iu
977 3874 1301 3934 Jerusalem.
1326 3874 1534 3931 Exaudi
1556 3873 1859 3930 orationem
1883 3887 2083 3940 meam,

507 3987 527 4022 ι
573 3969 640 4024 ad
672 3976 725 4023 te
759 3967 936 4023 omnis
964 3982 1093 4023 caro
1136 3967 1336 4022 veniet.
1379 3965 1552 4023 Verba
1592 3966 1901 4036 iniquorum
1948 3980 2089 4037 pra:-

507 4079 526 4111 ι
570 4059 860 4115 valuerunt
890 4073 1052 4128 super
1105 4072 1222 4124 nos,
1275 4066 1332 4113 et
1374 4057 1742 4128 impietatibus
1790 4056 1992 4112 nostris
2028 4064 2085 4112 tu

508 4169 528 4201 ι
571 4142 967 4221 propitiaberis.
998 4147 1194 4205 Beatus
1221 4163 1381 4218 quem
1408 4147 1616 4219 elegisti
1637 4136 1693 4204 et
1720 4139 2084 4219 assumpsisti,

507 4261 526 4293 ι
570 4242 897 4298 inhabitabit
937 4243 991 4296 iu
1027 4242 1180 4297 atriis
1222 4240 1347 4297 tuis.
1413 4230 1763 4313 Replebimur
1794 4242 1951 4300 bonis
1986 4244 2085 4299 do-

505 4351 526 4385 ι
568 4348 689 4388 mus
711 4341 815 4388 tute
845 4350 859 4387 :
890 4341 1135 4388 sanctum
1158 4341 1243 4389 est
1266 4333 1524 4403 templum
1550 4322 1723 4403 tuum,
1755 4333 2002 4392 mirabile
2028 4335 2083 4391 in

508 4443 527 4476 ι
570 4427 845 4498 aequitate.
872 4426 1080 4483 Exaudi
1108 4441 1226 4493 nos,
1256 4427 1418 4493 Deus,
1446 4426 1700 4484 salutaris
1725 4435 1931 4496 noster,
1959 4444 2084 4500 spes

511 4533 529 4565 ι
573 4517 813 4571 omnium
843 4516 1031 4571 ﬁnium
1052 4524 1213 4572 terra:
1235 4523 1292 4571 et
1317 4516 1369 4571 in
1394 4517 1533 4572 mari
1554 4517 1733 4589 longe.
1764 4517 2082 4590 Praeparatis

511 4622 531 4658 ι
576 4615 786 4664 montes
830 4606 886 4660 in
937 4606 1138 4663 virtute
1174 4614 1293 4674 tua,
1345 4608 1620 4664 accinctus
1661 4609 1937 4680 potentia.
1988 4602 2080 4679 qui

508 4718 527 4752 ι
573 4702 864 4757 conturbas
887 4702 1212 4773 profundum
1231 4702 1418 4770 maris,
1444 4717 1637 4760 sonum
1657 4702 1917 4761 ﬂuctuum
1941 4704 2077 4777 ejus.

505 4812 525 4846 ι
570 4786 954 4849 Turbabuntur
980 4802 1186 4864 gentes,
1214 4800 1269 4849 et
1295 4793 1560 4850 timebunt
1582 4792 1950 4865 'qui'habitant
1973 4804 2083 4853 ter-

507 4903 525 4936 ι
570 4884 750 4941 minos
790 4899 820 4939 a
846 4884 1016 4954 signis
1057 4874 1164 4939 tuis
1193 4902 1205 4938 :
1235 4884 1415 4940 exitus
1446 4886 1721 4953 matutini,
1762 4893 1817 4942 et
1855 4899 2081 4957 vespere

505 4993 523 5027 ι
570 4974 884 5031 delectabis.
907 4972 1147 5029 Visitasti
1171 4983 1372 5029 terram
1395 4983 1452 5030 et
1474 4974 1749 5033 inebriasti
1772 4970 1917 5045 eam,
1944 4978 2080 5032 mul-

502 5086 523 5120 ι
571 5068 825 5139 trplicasti
865 5065 1373 5137 locupletareeam.
1404 5065 1769 5122 Flumen-Dei
1810 5068 2071 5137 repletum

504 5179 520 5210 ι
565 5173 650 5214 ist
676 5159 852 5229 aquis,
885 5158 1086 5228 parasti
1110 5158 1288 5231 cibum
1324 5157 1565 5223 illorum,
1603 5158 1858 5228 quoniam
1887 5160 1963 5214 ita
1992 5167 2075 5215 est

503 5273 520 5302 σ
566 5247 890 5321 prmparatio
943 5246 1079 5316 ejus.
1128 5240 1313 5303 Rivos'
1341 5247 1456 5317 ejus
1492 5248 1723 5314 inebria,
1777 5250 2074 5322 multiplica

502 5363 521 5396 ι
565 5345 854 5417 gentmima
895 5341 1031 5410 ejus,
1075 5340 1129 5394 in
1169 5339 1458 5395 stillicidiis
1495 5341 1614 5411 ejus
1642 5340 1911 5397 laetabitur
1949 5358 2072 5414 ger-

502 5454 522 5487 ι
569 5452 801 5491 minans.
837 5429 1126 5489 licuedices
1153 5448 1366 5488 corona:
1394 5434 1520 5487 anni
1555 5435 1906 5506 benignitatis
1938 5445 2071 5505 tute,

502 5545 522 5577 ι
564 5537 623 5580 et
660 5529 832 5605 campi
877 5527 952 5580 tui
1001 5525 1352 5595 replebuntur
1395 5526 1661 5581 ubertate.
1719 5526 2075 5598 Pinguescent

504 5636 523 5669 ι
566 5632 802 5686 speciosa
825 5619 1047 5684 deserti,
1071 5628 1124 5673 ct
1145 5618 1502 5675 exsultatione
1522 5620 1685 5675 colles
1705 5621 2073 5693 accing'entur.

505 5725 523 5761 ι
566 5708 742 5764 induti
788 5718 912 5764 sum
945 5714 1147 5767 arietes
1191 5712 1394 5776 ovium,
1427 5720 1481 5766 et
1517 5712 1685 5768 valles
1724 5713 2074 5770 abundabunt

505 5817 524 5851 ι
568 5797 879 5857 frumento:
914 5800 1244 5886 clamabunt,
1272 5805 1469 5861 etenim
1500 5804 1758 5875 hymnum
1797 5799 1995 5866 dicent.
2048 5831 2067 5865 ι

2193 1949 2516 2007 Jerusalem.
2546 1950 2702 2007 Sicut
2737 1949 3030 2024 Babylonia
3053 1950 3226 2021 major
3250 1957 3305 2006 et
3345 1947 3627 2020 potentior
3665 1944 3772 2010 fuit,

2192 2042 2268 2098 ita
2289 2051 2345 2099 et
2366 2057 2508 2099 nunc
2534 2043 2707 2114 major
2731 2050 2812 2099 est
2835 2056 3095 2098 numerus
3112 2040 3446 2105 inﬁdelium;
3483 2038 3616 2109 quia
3636 2036 3772 2091 multi

2190 2138 2381 2204 uocati,
2424 2138 2580 2208 pauci
2617 2152 2738 2192 vero
2779 2136 2930 2192 electi
2961 2135 3179 2207 (Matth.
3208 2135 3303 2206 xx)
3348 2152 3361 2188 :
3407 2143 3464 2189 et
3512 2134 3654 2189 sicut
3693 2130 3769 2186 illa

2194 2228 2385 2284 alllixit
2426 2227 2680 2299 pepulum
2725 2226 3103 2293 lsraeliticum,
3158 2227 3234 2281 ita
3278 2224 3514 2280 inﬁdelis
3561 2223 3772 2295 populus

2196 2337 2353 2377 nunc
2381 2320 2566 2392 allligit
2606 2320 2863 2391 populum
2912 2319 3040 2385 Dei;
3077 2319 3203 2389 quia
3254 2333 3398 2373 nunc
3440 2317 3595 2373 misti
3639 2324 3768 2379 sunt,

2194 2420 2515 2491 quandoque
2558 2428 2736 2474 autem
2781 2418 3067 2489 separandi
3099 2435 3114 2472 :
3146 2416 3241 2473 sed
3276 2425 3333 2472 et
3364 2427 3514 2470 nunc
3555 2411 3769 2483 separati

2196 2516 2340 2574 sunt,
2373 2508 2473 2565 etsi
2511 2522 2616 2563 non
2651 2522 2900 2578 corpore,
2948 2506 3235 2562 aﬁ‘ectione
3275 2515 3491 2571 tamen;
3528 2504 3652 2575 quia
3678 2504 3769 2557 duo

2195 2612 2409 2658 amores
2432 2598 2637 2658 faciunt
2665 2602 2764 2657 has
2792 2601 2927 2656 duas
2955 2600 3222 2666 civitates,
3254 2614 3409 2669 arnor
3436 2597 3534 2653 Dei
3554 2607 3613 2652 et
3634 2608 3768 2651 amor

2194 2694 2396 2751 saeculi.
2432 2693 2738 2766 interroget
2757 2705 2886 2768 ergo
2917 2694 3148 2765 quisque
3183 2691 3581 2749 conscientiam
3610 2706 3762 2753 suam,

2193 2797 2244 2843 et
2276 2787 2456 2844 videat
2502 2804 2662 2859 quem
2713 2796 2877 2845 amet.
2914 2788 2974 2844 Si
3013 2789 3161 2843 amat
3204 2787 3487 2852 mundum,
3535 2785 3669 2841 civis
3697 2794 3768 2838 est

2195 2878 2519 2951 Babyloniae.
2551 2879 2829 2950 Exsti‘rpet
2851 2878 2982 2951 ergo
3009 2877 3380 2949 cupiditatem,
3407 2882 3461 2931 et
3491 2875 3694 2945 plantet
3720 2872 3764 2925 in

2193 2984 2255 3028 se
2281 2971 2625 3037 cbaritatem,
2677 2978 2736 3026 ut
2777 2971 2845 3026 de
2874 2969 3071 3042 p0pulo
3114 2964 3419 3040 BabyIOniae
3449 2974 3691 3022 transeat
3721 2965 3764 3017 in

2190 3060 2448 3135 populum
2494 3062 2611 3127 Dei,
2647 3062 2772 3133 quia
2819 3063 2886 3118 de
2934 3061 3026 3117 illo
3056 3059 3251 3132 populo
3291 3057 3575 3129 colligitur
3616 3056 3709 3112 iste
3749 3066 3762 3108 :

2191 3155 2342 3228 prior
2369 3156 2516 3213 enim
2556 3155 2649 3211 ille
2680 3164 2765 3212 est
2817 3162 3080 3226 tempore,
3124 3153 3226 3209 iste
3267 3149 3421 3223 prior
3469 3149 3761 3221 dignitate:

2117 3229 2164 3293 (ἶ
2194 3248 2344 3319 prius
2398 3246 2649 3314 animale,
2702 3247 2897 3303 deinde
2937 3245 3238 3318 spirituale.
3292 3241 3351 3299 Si
3399 3250 3587 3297 autem
3635 3248 3764 3297 amat

2196 3338 2387 3406 Deum,
2416 3338 2590 3395 civem
2622 3337 2858 3394 caelestis
2884 3336 3182 3394 Jerusalem
3207 3351 3266 3392 se
3296 3334 3602 3406 cognoscit,
3628 3345 3763 3404 pere-

2190 3433 2405 3505 grinum
2437 3448 2497 3489 se
2528 3431 2617 3488 hic
2653 3446 2773 3488 esse
2800 3430 3069 3503 intelligit.
3100 3429 3317 3486 Toleret
3338 3442 3469 3500 ergo
3492 3424 3760 3498 captivita-

2191 3532 2322 3590 tem,
2351 3532 2408 3579 et
2435 3523 2514 3580 sic
2559 3532 2740 3595 speret
2777 3523 3015 3579 reditum
3050 3522 3104 3577 in
3144 3520 3377 3592 patriam
3416 3533 3597 3574 suam.
3628 3515 3761 3571 lianc

2192 3614 2553 3670 reversionem
2583 3612 2834 3683 praedicit
2860 3611 3015 3667 nobis
3038 3608 3302 3666 Jeremias
3329 3607 3421 3679 qui
3451 3607 3762 3675 interprets.

2190 3714 2279 3760 tur
2318 3703 2570 3769 excelsus,
2622 3704 2831 3759 scilicet
2876 3699 3132 3758 Ecclesiae
3170 3700 3442 3762 doctores,
3478 3706 3660 3752 mente
3702 3692 3756 3746 al

2189 3808 2423 3868 superna
2469 3795 2660 3860 erecti,
2722 3804 2938 3850 terrena
2998 3790 3379 3864 despicientcs,
3430 3790 3630 3844 docent
3675 3798 3758 3838 nos

2186 3890 2338 3947 exire
2374 3882 2633 3945 mundum
2672 3902 2779 3943 non
2820 3886 3067 3958 passibus
3109 3884 3371 3955 corporis,
3403 3881 3497 3936 sed
3526 3877 3756 3951 passibus

2186 3979 2403 4045 animm,
2430 3978 2484 4034 id
2521 3984 2626 4043 est,
2657 3988 2895 4033 amorem
2927 3991 2958 4030 a
2993 3974 3176 4030 mundi
3204 3971 3521 4029 confusione
3558 3970 3757 4025 subtrm

2187 4069 2499 4140 bere,‘quia
2532 4066 2827 4140 Babylonia
2858 4066 3247 4136 interpretatur
3275 4060 3515 4132 confusio
3545 4065 3567 4110 :
3614 4067 3665 4113 et
3698 4055 3754 4109 ad

2185 4162 2447 4219 visionem
2489 4160 2637 4232 pacis
2672 4158 2967 4229 suspirare,
2996 4157 3122 4228 quia
3148 4154 3447 4212 Jerusalem
3475 4153 3604 4210 visio
3629 4149 3755 4222 paci:

2186 4260 2596 4327 interpretatur,
2650 4262 2706 4309 et
2750 4253 2832 4309 sic
2881 4251 3203 4321 incipiamus
3249 4246 3520 4320 proﬁcisci
3575 4262 3590 4301 :
3643 4242 3752 4315 quia

2186 4348 2371 4405 mundi
2406 4345 2586 4403 omnia
2614 4343 2871 4416 paulatim
2918 4329 3167 4399 deserere
3192 4350 3248 4397 et
3284 4339 3527 4397 ctelestia
3562 4349 3750 4397 amare.

2185 4440 2290 4496 hoc
2317 4447 2400 4494 est
2430 4438 2671 4508 incipere
2716 4434 2867 4491 exire
2909 4435 2976 4490 de
3016 4433 3329 4506 captivitate
3372 4449 3386 4486 :
3420 4439 3477 4486 et
3500 4426 3751 4513 credendo

2186 4532 2507 4604 incipiamus
2547 4530 2806 4601 templum
2844 4526 2943 4584 Dei
2978 4525 3327 4592 reaediﬁ'care,
3374 4522 3423 4579 id
3453 4532 3542 4578 est
3588 4518 3752 4588 nosip—

2188 4639 2298 4681 sos.
2316 4622 2584 4691 Templum
2607 4617 2707 4675 Dei
2729 4620 2835 4676 vivi
2856 4619 2978 4675 estis
3008 4633 3102 4674 vos
3128 4616 3180 4689 (I
3202 4614 3327 4671 Cor.
3356 4614 3458 4685 tu).
3494 4612 3608 4669 Hoc
3633 4620 3748 4666 tem-

2188 4715 2332 4789 plum
2358 4715 2516 4771 modo
2541 4711 2862 4779 aediﬁcatur,
2894 4724 3016 4767 cum
3044 4708 3331 4781 incipimus
3365 4704 3633 4776 proﬁcisci
3663 4710 3750 4757 :ct

2184 4803 2509 4876 quandoque
2579 4801 2913 4873 perﬁcietur,
2967 4816 3089 4857 cum
3152 4797 3595 4871 pervenerimus,
3640 4808 3745 4851 cum

2187 4894 2411 4951 mortale
2440 4894 2542 4949 hoc
2579 4892 2765 4948 induet
2785 4891 3245 4947 immortalitatem
3283 4889 3335 4960 (1
3365 4886 3490 4944 Cor.
3514 4888 3630 4962 xv).
3658 4884 3746 4941 Per

2183 4986 2422 5058 Aggeum
2449 4984 2541 5056 qui
2577 4984 2964 5055 interpretatur
2996 4981 3231 5054 festivus,
3258 4979 3533 5037 Christum
3570 4976 3745 5035 intelli-

2179 5075 2355 5145 gimus
2378 5085 2563 5129 verum
2593 5066 2952 5138 sacerdotem,
2976 5072 3028 5127 in
3052 5087 3161 5143 quo
3183 5085 3311 5127 vere
3330 5071 3740 5127 sabbatizamus:

2180 5167 2234 5222 in
2268 5180 2376 5239 quo
2402 5177 2590 5222 verum
2619 5164 2813 5221 festum
2842 5164 3088 5230 l‘acimus,
3120 5170 3375 5221 vacantes
3398 5178 3429 5218 a
3463 5162 3634 5229 vitiis;
3662 5157 3741 5230 qui

2181 5271 2281 5312 nos
2308 5255 2463 5327 juvat
2494 5255 2547 5310 in
2589 5255 2885 5322 redeundo,
2917 5256 3007 5325 qui
3054 5254 3186 5312 facit
3223 5271 3322 5312 nos
3356 5257 3509 5311 vivos
3536 5253 3738 5326 lapides.

2179 5358 2333 5420 aptos
2380 5347 2435 5401 in
2455 5332 2740 5404 mdiﬁclum
2764 5342 2905 5402 illius
2930 5346 3130 5418 templi,
3160 5344 3214 5402 in
3238 5361 3295 5403 se
3320 5347 3561 5418 angulari
3586 5341 3741 5414 lapide

2181 5451 2470 5511 utrumque
2514 5437 2770 5509 populum
2820 5454 2986 5494 unum
3032 5438 3259 5494 faciens.
3302 5437 3429 5494 Haec
3481 5437 3739 5509 captivitas

2177 5534 2383 5605 incepit
2426 5533 2480 5587 in
2507 5530 2706 5598 Adam,
2734 5539 2788 5587 et
2817 5532 2871 5586 in
2901 5531 3118 5587 Christo
3145 5531 3378 5601 quodam
3408 5530 3566 5586 modo
3606 5528 3734 5584 ﬁnita

2176 5639 2262 5686 est
2293 5649 2306 5685 :
2338 5646 2425 5701 spe
2452 5629 2588 5684 enim
2637 5628 2769 5685 salvi
2809 5628 2938 5698 facti
2974 5643 3155 5682 sumus
3182 5618 3359 5696 (Rom.
3383 5627 3527 5695 vm),
3560 5634 3610 5680 et
3637 5632 3737 5676 tau-

2183 5721 2304 5778 dem
2326 5721 2561 5787 ﬁnietur,
2583 5736 2704 5776 cum
2719 5719 2947 5776 mortale
2961 5717 3064 5774 hoc
3083 5716 3730 5773 induetimmortalitatem.

2183 5812 2408 5873 Reditus
2430 5812 2661 5870 ﬁliorum
2686 5811 2853 5868 lsrael
2873 5818 2993 5883 post
3022 5808 3360 5880 septuaginta
3388 5820 3578 5873 annos,
3598 5800 3733 5871 signi-
