3884 5780
49 397 188 452 463
1214 383 1741 446 ENARRATIONES
1773 381 1839 437 IN
1880 380 2233 438 PSALMOS.:
3247 380 3352 437 £66

47 510 212 565 ﬁcat
282 510 443 565 hanc.
491 516 735 564 nostram
808 505 1295 578 peregrinationem
1376 503 1668 559 ﬁniendam
1698 502 1743 562 Α
1773 497 1862 569 (11
1916 498 2096 555 Thess.
2151 498 2224 567 tv)
2278 514 2290 550 :
2332 496 2416 551 vel
2446 496 2586 551 ideo
2634 504 2686 551 tu
2735 496 2957 560 exaudi,
3006 497 3129 565 quia
3178 500 3244 551 ad
3304 510 3354 552 te

52 609 362 657 transacto
414 600 517 655 hoc
542 598 741 654 sazculo
788 597 1027 663 volubili,
1057 597 1201 669 quod
1249 596 1478 651 volvitur
1506 596 1556 649 in
1584 608 1666 648 se-
1769 598 2117 647 convertatur
2169 589 2345 649 omnis
2393 590 2584 653 homo,
2636 588 2759 658 quia
2816 596 2870 641 ιιι
2919 586 3063 641 solus
3119 586 3352 643 Redem-

48 690 355 761 ptenario,
388 692 442 747 id
470 701 574 756 est,
615 704 843 746 numero
889 698 1095 761 septem
1144 689 1355 744 dierum
1397 706 1410 742 :
1455 686 1540 742 vel
1565 686 1668 740 hoc
1766 689 1888 750 ptor
1932 698 1947 733 :
1998 679 2081 736 vel
2129 678 2251 748 quia
2304 678 2441 732 dixit
2502 678 2557 733 in
2608 677 2738 733 Sion
2795 686 2847 733 et
2902 678 2956 733 in
3013 676 3348 741 Jerusalem,

50 782 247 837 modo
276 781 604 851 septenario,
634 781 761 851 quia
809 780 863 835 in
916 778 1227 850 septenario
1257 776 1519 847 accipitur
1559 775 1667 829 vita
1768 787 1835 828 ne
1904 770 2151 827 videatur
2208 770 2544 826 solummodo
2603 772 2669 826 de
2737 770 2960 825 Judaico
3015 770 3212 843 pepulo
3274 772 3353 825 di-

48 872 348 942 cujusque
372 872 532 926 unius
558 871 689 936 diei,
736 871 788 925 in
835 886 941 940 qua
973 869 1189 940 operari
1216 882 1532 925 concessum
1564 875 1664 922 est.
1766 870 1942 928 ctum,
1991 864 2316 918 determinat
2369 878 2502 933 quos
2551 863 2682 919 velit
2734 866 3025 932 accipere:
3064 864 3146 919 vel
3200 864 3242 918 si
3299 865 3351 919 in

49 963 389 1033 Septimum
430 972 515 1020 est
553 964 682 1019 illud
724 964 959 1035 spatium
1004 964 1281 1033 temporis,
1322 962 1375 1021 in
1411 977 1521 1033 quo
1547 968 1672 1031 post
1766 970 1995 1025 persona
2043 953 2378 1020 Iudaeorum,
2430 965 2590 1011 notus
2642 956 2696 1012 in
2743 956 2923 1011 Judaea
2973 966 3179 1011 tantum
3231 972 3353 1027 pre-

52 1053 700 1122 nujusvitaetransitum
728 1060 1075 1123 exspectatur
1110 1052 1469 1118 resurrectio;
1512 1059 1668 1107 octa-
1766 1044 1959 1110 mitur.
2013 1060 2109 1115 per
2159 1046 2261 1100 hoc
2309 1046 2646 1115 captivamur
2699 1062 2741 1101 at
2786 1048 3072 1119 gentibus;
3121 1048 3215 1103 sed
3270 1046 3355 1101 fu-

50 1157 233 1207 vum,
265 1142 381 1212 ipsa
412 1143 786 1199 resurrectio:
820 1142 904 1197 vel
927 1142 1056 1212 quia
1093 1142 1427 1212 septenarius
1454 1149 1671 1199 constat
1768 1148 1947 1193 turum
1986 1148 2069 1193 est
2112 1139 2327 1209 quando
2383 1141 2450 1195 ad
2505 1142 2752 1196 notitiam
2800 1142 2962 1196 ueniet
3011 1143 3181 1196 omnis
3230 1157 3353 1195 caro

48 1247 125 1286 ex
166 1235 422 1288 ternario
450 1242 503 1289 et
523 1233 891 1304 quaternario,
924 1234 975 1287 in
1000 1233 1347 1303 quaternario
1374 1232 1667 1300 accipimus

49 1324 356 1378 carnalem
404 1325 839 1396 generationem;
886 1324 1012 1393 quia
1054 1338 1250 1393 corpus
1289 1330 1518 1392 quatuor
1557 1320 1666 1376 ele-

53 1414 277 1469 mentis
314 1424 549 1480 constat,
572 1414 781 1469 scilicet
822 1414 939 1470 illos
968 1413 1060 1483 qui
1097 1412 1395 1469 carnaliter
1415 1411 1666 1467 vixerunt

50 1514 197 1562 ante
264 1506 556 1569 adventum
599 1506 830 1563 Domini.
878 1505 983 1568 Per
1024 1505 1320 1565 ternarium
1370 1504 1665 1574 accipimus

50 1598 377 1666 spiritales,
399 1599 487 1668 qui
515 1598 731 1662 fuerunt
751 1608 872 1669 post
900 1598 1187 1653 adventum
1213 1596 1423 1653 Domini
1447 1603 1665 1666 propter

53 1690 350 1760 triplicem
398 1691 592 1746 animae
628 1697 949 1762 potestatem
996 1690 1123 1759 quia
1166 1696 1251 1744 est
1304 1685 1659 1749 rationabilis,

52 1781 377 1849 irascibilis
413 1790 469 1837 et
506 1780 957 1851 concupiscibilis,
993 1778 1187 1851 quibus
1220 1778 1489 1833 adduntur
1521 1775 1657 1841 duo,

1766 1247 1861 1303 per
1936 1232 2171 1287 Verbum
2242 1248 2373 1288 caro
2445 1233 2669 1290 factum.
2735 1234 2801 1289 In
2873 1244 2921 1289 te
2986 1236 3358 1290 benedicentur

1765 1340 1941 1378 omnes
1971 1333 2144 1393 gentes
2195 1322 2346 1396 (Gen.
2384 1324 2477 1395 xu)
2509 1325 2634 1381 :vel
2686 1326 2859 1381 acturi
2911 1334 3036 1381 sunt
3086 1334 3211 1379 ante
3254 1326 3351 1378 tri-

1764 1415 1928 1471 bunal
1996 1424 2143 1471 tuum
2195 1424 2304 1470 tam
2365 1416 2494 1472 boni
2545 1432 2708 1487 quam
2755 1416 2903 1471 mali.
2959 1416 3025 1471 Et
3069 1431 3204 1486 Opus
3270 1424 3356 1469 est

1766 1514 1827 1561 ut
1875 1506 2169 1571 exaudias,
2229 1506 2357 1576 quia
2409 1507 2565 1561 verba
2619 1508 2917 1578 iniquorum
2971 1506 3354 1575 prwvaluerunt

1764 1612 1919 1665 super
1946 1612 2037 1650 nos
2073 1612 2091 1650 :
2133 1597 2294 1650 verba
2332 1597 2601 1667 serpentis
2654 1604 2710 1652 et
2760 1596 2885 1651 Eva:
2926 1596 3087 1651 nimis
3134 1595 3350 1665 iniqua,

1764 1682 1927 1738 Eritis
1998 1684 2132 1738 sicut
2189 1685 2265 1737 dii
2323 1682 2477 1755 (Gen.
2542 1684 2646 1757 ιιι).
2693 1684 2863 1740 Nimis
2922 1683 3175 1738 dominati
3229 1690 3355 1738 sunt

1762 1775 1951 1839 nobis,
2021 1775 2147 1849 quia
2216 1775 2655 1844 captivaverunt,
2720 1776 2846 1846 quia
2916 1774 3193 1844 ejecerunt
3254 1789 3354 1830 nos

55 1871 328 1925 doctrina
350 1880 409 1926 et
428 1872 620 1925 virtus.
647 1871 943 1925 Transacto
971 1885 1100 1941 ergo
1127 1868 1230 1923 hoc
1258 1866 1585 1937 septenario,
1608 1864 1660 1920 id
1691 1860 1735 1919 Β
1766 1862 1831 1917 de
1876 1864 2127 1933 paradiso
2159 1882 2173 1917 ε
2213 1864 2296 1919 vel
2329 1864 2455 1933 quia
2500 1864 2731 1936 quisque
2782 1865 2836 1920 in
2889 1880 2995 1936 qua
3042 1865 3214 1935 patria
3258 1881 3354 1920 na-

52 1971 168 2027 est,
193 1962 472 2033 completo
501 1978 726 2017 numero
759 1962 1015 2026 ﬁdelium,
1044 1960 1135 2031 qui
1162 1961 1227 2015 de
1250 1967 1476 2028 utraque
1500 1970 1662 2025 gene-

56 2054 290 2108 ratione
344 2063 428 2109 est
474 2053 860 2119 assumendus,
909 2052 1125 2107 ﬁnietur
1186 2051 1286 2106 ista
1353 2048 1659 2119 captivitas.

56 2145 235 2200 Tituli
263 2147 599 2201 constructio
623 2161 637 2200 :
665 2145 839 2201 Verba
870 2146 1028 2216 hujus
1056 2143 1244 2213 psalmi
1274 2141 1581 2197 referuntur
1609 2141 1664 2193 in

54 2238 252 2305 ﬁnem,
308 2237 514 2293 scilicet
551 2248 892 2307 temporum,
936 2236 1140 2291 scilicet
1174 2232 1517 2304 intelligenda
1548 2230 1663 2285 ﬁeri

54 2336 362 2398 postquam
386 2329 531 2382 venit
555 2329 829 2399 plenitudo
852 2336 1174 2396 temporum.
1204 2322 1447 2379 Psaltnus
1471 2320 1660 2385 David,

56 2420 257 2485 idest,
313 2421 454 2475 bona
508 2422 752 2490 operatio
803 2420 1062 2490 cujusque
1117 2417 1310 2471 ﬁdelis.
1370 2414 1517 2470 Unus
1564 2413 1665 2469 fuit

59 2507 261 2573 David,
300 2509 398 2563 sed
442 2525 546 2564 non
577 2524 791 2579 semper
829 2525 971 2564 unus
1008 2507 1323 2577 intelligitur
1351 2523 1363 2559 :
1395 2521 1514 2574 quae
1537 2520 1665 2574 ope-

58 2598 203 2661 ratio
238 2606 331 2656 est
358 2600 639 2662 canticum,
675 2601 726 2655 id
756 2610 860 2666 est,
892 2599 1180 2659 exsultatio
1210 2598 1275 2651 de
1318 2596 1483 2650 verbo
1511 2610 1668 2663 pere-

56 2690 417 2760 grinationis,
440 2692 490 2746 id
512 2700 616 2757 est,
638 2694 703 2747 de
724 2692 1032 2761 cognitione
1052 2686 1522 2761 peregrinationis,
1546 2700 1665 2754 qua:

54 2781 314 2852 cognitio
340 2782 400 2836 ﬁt
427 2800 543 2838 cum
575 2782 837 2854 incipiunt
865 2783 1154 2851 proﬁcisci,
1202 2779 1285 2835 vel
1313 2777 1456 2849 quod
1492 2775 1661 2830 canti~

52 2888 173 2925 cum
198 2871 267 2925 ﬁt
298 2887 419 2925 cum
450 2872 714 2942 incipiunt
739 2872 1021 2942 proﬁcisci.
1058 2870 1175 2927 Vox
1213 2878 1297 2926 est
1320 2883 1450 2940 ergo
1481 2866 1534 2921 in
1565 2865 1666 2919 hoc

53 2961 279 3029 psalmo
304 2962 547 3017 omnium
586 2963 843 3029 ﬁdelium,
897 2963 1288 3019 attendentium
1323 2961 1465 3031 quod
1488 2973 1661 3028 quan-

56 3055 147 3107 diu
169 3070 373 3109 smnus
392 3056 441 3109 in
466 3056 567 3111 hoc
581 3071 827 3125 corpore,
853 3058 1303 3127 peregrinamura
1322 3053 1569 3109 Domino.
1587 3048 1665 3103 De

55 3161 161 3213 qua
198 3146 649 3216 peregrinatione
670 3147 782 3216 jam
807 3148 938 3212 exit,
967 3148 1056 3217 qui
1090 3148 1270 3202 radice
1292 3142 1578 3202 ebaritatis
1608 3141 1663 3194 in

54 3208 389 3292 cmltrstibtis
408 3237 520 3307 jam
553 3208 789 3293 ﬁxit'cor
811 3208 1069 3302 summa
1096 3238 1175 3293 sic
1201 3237 1477 3309 hymnizat
1505 3234 1614 3290 Deo
1638 3252 1653 3287 ;
1684 3208 1728 3269 δ

126 3326 202 3381 Te
274 3326 420 3389 decet
472 3328 726 3397 hymnus,
785 3327 957 3393 Deus,
1022 3337 1073 3382 te
1136 3328 1291 3384 decet
1351 3327 1469 3382 laus
1531 3343 1657 3382 vera

56 3418 247 3477 cordis
313 3426 363 3473 et
427 3419 646 3488 operis,
705 3434 809 3475 non
874 3419 1096 3483 Jovem,
1162 3436 1267 3475 non
1316 3420 1654 3489 Apollonem,

58 3524 163 3565 non
228 3507 494 3569 saeculum
535 3508 718 3571 istud:
751 3509 845 3569 tibi
901 3509 999 3564 soli
1048 3509 1302 3565 decenter
1345 3510 1655 3579 hytunitur,

57 3614 163 3653 non
226 3598 289 3652 itt
326 3598 656 3669 Babylonia,
698 3600 790 3654 sed
864 3601 916 3653 in
970 3600 1137 3665 Sion,
1193 3602 1246 3655 id
1291 3610 1407 3665 est,
1463 3600 1516 3655 in
1562 3616 1656 3671 po-

54 3687 181 3755 pulo
238 3687 341 3741 illo
387 3689 477 3756 qui
528 3688 835 3758 speculator
887 3698 1001 3755 est,
1057 3691 1109 3746 id
1157 3700 1270 3757 est,
1327 3692 1419 3761 qui
1466 3691 1552 3747 hic
1599 3707 1658 3747 se

57 3793 161 3832 non
202 3776 415 3831 habere
454 3786 756 3832 manentem
790 3778 1060 3833 civitatem
1087 3779 1275 3849 (Hebr.
1311 3781 1432 3851 ιιιιι)
1484 3790 1659 3839 atten-

56 3869 164 3933 dit,
212 3867 320 3923 sed
368 3866 601 3923 futuram
648 3870 900 3940 inquirit,
950 3870 1175 3941 alonge
1220 3886 1341 3926 eam
1392 3871 1651 3931 salutans,

60 3960 185 4019 Dea:
219 3961 475 4015 civitates
510 3970 635 4017 sunt
666 3979 679 4015 :
714 3977 817 4015 una
857 3961 1221 4029 confusionis,
1265 3963 1432 4019 altera
1465 3962 1658 4019 divina:

55 4052 314 4108 visionis.
373 4052 473 4120 Qui
528 4053 672 4113 inter
718 4054 865 4109 cives
912 4054 1276 4120 confusionis,
1336 4055 1513 4110 adhuc
1568 4069 1661 4125 pe-

58 4143 368 4214 regrinaris
406 4142 613 4214 suspira
653 4144 720 4200 ad
766 4145 996 4214 patriam
1046 4155 1223 4210 tuam,
1271 4154 1429 4199 canta
1475 4159 1543 4199 ex
1577 4160 1653 4210 re,

60 4252 159 4290 non
209 4232 390 4292 solum
433 4250 599 4301 voce.
628 4235 697 4293 Te
724 4237 866 4291 decet
892 4237 1147 4307 hymnus,
1198 4235 1339 4295 Deus
1365 4277 1379 4301 ,
1410 4236 1462 4290 in
1495 4235 1653 4299 Sion,

56 4325 179 4395 quia
268 4341 375 4379 non
445 4335 517 4380 est
589 4327 819 4396 speciosa
888 4326 1006 4381 iaus
1076 4328 1132 4382 in
1210 4344 1298 4382 ore
1372 4328 1657 4396 peccatoris

58 4416 266 4485 (Eccli.
324 4417 439 4489 xv),
480 4417 609 4475 ideo,
651 4419 706 4471 in
763 4416 925 4483 Sion,
976 4426 1033 4473 et
1083 4434 1188 4475 non
1236 4419 1289 4473 in
1340 4418 1652 4490 Babylonia.

58 4505 119 4561 Et
148 4508 253 4561 tibi
304 4508 548 4563 reddetur
589 4517 763 4563 votum
800 4510 854 4563 in
880 4509 1192 4565 Jerusalem.
1248 4509 1305 4565 Si
1355 4511 1652 4576 inuovaris,

52 4596 157 4663 jam
236 4611 350 4651 non
405 4599 459 4653 in
513 4597 807 4670 Babylonia
861 4608 1053 4655 cantas
1103 4617 1115 4653 :
1165 4608 1291 4653 vota
1346 4601 1554 4665 reddis,
1606 4603 1651 4656 si

61 4688 109 4747 in
154 4689 331 4744 finem
377 4705 713 4759 perseveras.
769 4691 869 4747 llic
920 4692 1252 4758 vovendum,
1306 4692 1377 4748 ibi
1428 4694 1654 4747 redden-

58 4779 219 4844 dum,
264 4780 358 4835 ubi
400 4781 507 4836 erit
539 4797 663 4837 vera
708 4797 845 4854 pax,
893 4798 1081 4843 verum
1126 4784 1401 4854 gaudium.
1445 4783 1501 4840 Si
1530 4786 1653 4855 quis

59 4868 195 4925 bene
252 4869 458 4941 cogitat
509 4872 636 4942 quid
689 4883 882 4929 voveat
928 4873 1071 4939 Deo,
1117 4884 1309 4930 voveat
1355 4883 1410 4929 et
1461 4877 1653 4931 reddat

60 4962 333 5030 seipsum,
366 4971 421 5016 et
471 4972 530 5020 ut
564 4980 661 5020 me.
688 4965 999 5029 innovatum
1036 4966 1132 5021 tibi
1182 4968 1396 5023 tandem
1426 4967 1647 5023 oﬁ‘eram

63 5050 110 5104 in
162 5052 475 5108 Jerusalem
515 5056 704 5109 exaudi
735 5056 1022 5110 orationem
1056 5073 1255 5125 meam,
1303 5057 1500 5113 factam
1553 5074 1651 5129 pro

61 5144 469 5209 perseverantia
538 5154 596 5199 ut
659 5145 789 5200 illuc
838 5147 1175 5215 perveniam,
1239 5164 1343 5203 non
1404 5148 1651 5204 detinear

63 5234 308 5303 captivus
364 5234 415 5288 ιιι
468 5233 754 5309 Babylonia
810 5254 822 5291 :
884 5238 1002 5293 ideo
1069 5240 1293 5305 exaudi,
1344 5250 1404 5295 ut
1462 5256 1649 5311 perve-

65 5324 203 5378 niam
239 5340 255 5379 :
289 5326 416 5393 quia
470 5327 536 5379 ad
560 5340 636 5393 te,
690 5329 753 5382 in.
793 5342 900 5396 quo
945 5339 1028 5385 est
1076 5330 1211 5386 visio
1263 5332 1442 5401 pacis,
1480 5332 1647 5395 omnis

64 5428 182 5467 caro
234 5415 433 5478 veniet,
489 5414 538 5469 id
593 5426 710 5483 est,
768 5419 837 5472 de
880 5420 1039 5487 omni~
1078 5436 1274 5491 genere
1328 5422 1647 5487 hominum,

66 5503 175 5565 sive
228 5504 506 5559 masculus
544 5509 659 5565 sive
715 5507 944 5575 femina,
993 5511 1107 5566 sive
1152 5511 1320 5579 liber,
1374 5515 1490 5569 sive
1538 5527 1650 5573 ser-

67 5606 196 5658 vus,
236 5593 393 5649 dives
446 5595 524 5650 vel
572 5614 808 5669 pauper,
858 5600 1039 5656 veniet
1084 5603 1151 5656 ad
1207 5612 1255 5658 te
1306 5615 1361 5659 et
1414 5606 1503 5659 hic
1559 5620 1646 5659 re-

68 5685 405 5741 surrectione
469 5691 667 5759 prima,
734 5700 789 5746 et
857 5694 1192 5762 postmodum
1255 5696 1648 5750 resurrectione

1768 1962 1852 2010 tus
1908 1964 1992 2010 est
2045 1955 2185 2011 illius
2239 1964 2294 2010 et
2347 1955 2584 2027 linguam
2638 1964 2694 2013 et
2746 1972 2925 2015 mores
2976 1958 3167 2024 discit,
3219 1958 3353 2013 dicit

1767 2044 1866 2099 iste
1912 2045 2024 2115 jam
2072 2046 2137 2101 de
2186 2046 2475 2118 Babylonia
2530 2047 2584 2102 in
2637 2063 2743 2118 qua
2796 2058 2957 2104 natus
3012 2058 3127 2116 est,
3172 2050 3351 2104 redire

1764 2134 1989 2202 cupiens
2062 2134 2115 2189 in
2171 2133 2469 2190 Jerusalem
2525 2154 2536 2189 :
2586 2134 2727 2191 Vere
2773 2138 3111 2192 mendacium
3173 2137 3353 2192 colue-

1765 2234 1891 2279 runt
1946 2235 2127 2295 patres
2180 2226 2352 2282 nostri
2406 2227 2540 2298 (Jer.
2594 2229 2728 2297 xvi),
2779 2244 2944 2299 prava
3001 2243 3099 2282 nos
3148 2227 3350 2283 docue-

1765 2325 1921 2380 runt,
1972 2316 2179 2373 scilicet
2214 2314 2484 2372 dimittere
2532 2318 2876 2380 Creatorem,
2930 2318 3021 2387 qui
3054 2332 3152 2372 nos
3186 2316 3347 2382 fecit,

1766 2416 1821 2463 et
1857 2409 2084 2464 adorare
2132 2424 2196 2464 ea
2233 2425 2352 2479 qua:
2398 2409 2668 2465 fecimus:
2715 2410 2983 2465 dimittere
3035 2409 3352 2465 Creatorem

1765 2509 1821 2555 et
1881 2501 2111 2557 adorare
2163 2512 2503 2567 creaturam,
2563 2502 2646 2557 vel
2697 2503 2945 2572 dogmata
3008 2502 3354 2573 philtisopbo-

1767 2606 1886 2644 rum
1944 2601 2000 2646 et
2059 2591 2279 2646 fatuitas
2334 2590 2615 2661 gentilium
2672 2606 2687 2645 :
2744 2592 3131 2661 pra’valuerunt
3191 2592 3349 2656 dico,

1768 2687 1860 2739 sed
1914 2702 2019 2740 non
2071 2687 2491 2751 demerserunt;
2552 2686 2680 2756 quia
2732 2686 3093 2757 iniquitatibus
3160 2685 3352 2739 nostris

1767 2786 1823 2828 tu
1885 2777 2251 2847 propitiaberis
2291 2776 2580 2845 :loquitur
2633 2776 2699 2830 ad
2750 2775 3023 2831 Christum
3076 2777 3227 2846 quasi
3281 2776 3351 2830 ad

1766 2869 2094 2937 pontiﬁcem.
2146 2869 2465 2941 Propitiatio
2513 2879 2597 2927 est
2638 2870 2914 2926 miseratio
2960 2871 3197 2925 exhibita
3227 2877 3350 2941 post

1766 2957 2091 3013 sacriﬁcium
2128 2978 2139 3013 :
2174 2960 2248 3014 ita
2297 2968 2353 3015 et
2399 2960 2648 3016 Christus
2692 2960 2877 3017 volens
2920 2961 3200 3032 prepitiari
3256 2978 3350 3031 po-

1768 3049 1891 3119 pulo
1942 3066 2070 3116 suo,
2118 3051 2293 3107 factus
2347 3061 2431 3107 est
2478 3053 2757 3120 sacerdos,
2803 3070 2967 3109 orans
3018 3055 3084 3108 ad
3132 3054 3347 3109 Patrem

1769 3141 1991 3197 elevatis
2040 3142 2091 3196 in
2121 3157 2281 3198 cruce
2326 3144 2572 3198 manibus
2607 3163 2617 3197 :
2653 3152 2710 3199 ut
2753 3145 2926 3214 possis
2968 3146 3175 3212 dicere,
3212 3146 3352 3201 Diri-

1762 3239 1918 3299 gatur
1964 3234 2132 3286 oratio
2168 3251 2281 3287 mea
2334 3234 2465 3287 sicut
2521 3234 2785 3290 incensum
2833 3237 2887 3289 in
2942 3246 3213 3307 conspectu
3259 3246 3349 3290 tuo

1763 3321 1878 3390 (Ps.
1929 3325 2071 3396 CXL).
2106 3325 2348 3380 Hostiam
2399 3325 2625 3393 obtulit,
2676 3328 2803 3397 quia
2849 3329 2903 3383 in
2946 3344 3043 3383 ara
3079 3329 3254 3385 crucis
3290 3345 3348 3383 se

1763 3413 1933 3483 ipsum
1982 3416 2310 3482 immolavit,
2348 3418 2462 3487 ipse
2509 3417 2775 3487 pontifex,
2822 3419 2937 3488 ipse
2978 3420 3149 3475 hostia
3180 3435 3195 3474 :
3230 3421 3344 3489 ipse

1760 3505 2111 3573 propitiator,
2159 3508 2271 3577 ipse
2330 3508 2640 3578 propitiatio
2674 3528 2688 3563 :
2720 3516 2773 3565 et
2825 3500 3035 3579 quibus
3066 3517 3120 3563 tu
3165 3509 3345 3579 propi-

1763 3595 2012 3661 tiaberis',
2072 3598 2213 3654 beati
2281 3609 2469 3665 erunt;
2538 3599 2634 3655 sed
2687 3600 2813 3670 quia
2870 3599 3133 3654 unitatem
3184 3598 3346 3669 elegit

1760 3701 1866 3740 non
1921 3687 2406 3757 multiplicitatem,
2482 3704 2587 3745 non
2653 3689 2969 3755 haereticos,
3029 3704 3134 3743 non
3199 3688 3346 3743 sebi-

1758 3777 2047 3841 smaticos,
2102 3777 2221 3833 ideo
2270 3780 2654 3835 convenienter
2707 3780 2836 3835 dicit
2882 3797 2896 3833 :
2944 3778 3140 3833 Beatus
3192 3794 3343 3849 quem

1756 3867 1954 3939 elegisti
2004 3884 2099 3939 per
2147 3870 2407 3939 gratiam,
2453 3880 2501 3925 et
2552 3871 2878 3941 assumpsisti
2926 3886 3023 3941 per
3072 3870 3345 3941 aequitatis

1760 3957 1999 4027 regulam
2054 3976 2068 4013 :
2119 3960 2244 4028 quia
2314 3976 2449 4031 quos
2514 3976 2675 4016 vocas
2735 3976 2833 4031 per
2900 3961 3166 4033 gratiam,
3224 3960 3345 4017 illos

1760 4061 1946 4120 postea
2016 4053 2249 4109 assumis
2312 4068 2408 4124 per
2465 4053 2733 4123 justitiam
2798 4069 2812 4108 :
2870 4054 2955 4108 vel
3019 4070 3180 4125 quem
3240 4061 3344 4119 tu,

1758 4141 1950 4209 Pater,
1988 4142 2205 4215 elegisti
2258 4146 2529 4210 vocando,
2576 4156 2628 4202 et
2673 4145 3009 4216 assumpsisti
3058 4146 3124 4200 de
3164 4161 3344 4200 massa

1758 4234 2089 4303 perditorum
2142 4250 2238 4301 per
2284 4234 2519 4291 Verbum
2566 4226 2735 4292 tuum.
2792 4237 2858 4291 Et
2901 4252 3087 4292 revera
3134 4236 3345 4300 beatus,

1757 4324 1882 4394 quia
1942 4326 2249 4379 inhabitabit
2306 4327 2358 4379 in
2416 4328 2566 4381 atriis
2620 4330 2753 4395 tuis,
2815 4329 2868 4384 id
2924 4337 3038 4393 est,
3103 4344 3207 4381 non
3266 4328 3347 4382 di-

1760 4416 2065 4470 movebitur
2127 4417 2251 4471 ullis
2313 4417 2724 4473 adversitatibus
2776 4419 3005 4472 abhae
3059 4416 3344 4486 temporali

1762 4508 2030 4575 Ecclesia;
2080 4508 2172 4578 qui
2228 4508 2551 4565 inhabitabit
2601 4508 2651 4562 in
2700 4508 2868 4571 atrio,
2928 4524 3032 4563 non
3088 4507 3341 4563 exclude-

1759 4609 1845 4654 tur
1893 4616 1923 4653 a
1968 4601 2186 4670 palatio.
2245 4599 2565 4655 Inltabitabit
2627 4599 2746 4654 ideo
2797 4598 2958 4665 dicit,
3009 4600 3135 4670 quia
3182 4599 3336 4655 multi

1756 4692 2004 4747 habitant
2071 4692 2211 4746 hanc
2274 4692 2620 4761 temporalem
2687 4689 3016 4756 Ecclesiam,
3073 4691 3167 4746 sed
3236 4706 3345 4745 non

1761 4781 2095 4848 inhabitant;
2150 4784 2278 4852 quia
2324 4782 2392 4836 ad
2440 4792 2652 4853 tempus
2700 4782 2956 4847 credunt,
3004 4792 3058 4837 et
3102 4782 3155 4836 in
3217 4790 3349 4836 tent-

1756 4888 1884 4943 pore
1941 4875 2256 4932 tentationis
2303 4876 2579 4931 recedunt.
2631 4875 2842 4928 Atrium
2892 4886 2977 4931 est
3031 4874 3227 4930 habilis
3273 4874 3350 4925 lo-

1752 4981 1849 5019 cus
1891 4972 2016 5019 ante
2044 4966 2291 5031 domum,
2324 4965 2397 5019 ita
2437 4976 2493 5023 et
2519 4969 2573 5023 in
2602 4974 2921 5021 ornamento
2947 4967 3203 5021 virtutum
3236 4962 3353 5015 haec

1756 5056 2357 5124 temporalisEcclesia
2406 5057 2663 5127 praecedit
2718 5054 2861 5108 illaut
2915 5049 3036 5127 quae
3098 5063 3352 5105 ttlanSlll'a

1754 5158 1836 5201 est
1883 5146 1935 5201 in
1982 5156 2266 5211 internum.
2319 5147 2646 5206 Inhabitabit
2698 5146 2751 5199 in
2801 5148 2956 5203 atriis
2996 5146 3127 5207 tuis,
3163 5140 3216 5193 id
3247 5148 3353 5205 est,

1755 5240 2125 5309 perseverabit
2168 5242 2221 5296 in
2265 5242 2369 5299 hac
2408 5238 2691 5313 temporali
2722 5233 2965 5289 Ecclesia
2990 5276 3003 5300 ,
3053 5240 3108 5287 et
3145 5227 3359 5281 tandem

1755 5330 2067 5400 replebimur
2124 5333 2180 5387 in
2230 5330 2383 5387 bonis
2449 5336 2637 5389 domus
2692 5337 2829 5387 tua),
2885 5336 2948 5380 ιιι
3005 5319 3362 5387 ιιιιειιὶιιιιιηυδ

1754 5424 1809 5478 in
1846 5422 1937 5478 illo
1992 5422 2411 5482 beato‘multos
2449 5442 2464 5480 :
2500 5427 2618 5481 ideo
2663 5417 2791 5473 dicit
2836 5418 3183 5485 replebimur,
3237 5412 3358 5479 quia

1753 5514 1854 5570 etsi
1914 5514 1986 5569 sit
2034 5515 2089 5571 in
2148 5516 2425 5575 charitate
2492 5516 2696 5574 unitas.
2758 5506 2810 5558 ῑῐι
2875 5505 3131 5575 personis
3188 5508 3363 5554 tamen

1752 5615 1836 5661 est
1896 5604 2233 5666 distinctio:
2280 5605 2439 5677 prius
2503 5604 2643 5680 pleni
2709 5612 2897 5653 sumus
2967 5601 3114 5656 bonis
3180 5594 3363 5646 domus

1754 5697 1880 5759 Dei,
1937 5696 1989 5750 id
2044 5710 2162 5768 est,
2214 5695 2490 5767 angelicis
2540 5691 2865 5753 virtutibus,
2930 5694 3029 5749 sed
3093 5686 3185 5743 illa
3231 5683 3368 5737 bona
