  <div class='ocr_page' id='page_1' title='image "/cluster/home/n/w/nwhite01/storage/ocr_20150623/131/hvd.32044015471725/239.png"; bbox 0 0 3884 5560; ppageno 0'>
   <div class='ocr_carea' id='block_1_1' title="bbox 504 431 607 487">
    <p class='ocr_par' dir='ltr' id='par_1_1' title="bbox 504 431 607 487">
     <span class='ocr_line' id='line_1_1' title="bbox 504 431 607 487; baseline 0 -1"><span class='ocrx_word' id='word_1_1' title='bbox 504 431 607 487; x_wconf 71' lang='grc'><strong>467</strong></span> 
     </span>
    </p>
   </div>
   <div class='ocr_carea' id='block_1_2' title="bbox 1145 415 2081 516">
    <p class='ocr_par' dir='ltr' id='par_1_2' title="bbox 1145 432 2081 516">
     <span class='ocr_line' id='line_1_2' title="bbox 1145 432 2081 516; baseline -0.004 -27"><span class='ocrx_word' id='word_1_2' title='bbox 1145 433 1415 516; x_wconf 18' lang='lat' dir='ltr'><strong>[nemon</strong></span> <span class='ocrx_word' id='word_1_3' title='bbox 1453 432 2081 494; x_wconf 78' lang='lat' dir='ltr'><strong>ANTISSIODORENSI!</strong></span> 
     </span>
    </p>
   </div>
   <div class='ocr_carea' id='block_1_3' title="bbox 2185 415 3167 516">
    <p class='ocr_par' dir='ltr' id='par_1_3' title="bbox 2185 415 3167 495">
     <span class='ocr_line' id='line_1_3' title="bbox 2185 415 3167 495; baseline 0.003 -6"><span class='ocrx_word' id='word_1_4' title='bbox 2185 434 2295 490; x_wconf 40' lang='lat' dir='ltr'><strong>trp.</strong></span> <span class='ocrx_word' id='word_1_5' title='bbox 2336 435 2514 493; x_wconf 61' lang='lat' dir='ltr'><strong>psus</strong></span> <span class='ocrx_word' id='word_1_6' title='bbox 2551 437 2590 492; x_wconf 96' lang='lat' dir='ltr'><strong>l.</strong></span> <span class='ocrx_word' id='word_1_7' title='bbox 2632 467 2697 478; x_wconf 86' lang='grc'><strong><em>-</em></strong></span> <span class='ocrx_word' id='word_1_8' title='bbox 2738 415 3167 495; x_wconf 45' lang='lat' dir='ltr'><strong>execution</strong></span> 
     </span>
    </p>
   </div>
   <div class='ocr_carea' id='block_1_4' title="bbox 3666 440 3763 496">
    <p class='ocr_par' dir='ltr' id='par_1_4' title="bbox 3666 440 3763 496">
     <span class='ocr_line' id='line_1_4' title="bbox 3666 440 3763 496; baseline 0 0"><span class='ocrx_word' id='word_1_9' title='bbox 3666 440 3763 496; x_wconf 73' lang='grc'><strong>462</strong></span> 
     </span>
    </p>
   </div>
   <div class='ocr_carea' id='block_1_5' title="bbox 507 549 3765 626">
    <p class='ocr_par' dir='ltr' id='par_1_5' title="bbox 507 549 3765 626">
     <span class='ocr_line' id='line_1_5' title="bbox 507 549 3765 626; baseline 0.002 -25"><span class='ocrx_word' id='word_1_10' title='bbox 507 549 704 618; x_wconf 82' lang='lat' dir='ltr'><strong>quibus</strong></span> <span class='ocrx_word' id='word_1_11' title='bbox 766 550 919 619; x_wconf 76' lang='lat' dir='ltr'><strong>plena</strong></span> <span class='ocrx_word' id='word_1_12' title='bbox 978 559 1061 604; x_wconf 88' lang='lat' dir='ltr'><strong>est</strong></span> <span class='ocrx_word' id='word_1_13' title='bbox 1120 550 1304 606; x_wconf 79' lang='lat' dir='ltr'><strong>domus</strong></span> <span class='ocrx_word' id='word_1_14' title='bbox 1371 563 1492 618; x_wconf 88' lang='lat' dir='ltr'><strong>tua,</strong></span> <span class='ocrx_word' id='word_1_15' title='bbox 1544 551 1596 608; x_wconf 99' lang='lat' dir='ltr'><strong>id</strong></span> <span class='ocrx_word' id='word_1_16' title='bbox 1661 561 1772 618; x_wconf 87' lang='lat' dir='ltr'><strong>est,</strong></span> <span class='ocrx_word' id='word_1_17' title='bbox 1839 554 2078 626; x_wconf 87' lang='lat' dir='ltr'><strong>angelica</strong></span> <span class='ocrx_word' id='word_1_18' title='bbox 2110 555 2153 612; x_wconf 80' lang='grc' dir='ltr'>Α</span> <span class='ocrx_word' id='word_1_19' title='bbox 2185 549 2505 621; x_wconf 84' lang='lat' dir='ltr'><strong>impotentes</strong></span> <span class='ocrx_word' id='word_1_20' title='bbox 2544 559 2599 608; x_wconf 89' lang='lat' dir='ltr'><strong>et</strong></span> <span class='ocrx_word' id='word_1_21' title='bbox 2629 550 2826 616; x_wconf 87' lang='lat' dir='ltr'><strong>multos</strong></span> <span class='ocrx_word' id='word_1_22' title='bbox 2858 569 2872 606; x_wconf 91' lang='lat'><strong>:</strong></span> <span class='ocrx_word' id='word_1_23' title='bbox 2907 551 2988 607; x_wconf 85' lang='lat' dir='ltr'><strong>vel</strong></span> <span class='ocrx_word' id='word_1_24' title='bbox 3019 568 3203 610; x_wconf 87' lang='lat' dir='ltr'><strong>sonum</strong></span> <span class='ocrx_word' id='word_1_25' title='bbox 3242 552 3503 622; x_wconf 79' lang='lat' dir='ltr'><strong>ﬂuctuum</strong></span> <span class='ocrx_word' id='word_1_26' title='bbox 3532 552 3673 623; x_wconf 80' lang='lat' dir='ltr'><strong>ejus,</strong></span> <span class='ocrx_word' id='word_1_27' title='bbox 3716 555 3765 607; x_wconf 89' lang='lat' dir='ltr'><strong>id</strong></span> 
     </span>
    </p>
   </div>
   <div class='ocr_carea' id='block_1_6' title="bbox 505 640 2082 716">
    <p class='ocr_par' dir='ltr' id='par_1_6' title="bbox 505 640 2082 716">
     <span class='ocr_line' id='line_1_6' title="bbox 505 640 2082 716; baseline 0.004 -23"><span class='ocrx_word' id='word_1_28' title='bbox 505 647 754 710; x_wconf 83' lang='lat' dir='ltr'><strong>creatura</strong></span> <span class='ocrx_word' id='word_1_29' title='bbox 821 654 982 710; x_wconf 90' lang='lat' dir='ltr'><strong>quam</strong></span> <span class='ocrx_word' id='word_1_30' title='bbox 1032 640 1300 697; x_wconf 81' lang='lat' dir='ltr'><strong>inhabitas</strong></span> <span class='ocrx_word' id='word_1_31' title='bbox 1337 661 1351 697; x_wconf 91' lang='lat'><strong>:</strong></span> <span class='ocrx_word' id='word_1_32' title='bbox 1386 643 1468 697; x_wconf 91' lang='lat' dir='ltr'><strong>vel</strong></span> <span class='ocrx_word' id='word_1_33' title='bbox 1505 643 1610 698; x_wconf 85' lang='lat' dir='ltr'><strong>illis</strong></span> <span class='ocrx_word' id='word_1_34' title='bbox 1659 643 1834 711; x_wconf 87' lang='lat' dir='ltr'><strong>bonis,</strong></span> <span class='ocrx_word' id='word_1_35' title='bbox 1886 647 2082 716; x_wconf 81' lang='lat' dir='ltr'><strong>quibus</strong></span> 
     </span>
    </p>
   </div>
   <div class='ocr_carea' id='block_1_7' title="bbox 510 729 2086 800">
    <p class='ocr_par' dir='ltr' id='par_1_7' title="bbox 510 729 2086 800">
     <span class='ocr_line' id='line_1_7' title="bbox 510 729 2086 800; baseline 0.005 -17"><span class='ocrx_word' id='word_1_36' title='bbox 510 729 661 798; x_wconf 86' lang='lat' dir='ltr'><strong>plena</strong></span> <span class='ocrx_word' id='word_1_37' title='bbox 712 738 795 785; x_wconf 86' lang='lat' dir='ltr'><strong>est</strong></span> <span class='ocrx_word' id='word_1_38' title='bbox 852 731 1036 786; x_wconf 84' lang='lat' dir='ltr'><strong>domus</strong></span> <span class='ocrx_word' id='word_1_39' title='bbox 1092 741 1217 797; x_wconf 90' lang='lat' dir='ltr'><strong>tua,</strong></span> <span class='ocrx_word' id='word_1_40' title='bbox 1279 733 1330 788; x_wconf 95' lang='lat' dir='ltr'><strong>id</strong></span> <span class='ocrx_word' id='word_1_41' title='bbox 1401 743 1513 800; x_wconf 91' lang='lat' dir='ltr'><strong>est,</strong></span> <span class='ocrx_word' id='word_1_42' title='bbox 1577 735 1825 792; x_wconf 78' lang='lat' dir='ltr'><strong>Christus</strong></span> <span class='ocrx_word' id='word_1_43' title='bbox 1878 736 2086 791; x_wconf 89' lang='lat' dir='ltr'><strong>scilicet</strong></span> 
     </span>
    </p>
   </div>
   <div class='ocr_carea' id='block_1_8' title="bbox 511 819 2084 894">
    <p class='ocr_par' dir='ltr' id='par_1_8' title="bbox 511 819 2084 894">
     <span class='ocr_line' id='line_1_8' title="bbox 511 819 2084 894; baseline 0.006 -21"><span class='ocrx_word' id='word_1_44' title='bbox 511 819 914 876; x_wconf 89' lang='lat' dir='ltr'><strong>immortalitate</strong></span> <span class='ocrx_word' id='word_1_45' title='bbox 933 831 988 878; x_wconf 91' lang='lat' dir='ltr'><strong>et</strong></span> <span class='ocrx_word' id='word_1_46' title='bbox 1005 823 1456 894; x_wconf 83' lang='lat' dir='ltr'><strong>impassibilitatc,</strong></span> <span class='ocrx_word' id='word_1_47' title='bbox 1479 825 1560 886; x_wconf 86' lang='lat' dir='ltr'><strong>vel</strong></span> <span class='ocrx_word' id='word_1_48' title='bbox 1579 825 1866 882; x_wconf 73' lang='lat' dir='ltr'><strong>virtutibus</strong></span> <span class='ocrx_word' id='word_1_49' title='bbox 1883 825 2084 884; x_wconf 85' lang='lat' dir='ltr'><strong>Christi</strong></span> 
     </span>
    </p>
   </div>
   <div class='ocr_carea' id='block_1_9' title="bbox 513 911 2087 994">
    <p class='ocr_par' dir='ltr' id='par_1_9' title="bbox 513 911 2087 994">
     <span class='ocr_line' id='line_1_9' title="bbox 513 911 2087 994; baseline 0.008 -32"><span class='ocrx_word' id='word_1_50' title='bbox 513 911 586 965; x_wconf 91' lang='lat' dir='ltr'><strong>tni</strong></span> <span class='ocrx_word' id='word_1_51' title='bbox 617 926 632 965; x_wconf 90' lang='lat'><strong>:</strong></span> <span class='ocrx_word' id='word_1_52' title='bbox 663 913 744 968; x_wconf 86' lang='lat' dir='ltr'><strong>vel</strong></span> <span class='ocrx_word' id='word_1_53' title='bbox 774 913 825 968; x_wconf 91' lang='lat' dir='ltr'><strong>in</strong></span> <span class='ocrx_word' id='word_1_54' title='bbox 857 913 963 981; x_wconf 85' lang='lat' dir='ltr'><strong>illis</strong></span> <span class='ocrx_word' id='word_1_55' title='bbox 987 916 1152 994; x_wconf 84' lang='lat' dir='ltr'><strong>bonis,</strong></span> <span class='ocrx_word' id='word_1_56' title='bbox 1181 915 1376 986; x_wconf 85' lang='lat' dir='ltr'><strong>quibus</strong></span> <span class='ocrx_word' id='word_1_57' title='bbox 1398 916 1470 972; x_wconf 90' lang='lat' dir='ltr'><strong>illi</strong></span> <span class='ocrx_word' id='word_1_58' title='bbox 1497 926 1622 973; x_wconf 88' lang='lat' dir='ltr'><strong>sunt</strong></span> <span class='ocrx_word' id='word_1_59' title='bbox 1643 917 1782 989; x_wconf 88' lang='lat' dir='ltr'><strong>pleni</strong></span> <span class='ocrx_word' id='word_1_60' title='bbox 1813 919 1864 973; x_wconf 91' lang='lat' dir='ltr'><strong>in</strong></span> <span class='ocrx_word' id='word_1_61' title='bbox 1892 919 2087 989; x_wconf 80' lang='lat' dir='ltr'><strong>quibus</strong></span> 
     </span>
    </p>
   </div>
   <div class='ocr_carea' id='block_1_10' title="bbox 510 1000 2084 1079">
    <p class='ocr_par' dir='ltr' id='par_1_10' title="bbox 510 1000 2084 1079">
     <span class='ocr_line' id='line_1_10' title="bbox 510 1000 2084 1079; baseline 0.004 -23"><span class='ocrx_word' id='word_1_62' title='bbox 510 1000 742 1056; x_wconf 87' lang='lat' dir='ltr'><strong>habitas.</strong></span> <span class='ocrx_word' id='word_1_63' title='bbox 774 1002 842 1056; x_wconf 90' lang='lat' dir='ltr'><strong>Et</strong></span> <span class='ocrx_word' id='word_1_64' title='bbox 871 1018 938 1058; x_wconf 91' lang='lat' dir='ltr'><strong>ne</strong></span> <span class='ocrx_word' id='word_1_65' title='bbox 967 1004 1088 1073; x_wconf 84' lang='lat' dir='ltr'><strong>quis</strong></span> <span class='ocrx_word' id='word_1_66' title='bbox 1121 1005 1260 1061; x_wconf 89' lang='lat' dir='ltr'><strong>bona</strong></span> <span class='ocrx_word' id='word_1_67' title='bbox 1292 1005 1393 1061; x_wconf 89' lang='lat' dir='ltr'><strong>ista</strong></span> <span class='ocrx_word' id='word_1_68' title='bbox 1433 1015 1586 1076; x_wconf 91' lang='lat' dir='ltr'><strong>putet</strong></span> <span class='ocrx_word' id='word_1_69' title='bbox 1611 1023 1800 1062; x_wconf 90' lang='lat' dir='ltr'><strong>aurum</strong></span> <span class='ocrx_word' id='word_1_70' title='bbox 1825 1047 1842 1071; x_wconf 91' lang='lat'><strong>,</strong></span> <span class='ocrx_word' id='word_1_71' title='bbox 1888 1022 2084 1079; x_wconf 85' lang='lat' dir='ltr'><strong>argen-</strong></span> 
     </span>
    </p>
   </div>
   <div class='ocr_carea' id='block_1_11' title="bbox 511 1097 2084 1168">
    <p class='ocr_par' dir='ltr' id='par_1_11' title="bbox 511 1097 2084 1168">
     <span class='ocr_line' id='line_1_11' title="bbox 511 1097 2084 1168; baseline 0.006 -22"><span class='ocrx_word' id='word_1_72' title='bbox 511 1103 646 1159; x_wconf 91' lang='lat' dir='ltr'><strong>tum,</strong></span> <span class='ocrx_word' id='word_1_73' title='bbox 677 1104 852 1160; x_wconf 84' lang='lat' dir='ltr'><strong>vestes</strong></span> <span class='ocrx_word' id='word_1_74' title='bbox 880 1097 1172 1166; x_wconf 89' lang='lat' dir='ltr'><strong>pretiosas,</strong></span> <span class='ocrx_word' id='word_1_75' title='bbox 1201 1098 1396 1168; x_wconf 89' lang='lat' dir='ltr'><strong>quibus</strong></span> <span class='ocrx_word' id='word_1_76' title='bbox 1427 1099 1616 1156; x_wconf 91' lang='lat' dir='ltr'><strong>domus</strong></span> <span class='ocrx_word' id='word_1_77' title='bbox 1656 1099 1964 1155; x_wconf 86' lang='lat' dir='ltr'><strong>mortalium</strong></span> <span class='ocrx_word' id='word_1_78' title='bbox 1991 1114 2084 1156; x_wconf 81' lang='lat' dir='ltr'><strong>or-</strong></span> 
     </span>
    </p>
   </div>
   <div class='ocr_carea' id='block_1_12' title="bbox 508 1187 2088 1268">
    <p class='ocr_par' dir='ltr' id='par_1_12' title="bbox 508 1187 2088 1268">
     <span class='ocr_line' id='line_1_12' title="bbox 508 1187 2088 1268; baseline 0.006 -30"><span class='ocrx_word' id='word_1_79' title='bbox 508 1194 724 1251; x_wconf 91' lang='lat' dir='ltr'><strong>nantur,</strong></span> <span class='ocrx_word' id='word_1_80' title='bbox 761 1187 1034 1259; x_wconf 85' lang='lat' dir='ltr'><strong>subjungit</strong></span> <span class='ocrx_word' id='word_1_81' title='bbox 1069 1206 1084 1245; x_wconf 91' lang='lat'>:</span> <span class='ocrx_word' id='word_1_82' title='bbox 1127 1188 1382 1246; x_wconf 85' lang='lat' dir='ltr'><strong>Sanctum</strong></span> <span class='ocrx_word' id='word_1_83' title='bbox 1421 1201 1494 1245; x_wconf 88' lang='lat' dir='ltr'><strong>est</strong></span> <span class='ocrx_word' id='word_1_84' title='bbox 1538 1191 1783 1262; x_wconf 84' lang='lat' dir='ltr'><strong>templum</strong></span> <span class='ocrx_word' id='word_1_85' title='bbox 1814 1202 1998 1268; x_wconf 83' lang='lat' dir='ltr'><strong>tuum,</strong></span> <span class='ocrx_word' id='word_1_86' title='bbox 2032 1190 2088 1247; x_wconf 93' lang='lat' dir='ltr'><strong>id</strong></span> 
     </span>
    </p>
   </div>
   <div class='ocr_carea' id='block_1_13' title="bbox 505 1277 2086 1354">
    <p class='ocr_par' dir='ltr' id='par_1_13' title="bbox 505 1277 2086 1354">
     <span class='ocr_line' id='line_1_13' title="bbox 505 1277 2086 1354; baseline 0.004 -24"><span class='ocrx_word' id='word_1_87' title='bbox 505 1287 608 1341; x_wconf 91' lang='lat' dir='ltr'><strong>est,</strong></span> <span class='ocrx_word' id='word_1_88' title='bbox 638 1277 728 1347; x_wconf 92' lang='lat' dir='ltr'><strong>qui</strong></span> <span class='ocrx_word' id='word_1_89' title='bbox 755 1287 882 1345; x_wconf 82' lang='lat' dir='ltr'><strong>sunt</strong></span> <span class='ocrx_word' id='word_1_90' title='bbox 906 1279 1098 1336; x_wconf 88' lang='lat' dir='ltr'><strong>domus</strong></span> <span class='ocrx_word' id='word_1_91' title='bbox 1125 1289 1238 1344; x_wconf 88' lang='lat' dir='ltr'><strong>tua,</strong></span> <span class='ocrx_word' id='word_1_92' title='bbox 1269 1291 1394 1341; x_wconf 87' lang='lat' dir='ltr'><strong>sunt</strong></span> <span class='ocrx_word' id='word_1_93' title='bbox 1428 1281 1684 1352; x_wconf 90' lang='lat' dir='ltr'><strong>templum</strong></span> <span class='ocrx_word' id='word_1_94' title='bbox 1723 1291 1908 1337; x_wconf 90' lang='lat' dir='ltr'><strong>tuum:</strong></span> <span class='ocrx_word' id='word_1_95' title='bbox 1943 1281 2086 1354; x_wconf 92' lang='lat' dir='ltr'><strong>quod</strong></span> 
     </span>
    </p>
   </div>
   <div class='ocr_carea' id='block_1_14' title="bbox 507 1365 2088 1436">
    <p class='ocr_par' dir='ltr' id='par_1_14' title="bbox 507 1365 2088 1436">
     <span class='ocr_line' id='line_1_14' title="bbox 507 1365 2088 1436; baseline 0.008 -20"><span class='ocrx_word' id='word_1_96' title='bbox 507 1365 761 1434; x_wconf 84' lang='lat' dir='ltr'><strong>templum</strong></span> <span class='ocrx_word' id='word_1_97' title='bbox 784 1366 1024 1423; x_wconf 80' lang='lat' dir='ltr'><strong>mirabile</strong></span> <span class='ocrx_word' id='word_1_98' title='bbox 1046 1377 1150 1434; x_wconf 90' lang='lat' dir='ltr'><strong>est,</strong></span> <span class='ocrx_word' id='word_1_99' title='bbox 1172 1369 1223 1424; x_wconf 91' lang='lat' dir='ltr'><strong>id</strong></span> <span class='ocrx_word' id='word_1_100' title='bbox 1249 1377 1353 1436; x_wconf 91' lang='lat' dir='ltr'><strong>est,</strong></span> <span class='ocrx_word' id='word_1_101' title='bbox 1379 1369 1736 1425; x_wconf 82' lang='lat' dir='ltr'><strong>desiderabile</strong></span> <span class='ocrx_word' id='word_1_102' title='bbox 1759 1379 1814 1426; x_wconf 93' lang='lat' dir='ltr'><strong>et</strong></span> <span class='ocrx_word' id='word_1_103' title='bbox 1857 1369 2088 1428; x_wconf 87' lang='lat' dir='ltr'><strong>amabile</strong></span> 
     </span>
    </p>
   </div>
   <div class='ocr_carea' id='block_1_15' title="bbox 505 1458 2083 1536">
    <p class='ocr_par' dir='ltr' id='par_1_15' title="bbox 505 1458 2083 1536">
     <span class='ocr_line' id='line_1_15' title="bbox 505 1458 2083 1536; baseline 0.007 -26"><span class='ocrx_word' id='word_1_104' title='bbox 505 1472 610 1511; x_wconf 92' lang='lat' dir='ltr'><strong>non</strong></span> <span class='ocrx_word' id='word_1_105' title='bbox 641 1458 695 1517; x_wconf 86' lang='lat' dir='ltr'><strong>in</strong></span> <span class='ocrx_word' id='word_1_106' title='bbox 727 1458 951 1527; x_wconf 88' lang='lat' dir='ltr'><strong>divitiis,</strong></span> <span class='ocrx_word' id='word_1_107' title='bbox 983 1461 1186 1517; x_wconf 86' lang='lat' dir='ltr'><strong>scilicet</strong></span> <span class='ocrx_word' id='word_1_108' title='bbox 1215 1479 1319 1518; x_wconf 91' lang='lat' dir='ltr'><strong>non</strong></span> <span class='ocrx_word' id='word_1_109' title='bbox 1355 1463 1406 1518; x_wconf 91' lang='lat' dir='ltr'><strong>in</strong></span> <span class='ocrx_word' id='word_1_110' title='bbox 1440 1479 1591 1530; x_wconf 89' lang='lat' dir='ltr'><strong>auro,</strong></span> <span class='ocrx_word' id='word_1_111' title='bbox 1623 1479 1727 1520; x_wconf 91' lang='lat' dir='ltr'><strong>non</strong></span> <span class='ocrx_word' id='word_1_112' title='bbox 1760 1465 1813 1519; x_wconf 92' lang='lat' dir='ltr'><strong>in</strong></span> <span class='ocrx_word' id='word_1_113' title='bbox 1839 1473 2083 1536; x_wconf 88' lang='lat' dir='ltr'><strong>argento,</strong></span> 
     </span>
    </p>
   </div>
   <div class='ocr_carea' id='block_1_16' title="bbox 506 1547 2083 1626">
    <p class='ocr_par' dir='ltr' id='par_1_16' title="bbox 506 1547 2083 1626">
     <span class='ocr_line' id='line_1_16' title="bbox 506 1547 2083 1626; baseline 0.006 -25"><span class='ocrx_word' id='word_1_114' title='bbox 506 1547 599 1602; x_wconf 90' lang='lat' dir='ltr'><strong>sed</strong></span> <span class='ocrx_word' id='word_1_115' title='bbox 642 1549 698 1602; x_wconf 90' lang='lat' dir='ltr'><strong>in</strong></span> <span class='ocrx_word' id='word_1_116' title='bbox 733 1551 997 1622; x_wconf 78' lang='lat' dir='ltr'><strong>cequitate,</strong></span> <span class='ocrx_word' id='word_1_117' title='bbox 1033 1553 1089 1608; x_wconf 91' lang='lat' dir='ltr'><strong>id</strong></span> <span class='ocrx_word' id='word_1_118' title='bbox 1125 1562 1210 1609; x_wconf 90' lang='lat' dir='ltr'><strong>est</strong></span> <span class='ocrx_word' id='word_1_119' title='bbox 1233 1552 1462 1623; x_wconf 85' lang='lat' dir='ltr'><strong>justitia.</strong></span> <span class='ocrx_word' id='word_1_120' title='bbox 1494 1553 1550 1610; x_wconf 88' lang='lat' dir='ltr'><strong>Si</strong></span> <span class='ocrx_word' id='word_1_121' title='bbox 1592 1556 1735 1610; x_wconf 90' lang='lat' dir='ltr'><strong>enim</strong></span> <span class='ocrx_word' id='word_1_122' title='bbox 1766 1557 1992 1626; x_wconf 75' lang='lat' dir='ltr'><strong>tequitas</strong></span> <span class='ocrx_word' id='word_1_123' title='bbox 2029 1557 2083 1611; x_wconf 91' lang='lat' dir='ltr'><strong>in</strong></span> 
     </span>
    </p>
   </div>
   <div class='ocr_carea' id='block_1_17' title="bbox 505 1641 2086 1719">
    <p class='ocr_par' dir='ltr' id='par_1_17' title="bbox 505 1641 2086 1719">
     <span class='ocr_line' id='line_1_17' title="bbox 505 1641 2086 1719; baseline 0.008 -25"><span class='ocrx_word' id='word_1_124' title='bbox 505 1641 612 1697; x_wconf 91' lang='lat' dir='ltr'><strong>illis</strong></span> <span class='ocrx_word' id='word_1_125' title='bbox 641 1642 904 1701; x_wconf 86' lang='lat' dir='ltr'><strong>mirabilis</strong></span> <span class='ocrx_word' id='word_1_126' title='bbox 935 1660 1038 1700; x_wconf 92' lang='lat' dir='ltr'><strong>non</strong></span> <span class='ocrx_word' id='word_1_127' title='bbox 1068 1657 1230 1710; x_wconf 89' lang='lat' dir='ltr'><strong>esset,</strong></span> <span class='ocrx_word' id='word_1_128' title='bbox 1263 1647 1414 1702; x_wconf 91' lang='lat' dir='ltr'><strong>multi</strong></span> <span class='ocrx_word' id='word_1_129' title='bbox 1443 1649 1612 1704; x_wconf 86' lang='lat' dir='ltr'><strong>sancti</strong></span> <span class='ocrx_word' id='word_1_130' title='bbox 1652 1649 1898 1719; x_wconf 90' lang='lat' dir='ltr'><strong>pannosi,</strong></span> <span class='ocrx_word' id='word_1_131' title='bbox 1928 1663 2086 1706; x_wconf 90' lang='lat' dir='ltr'><strong>senes</strong></span> 
     </span>
    </p>
   </div>
   <div class='ocr_carea' id='block_1_18' title="bbox 507 1733 2085 1811">
    <p class='ocr_par' dir='ltr' id='par_1_18' title="bbox 507 1733 2085 1811">
     <span class='ocr_line' id='line_1_18' title="bbox 507 1733 2085 1811; baseline 0.005 -24"><span class='ocrx_word' id='word_1_132' title='bbox 507 1733 788 1804; x_wconf 82' lang='lat' dir='ltr'><strong>decrepiti,</strong></span> <span class='ocrx_word' id='word_1_133' title='bbox 816 1736 1171 1806; x_wconf 83' lang='lat' dir='ltr'><strong>despicabiles</strong></span> <span class='ocrx_word' id='word_1_134' title='bbox 1193 1738 1522 1806; x_wconf 87' lang='lat' dir='ltr'><strong>viderentur,</strong></span> <span class='ocrx_word' id='word_1_135' title='bbox 1545 1739 1635 1809; x_wconf 85' lang='lat' dir='ltr'><strong>qui</strong></span> <span class='ocrx_word' id='word_1_136' title='bbox 1661 1747 1837 1794; x_wconf 90' lang='lat' dir='ltr'><strong>tamen</strong></span> <span class='ocrx_word' id='word_1_137' title='bbox 1863 1747 2085 1811; x_wconf 87' lang='lat' dir='ltr'><strong>propter</strong></span> 
     </span>
    </p>
   </div>
   <div class='ocr_carea' id='block_1_19' title="bbox 503 1823 2082 1901">
    <p class='ocr_par' dir='ltr' id='par_1_19' title="bbox 503 1823 2082 1901">
     <span class='ocr_line' id='line_1_19' title="bbox 503 1823 2082 1901; baseline 0.005 -25"><span class='ocrx_word' id='word_1_138' title='bbox 503 1823 773 1893; x_wconf 68' lang='lat' dir='ltr'><strong>aequitatis</strong></span> <span class='ocrx_word' id='word_1_139' title='bbox 803 1824 1048 1882; x_wconf 86' lang='lat' dir='ltr'><strong>decorem</strong></span> <span class='ocrx_word' id='word_1_140' title='bbox 1080 1826 1133 1882; x_wconf 91' lang='lat' dir='ltr'><strong>in</strong></span> <span class='ocrx_word' id='word_1_141' title='bbox 1169 1828 1372 1885; x_wconf 88' lang='lat' dir='ltr'><strong>honore</strong></span> <span class='ocrx_word' id='word_1_142' title='bbox 1402 1829 1688 1885; x_wconf 88' lang='lat' dir='ltr'><strong>habentur.</strong></span> <span class='ocrx_word' id='word_1_143' title='bbox 1724 1829 1820 1886; x_wconf 81' lang='lat' dir='ltr'><strong>Vel</strong></span> <span class='ocrx_word' id='word_1_144' title='bbox 1863 1830 2082 1901; x_wconf 88' lang='lat' dir='ltr'><strong>replebi-</strong></span> 
     </span>
    </p>
   </div>
   <div class='ocr_carea' id='block_1_20' title="bbox 2184 642 3764 716">
    <p class='ocr_par' dir='ltr' id='par_1_20' title="bbox 2184 642 3764 716">
     <span class='ocr_line' id='line_1_20' title="bbox 2184 642 3764 716; baseline 0.001 -20"><span class='ocrx_word' id='word_1_145' title='bbox 2184 650 2267 696; x_wconf 89' lang='lat' dir='ltr'><strong>est</strong></span> <span class='ocrx_word' id='word_1_146' title='bbox 2317 642 2552 708; x_wconf 81' lang='lat' dir='ltr'><strong>visiones</strong></span> <span class='ocrx_word' id='word_1_147' title='bbox 2598 642 2920 714; x_wconf 83' lang='lat' dir='ltr'><strong>principum.</strong></span> <span class='ocrx_word' id='word_1_148' title='bbox 2976 643 3044 699; x_wconf 91' lang='lat' dir='ltr'><strong>Et</strong></span> <span class='ocrx_word' id='word_1_149' title='bbox 3085 643 3208 715; x_wconf 83' lang='lat' dir='ltr'><strong>quia</strong></span> <span class='ocrx_word' id='word_1_150' title='bbox 3258 643 3374 716; x_wconf 73' lang='lat' dir='ltr'><strong>haec</strong></span> <span class='ocrx_word' id='word_1_151' title='bbox 3417 643 3680 702; x_wconf 84' lang='lat' dir='ltr'><strong>videbunt</strong></span> <span class='ocrx_word' id='word_1_152' title='bbox 3713 645 3764 697; x_wconf 86' lang='lat' dir='ltr'><strong>in</strong></span> 
     </span>
    </p>
   </div>
   <div class='ocr_carea' id='block_1_21' title="bbox 2185 729 3766 803">
    <p class='ocr_par' dir='ltr' id='par_1_21' title="bbox 2185 729 3766 803">
     <span class='ocr_line' id='line_1_21' title="bbox 2185 729 3766 803; baseline 0.001 -19"><span class='ocrx_word' id='word_1_153' title='bbox 2185 729 2506 798; x_wconf 87' lang='lat' dir='ltr'><strong>majoribus,</strong></span> <span class='ocrx_word' id='word_1_154' title='bbox 2538 731 2888 799; x_wconf 77' lang='lat' dir='ltr'><strong>turbabuntur</strong></span> <span class='ocrx_word' id='word_1_155' title='bbox 2917 742 3087 803; x_wconf 83' lang='lat' dir='ltr'><strong>gentes</strong></span> <span class='ocrx_word' id='word_1_156' title='bbox 3114 772 3129 797; x_wconf 93' lang='lat'><strong>,</strong></span> <span class='ocrx_word' id='word_1_157' title='bbox 3182 733 3234 786; x_wconf 88' lang='lat' dir='ltr'><strong>id</strong></span> <span class='ocrx_word' id='word_1_158' title='bbox 3263 740 3347 790; x_wconf 88' lang='lat' dir='ltr'><strong>est</strong></span> <span class='ocrx_word' id='word_1_159' title='bbox 3383 733 3652 788; x_wconf 81' lang='lat' dir='ltr'><strong>minores.</strong></span> <span class='ocrx_word' id='word_1_160' title='bbox 3700 732 3766 786; x_wconf 80' lang='lat' dir='ltr'><strong>Et</strong></span> 
     </span>
    </p>
   </div>
   <div class='ocr_carea' id='block_1_22' title="bbox 2184 820 3768 894">
    <p class='ocr_par' dir='ltr' id='par_1_22' title="bbox 2184 820 3768 894">
     <span class='ocr_line' id='line_1_22' title="bbox 2184 820 3768 894; baseline 0.002 -21"><span class='ocrx_word' id='word_1_161' title='bbox 2184 820 2434 878; x_wconf 79' lang='lat' dir='ltr'><strong>timebunt</strong></span> <span class='ocrx_word' id='word_1_162' title='bbox 2457 822 2546 893; x_wconf 86' lang='lat' dir='ltr'><strong>qui</strong></span> <span class='ocrx_word' id='word_1_163' title='bbox 2565 822 2802 882; x_wconf 79' lang='lat' dir='ltr'><strong>habitant</strong></span> <span class='ocrx_word' id='word_1_164' title='bbox 2829 823 3096 887; x_wconf 74' lang='lat' dir='ltr'><strong>terminos,</strong></span> <span class='ocrx_word' id='word_1_165' title='bbox 3127 822 3179 877; x_wconf 90' lang='lat' dir='ltr'><strong>id</strong></span> <span class='ocrx_word' id='word_1_166' title='bbox 3205 830 3308 890; x_wconf 88' lang='lat' dir='ltr'><strong>est,</strong></span> <span class='ocrx_word' id='word_1_167' title='bbox 3333 824 3427 894; x_wconf 87' lang='lat' dir='ltr'><strong>qui</strong></span> <span class='ocrx_word' id='word_1_168' title='bbox 3453 838 3633 894; x_wconf 88' lang='lat' dir='ltr'><strong>neque</strong></span> <span class='ocrx_word' id='word_1_169' title='bbox 3652 839 3768 878; x_wconf 84' lang='lat' dir='ltr'><strong>car-</strong></span> 
     </span>
    </p>
   </div>
   <div class='ocr_carea' id='block_1_23' title="bbox 2186 909 3766 982">
    <p class='ocr_par' dir='ltr' id='par_1_23' title="bbox 2186 909 3766 982">
     <span class='ocr_line' id='line_1_23' title="bbox 2186 909 3766 982; baseline 0.001 -17"><span class='ocrx_word' id='word_1_170' title='bbox 2186 909 2336 965; x_wconf 90' lang='lat' dir='ltr'><strong>nales</strong></span> <span class='ocrx_word' id='word_1_171' title='bbox 2379 919 2535 977; x_wconf 87' lang='lat' dir='ltr'><strong>sunt,</strong></span> <span class='ocrx_word' id='word_1_172' title='bbox 2577 926 2676 974; x_wconf 90' lang='lat' dir='ltr'><strong>nec</strong></span> <span class='ocrx_word' id='word_1_173' title='bbox 2704 912 2926 967; x_wconf 87' lang='lat' dir='ltr'><strong>omnino</strong></span> <span class='ocrx_word' id='word_1_174' title='bbox 2959 910 3092 982; x_wconf 76' lang='lat' dir='ltr'><strong>justi</strong></span> <span class='ocrx_word' id='word_1_175' title='bbox 3122 929 3135 966; x_wconf 92' lang='lat'>:</span> <span class='ocrx_word' id='word_1_176' title='bbox 3169 912 3253 969; x_wconf 88' lang='lat' dir='ltr'><strong>vel</strong></span> <span class='ocrx_word' id='word_1_177' title='bbox 3293 912 3346 967; x_wconf 94' lang='lat' dir='ltr'><strong>in</strong></span> <span class='ocrx_word' id='word_1_178' title='bbox 3389 913 3592 968; x_wconf 86' lang='lat' dir='ltr'><strong>malum</strong></span> <span class='ocrx_word' id='word_1_179' title='bbox 3626 930 3642 966; x_wconf 92' lang='lat'>:</span> <span class='ocrx_word' id='word_1_180' title='bbox 3672 910 3766 979; x_wconf 87' lang='lat' dir='ltr'><strong>Qui</strong></span> 
     </span>
    </p>
   </div>
   <div class='ocr_carea' id='block_1_24' title="bbox 2184 989 3764 1074">
    <p class='ocr_par' dir='ltr' id='par_1_24' title="bbox 2184 989 3764 1074">
     <span class='ocr_line' id='line_1_24' title="bbox 2184 989 3764 1074; baseline 0.002 -18"><span class='ocrx_word' id='word_1_181' title='bbox 2184 1002 2462 1064; x_wconf 75' lang='lat' dir='ltr'><strong>conturbas</strong></span> <span class='ocrx_word' id='word_1_182' title='bbox 2491 1017 2588 1074; x_wconf 88' lang='lat' dir='ltr'><strong>per</strong></span> <span class='ocrx_word' id='word_1_183' title='bbox 2617 1002 2739 1058; x_wconf 88' lang='lat' dir='ltr'><strong>illos</strong></span> <span class='ocrx_word' id='word_1_184' title='bbox 2772 989 2986 1064; x_wconf 81' lang='lat' dir='ltr'><strong>montes</strong></span> <span class='ocrx_word' id='word_1_185' title='bbox 3009 1003 3330 1073; x_wconf 80' lang='lat' dir='ltr'><strong>profundum</strong></span> <span class='ocrx_word' id='word_1_186' title='bbox 3354 1005 3555 1070; x_wconf 71' lang='grc' dir='ltr'>σιανίε,</span> <span class='ocrx_word' id='word_1_187' title='bbox 3583 1004 3638 1058; x_wconf 89' lang='lat' dir='ltr'><strong>id</strong></span> <span class='ocrx_word' id='word_1_188' title='bbox 3669 1015 3764 1067; x_wconf 80' lang='lat' dir='ltr'><strong>est.</strong></span> 
     </span>
    </p>
   </div>
   <div class='ocr_carea' id='block_1_25' title="bbox 2184 1089 3770 1164">
    <p class='ocr_par' dir='ltr' id='par_1_25' title="bbox 2184 1089 3770 1164">
     <span class='ocr_line' id='line_1_25' title="bbox 2184 1089 3770 1164; baseline 0.001 -18"><span class='ocrx_word' id='word_1_189' title='bbox 2184 1089 2447 1162; x_wconf 88' lang='lat' dir='ltr'><strong>profunda</strong></span> <span class='ocrx_word' id='word_1_190' title='bbox 2476 1092 2641 1150; x_wconf 88' lang='lat' dir='ltr'><strong>corda</strong></span> <span class='ocrx_word' id='word_1_191' title='bbox 2672 1093 2979 1164; x_wconf 88' lang='lat' dir='ltr'><strong>impiorum,</strong></span> <span class='ocrx_word' id='word_1_192' title='bbox 3011 1103 3070 1148; x_wconf 92' lang='lat' dir='ltr'><strong>ut</strong></span> <span class='ocrx_word' id='word_1_193' title='bbox 3103 1103 3550 1162; x_wconf 82' lang='lat' dir='ltr'><strong>commoveantur</strong></span> <span class='ocrx_word' id='word_1_194' title='bbox 3581 1105 3770 1154; x_wconf 81' lang='lat' dir='ltr'><strong>contra</strong></span> 
     </span>
    </p>
   </div>
   <div class='ocr_carea' id='block_1_26' title="bbox 2185 1185 3771 1257">
    <p class='ocr_par' dir='ltr' id='par_1_26' title="bbox 2185 1185 3771 1257">
     <span class='ocr_line' id='line_1_26' title="bbox 2185 1185 3771 1257; baseline 0 -17"><span class='ocrx_word' id='word_1_195' title='bbox 2185 1193 2417 1241; x_wconf 90' lang='lat' dir='ltr'><strong>montes.</strong></span> <span class='ocrx_word' id='word_1_196' title='bbox 2465 1185 2672 1242; x_wconf 83' lang='lat' dir='ltr'><strong>Revera</strong></span> <span class='ocrx_word' id='word_1_197' title='bbox 2713 1187 3032 1242; x_wconf 88' lang='lat' dir='ltr'><strong>conturbata</strong></span> <span class='ocrx_word' id='word_1_198' title='bbox 3060 1196 3252 1253; x_wconf 91' lang='lat' dir='ltr'><strong>erunt,</strong></span> <span class='ocrx_word' id='word_1_199' title='bbox 3289 1201 3416 1242; x_wconf 90' lang='lat' dir='ltr'><strong>nam</strong></span> <span class='ocrx_word' id='word_1_200' title='bbox 3453 1204 3648 1242; x_wconf 73' lang='lat' dir='ltr'><strong>sonum</strong></span> <span class='ocrx_word' id='word_1_201' title='bbox 3676 1189 3771 1257; x_wconf 73' lang='lat' dir='ltr'><strong>ﬁs-</strong></span> 
     </span>
    </p>
   </div>
   <div class='ocr_carea' id='block_1_27' title="bbox 2185 1277 3771 1349">
    <p class='ocr_par' dir='ltr' id='par_1_27' title="bbox 2185 1277 3771 1349">
     <span class='ocr_line' id='line_1_27' title="bbox 2185 1277 3771 1349; baseline 0.002 -20"><span class='ocrx_word' id='word_1_202' title='bbox 2185 1285 2362 1330; x_wconf 87' lang='lat' dir='ltr'><strong>ctuum</strong></span> <span class='ocrx_word' id='word_1_203' title='bbox 2388 1277 2524 1347; x_wconf 86' lang='lat' dir='ltr'><strong>ejus,</strong></span> <span class='ocrx_word' id='word_1_204' title='bbox 2555 1277 2814 1333; x_wconf 88' lang='lat' dir='ltr'><strong>subaudis</strong></span> <span class='ocrx_word' id='word_1_205' title='bbox 2837 1277 2959 1347; x_wconf 87' lang='lat' dir='ltr'><strong>quis</strong></span> <span class='ocrx_word' id='word_1_206' title='bbox 2984 1292 3081 1349; x_wconf 89' lang='lat' dir='ltr'><strong>per</strong></span> <span class='ocrx_word' id='word_1_207' title='bbox 3109 1293 3168 1333; x_wconf 90' lang='lat' dir='ltr'><strong>se</strong></span> <span class='ocrx_word' id='word_1_208' title='bbox 3195 1279 3507 1345; x_wconf 88' lang='lat' dir='ltr'><strong>sustinebit,</strong></span> <span class='ocrx_word' id='word_1_209' title='bbox 3535 1277 3628 1333; x_wconf 90' lang='lat' dir='ltr'><strong>ubi</strong></span> <span class='ocrx_word' id='word_1_210' title='bbox 3659 1294 3771 1332; x_wconf 86' lang='lat' dir='ltr'><strong>ma-</strong></span> 
     </span>
    </p>
   </div>
   <div class='ocr_carea' id='block_1_28' title="bbox 2185 1368 3768 1439">
    <p class='ocr_par' dir='ltr' id='par_1_28' title="bbox 2185 1368 3768 1439">
     <span class='ocr_line' id='line_1_28' title="bbox 2185 1368 3768 1439; baseline 0.002 -19"><span class='ocrx_word' id='word_1_211' title='bbox 2185 1383 2348 1439; x_wconf 89' lang='lat' dir='ltr'><strong>gnum</strong></span> <span class='ocrx_word' id='word_1_212' title='bbox 2390 1368 2516 1438; x_wconf 93' lang='lat' dir='ltr'><strong>quid</strong></span> <span class='ocrx_word' id='word_1_213' title='bbox 2561 1369 2826 1424; x_wconf 86' lang='lat' dir='ltr'><strong>incurrit?</strong></span> <span class='ocrx_word' id='word_1_214' title='bbox 2855 1369 3005 1424; x_wconf 91' lang='lat' dir='ltr'><strong>Solet</strong></span> <span class='ocrx_word' id='word_1_215' title='bbox 3036 1368 3268 1426; x_wconf 90' lang='lat' dir='ltr'><strong>defectio</strong></span> <span class='ocrx_word' id='word_1_216' title='bbox 3308 1371 3600 1425; x_wconf 81' lang='lat' dir='ltr'><strong>verborum</strong></span> <span class='ocrx_word' id='word_1_217' title='bbox 3632 1371 3768 1424; x_wconf 81' lang='lat' dir='ltr'><strong>ﬁeri.</strong></span> 
     </span>
    </p>
   </div>
   <div class='ocr_carea' id='block_1_29' title="bbox 2186 1458 3773 1533">
    <p class='ocr_par' dir='ltr' id='par_1_29' title="bbox 2186 1458 3773 1533">
     <span class='ocr_line' id='line_1_29' title="bbox 2186 1458 3773 1533; baseline 0.002 -20"><span class='ocrx_word' id='word_1_218' title='bbox 2186 1458 2311 1514; x_wconf 83' lang='lat' dir='ltr'><strong>Nisi</strong></span> <span class='ocrx_word' id='word_1_219' title='bbox 2330 1462 2453 1531; x_wconf 88' lang='lat' dir='ltr'><strong>quia</strong></span> <span class='ocrx_word' id='word_1_220' title='bbox 2483 1459 2738 1517; x_wconf 83' lang='lat' dir='ltr'><strong>Dominus</strong></span> <span class='ocrx_word' id='word_1_221' title='bbox 2767 1472 2879 1517; x_wconf 86' lang='lat' dir='ltr'><strong>erat</strong></span> <span class='ocrx_word' id='word_1_222' title='bbox 2905 1464 2960 1516; x_wconf 88' lang='lat' dir='ltr'><strong>in</strong></span> <span class='ocrx_word' id='word_1_223' title='bbox 2985 1462 3154 1527; x_wconf 88' lang='lat' dir='ltr'><strong>nobis,</strong></span> <span class='ocrx_word' id='word_1_224' title='bbox 3182 1480 3298 1518; x_wconf 86' lang='lat' dir='ltr'><strong>cum</strong></span> <span class='ocrx_word' id='word_1_225' title='bbox 3329 1463 3666 1533; x_wconf 75' lang='lat' dir='ltr'><strong>insurgerent</strong></span> <span class='ocrx_word' id='word_1_226' title='bbox 3687 1463 3773 1516; x_wconf 78' lang='lat' dir='ltr'><strong>lto-</strong></span> 
     </span>
    </p>
   </div>
   <div class='ocr_carea' id='block_1_30' title="bbox 2183 1551 3771 1623">
    <p class='ocr_par' dir='ltr' id='par_1_30' title="bbox 2183 1551 3771 1623">
     <span class='ocr_line' id='line_1_30' title="bbox 2183 1551 3771 1623; baseline 0.001 -19"><span class='ocrx_word' id='word_1_227' title='bbox 2183 1551 2348 1605; x_wconf 87' lang='lat' dir='ltr'><strong>mines</strong></span> <span class='ocrx_word' id='word_1_228' title='bbox 2373 1551 2428 1604; x_wconf 89' lang='lat' dir='ltr'><strong>in</strong></span> <span class='ocrx_word' id='word_1_229' title='bbox 2455 1567 2547 1606; x_wconf 91' lang='lat' dir='ltr'><strong>nos</strong></span> <span class='ocrx_word' id='word_1_230' title='bbox 2567 1592 2581 1618; x_wconf 93' lang='lat'><strong>,</strong></span> <span class='ocrx_word' id='word_1_231' title='bbox 2607 1552 2743 1622; x_wconf 81' lang='lat' dir='ltr'><strong>forte</strong></span> <span class='ocrx_word' id='word_1_232' title='bbox 2765 1553 2902 1607; x_wconf 77' lang='lat' dir='ltr'><strong>vivos</strong></span> <span class='ocrx_word' id='word_1_233' title='bbox 2926 1553 3257 1623; x_wconf 83' lang='lat' dir='ltr'><strong>deglutissent</strong></span> <span class='ocrx_word' id='word_1_234' title='bbox 3284 1570 3379 1608; x_wconf 90' lang='lat' dir='ltr'><strong>nos</strong></span> <span class='ocrx_word' id='word_1_235' title='bbox 3404 1552 3524 1622; x_wconf 83' lang='lat' dir='ltr'><strong>(Ps.</strong></span> <span class='ocrx_word' id='word_1_236' title='bbox 3557 1555 3771 1618; x_wconf 76' lang='lat' dir='ltr'><strong>cum).</strong></span> 
     </span>
    </p>
   </div>
   <div class='ocr_carea' id='block_1_31' title="bbox 2185 1636 3773 1714">
    <p class='ocr_par' dir='ltr' id='par_1_31' title="bbox 2185 1636 3773 1714">
     <span class='ocr_line' id='line_1_31' title="bbox 2185 1636 3773 1714; baseline 0.003 -20"><span class='ocrx_word' id='word_1_237' title='bbox 2185 1636 2383 1694; x_wconf 84' lang='lat' dir='ltr'><strong>Sanum</strong></span> <span class='ocrx_word' id='word_1_238' title='bbox 2417 1641 2692 1711; x_wconf 80' lang='lat' dir='ltr'><strong>ﬂuctuum,</strong></span> <span class='ocrx_word' id='word_1_239' title='bbox 2726 1642 2778 1696; x_wconf 91' lang='lat' dir='ltr'><strong>id</strong></span> <span class='ocrx_word' id='word_1_240' title='bbox 2809 1653 2914 1708; x_wconf 91' lang='lat' dir='ltr'><strong>est,</strong></span> <span class='ocrx_word' id='word_1_241' title='bbox 2958 1643 3136 1698; x_wconf 91' lang='lat' dir='ltr'><strong>minas</strong></span> <span class='ocrx_word' id='word_1_242' title='bbox 3162 1652 3216 1698; x_wconf 92' lang='lat' dir='ltr'><strong>et</strong></span> <span class='ocrx_word' id='word_1_243' title='bbox 3247 1653 3489 1699; x_wconf 88' lang='lat' dir='ltr'><strong>terrores</strong></span> <span class='ocrx_word' id='word_1_244' title='bbox 3516 1657 3773 1714; x_wconf 52' lang='lat' dir='ltr'><strong>persecn-</strong></span> 
     </span>
    </p>
   </div>
   <div class='ocr_carea' id='block_1_32' title="bbox 2184 1733 3777 1808">
    <p class='ocr_par' dir='ltr' id='par_1_32' title="bbox 2184 1733 3777 1808">
     <span class='ocr_line' id='line_1_32' title="bbox 2184 1733 3777 1808; baseline 0 -18"><span class='ocrx_word' id='word_1_245' title='bbox 2184 1743 2358 1790; x_wconf 91' lang='lat' dir='ltr'><strong>torum</strong></span> <span class='ocrx_word' id='word_1_246' title='bbox 2391 1733 2508 1804; x_wconf 87' lang='lat' dir='ltr'><strong>ejus</strong></span> <span class='ocrx_word' id='word_1_247' title='bbox 2543 1737 2729 1792; x_wconf 88' lang='lat' dir='ltr'><strong>maris.</strong></span> <span class='ocrx_word' id='word_1_248' title='bbox 2775 1737 3009 1808; x_wconf 84' lang='lat' dir='ltr'><strong>Exponit</strong></span> <span class='ocrx_word' id='word_1_249' title='bbox 3051 1739 3178 1807; x_wconf 87' lang='lat' dir='ltr'><strong>quid</strong></span> <span class='ocrx_word' id='word_1_250' title='bbox 3212 1753 3310 1808; x_wconf 89' lang='lat' dir='ltr'><strong>per</strong></span> <span class='ocrx_word' id='word_1_251' title='bbox 3339 1753 3494 1794; x_wconf 89' lang='lat' dir='ltr'><strong>mare</strong></span> <span class='ocrx_word' id='word_1_252' title='bbox 3523 1738 3657 1792; x_wconf 87' lang='lat' dir='ltr'><strong>velit</strong></span> <span class='ocrx_word' id='word_1_253' title='bbox 3703 1739 3777 1790; x_wconf 86' lang='lat' dir='ltr'><strong>in-</strong></span> 
     </span>
    </p>
   </div>
   <div class='ocr_carea' id='block_1_33' title="bbox 2186 1824 3772 1898">
    <p class='ocr_par' dir='ltr' id='par_1_33' title="bbox 2186 1824 3772 1898">
     <span class='ocr_line' id='line_1_33' title="bbox 2186 1824 3772 1898; baseline 0.002 -20"><span class='ocrx_word' id='word_1_254' title='bbox 2186 1825 2370 1896; x_wconf 88' lang='lat' dir='ltr'><strong>telligi.</strong></span> <span class='ocrx_word' id='word_1_255' title='bbox 2404 1824 2776 1880; x_wconf 87' lang='lat' dir='ltr'><strong>Turbabuntur</strong></span> <span class='ocrx_word' id='word_1_256' title='bbox 2797 1837 2969 1898; x_wconf 85' lang='lat' dir='ltr'><strong>gentes</strong></span> <span class='ocrx_word' id='word_1_257' title='bbox 2996 1841 3014 1880; x_wconf 90' lang='lat'><em>:</em></span> <span class='ocrx_word' id='word_1_258' title='bbox 3043 1829 3137 1883; x_wconf 91' lang='lat' dir='ltr'><strong>sed</strong></span> <span class='ocrx_word' id='word_1_259' title='bbox 3167 1843 3287 1898; x_wconf 73' lang='lat' dir='ltr'><strong>qua:</strong></span> <span class='ocrx_word' id='word_1_260' title='bbox 3326 1843 3461 1886; x_wconf 87' lang='lat' dir='ltr'><strong>cura</strong></span> <span class='ocrx_word' id='word_1_261' title='bbox 3481 1828 3507 1882; x_wconf 70' lang='grc' dir='ltr'><strong><em>τ</em></strong></span> <span class='ocrx_word' id='word_1_262' title='bbox 3535 1826 3772 1882; x_wconf 80' lang='lat' dir='ltr'><strong>Tandem</strong></span> 
     </span>
    </p>
   </div>
   <div class='ocr_carea' id='block_1_34' title="bbox 503 1914 3776 1991">
    <p class='ocr_par' dir='ltr' id='par_1_34' title="bbox 503 1914 3776 1991">
     <span class='ocr_line' id='line_1_34' title="bbox 503 1914 3776 1991; baseline 0 -23"><span class='ocrx_word' id='word_1_263' title='bbox 503 1929 623 1968; x_wconf 88' lang='lat' dir='ltr'><strong>mur</strong></span> <span class='ocrx_word' id='word_1_264' title='bbox 649 1914 704 1969; x_wconf 88' lang='lat' dir='ltr'><strong>in</strong></span> <span class='ocrx_word' id='word_1_265' title='bbox 733 1914 878 1973; x_wconf 88' lang='lat' dir='ltr'><strong>bonis</strong></span> <span class='ocrx_word' id='word_1_266' title='bbox 903 1915 1088 1981; x_wconf 81' lang='lat' dir='ltr'><strong>domus</strong></span> <span class='ocrx_word' id='word_1_267' title='bbox 1114 1928 1240 1982; x_wconf 73' lang='lat' dir='ltr'><strong>tum,</strong></span> <span class='ocrx_word' id='word_1_268' title='bbox 1270 1917 1323 1973; x_wconf 91' lang='lat' dir='ltr'><strong>id</strong></span> <span class='ocrx_word' id='word_1_269' title='bbox 1350 1925 1432 1974; x_wconf 91' lang='lat' dir='ltr'><strong>cst</strong></span> <span class='ocrx_word' id='word_1_270' title='bbox 1459 1917 1733 1984; x_wconf 64' lang='lat' dir='ltr'><strong>Ecclesiae,</strong></span> <span class='ocrx_word' id='word_1_271' title='bbox 1761 1935 1882 1991; x_wconf 63' lang='lat' dir='ltr'><strong>quas</strong></span> <span class='ocrx_word' id='word_1_272' title='bbox 1901 1918 2080 1975; x_wconf 77' lang='lat' dir='ltr'><strong>diver—</strong></span> <span class='ocrx_word' id='word_1_273' title='bbox 2116 1921 2158 1979; x_wconf 81' lang='grc' dir='ltr'><strong>Β</strong></span> <span class='ocrx_word' id='word_1_274' title='bbox 2188 1917 2452 1973; x_wconf 89' lang='lat' dir='ltr'><strong>timebunt</strong></span> <span class='ocrx_word' id='word_1_275' title='bbox 2481 1933 2587 1972; x_wconf 93' lang='lat' dir='ltr'><strong>non</strong></span> <span class='ocrx_word' id='word_1_276' title='bbox 2619 1918 2790 1973; x_wconf 90' lang='lat' dir='ltr'><strong>solum</strong></span> <span class='ocrx_word' id='word_1_277' title='bbox 2820 1918 2908 1974; x_wconf 92' lang='lat' dir='ltr'><strong>alii</strong></span> <span class='ocrx_word' id='word_1_278' title='bbox 2932 1919 3236 1985; x_wconf 87' lang='lat' dir='ltr'><strong>viciniores,</strong></span> <span class='ocrx_word' id='word_1_279' title='bbox 3265 1920 3361 1976; x_wconf 90' lang='lat' dir='ltr'><strong>sed</strong></span> <span class='ocrx_word' id='word_1_280' title='bbox 3391 1922 3560 1975; x_wconf 88' lang='lat' dir='ltr'><strong>etiam</strong></span> <span class='ocrx_word' id='word_1_281' title='bbox 3590 1919 3665 1974; x_wconf 92' lang='lat' dir='ltr'><strong>illi</strong></span> <span class='ocrx_word' id='word_1_282' title='bbox 3694 1918 3776 1990; x_wconf 74' lang='lat' dir='ltr'><strong>qui</strong></span> 
     </span>
    </p>
   </div>
   <div class='ocr_carea' id='block_1_35' title="bbox 499 2009 2081 2084">
    <p class='ocr_par' dir='ltr' id='par_1_35' title="bbox 499 2009 2081 2084">
     <span class='ocr_line' id='line_1_35' title="bbox 499 2009 2081 2084; baseline 0.005 -23"><span class='ocrx_word' id='word_1_283' title='bbox 499 2009 576 2062; x_wconf 85' lang='lat' dir='ltr'><strong>sis</strong></span> <span class='ocrx_word' id='word_1_284' title='bbox 604 2024 886 2064; x_wconf 88' lang='lat' dir='ltr'><strong>munerum</strong></span> <span class='ocrx_word' id='word_1_285' title='bbox 919 2010 1274 2080; x_wconf 88' lang='lat' dir='ltr'><strong>spiritualium</strong></span> <span class='ocrx_word' id='word_1_286' title='bbox 1303 2013 1531 2068; x_wconf 81' lang='lat' dir='ltr'><strong>excubat</strong></span> <span class='ocrx_word' id='word_1_287' title='bbox 1559 2013 1734 2080; x_wconf 89' lang='lat' dir='ltr'><strong>bouis,</strong></span> <span class='ocrx_word' id='word_1_288' title='bbox 1766 2014 1810 2070; x_wconf 88' lang='lat' dir='ltr'><strong>si</strong></span> <span class='ocrx_word' id='word_1_289' title='bbox 1841 2029 2081 2084; x_wconf 81' lang='lat' dir='ltr'><strong>praesen-</strong></span> 
     </span>
    </p>
   </div>
   <div class='ocr_carea' id='block_1_36' title="bbox 498 2096 2081 2173">
    <p class='ocr_par' dir='ltr' id='par_1_36' title="bbox 498 2096 2081 2173">
     <span class='ocr_line' id='line_1_36' title="bbox 498 2096 2081 2173; baseline 0.006 -25"><span class='ocrx_word' id='word_1_290' title='bbox 498 2096 570 2149; x_wconf 91' lang='lat' dir='ltr'><strong>tia</strong></span> <span class='ocrx_word' id='word_1_291' title='bbox 620 2098 761 2152; x_wconf 84' lang='lat' dir='ltr'><strong>bona</strong></span> <span class='ocrx_word' id='word_1_292' title='bbox 805 2098 1053 2154; x_wconf 88' lang='lat' dir='ltr'><strong>volumus</strong></span> <span class='ocrx_word' id='word_1_293' title='bbox 1101 2100 1365 2169; x_wconf 86' lang='lat' dir='ltr'><strong>accipere.</strong></span> <span class='ocrx_word' id='word_1_294' title='bbox 1418 2099 1668 2156; x_wconf 88' lang='lat' dir='ltr'><strong>Sanctum</strong></span> <span class='ocrx_word' id='word_1_295' title='bbox 1717 2112 1790 2157; x_wconf 89' lang='lat' dir='ltr'><strong>est</strong></span> <span class='ocrx_word' id='word_1_296' title='bbox 1836 2103 2081 2173; x_wconf 89' lang='lat' dir='ltr'><strong>templum</strong></span> 
     </span>
    </p>
   </div>
   <div class='ocr_carea' id='block_1_37' title="bbox 498 2187 2082 2264">
    <p class='ocr_par' dir='ltr' id='par_1_37' title="bbox 498 2187 2082 2264">
     <span class='ocr_line' id='line_1_37' title="bbox 498 2187 2082 2264; baseline 0.007 -26"><span class='ocrx_word' id='word_1_297' title='bbox 498 2197 668 2240; x_wconf 89' lang='lat' dir='ltr'><strong>tuum.</strong></span> <span class='ocrx_word' id='word_1_298' title='bbox 703 2187 759 2243; x_wconf 90' lang='lat' dir='ltr'><strong>Si</strong></span> <span class='ocrx_word' id='word_1_299' title='bbox 792 2188 1062 2246; x_wconf 87' lang='lat' dir='ltr'><strong>Christum</strong></span> <span class='ocrx_word' id='word_1_300' title='bbox 1096 2191 1422 2261; x_wconf 90' lang='lat' dir='ltr'><strong>accipimus,</strong></span> <span class='ocrx_word' id='word_1_301' title='bbox 1456 2207 1692 2248; x_wconf 71' lang='lat' dir='ltr'><strong>saucium</strong></span> <span class='ocrx_word' id='word_1_302' title='bbox 1731 2205 1805 2250; x_wconf 88' lang='lat' dir='ltr'><strong>est</strong></span> <span class='ocrx_word' id='word_1_303' title='bbox 1835 2195 2082 2264; x_wconf 86' lang='lat' dir='ltr'><strong>templum</strong></span> 
     </span>
    </p>
   </div>
   <div class='ocr_carea' id='block_1_38' title="bbox 497 2279 2081 2360">
    <p class='ocr_par' dir='ltr' id='par_1_38' title="bbox 497 2279 2081 2360">
     <span class='ocr_line' id='line_1_38' title="bbox 497 2279 2081 2360; baseline 0.004 -27"><span class='ocrx_word' id='word_1_304' title='bbox 497 2279 552 2333; x_wconf 90' lang='lat' dir='ltr'><strong>in</strong></span> <span class='ocrx_word' id='word_1_305' title='bbox 577 2294 685 2350; x_wconf 91' lang='lat' dir='ltr'><strong>quo</strong></span> <span class='ocrx_word' id='word_1_306' title='bbox 712 2281 970 2338; x_wconf 83' lang='lat' dir='ltr'><strong>inhabitat</strong></span> <span class='ocrx_word' id='word_1_307' title='bbox 999 2284 1167 2338; x_wconf 86' lang='lat' dir='ltr'><strong>omnis</strong></span> <span class='ocrx_word' id='word_1_308' title='bbox 1199 2283 1469 2360; x_wconf 78' lang='lat' dir='ltr'><strong>plenitudo</strong></span> <span class='ocrx_word' id='word_1_309' title='bbox 1509 2284 1796 2340; x_wconf 72' lang='lat' dir='ltr'><strong>divinitatis</strong></span> <span class='ocrx_word' id='word_1_310' title='bbox 1827 2285 1963 2356; x_wconf 85' lang='lat' dir='ltr'><strong>(Col.</strong></span> <span class='ocrx_word' id='word_1_311' title='bbox 1995 2285 2081 2356; x_wconf 87' lang='grc' dir='ltr'>ιι),</span> 
     </span>
    </p>
   </div>
   <div class='ocr_carea' id='block_1_39' title="bbox 497 2370 2082 2446">
    <p class='ocr_par' dir='ltr' id='par_1_39' title="bbox 497 2370 2082 2446">
     <span class='ocr_line' id='line_1_39' title="bbox 497 2370 2082 2446; baseline 0.006 -24"><span class='ocrx_word' id='word_1_312' title='bbox 497 2378 558 2423; x_wconf 79' lang='lat' dir='ltr'><strong>ut</strong></span> <span class='ocrx_word' id='word_1_313' title='bbox 585 2370 776 2431; x_wconf 84' lang='lat' dir='ltr'><strong>domus</strong></span> <span class='ocrx_word' id='word_1_314' title='bbox 811 2373 880 2428; x_wconf 91' lang='lat' dir='ltr'><strong>sit</strong></span> <span class='ocrx_word' id='word_1_315' title='bbox 911 2373 1170 2439; x_wconf 86' lang='lat' dir='ltr'><strong>Ecclesia,</strong></span> <span class='ocrx_word' id='word_1_316' title='bbox 1199 2375 1454 2446; x_wconf 90' lang='lat' dir='ltr'><strong>templum</strong></span> <span class='ocrx_word' id='word_1_317' title='bbox 1490 2374 1760 2432; x_wconf 91' lang='lat' dir='ltr'><strong>Christus.</strong></span> <span class='ocrx_word' id='word_1_318' title='bbox 1796 2376 1862 2432; x_wconf 90' lang='lat' dir='ltr'><strong>Et</strong></span> <span class='ocrx_word' id='word_1_319' title='bbox 1885 2385 1944 2431; x_wconf 94' lang='lat' dir='ltr'><strong>ut</strong></span> <span class='ocrx_word' id='word_1_320' title='bbox 1978 2377 2082 2432; x_wconf 90' lang='lat' dir='ltr'><strong>illis</strong></span> 
     </span>
    </p>
   </div>
   <div class='ocr_carea' id='block_1_40' title="bbox 497 2458 2079 2538">
    <p class='ocr_par' dir='ltr' id='par_1_40' title="bbox 497 2458 2079 2538">
     <span class='ocr_line' id='line_1_40' title="bbox 497 2458 2079 2538; baseline 0.004 -24"><span class='ocrx_word' id='word_1_321' title='bbox 497 2458 653 2516; x_wconf 88' lang='lat' dir='ltr'><strong>bonis</strong></span> <span class='ocrx_word' id='word_1_322' title='bbox 691 2463 1033 2532; x_wconf 81' lang='lat' dir='ltr'><strong>repleamur,</strong></span> <span class='ocrx_word' id='word_1_323' title='bbox 1065 2464 1148 2519; x_wconf 94' lang='lat' dir='ltr'><strong>vel</strong></span> <span class='ocrx_word' id='word_1_324' title='bbox 1197 2465 1322 2535; x_wconf 91' lang='lat' dir='ltr'><strong>quia</strong></span> <span class='ocrx_word' id='word_1_325' title='bbox 1355 2466 1534 2520; x_wconf 88' lang='lat' dir='ltr'><strong>beatus</strong></span> <span class='ocrx_word' id='word_1_326' title='bbox 1576 2475 1659 2520; x_wconf 88' lang='lat' dir='ltr'><strong>est</strong></span> <span class='ocrx_word' id='word_1_327' title='bbox 1698 2483 1848 2538; x_wconf 83' lang='lat' dir='ltr'><strong>quem</strong></span> <span class='ocrx_word' id='word_1_328' title='bbox 1892 2475 1946 2520; x_wconf 95' lang='lat' dir='ltr'><strong>tu</strong></span> <span class='ocrx_word' id='word_1_329' title='bbox 1991 2483 2079 2522; x_wconf 87' lang='lat' dir='ltr'><strong>as-</strong></span> 
     </span>
    </p>
   </div>
   <div class='ocr_carea' id='block_1_41' title="bbox 499 2549 2082 2619">
    <p class='ocr_par' dir='ltr' id='par_1_41' title="bbox 499 2549 2082 2619">
     <span class='ocr_line' id='line_1_41' title="bbox 499 2549 2082 2619; baseline 0.006 -17"><span class='ocrx_word' id='word_1_330' title='bbox 499 2552 790 2619; x_wconf 87' lang='lat' dir='ltr'><strong>sumpsisti,</strong></span> <span class='ocrx_word' id='word_1_331' title='bbox 828 2553 1020 2608; x_wconf 68' lang='lat' dir='ltr'><strong>exaudi</strong></span> <span class='ocrx_word' id='word_1_332' title='bbox 1050 2570 1162 2618; x_wconf 88' lang='lat' dir='ltr'><strong>nos,</strong></span> <span class='ocrx_word' id='word_1_333' title='bbox 1210 2549 1350 2609; x_wconf 85' lang='lat' dir='ltr'><strong>Deus</strong></span> <span class='ocrx_word' id='word_1_334' title='bbox 1391 2554 1643 2610; x_wconf 84' lang='lat' dir='ltr'><strong>salutaris</strong></span> <span class='ocrx_word' id='word_1_335' title='bbox 1685 2567 1901 2610; x_wconf 88' lang='lat' dir='ltr'><strong>noster:</strong></span> <span class='ocrx_word' id='word_1_336' title='bbox 1941 2558 2082 2611; x_wconf 88' lang='lat' dir='ltr'><strong>mitte</strong></span> 
     </span>
    </p>
   </div>
   <div class='ocr_carea' id='block_1_42' title="bbox 500 2639 2086 2719">
    <p class='ocr_par' dir='ltr' id='par_1_42' title="bbox 500 2639 2086 2719">
     <span class='ocr_line' id='line_1_42' title="bbox 500 2639 2086 2719; baseline 0.007 -29"><span class='ocrx_word' id='word_1_337' title='bbox 500 2655 652 2707; x_wconf 85' lang='lat' dir='ltr'><strong>quem</strong></span> <span class='ocrx_word' id='word_1_338' title='bbox 681 2639 935 2719; x_wconf 84' lang='lat' dir='ltr'><strong>missurus</strong></span> <span class='ocrx_word' id='word_1_339' title='bbox 961 2658 1014 2704; x_wconf 88' lang='lat' dir='ltr'><strong>es</strong></span> <span class='ocrx_word' id='word_1_340' title='bbox 1050 2641 1246 2713; x_wconf 74' lang='lat' dir='ltr'><strong>(Exod.</strong></span> <span class='ocrx_word' id='word_1_341' title='bbox 1277 2642 1375 2711; x_wconf 83' lang='lat' dir='ltr'><strong>tv),</strong></span> <span class='ocrx_word' id='word_1_342' title='bbox 1408 2643 1662 2700; x_wconf 84' lang='lat' dir='ltr'><strong>salutaris</strong></span> <span class='ocrx_word' id='word_1_343' title='bbox 1697 2656 1901 2711; x_wconf 84' lang='lat' dir='ltr'><strong>noster,</strong></span> <span class='ocrx_word' id='word_1_344' title='bbox 1931 2661 2086 2710; x_wconf 54' lang='lat' dir='ltr'><strong>assu-r</strong></span> 
     </span>
    </p>
   </div>
   <div class='ocr_carea' id='block_1_43' title="bbox 502 2732 2081 2809">
    <p class='ocr_par' dir='ltr' id='par_1_43' title="bbox 502 2732 2081 2809">
     <span class='ocr_line' id='line_1_43' title="bbox 502 2732 2081 2809; baseline 0.006 -25"><span class='ocrx_word' id='word_1_345' title='bbox 502 2732 696 2791; x_wconf 86' lang='lat' dir='ltr'><strong>mendo</strong></span> <span class='ocrx_word' id='word_1_346' title='bbox 722 2742 970 2788; x_wconf 85' lang='lat' dir='ltr'><strong>naturam</strong></span> <span class='ocrx_word' id='word_1_347' title='bbox 1002 2742 1259 2790; x_wconf 81' lang='lat' dir='ltr'><strong>nostram.</strong></span> <span class='ocrx_word' id='word_1_348' title='bbox 1289 2735 1368 2792; x_wconf 87' lang='lat' dir='ltr'><strong>Tu</strong></span> <span class='ocrx_word' id='word_1_349' title='bbox 1392 2737 1601 2806; x_wconf 75' lang='lat' dir='ltr'><strong>exaudi,</strong></span> <span class='ocrx_word' id='word_1_350' title='bbox 1632 2737 1721 2809; x_wconf 87' lang='lat' dir='ltr'><strong>qui</strong></span> <span class='ocrx_word' id='word_1_351' title='bbox 1749 2755 1808 2794; x_wconf 93' lang='lat' dir='ltr'><strong>es</strong></span> <span class='ocrx_word' id='word_1_352' title='bbox 1834 2756 1947 2809; x_wconf 86' lang='lat' dir='ltr'><strong>spes</strong></span> <span class='ocrx_word' id='word_1_353' title='bbox 1975 2755 2081 2796; x_wconf 92' lang='lat' dir='ltr'><strong>non</strong></span> 
     </span>
    </p>
   </div>
   <div class='ocr_carea' id='block_1_44' title="bbox 501 2813 2080 2898">
    <p class='ocr_par' dir='ltr' id='par_1_44' title="bbox 501 2813 2080 2898">
     <span class='ocr_line' id='line_1_44' title="bbox 501 2813 2080 2898; baseline 0.003 -19"><span class='ocrx_word' id='word_1_354' title='bbox 501 2823 671 2879; x_wconf 84' lang='lat' dir='ltr'><strong>solum</strong></span> <span class='ocrx_word' id='word_1_355' title='bbox 701 2823 929 2890; x_wconf 65' lang='lat' dir='ltr'><strong>Judane,</strong></span> <span class='ocrx_word' id='word_1_356' title='bbox 962 2827 1055 2882; x_wconf 90' lang='lat' dir='ltr'><strong>scd</strong></span> <span class='ocrx_word' id='word_1_357' title='bbox 1085 2829 1315 2882; x_wconf 85' lang='lat' dir='ltr'><strong>omnium</strong></span> <span class='ocrx_word' id='word_1_358' title='bbox 1354 2830 1541 2898; x_wconf 82' lang='lat' dir='ltr'><strong>ﬁnium</strong></span> <span class='ocrx_word' id='word_1_359' title='bbox 1573 2813 1763 2896; x_wconf 68' lang='lat' dir='ltr'><strong>terre,</strong></span> <span class='ocrx_word' id='word_1_360' title='bbox 1799 2831 1850 2886; x_wconf 90' lang='lat' dir='ltr'><strong>id</strong></span> <span class='ocrx_word' id='word_1_361' title='bbox 1885 2841 1989 2896; x_wconf 91' lang='lat' dir='ltr'><strong>cst,</strong></span> <span class='ocrx_word' id='word_1_362' title='bbox 2029 2833 2080 2885; x_wconf 89' lang='lat' dir='ltr'><strong>in</strong></span> 
     </span>
    </p>
   </div>
   <div class='ocr_carea' id='block_1_45' title="bbox 499 2921 2082 2991">
    <p class='ocr_par' dir='ltr' id='par_1_45' title="bbox 499 2921 2082 2991">
     <span class='ocr_line' id='line_1_45' title="bbox 499 2921 2082 2991; baseline 0.003 -21"><span class='ocrx_word' id='word_1_363' title='bbox 499 2931 606 2984; x_wconf 90' lang='lat' dir='ltr'><strong>quo</strong></span> <span class='ocrx_word' id='word_1_364' title='bbox 632 2925 1036 2988; x_wconf 83' lang='lat' dir='ltr'><strong>omnes&#39;gentes</strong></span> <span class='ocrx_word' id='word_1_365' title='bbox 1064 2921 1294 2974; x_wconf 87' lang='lat' dir='ltr'><strong>omnium</strong></span> <span class='ocrx_word' id='word_1_366' title='bbox 1329 2921 1515 2988; x_wconf 87' lang='lat' dir='ltr'><strong>ﬁnium</strong></span> <span class='ocrx_word' id='word_1_367' title='bbox 1547 2931 1722 2988; x_wconf 72' lang='lat' dir='ltr'><strong>terrm,</strong></span> <span class='ocrx_word' id='word_1_368' title='bbox 1755 2923 1804 2976; x_wconf 90' lang='lat' dir='ltr'><strong>id</strong></span> <span class='ocrx_word' id='word_1_369' title='bbox 1844 2931 1957 2986; x_wconf 89' lang='lat' dir='ltr'><strong>est,</strong></span> <span class='ocrx_word' id='word_1_370' title='bbox 1993 2922 2082 2991; x_wconf 85' lang='lat' dir='ltr'><strong>qui</strong></span> 
     </span>
    </p>
   </div>
   <div class='ocr_carea' id='block_1_46' title="bbox 503 3007 2086 3089">
    <p class='ocr_par' dir='ltr' id='par_1_46' title="bbox 503 3007 2086 3089">
     <span class='ocr_line' id='line_1_46' title="bbox 503 3007 2086 3089; baseline 0.004 -29"><span class='ocrx_word' id='word_1_371' title='bbox 503 3007 749 3089; x_wconf 80' lang='lat' dir='ltr'><strong>habitant</strong></span> <span class='ocrx_word' id='word_1_372' title='bbox 776 3009 828 3064; x_wconf 93' lang='lat' dir='ltr'><strong>in</strong></span> <span class='ocrx_word' id='word_1_373' title='bbox 868 3009 1064 3087; x_wconf 84' lang='lat' dir='ltr'><strong>finibus</strong></span> <span class='ocrx_word' id='word_1_374' title='bbox 1107 3009 1366 3081; x_wconf 85' lang='lat' dir='ltr'><strong>gentium,</strong></span> <span class='ocrx_word' id='word_1_375' title='bbox 1395 3011 1447 3066; x_wconf 92' lang='lat' dir='ltr'><strong>id</strong></span> <span class='ocrx_word' id='word_1_376' title='bbox 1470 3021 1576 3078; x_wconf 88' lang='lat' dir='ltr'><strong>est,</strong></span> <span class='ocrx_word' id='word_1_377' title='bbox 1611 3012 1664 3066; x_wconf 91' lang='lat' dir='ltr'><strong>in</strong></span> <span class='ocrx_word' id='word_1_378' title='bbox 1695 3013 1884 3069; x_wconf 92' lang='lat' dir='ltr'><strong>insulis</strong></span> <span class='ocrx_word' id='word_1_379' title='bbox 1921 3014 2086 3067; x_wconf 89' lang='lat' dir='ltr'><strong>mari-</strong></span> 
     </span>
    </p>
   </div>
   <div class='ocr_carea' id='block_1_47' title="bbox 505 3099 2085 3173">
    <p class='ocr_par' dir='ltr' id='par_1_47' title="bbox 505 3099 2085 3173">
     <span class='ocr_line' id='line_1_47' title="bbox 505 3099 2085 3173; baseline 0.004 -22"><span class='ocrx_word' id='word_1_380' title='bbox 505 3099 591 3152; x_wconf 87' lang='lat' dir='ltr'><strong>nis</strong></span> <span class='ocrx_word' id='word_1_381' title='bbox 622 3115 636 3152; x_wconf 91' lang='lat'>:</span> <span class='ocrx_word' id='word_1_382' title='bbox 671 3099 740 3164; x_wconf 86' lang='lat' dir='ltr'><strong>ad</strong></span> <span class='ocrx_word' id='word_1_383' title='bbox 779 3099 896 3155; x_wconf 87' lang='lat' dir='ltr'><strong>illos</strong></span> <span class='ocrx_word' id='word_1_384' title='bbox 933 3101 1077 3162; x_wconf 88' lang='lat' dir='ltr'><strong>enim</strong></span> <span class='ocrx_word' id='word_1_385' title='bbox 1119 3116 1292 3172; x_wconf 88' lang='lat' dir='ltr'><strong>usque</strong></span> <span class='ocrx_word' id='word_1_386' title='bbox 1328 3104 1572 3173; x_wconf 86' lang='lat' dir='ltr'><strong>pervenit</strong></span> <span class='ocrx_word' id='word_1_387' title='bbox 1613 3103 1800 3163; x_wconf 88' lang='lat' dir='ltr'><strong>notitia</strong></span> <span class='ocrx_word' id='word_1_388' title='bbox 1842 3113 1954 3160; x_wconf 86' lang='lat' dir='ltr'><strong>tua.</strong></span> <span class='ocrx_word' id='word_1_389' title='bbox 1987 3104 2085 3159; x_wconf 82' lang='lat' dir='ltr'><strong>Vel</strong></span> 
     </span>
    </p>
   </div>
   <div class='ocr_carea' id='block_1_48' title="bbox 501 3185 2078 3263">
    <p class='ocr_par' dir='ltr' id='par_1_48' title="bbox 501 3185 2078 3263">
     <span class='ocr_line' id='line_1_48' title="bbox 501 3185 2078 3263; baseline 0.006 -24"><span class='ocrx_word' id='word_1_390' title='bbox 501 3185 734 3242; x_wconf 88' lang='lat' dir='ltr'><strong>omnium</strong></span> <span class='ocrx_word' id='word_1_391' title='bbox 760 3187 948 3256; x_wconf 87' lang='lat' dir='ltr'><strong>ﬁnium</strong></span> <span class='ocrx_word' id='word_1_392' title='bbox 977 3199 1153 3255; x_wconf 68' lang='lat' dir='ltr'><strong>terrae,</strong></span> <span class='ocrx_word' id='word_1_393' title='bbox 1185 3189 1239 3246; x_wconf 92' lang='lat' dir='ltr'><strong>id</strong></span> <span class='ocrx_word' id='word_1_394' title='bbox 1267 3199 1372 3257; x_wconf 89' lang='grc' dir='ltr'>εει,</span> <span class='ocrx_word' id='word_1_395' title='bbox 1403 3193 1706 3263; x_wconf 76' lang='lat' dir='ltr'><strong>gentilium,</strong></span> <span class='ocrx_word' id='word_1_396' title='bbox 1732 3193 2078 3250; x_wconf 74' lang='lat' dir='ltr'><strong>ambientitnn</strong></span> 
     </span>
    </p>
   </div>
   <div class='ocr_carea' id='block_1_49' title="bbox 2185 2006 3776 2073">
    <p class='ocr_par' dir='ltr' id='par_1_49' title="bbox 2185 2006 3776 2073">
     <span class='ocr_line' id='line_1_49' title="bbox 2185 2006 3776 2073; baseline 0.002 -14"><span class='ocrx_word' id='word_1_397' title='bbox 2185 2006 2422 2061; x_wconf 83' lang='lat' dir='ltr'><strong>habitant</strong></span> <span class='ocrx_word' id='word_1_398' title='bbox 2444 2009 2690 2064; x_wconf 86' lang='lat' dir='ltr'><strong>terminos</strong></span> <span class='ocrx_word' id='word_1_399' title='bbox 2714 2017 2888 2073; x_wconf 66' lang='lat' dir='ltr'><strong>terrae,</strong></span> <span class='ocrx_word' id='word_1_400' title='bbox 2917 2008 2971 2065; x_wconf 89' lang='lat' dir='ltr'><strong>id</strong></span> <span class='ocrx_word' id='word_1_401' title='bbox 2995 2018 3079 2065; x_wconf 90' lang='lat' dir='ltr'><strong>est</strong></span> <span class='ocrx_word' id='word_1_402' title='bbox 3103 2010 3449 2065; x_wconf 87' lang='lat' dir='ltr'><strong>remotissimi</strong></span> <span class='ocrx_word' id='word_1_403' title='bbox 3479 2028 3497 2064; x_wconf 88' lang='lat'><strong>:</strong></span> <span class='ocrx_word' id='word_1_404' title='bbox 3523 2009 3611 2064; x_wconf 85' lang='lat' dir='ltr'><strong>vel</strong></span> <span class='ocrx_word' id='word_1_405' title='bbox 3632 2011 3776 2063; x_wconf 60' lang='lat' dir='ltr'><strong>linte-</strong></span> 
     </span>
    </p>
   </div>
   <div class='ocr_carea' id='block_1_50' title="bbox 2185 2095 3776 2168">
    <p class='ocr_par' dir='ltr' id='par_1_50' title="bbox 2185 2095 3776 2168">
     <span class='ocr_line' id='line_1_50' title="bbox 2185 2095 3776 2168; baseline 0.004 -20"><span class='ocrx_word' id='word_1_406' title='bbox 2185 2095 2312 2151; x_wconf 88' lang='lat' dir='ltr'><strong>bunt</strong></span> <span class='ocrx_word' id='word_1_407' title='bbox 2342 2096 2492 2167; x_wconf 89' lang='lat' dir='ltr'><strong>prius</strong></span> <span class='ocrx_word' id='word_1_408' title='bbox 2511 2138 2526 2164; x_wconf 94' lang='lat'><strong>,</strong></span> <span class='ocrx_word' id='word_1_409' title='bbox 2558 2098 2648 2168; x_wconf 91' lang='lat' dir='ltr'><strong>qui</strong></span> <span class='ocrx_word' id='word_1_410' title='bbox 2681 2107 2802 2168; x_wconf 92' lang='lat' dir='ltr'><strong>post</strong></span> <span class='ocrx_word' id='word_1_411' title='bbox 2833 2098 3080 2154; x_wconf 88' lang='lat' dir='ltr'><strong>timorem</strong></span> <span class='ocrx_word' id='word_1_412' title='bbox 3110 2114 3168 2154; x_wconf 91' lang='lat' dir='ltr'><strong>se</strong></span> <span class='ocrx_word' id='word_1_413' title='bbox 3196 2098 3556 2168; x_wconf 84' lang='lat' dir='ltr'><strong>inhabitando</strong></span> <span class='ocrx_word' id='word_1_414' title='bbox 3583 2099 3776 2154; x_wconf 83' lang='lat' dir='ltr'><strong>facient</strong></span> 
     </span>
    </p>
   </div>
   <div class='ocr_carea' id='block_1_51' title="bbox 2186 2189 3771 2262">
    <p class='ocr_par' dir='ltr' id='par_1_51' title="bbox 2186 2189 3771 2262">
     <span class='ocr_line' id='line_1_51' title="bbox 2186 2189 3771 2262; baseline 0.004 -19"><span class='ocrx_word' id='word_1_415' title='bbox 2186 2189 2462 2245; x_wconf 91' lang='lat' dir='ltr'><strong>terminos.</strong></span> <span class='ocrx_word' id='word_1_416' title='bbox 2499 2189 2773 2245; x_wconf 82' lang='lat' dir='ltr'><strong>Timebunt</strong></span> <span class='ocrx_word' id='word_1_417' title='bbox 2803 2189 2956 2252; x_wconf 89' lang='lat' dir='ltr'><strong>dico,</strong></span> <span class='ocrx_word' id='word_1_418' title='bbox 2986 2208 3018 2245; x_wconf 92' lang='lat' dir='ltr'><strong>a</strong></span> <span class='ocrx_word' id='word_1_419' title='bbox 3044 2191 3229 2262; x_wconf 83' lang='lat' dir='ltr'><strong>signis,</strong></span> <span class='ocrx_word' id='word_1_420' title='bbox 3262 2191 3314 2245; x_wconf 91' lang='lat' dir='ltr'><strong>id</strong></span> <span class='ocrx_word' id='word_1_421' title='bbox 3359 2199 3449 2247; x_wconf 91' lang='lat' dir='ltr'><strong>est</strong></span> <span class='ocrx_word' id='word_1_422' title='bbox 3481 2191 3771 2250; x_wconf 86' lang='lat' dir='ltr'><strong>miraculis.</strong></span> 
     </span>
    </p>
   </div>
   <div class='ocr_carea' id='block_1_52' title="bbox 2185 2280 3777 2352">
    <p class='ocr_par' dir='ltr' id='par_1_52' title="bbox 2185 2280 3777 2352">
     <span class='ocr_line' id='line_1_52' title="bbox 2185 2280 3777 2352; baseline 0.001 -18"><span class='ocrx_word' id='word_1_423' title='bbox 2185 2294 2291 2335; x_wconf 91' lang='lat' dir='ltr'><strong>non</strong></span> <span class='ocrx_word' id='word_1_424' title='bbox 2323 2280 2586 2337; x_wconf 89' lang='lat' dir='ltr'><strong>montium</strong></span> <span class='ocrx_word' id='word_1_425' title='bbox 2605 2321 2621 2348; x_wconf 93' lang='lat'><strong>,</strong></span> <span class='ocrx_word' id='word_1_426' title='bbox 2651 2282 2746 2338; x_wconf 93' lang='lat' dir='ltr'><strong>sed</strong></span> <span class='ocrx_word' id='word_1_427' title='bbox 2771 2283 2901 2347; x_wconf 89' lang='lat' dir='ltr'><strong>tuis,</strong></span> <span class='ocrx_word' id='word_1_428' title='bbox 2932 2281 3158 2336; x_wconf 88' lang='lat' dir='ltr'><strong>Domino</strong></span> <span class='ocrx_word' id='word_1_429' title='bbox 3181 2291 3497 2352; x_wconf 82' lang='lat' dir='ltr'><strong>cooperante</strong></span> <span class='ocrx_word' id='word_1_430' title='bbox 3517 2292 3569 2341; x_wconf 84' lang='lat' dir='ltr'><strong>et</strong></span> <span class='ocrx_word' id='word_1_431' title='bbox 3589 2299 3777 2339; x_wconf 79' lang='lat' dir='ltr'><strong>sermo-</strong></span> 
     </span>
    </p>
   </div>
   <div class='ocr_carea' id='block_1_53' title="bbox 2185 2371 3774 2443">
    <p class='ocr_par' dir='ltr' id='par_1_53' title="bbox 2185 2371 3774 2443">
     <span class='ocr_line' id='line_1_53' title="bbox 2185 2371 3774 2443; baseline -0.002 -17"><span class='ocrx_word' id='word_1_432' title='bbox 2185 2388 2300 2426; x_wconf 87' lang='lat' dir='ltr'><strong>nem</strong></span> <span class='ocrx_word' id='word_1_433' title='bbox 2329 2371 2672 2441; x_wconf 83' lang='lat' dir='ltr'><strong>conﬁrmante</strong></span> <span class='ocrx_word' id='word_1_434' title='bbox 2695 2371 3023 2443; x_wconf 83' lang='lat' dir='ltr'><strong>sequentibus</strong></span> <span class='ocrx_word' id='word_1_435' title='bbox 3044 2371 3206 2442; x_wconf 86' lang='lat' dir='ltr'><strong>signis</strong></span> <span class='ocrx_word' id='word_1_436' title='bbox 3233 2371 3430 2442; x_wconf 74' lang='lat' dir='ltr'><strong>(Marc.</strong></span> <span class='ocrx_word' id='word_1_437' title='bbox 3471 2373 3616 2442; x_wconf 83' lang='lat' dir='ltr'><strong>va).</strong></span> <span class='ocrx_word' id='word_1_438' title='bbox 3645 2371 3774 2438; x_wconf 82' lang='lat' dir='ltr'><strong>Quid</strong></span> 
     </span>
    </p>
   </div>
   <div class='ocr_carea' id='block_1_54' title="bbox 2186 2462 3777 2534">
    <p class='ocr_par' dir='ltr' id='par_1_54' title="bbox 2186 2462 3777 2534">
     <span class='ocr_line' id='line_1_54' title="bbox 2186 2462 3777 2534; baseline -0.003 -16"><span class='ocrx_word' id='word_1_439' title='bbox 2186 2464 2310 2520; x_wconf 88' lang='lat' dir='ltr'><strong>inde</strong></span> <span class='ocrx_word' id='word_1_440' title='bbox 2363 2464 2507 2534; x_wconf 87' lang='lat' dir='ltr'><strong>quod</strong></span> <span class='ocrx_word' id='word_1_441' title='bbox 2558 2464 2823 2520; x_wconf 87' lang='lat' dir='ltr'><strong>timebunt</strong></span> <span class='ocrx_word' id='word_1_442' title='bbox 2869 2471 2925 2518; x_wconf 91' lang='lat' dir='ltr'><strong>et</strong></span> <span class='ocrx_word' id='word_1_443' title='bbox 2973 2463 3238 2520; x_wconf 84' lang='lat' dir='ltr'><strong>credent?</strong></span> <span class='ocrx_word' id='word_1_444' title='bbox 3285 2463 3479 2518; x_wconf 73' lang='lat' dir='ltr'><strong>Exitus</strong></span> <span class='ocrx_word' id='word_1_445' title='bbox 3536 2462 3777 2517; x_wconf 70' lang='lat' dir='ltr'><strong>matutini</strong></span> 
     </span>
    </p>
   </div>
   <div class='ocr_carea' id='block_1_55' title="bbox 2183 2551 3778 2623">
    <p class='ocr_par' dir='ltr' id='par_1_55' title="bbox 2183 2551 3778 2623">
     <span class='ocr_line' id='line_1_55' title="bbox 2183 2551 3778 2623; baseline -0.003 -15"><span class='ocrx_word' id='word_1_446' title='bbox 2183 2563 2232 2608; x_wconf 86' lang='lat' dir='ltr'><strong>et</strong></span> <span class='ocrx_word' id='word_1_447' title='bbox 2270 2555 2448 2609; x_wconf 81' lang='lat' dir='ltr'><strong>exitus</strong></span> <span class='ocrx_word' id='word_1_448' title='bbox 2473 2569 2677 2623; x_wconf 85' lang='lat' dir='ltr'><strong>vespere</strong></span> <span class='ocrx_word' id='word_1_449' title='bbox 2701 2552 2980 2608; x_wconf 86' lang='lat' dir='ltr'><strong>delectabis</strong></span> <span class='ocrx_word' id='word_1_450' title='bbox 3004 2593 3018 2616; x_wconf 92' lang='lat'><strong>,</strong></span> <span class='ocrx_word' id='word_1_451' title='bbox 3055 2553 3107 2607; x_wconf 91' lang='lat' dir='ltr'><strong>id</strong></span> <span class='ocrx_word' id='word_1_452' title='bbox 3135 2562 3218 2608; x_wconf 90' lang='lat' dir='ltr'><strong>est</strong></span> <span class='ocrx_word' id='word_1_453' title='bbox 3241 2593 3255 2617; x_wconf 93' lang='lat'><strong>,</strong></span> <span class='ocrx_word' id='word_1_454' title='bbox 3298 2551 3469 2607; x_wconf 80' lang='lat' dir='ltr'><strong>facies</strong></span> <span class='ocrx_word' id='word_1_455' title='bbox 3499 2567 3600 2608; x_wconf 87' lang='lat' dir='ltr'><strong>eos</strong></span> <span class='ocrx_word' id='word_1_456' title='bbox 3635 2553 3778 2606; x_wconf 81' lang='lat' dir='ltr'><strong>exire</strong></span> 
     </span>
    </p>
   </div>
   <div class='ocr_carea' id='block_1_56' title="bbox 2187 2643 3770 2716">
    <p class='ocr_par' dir='ltr' id='par_1_56' title="bbox 2187 2643 3770 2716">
     <span class='ocr_line' id='line_1_56' title="bbox 2187 2643 3770 2716; baseline -0.003 -16"><span class='ocrx_word' id='word_1_457' title='bbox 2187 2645 2598 2716; x_wconf 90' lang='lat' dir='ltr'><strong>prosperitatem</strong></span> <span class='ocrx_word' id='word_1_458' title='bbox 2632 2684 2646 2709; x_wconf 94' lang='lat'><strong>,</strong></span> <span class='ocrx_word' id='word_1_459' title='bbox 2696 2658 2819 2714; x_wconf 85' lang='lat' dir='ltr'><strong>quae</strong></span> <span class='ocrx_word' id='word_1_460' title='bbox 2867 2643 3204 2715; x_wconf 85' lang='lat' dir='ltr'><strong>signillcatur</strong></span> <span class='ocrx_word' id='word_1_461' title='bbox 3248 2657 3345 2712; x_wconf 90' lang='lat' dir='ltr'><strong>per</strong></span> <span class='ocrx_word' id='word_1_462' title='bbox 3395 2643 3770 2708; x_wconf 84' lang='lat' dir='ltr'><strong>matutinum;</strong></span> 
     </span>
    </p>
   </div>
   <div class='ocr_carea' id='block_1_57' title="bbox 2186 2732 3771 2805">
    <p class='ocr_par' dir='ltr' id='par_1_57' title="bbox 2186 2732 3771 2805">
     <span class='ocr_line' id='line_1_57' title="bbox 2186 2732 3771 2805; baseline -0.004 -15"><span class='ocrx_word' id='word_1_463' title='bbox 2186 2742 2241 2790; x_wconf 85' lang='lat' dir='ltr'><strong>et</strong></span> <span class='ocrx_word' id='word_1_464' title='bbox 2285 2734 2704 2799; x_wconf 85' lang='lat' dir='ltr'><strong>adversitatem,</strong></span> <span class='ocrx_word' id='word_1_465' title='bbox 2751 2747 2870 2804; x_wconf 59' lang='lat' dir='ltr'><strong>quae</strong></span> <span class='ocrx_word' id='word_1_466' title='bbox 2918 2732 3251 2805; x_wconf 76' lang='lat' dir='ltr'><strong>significatur</strong></span> <span class='ocrx_word' id='word_1_467' title='bbox 3297 2748 3396 2805; x_wconf 91' lang='lat' dir='ltr'><strong>per</strong></span> <span class='ocrx_word' id='word_1_468' title='bbox 3444 2747 3771 2804; x_wconf 80' lang='lat' dir='ltr'><strong>vesperam:</strong></span> 
     </span>
    </p>
   </div>
   <div class='ocr_carea' id='block_1_58' title="bbox 2185 2823 3777 2895">
    <p class='ocr_par' dir='ltr' id='par_1_58' title="bbox 2185 2823 3777 2895">
     <span class='ocr_line' id='line_1_58' title="bbox 2185 2823 3777 2895; baseline -0.002 -17"><span class='ocrx_word' id='word_1_469' title='bbox 2185 2833 2245 2880; x_wconf 90' lang='lat' dir='ltr'><strong>ut</strong></span> <span class='ocrx_word' id='word_1_470' title='bbox 2288 2838 2466 2895; x_wconf 91' lang='lat' dir='ltr'><strong>neque</strong></span> <span class='ocrx_word' id='word_1_471' title='bbox 2501 2823 2830 2880; x_wconf 78' lang='lat' dir='ltr'><strong>extollantur</strong></span> <span class='ocrx_word' id='word_1_472' title='bbox 2865 2824 3220 2894; x_wconf 85' lang='lat' dir='ltr'><strong>prosperitate</strong></span> <span class='ocrx_word' id='word_1_473' title='bbox 3243 2863 3258 2890; x_wconf 94' lang='lat'><strong>,</strong></span> <span class='ocrx_word' id='word_1_474' title='bbox 3305 2838 3409 2878; x_wconf 92' lang='lat' dir='ltr'><strong>nec</strong></span> <span class='ocrx_word' id='word_1_475' title='bbox 3453 2823 3777 2893; x_wconf 80' lang='lat' dir='ltr'><strong>frangantur</strong></span> 
     </span>
    </p>
   </div>
   <div class='ocr_carea' id='block_1_59' title="bbox 2185 2913 3776 2980">
    <p class='ocr_par' dir='ltr' id='par_1_59' title="bbox 2185 2913 3776 2980">
     <span class='ocr_line' id='line_1_59' title="bbox 2185 2913 3776 2980; baseline -0.003 -10"><span class='ocrx_word' id='word_1_476' title='bbox 2185 2916 2534 2973; x_wconf 89' lang='lat' dir='ltr'><strong>adversitate.</strong></span> <span class='ocrx_word' id='word_1_477' title='bbox 2568 2915 2624 2970; x_wconf 91' lang='lat' dir='ltr'><strong>Si</strong></span> <span class='ocrx_word' id='word_1_478' title='bbox 2652 2931 2758 2970; x_wconf 90' lang='lat' dir='ltr'><strong>non</strong></span> <span class='ocrx_word' id='word_1_479' title='bbox 2788 2915 3021 2970; x_wconf 91' lang='lat' dir='ltr'><strong>delectat</strong></span> <span class='ocrx_word' id='word_1_480' title='bbox 3046 2923 3097 2971; x_wconf 92' lang='lat' dir='ltr'><strong>te</strong></span> <span class='ocrx_word' id='word_1_481' title='bbox 3122 2916 3320 2980; x_wconf 81' lang='lat' dir='ltr'><strong>exitus,</strong></span> <span class='ocrx_word' id='word_1_482' title='bbox 3349 2929 3462 2968; x_wconf 88' lang='lat' dir='ltr'><strong>non</strong></span> <span class='ocrx_word' id='word_1_483' title='bbox 3505 2913 3776 2968; x_wconf 80' lang='lat' dir='ltr'><strong>laborabis</strong></span> 
     </span>
    </p>
   </div>
   <div class='ocr_carea' id='block_1_60' title="bbox 2185 3005 3771 3078">
    <p class='ocr_par' dir='ltr' id='par_1_60' title="bbox 2185 3005 3771 3078">
     <span class='ocr_line' id='line_1_60' title="bbox 2185 3005 3771 3078; baseline -0.004 -15"><span class='ocrx_word' id='word_1_484' title='bbox 2185 3006 2353 3063; x_wconf 89' lang='lat' dir='ltr'><strong>exire.</strong></span> <span class='ocrx_word' id='word_1_485' title='bbox 2379 3007 2517 3074; x_wconf 83' lang='lat' dir='ltr'><strong>Quid</strong></span> <span class='ocrx_word' id='word_1_486' title='bbox 2543 3005 2771 3064; x_wconf 89' lang='lat' dir='ltr'><strong>lucreris</strong></span> <span class='ocrx_word' id='word_1_487' title='bbox 2810 3016 2867 3064; x_wconf 88' lang='lat' dir='ltr'><strong>et</strong></span> <span class='ocrx_word' id='word_1_488' title='bbox 2892 3007 3004 3078; x_wconf 90' lang='lat' dir='ltr'><strong>ipse</strong></span> <span class='ocrx_word' id='word_1_489' title='bbox 3040 3005 3352 3062; x_wconf 84' lang='lat' dir='ltr'><strong>damneris?</strong></span> <span class='ocrx_word' id='word_1_490' title='bbox 3379 3005 3524 3061; x_wconf 86' lang='lat' dir='ltr'><strong>Ecce</strong></span> <span class='ocrx_word' id='word_1_491' title='bbox 3549 3007 3771 3060; x_wconf 84' lang='lat' dir='ltr'><strong>verbum</strong></span> 
     </span>
    </p>
   </div>
   <div class='ocr_carea' id='block_1_61' title="bbox 2189 3098 3773 3169">
    <p class='ocr_par' dir='ltr' id='par_1_61' title="bbox 2189 3098 3773 3169">
     <span class='ocr_line' id='line_1_61' title="bbox 2189 3098 3773 3169; baseline -0.003 -15"><span class='ocrx_word' id='word_1_492' title='bbox 2189 3098 2396 3154; x_wconf 89' lang='lat' dir='ltr'><strong>Domini</strong></span> <span class='ocrx_word' id='word_1_493' title='bbox 2425 3099 2566 3169; x_wconf 90' lang='lat' dir='ltr'><strong>quod</strong></span> <span class='ocrx_word' id='word_1_494' title='bbox 2592 3108 2645 3155; x_wconf 89' lang='lat' dir='ltr'><strong>te</strong></span> <span class='ocrx_word' id='word_1_495' title='bbox 2672 3098 2921 3163; x_wconf 90' lang='lat' dir='ltr'><strong>delectet,</strong></span> <span class='ocrx_word' id='word_1_496' title='bbox 2937 3113 3044 3168; x_wconf 89' lang='lat' dir='ltr'><strong>quo</strong></span> <span class='ocrx_word' id='word_1_497' title='bbox 3066 3098 3298 3154; x_wconf 88' lang='lat' dir='ltr'><strong>traheris</strong></span> <span class='ocrx_word' id='word_1_498' title='bbox 3323 3099 3390 3153; x_wconf 87' lang='lat' dir='ltr'><strong>ad</strong></span> <span class='ocrx_word' id='word_1_499' title='bbox 3416 3113 3526 3152; x_wconf 90' lang='lat' dir='ltr'><strong>non</strong></span> <span class='ocrx_word' id='word_1_500' title='bbox 3548 3113 3773 3153; x_wconf 83' lang='lat' dir='ltr'><strong>consen-</strong></span> 
     </span>
    </p>
   </div>
   <div class='ocr_carea' id='block_1_62' title="bbox 2188 3189 3776 3267">
    <p class='ocr_par' dir='ltr' id='par_1_62' title="bbox 2188 3189 3776 3267">
     <span class='ocr_line' id='line_1_62' title="bbox 2188 3189 3776 3267; baseline 0 -23"><span class='ocrx_word' id='word_1_501' title='bbox 2188 3191 2424 3267; x_wconf 88' lang='lat' dir='ltr'><strong>tiendum</strong></span> <span class='ocrx_word' id='word_1_502' title='bbox 2441 3191 2514 3262; x_wconf 83' lang='lat' dir='ltr'><strong>ei,</strong></span> <span class='ocrx_word' id='word_1_503' title='bbox 2528 3191 2617 3261; x_wconf 90' lang='lat' dir='ltr'><strong>qui</strong></span> <span class='ocrx_word' id='word_1_504' title='bbox 2637 3191 2732 3246; x_wconf 88' lang='lat' dir='ltr'><strong>tibi</strong></span> <span class='ocrx_word' id='word_1_505' title='bbox 2754 3190 2955 3261; x_wconf 90' lang='lat' dir='ltr'><strong>aliquid</strong></span> <span class='ocrx_word' id='word_1_506' title='bbox 2981 3190 3242 3262; x_wconf 89' lang='lat' dir='ltr'><strong>promittit</strong></span> <span class='ocrx_word' id='word_1_507' title='bbox 3261 3197 3322 3244; x_wconf 90' lang='lat' dir='ltr'><strong>ut</strong></span> <span class='ocrx_word' id='word_1_508' title='bbox 3337 3189 3611 3262; x_wconf 81' lang='lat' dir='ltr'><strong>justitiam</strong></span> <span class='ocrx_word' id='word_1_509' title='bbox 3629 3190 3776 3244; x_wconf 82' lang='lat' dir='ltr'><strong>dese-</strong></span> 
     </span>
    </p>
   </div>
   <div class='ocr_carea' id='block_1_63' title="bbox 500 3275 3773 3361">
    <p class='ocr_par' dir='ltr' id='par_1_63' title="bbox 500 3275 3773 3361">
     <span class='ocr_line' id='line_1_63' title="bbox 500 3275 3773 3361; baseline 0.002 -30"><span class='ocrx_word' id='word_1_510' title='bbox 500 3291 600 3333; x_wconf 87' lang='lat' dir='ltr'><strong>nos</strong></span> <span class='ocrx_word' id='word_1_511' title='bbox 622 3276 820 3333; x_wconf 91' lang='lat' dir='ltr'><strong>cultam</strong></span> <span class='ocrx_word' id='word_1_512' title='bbox 849 3286 1070 3334; x_wconf 89' lang='lat' dir='ltr'><strong>terram.</strong></span> <span class='ocrx_word' id='word_1_513' title='bbox 1101 3279 1197 3337; x_wconf 82' lang='lat' dir='ltr'><strong>Vel</strong></span> <span class='ocrx_word' id='word_1_514' title='bbox 1223 3282 1456 3338; x_wconf 88' lang='lat' dir='ltr'><strong>omnium</strong></span> <span class='ocrx_word' id='word_1_515' title='bbox 1482 3283 1668 3352; x_wconf 89' lang='lat' dir='ltr'><strong>ﬁnium</strong></span> <span class='ocrx_word' id='word_1_516' title='bbox 1697 3295 1872 3350; x_wconf 82' lang='lat' dir='ltr'><strong>teme,</strong></span> <span class='ocrx_word' id='word_1_517' title='bbox 1901 3285 1955 3340; x_wconf 94' lang='lat' dir='ltr'><strong>id</strong></span> <span class='ocrx_word' id='word_1_518' title='bbox 1978 3293 2079 3350; x_wconf 90' lang='lat' dir='ltr'><strong>est,</strong></span> <span class='ocrx_word' id='word_1_519' title='bbox 2109 3275 2153 3336; x_wconf 91' lang='lat' dir='ltr'><strong>C</strong></span> <span class='ocrx_word' id='word_1_520' title='bbox 2187 3279 2628 3361; x_wconf 80' lang='lat' dir='ltr'><strong>ras,utfraudem</strong></span> <span class='ocrx_word' id='word_1_521' title='bbox 2659 3281 2845 3352; x_wconf 83' lang='lat' dir='ltr'><strong>facias,</strong></span> <span class='ocrx_word' id='word_1_522' title='bbox 2862 3297 3019 3337; x_wconf 92' lang='lat' dir='ltr'><strong>mane</strong></span> <span class='ocrx_word' id='word_1_523' title='bbox 3036 3281 3128 3336; x_wconf 91' lang='lat' dir='ltr'><strong>tibi</strong></span> <span class='ocrx_word' id='word_1_524' title='bbox 3141 3282 3419 3352; x_wconf 89' lang='lat' dir='ltr'><strong>est:quod</strong></span> <span class='ocrx_word' id='word_1_525' title='bbox 3446 3283 3543 3338; x_wconf 88' lang='lat' dir='ltr'><strong>tibi</strong></span> <span class='ocrx_word' id='word_1_526' title='bbox 3562 3283 3773 3337; x_wconf 88' lang='lat' dir='ltr'><strong>lucrum</strong></span> 
     </span>
    </p>
   </div>
   <div class='ocr_carea' id='block_1_64' title="bbox 498 3368 2081 3443">
    <p class='ocr_par' dir='ltr' id='par_1_64' title="bbox 498 3368 2081 3443">
     <span class='ocr_line' id='line_1_64' title="bbox 498 3368 2081 3443; baseline 0.004 -19"><span class='ocrx_word' id='word_1_527' title='bbox 498 3368 737 3424; x_wconf 88' lang='lat' dir='ltr'><strong>omnium</strong></span> <span class='ocrx_word' id='word_1_528' title='bbox 774 3369 984 3425; x_wconf 87' lang='lat' dir='ltr'><strong>illorum</strong></span> <span class='ocrx_word' id='word_1_529' title='bbox 1010 3371 1102 3443; x_wconf 89' lang='lat' dir='ltr'><strong>qui</strong></span> <span class='ocrx_word' id='word_1_530' title='bbox 1139 3387 1200 3429; x_wconf 89' lang='lat' dir='ltr'><strong>se</strong></span> <span class='ocrx_word' id='word_1_531' title='bbox 1223 3389 1252 3428; x_wconf 89' lang='lat' dir='ltr'><strong>a</strong></span> <span class='ocrx_word' id='word_1_532' title='bbox 1286 3373 1513 3428; x_wconf 89' lang='lat' dir='ltr'><strong>terrenis</strong></span> <span class='ocrx_word' id='word_1_533' title='bbox 1549 3382 1952 3441; x_wconf 81' lang='lat' dir='ltr'><strong>contraxerunt,</strong></span> <span class='ocrx_word' id='word_1_534' title='bbox 1976 3391 2081 3430; x_wconf 91' lang='lat' dir='ltr'><strong>non</strong></span> 
     </span>
    </p>
   </div>
   <div class='ocr_carea' id='block_1_65' title="bbox 502 3462 2081 3538">
    <p class='ocr_par' dir='ltr' id='par_1_65' title="bbox 502 3462 2081 3538">
     <span class='ocr_line' id='line_1_65' title="bbox 502 3462 2081 3538; baseline 0.004 -24"><span class='ocrx_word' id='word_1_535' title='bbox 502 3475 748 3530; x_wconf 69' lang='lat' dir='ltr'><strong>corpore,</strong></span> <span class='ocrx_word' id='word_1_536' title='bbox 773 3463 865 3518; x_wconf 91' lang='lat' dir='ltr'><strong>sed</strong></span> <span class='ocrx_word' id='word_1_537' title='bbox 893 3463 1195 3520; x_wconf 77' lang='lat' dir='ltr'><strong>aﬂectione.</strong></span> <span class='ocrx_word' id='word_1_538' title='bbox 1226 3462 1294 3520; x_wconf 84' lang='lat' dir='ltr'><strong>Et</strong></span> <span class='ocrx_word' id='word_1_539' title='bbox 1322 3481 1444 3536; x_wconf 86' lang='lat' dir='ltr'><strong>spes</strong></span> <span class='ocrx_word' id='word_1_540' title='bbox 1466 3464 1522 3521; x_wconf 84' lang='lat' dir='ltr'><strong>in</strong></span> <span class='ocrx_word' id='word_1_541' title='bbox 1543 3467 1678 3522; x_wconf 90' lang='lat' dir='ltr'><strong>mari</strong></span> <span class='ocrx_word' id='word_1_542' title='bbox 1707 3467 1878 3538; x_wconf 86' lang='lat' dir='ltr'><strong>longe,</strong></span> <span class='ocrx_word' id='word_1_543' title='bbox 1905 3467 1958 3530; x_wconf 89' lang='lat' dir='ltr'><strong>id</strong></span> <span class='ocrx_word' id='word_1_544' title='bbox 1978 3475 2081 3533; x_wconf 92' lang='lat' dir='ltr'><strong>est,</strong></span> 
     </span>
    </p>
   </div>
   <div class='ocr_carea' id='block_1_66' title="bbox 503 3553 2077 3626">
    <p class='ocr_par' dir='ltr' id='par_1_66' title="bbox 503 3553 2077 3626">
     <span class='ocr_line' id='line_1_66' title="bbox 503 3553 2077 3626; baseline 0.004 -20"><span class='ocrx_word' id='word_1_545' title='bbox 503 3553 666 3607; x_wconf 88' lang='lat' dir='ltr'><strong>etiam</strong></span> <span class='ocrx_word' id='word_1_546' title='bbox 690 3553 763 3607; x_wconf 91' lang='lat' dir='ltr'><strong>illi</strong></span> <span class='ocrx_word' id='word_1_547' title='bbox 787 3553 838 3607; x_wconf 92' lang='lat' dir='ltr'><strong>in</strong></span> <span class='ocrx_word' id='word_1_548' title='bbox 865 3562 916 3608; x_wconf 83' lang='lat' dir='ltr'><strong>te</strong></span> <span class='ocrx_word' id='word_1_549' title='bbox 937 3556 1229 3626; x_wconf 69' lang='lat' dir='ltr'><strong>sperabunt</strong></span> <span class='ocrx_word' id='word_1_550' title='bbox 1253 3554 1342 3625; x_wconf 89' lang='lat' dir='ltr'><strong>qui</strong></span> <span class='ocrx_word' id='word_1_551' title='bbox 1369 3563 1493 3611; x_wconf 92' lang='lat' dir='ltr'><strong>sunt</strong></span> <span class='ocrx_word' id='word_1_552' title='bbox 1519 3573 1683 3621; x_wconf 88' lang='lat' dir='ltr'><strong>mare,</strong></span> <span class='ocrx_word' id='word_1_553' title='bbox 1707 3557 1758 3611; x_wconf 92' lang='lat' dir='ltr'><strong>id</strong></span> <span class='ocrx_word' id='word_1_554' title='bbox 1779 3565 1862 3614; x_wconf 92' lang='lat' dir='ltr'><strong>est</strong></span> <span class='ocrx_word' id='word_1_555' title='bbox 1887 3559 2077 3622; x_wconf 91' lang='lat' dir='ltr'><strong>amari,</strong></span> 
     </span>
    </p>
   </div>
   <div class='ocr_carea' id='block_1_67' title="bbox 500 3642 2082 3721">
    <p class='ocr_par' dir='ltr' id='par_1_67' title="bbox 500 3642 2082 3721">
     <span class='ocr_line' id='line_1_67' title="bbox 500 3642 2082 3721; baseline 0.005 -25"><span class='ocrx_word' id='word_1_556' title='bbox 500 3651 557 3696; x_wconf 89' lang='lat' dir='ltr'><strong>et</strong></span> <span class='ocrx_word' id='word_1_557' title='bbox 585 3642 636 3697; x_wconf 93' lang='lat' dir='ltr'><strong>in</strong></span> <span class='ocrx_word' id='word_1_558' title='bbox 664 3643 928 3713; x_wconf 85' lang='lat' dir='ltr'><strong>profundo</strong></span> <span class='ocrx_word' id='word_1_559' title='bbox 962 3644 1120 3714; x_wconf 82' lang='lat' dir='ltr'><strong>hujus</strong></span> <span class='ocrx_word' id='word_1_560' title='bbox 1154 3645 1334 3702; x_wconf 67' lang='lat' dir='ltr'><strong>saeculi</strong></span> <span class='ocrx_word' id='word_1_561' title='bbox 1372 3656 1671 3714; x_wconf 81' lang='lat' dir='ltr'><strong>versantes,</strong></span> <span class='ocrx_word' id='word_1_562' title='bbox 1707 3657 1762 3704; x_wconf 92' lang='lat' dir='ltr'><strong>et</strong></span> <span class='ocrx_word' id='word_1_563' title='bbox 1790 3648 1909 3704; x_wconf 90' lang='lat' dir='ltr'><strong>ideo</strong></span> <span class='ocrx_word' id='word_1_564' title='bbox 1933 3649 2082 3721; x_wconf 84' lang='lat' dir='ltr'><strong>longe</strong></span> 
     </span>
    </p>
   </div>
   <div class='ocr_carea' id='block_1_68' title="bbox 499 3735 2081 3809">
    <p class='ocr_par' dir='ltr' id='par_1_68' title="bbox 499 3735 2081 3809">
     <span class='ocr_line' id='line_1_68' title="bbox 499 3735 2081 3809; baseline 0.007 -25"><span class='ocrx_word' id='word_1_565' title='bbox 499 3749 528 3785; x_wconf 83' lang='lat' dir='ltr'><strong>a</strong></span> <span class='ocrx_word' id='word_1_566' title='bbox 561 3743 614 3787; x_wconf 92' lang='lat' dir='ltr'><strong>te</strong></span> <span class='ocrx_word' id='word_1_567' title='bbox 653 3751 667 3787; x_wconf 89' lang='lat'><strong>:</strong></span> <span class='ocrx_word' id='word_1_568' title='bbox 711 3735 793 3790; x_wconf 87' lang='lat' dir='ltr'><strong>vel</strong></span> <span class='ocrx_word' id='word_1_569' title='bbox 836 3736 891 3789; x_wconf 87' lang='lat' dir='ltr'><strong>in</strong></span> <span class='ocrx_word' id='word_1_570' title='bbox 926 3739 1084 3802; x_wconf 87' lang='lat' dir='ltr'><strong>mari,</strong></span> <span class='ocrx_word' id='word_1_571' title='bbox 1129 3737 1484 3809; x_wconf 85' lang='lat' dir='ltr'><strong>expositivum</strong></span> <span class='ocrx_word' id='word_1_572' title='bbox 1528 3747 1612 3794; x_wconf 92' lang='lat' dir='ltr'><strong>cst</strong></span> <span class='ocrx_word' id='word_1_573' title='bbox 1655 3739 1819 3805; x_wconf 86' lang='lat' dir='ltr'><strong>illius,</strong></span> <span class='ocrx_word' id='word_1_574' title='bbox 1850 3741 2081 3795; x_wconf 86' lang='lat' dir='ltr'><strong>omnium</strong></span> 
     </span>
    </p>
   </div>
   <div class='ocr_carea' id='block_1_69' title="bbox 498 3813 2081 3897">
    <p class='ocr_par' dir='ltr' id='par_1_69' title="bbox 498 3813 2081 3897">
     <span class='ocr_line' id='line_1_69' title="bbox 498 3813 2081 3897; baseline 0.005 -21"><span class='ocrx_word' id='word_1_575' title='bbox 498 3823 684 3893; x_wconf 87' lang='lat' dir='ltr'><strong>ﬁnium</strong></span> <span class='ocrx_word' id='word_1_576' title='bbox 730 3833 883 3880; x_wconf 63' lang='lat' dir='ltr'><strong>terra</strong></span> <span class='ocrx_word' id='word_1_577' title='bbox 915 3843 934 3880; x_wconf 89' lang='lat'><strong><em>:</em></strong></span> <span class='ocrx_word' id='word_1_578' title='bbox 972 3835 1028 3880; x_wconf 88' lang='lat' dir='ltr'><strong>ut</strong></span> <span class='ocrx_word' id='word_1_579' title='bbox 1061 3827 1205 3882; x_wconf 92' lang='lat' dir='ltr'><strong>dicat</strong></span> <span class='ocrx_word' id='word_1_580' title='bbox 1235 3841 1342 3883; x_wconf 90' lang='lat' dir='ltr'><strong>non</strong></span> <span class='ocrx_word' id='word_1_581' title='bbox 1381 3827 1553 3883; x_wconf 86' lang='lat' dir='ltr'><strong>solum</strong></span> <span class='ocrx_word' id='word_1_582' title='bbox 1591 3828 1777 3897; x_wconf 85' lang='lat' dir='ltr'><strong>ﬁnium</strong></span> <span class='ocrx_word' id='word_1_583' title='bbox 1815 3813 1988 3894; x_wconf 73' lang='lat' dir='ltr'><strong>terrm,</strong></span> <span class='ocrx_word' id='word_1_584' title='bbox 2029 3829 2081 3884; x_wconf 91' lang='lat' dir='ltr'><strong>id</strong></span> 
     </span>
    </p>
   </div>
   <div class='ocr_carea' id='block_1_70' title="bbox 496 3914 2082 3993">
    <p class='ocr_par' dir='ltr' id='par_1_70' title="bbox 496 3914 2082 3993">
     <span class='ocr_line' id='line_1_70' title="bbox 496 3914 2082 3993; baseline 0.005 -26"><span class='ocrx_word' id='word_1_585' title='bbox 496 3924 602 3993; x_wconf 83' lang='lat' dir='ltr'><strong>est,</strong></span> <span class='ocrx_word' id='word_1_586' title='bbox 633 3914 692 3969; x_wconf 85' lang='lat' dir='ltr'><strong>in</strong></span> <span class='ocrx_word' id='word_1_587' title='bbox 718 3916 874 3980; x_wconf 88' lang='lat' dir='ltr'><strong>mari,</strong></span> <span class='ocrx_word' id='word_1_588' title='bbox 915 3915 1120 3972; x_wconf 87' lang='lat' dir='ltr'><strong>scilicet</strong></span> <span class='ocrx_word' id='word_1_589' title='bbox 1155 3917 1209 3972; x_wconf 92' lang='lat' dir='ltr'><strong>in</strong></span> <span class='ocrx_word' id='word_1_590' title='bbox 1258 3917 1469 3984; x_wconf 90' lang='lat' dir='ltr'><strong>insulis,</strong></span> <span class='ocrx_word' id='word_1_591' title='bbox 1500 3919 1593 3982; x_wconf 88' lang='lat' dir='ltr'><strong>sed</strong></span> <span class='ocrx_word' id='word_1_592' title='bbox 1622 3919 1785 3974; x_wconf 90' lang='lat' dir='ltr'><strong>etiam</strong></span> <span class='ocrx_word' id='word_1_593' title='bbox 1822 3919 1876 3974; x_wconf 92' lang='lat' dir='ltr'><strong>in</strong></span> <span class='ocrx_word' id='word_1_594' title='bbox 1924 3920 2082 3992; x_wconf 84' lang='lat' dir='ltr'><strong>longe</strong></span> 
     </span>
    </p>
   </div>
   <div class='ocr_carea' id='block_1_71' title="bbox 503 4003 2082 4082">
    <p class='ocr_par' dir='ltr' id='par_1_71' title="bbox 503 4003 2082 4082">
     <span class='ocr_line' id='line_1_71' title="bbox 503 4003 2082 4082; baseline 0.007 -27"><span class='ocrx_word' id='word_1_595' title='bbox 503 4003 641 4056; x_wconf 89' lang='lat' dir='ltr'><strong>mari</strong></span> <span class='ocrx_word' id='word_1_596' title='bbox 674 4021 686 4056; x_wconf 87' lang='lat'><strong>:</strong></span> <span class='ocrx_word' id='word_1_597' title='bbox 719 4003 770 4057; x_wconf 92' lang='lat' dir='ltr'><strong>id</strong></span> <span class='ocrx_word' id='word_1_598' title='bbox 799 4013 901 4070; x_wconf 88' lang='lat' dir='ltr'><strong>est,</strong></span> <span class='ocrx_word' id='word_1_599' title='bbox 934 4005 986 4059; x_wconf 87' lang='lat' dir='ltr'><strong>in</strong></span> <span class='ocrx_word' id='word_1_600' title='bbox 1015 4007 1240 4062; x_wconf 89' lang='lat' dir='ltr'><strong>remotis</strong></span> <span class='ocrx_word' id='word_1_601' title='bbox 1269 4008 1475 4063; x_wconf 90' lang='lat' dir='ltr'><strong>insulis.</strong></span> <span class='ocrx_word' id='word_1_602' title='bbox 1507 4007 1785 4075; x_wconf 84' lang='lat' dir='ltr'><strong>Quomodo</strong></span> <span class='ocrx_word' id='word_1_603' title='bbox 1806 4025 1927 4082; x_wconf 88' lang='lat' dir='ltr'><strong>spes</strong></span> <span class='ocrx_word' id='word_1_604' title='bbox 1955 4026 2082 4082; x_wconf 83' lang='lat' dir='ltr'><strong>gen-</strong></span> 
     </span>
    </p>
   </div>
   <div class='ocr_carea' id='block_1_72' title="bbox 502 4091 2080 4166">
    <p class='ocr_par' dir='ltr' id='par_1_72' title="bbox 502 4091 2080 4166">
     <span class='ocr_line' id='line_1_72' title="bbox 502 4091 2080 4166; baseline 0.007 -19"><span class='ocrx_word' id='word_1_605' title='bbox 502 4091 634 4147; x_wconf 91' lang='lat' dir='ltr'><strong>tium</strong></span> <span class='ocrx_word' id='word_1_606' title='bbox 662 4092 872 4150; x_wconf 90' lang='lat' dir='ltr'><strong>futurus</strong></span> <span class='ocrx_word' id='word_1_607' title='bbox 901 4095 967 4150; x_wconf 89' lang='lat' dir='ltr'><strong>sit</strong></span> <span class='ocrx_word' id='word_1_608' title='bbox 1006 4098 1259 4165; x_wconf 88' lang='lat' dir='ltr'><strong>ostendit,</strong></span> <span class='ocrx_word' id='word_1_609' title='bbox 1299 4098 1504 4166; x_wconf 86' lang='lat' dir='ltr'><strong>scilicet</strong></span> <span class='ocrx_word' id='word_1_610' title='bbox 1547 4102 1807 4166; x_wconf 89' lang='lat' dir='ltr'><strong>mittendo</strong></span> <span class='ocrx_word' id='word_1_611' title='bbox 1831 4103 2080 4159; x_wconf 90' lang='lat' dir='ltr'><strong>doctores</strong></span> 
     </span>
    </p>
   </div>
   <div class='ocr_carea' id='block_1_73' title="bbox 497 4188 2081 4261">
    <p class='ocr_par' dir='ltr' id='par_1_73' title="bbox 497 4188 2081 4261">
     <span class='ocr_line' id='line_1_73' title="bbox 497 4188 2081 4261; baseline 0.006 -22"><span class='ocrx_word' id='word_1_612' title='bbox 497 4200 627 4241; x_wconf 91' lang='lat' dir='ltr'><strong>suos</strong></span> <span class='ocrx_word' id='word_1_613' title='bbox 655 4200 826 4257; x_wconf 88' lang='lat' dir='ltr'><strong>usque</strong></span> <span class='ocrx_word' id='word_1_614' title='bbox 870 4188 936 4243; x_wconf 90' lang='lat' dir='ltr'><strong>ad</strong></span> <span class='ocrx_word' id='word_1_615' title='bbox 970 4189 1102 4243; x_wconf 87' lang='lat' dir='ltr'><strong>lines</strong></span> <span class='ocrx_word' id='word_1_616' title='bbox 1134 4195 1322 4257; x_wconf 73' lang='lat' dir='ltr'><strong>terrte,</strong></span> <span class='ocrx_word' id='word_1_617' title='bbox 1349 4191 1440 4261; x_wconf 90' lang='lat' dir='ltr'><strong>qui</strong></span> <span class='ocrx_word' id='word_1_618' title='bbox 1471 4206 1593 4246; x_wconf 89' lang='lat' dir='ltr'><strong>eum</strong></span> <span class='ocrx_word' id='word_1_619' title='bbox 1629 4193 1828 4250; x_wconf 91' lang='lat' dir='ltr'><strong>ducent</strong></span> <span class='ocrx_word' id='word_1_620' title='bbox 1857 4195 1910 4249; x_wconf 92' lang='lat' dir='ltr'><strong>in</strong></span> <span class='ocrx_word' id='word_1_621' title='bbox 1941 4194 2081 4250; x_wconf 84' lang='lat' dir='ltr'><strong>noti-</strong></span> 
     </span>
    </p>
   </div>
   <div class='ocr_carea' id='block_1_74' title="bbox 498 4277 2080 4357">
    <p class='ocr_par' dir='ltr' id='par_1_74' title="bbox 498 4277 2080 4357">
     <span class='ocr_line' id='line_1_74' title="bbox 498 4277 2080 4357; baseline 0.004 -25"><span class='ocrx_word' id='word_1_622' title='bbox 498 4277 629 4332; x_wconf 88' lang='lat' dir='ltr'><strong>tiam</strong></span> <span class='ocrx_word' id='word_1_623' title='bbox 668 4278 907 4335; x_wconf 89' lang='lat' dir='ltr'><strong>omnium</strong></span> <span class='ocrx_word' id='word_1_624' title='bbox 953 4281 1208 4351; x_wconf 86' lang='lat' dir='ltr'><strong>gentium.</strong></span> <span class='ocrx_word' id='word_1_625' title='bbox 1256 4280 1369 4338; x_wconf 87' lang='lat' dir='ltr'><strong>lloc</strong></span> <span class='ocrx_word' id='word_1_626' title='bbox 1398 4283 1558 4339; x_wconf 92' lang='lat' dir='ltr'><strong>modo</strong></span> <span class='ocrx_word' id='word_1_627' title='bbox 1599 4282 1770 4339; x_wconf 88' lang='lat' dir='ltr'><strong>factus</strong></span> <span class='ocrx_word' id='word_1_628' title='bbox 1811 4292 1895 4344; x_wconf 80' lang='lat' dir='ltr'><strong>est</strong></span> <span class='ocrx_word' id='word_1_629' title='bbox 1939 4283 2080 4357; x_wconf 80' lang='lat' dir='ltr'><strong>Deus</strong></span> 
     </span>
    </p>
   </div>
   <div class='ocr_carea' id='block_1_75' title="bbox 495 4368 2074 4449">
    <p class='ocr_par' dir='ltr' id='par_1_75' title="bbox 495 4368 2074 4449">
     <span class='ocr_line' id='line_1_75' title="bbox 495 4368 2074 4449; baseline 0.003 -25"><span class='ocrx_word' id='word_1_630' title='bbox 495 4387 610 4440; x_wconf 84' lang='lat' dir='ltr'><strong>spes</strong></span> <span class='ocrx_word' id='word_1_631' title='bbox 631 4368 860 4424; x_wconf 87' lang='lat' dir='ltr'><strong>omnium</strong></span> <span class='ocrx_word' id='word_1_632' title='bbox 886 4370 1071 4439; x_wconf 82' lang='lat' dir='ltr'><strong>ﬁniunt</strong></span> <span class='ocrx_word' id='word_1_633' title='bbox 1094 4382 1247 4447; x_wconf 69' lang='lat' dir='ltr'><strong>terra:</strong></span> <span class='ocrx_word' id='word_1_634' title='bbox 1269 4389 1288 4427; x_wconf 82' lang='lat'><strong>.°</strong></span> <span class='ocrx_word' id='word_1_635' title='bbox 1314 4371 1630 4444; x_wconf 73' lang='lat' dir='ltr'><strong>Prwparans</strong></span> <span class='ocrx_word' id='word_1_636' title='bbox 1653 4384 1874 4449; x_wconf 78' lang='lat' dir='ltr'><strong>montes,</strong></span> <span class='ocrx_word' id='word_1_637' title='bbox 1898 4374 1951 4436; x_wconf 87' lang='lat' dir='ltr'><strong>id</strong></span> <span class='ocrx_word' id='word_1_638' title='bbox 1974 4383 2074 4440; x_wconf 88' lang='lat' dir='ltr'><strong>est,</strong></span> 
     </span>
    </p>
   </div>
   <div class='ocr_carea' id='block_1_76' title="bbox 2187 3367 3772 3441">
    <p class='ocr_par' dir='ltr' id='par_1_76' title="bbox 2187 3367 3772 3441">
     <span class='ocr_line' id='line_1_76' title="bbox 2187 3367 3772 3441; baseline 0.001 -17"><span class='ocrx_word' id='word_1_639' title='bbox 2187 3367 2480 3434; x_wconf 88' lang='lat' dir='ltr'><strong>blanditur,</strong></span> <span class='ocrx_word' id='word_1_640' title='bbox 2503 3378 2557 3424; x_wconf 91' lang='lat' dir='ltr'><strong>et</strong></span> <span class='ocrx_word' id='word_1_641' title='bbox 2579 3369 2804 3440; x_wconf 86' lang='lat' dir='ltr'><strong>laqueus</strong></span> <span class='ocrx_word' id='word_1_642' title='bbox 2831 3378 2912 3424; x_wconf 92' lang='lat' dir='ltr'><strong>est</strong></span> <span class='ocrx_word' id='word_1_643' title='bbox 2946 3384 2961 3423; x_wconf 90' lang='lat'><strong>:</strong></span> <span class='ocrx_word' id='word_1_644' title='bbox 2989 3368 3155 3425; x_wconf 91' lang='lat' dir='ltr'><strong>habes</strong></span> <span class='ocrx_word' id='word_1_645' title='bbox 3183 3386 3287 3440; x_wconf 90' lang='lat' dir='ltr'><strong>qua</strong></span> <span class='ocrx_word' id='word_1_646' title='bbox 3309 3385 3499 3436; x_wconf 78' lang='lat' dir='ltr'><strong>exeas,</strong></span> <span class='ocrx_word' id='word_1_647' title='bbox 3519 3388 3630 3441; x_wconf 88' lang='lat' dir='ltr'><strong>qua</strong></span> <span class='ocrx_word' id='word_1_648' title='bbox 3648 3389 3772 3428; x_wconf 81' lang='lat' dir='ltr'><strong>eva-</strong></span> 
     </span>
    </p>
   </div>
   <div class='ocr_carea' id='block_1_77' title="bbox 2185 3447 3774 3530">
    <p class='ocr_par' dir='ltr' id='par_1_77' title="bbox 2185 3447 3774 3530">
     <span class='ocr_line' id='line_1_77' title="bbox 2185 3447 3774 3530; baseline 0.002 -17"><span class='ocrx_word' id='word_1_649' title='bbox 2185 3458 2310 3514; x_wconf 88' lang='lat' dir='ltr'><strong>das:</strong></span> <span class='ocrx_word' id='word_1_650' title='bbox 2337 3473 2555 3514; x_wconf 90' lang='lat' dir='ltr'><strong>recurre</strong></span> <span class='ocrx_word' id='word_1_651' title='bbox 2594 3447 2665 3513; x_wconf 10' lang='lat' dir='ltr'><strong>iad</strong></span> <span class='ocrx_word' id='word_1_652' title='bbox 2690 3460 2911 3514; x_wconf 88' lang='lat' dir='ltr'><strong>verbum</strong></span> <span class='ocrx_word' id='word_1_653' title='bbox 2935 3460 3052 3514; x_wconf 90' lang='lat' dir='ltr'><strong>Dei.</strong></span> <span class='ocrx_word' id='word_1_654' title='bbox 3089 3459 3230 3526; x_wconf 82' lang='lat' dir='ltr'><strong>Quid</strong></span> <span class='ocrx_word' id='word_1_655' title='bbox 3262 3463 3470 3530; x_wconf 88' lang='lat' dir='ltr'><strong>prodest</strong></span> <span class='ocrx_word' id='word_1_656' title='bbox 3502 3463 3709 3518; x_wconf 75' lang='lat' dir='ltr'><strong>homini</strong></span> <span class='ocrx_word' id='word_1_657' title='bbox 3731 3464 3774 3516; x_wconf 86' lang='lat' dir='ltr'><strong>si</strong></span> 
     </span>
    </p>
   </div>
   <div class='ocr_carea' id='block_1_78' title="bbox 2188 3550 3771 3618">
    <p class='ocr_par' dir='ltr' id='par_1_78' title="bbox 2188 3550 3771 3618">
     <span class='ocr_line' id='line_1_78' title="bbox 2188 3550 3771 3618; baseline -0.002 -11"><span class='ocrx_word' id='word_1_658' title='bbox 2188 3553 2488 3607; x_wconf 82' lang='lat' dir='ltr'><strong>universum</strong></span> <span class='ocrx_word' id='word_1_659' title='bbox 2511 3551 2764 3606; x_wconf 88' lang='lat' dir='ltr'><strong>mundum</strong></span> <span class='ocrx_word' id='word_1_660' title='bbox 2784 3550 3036 3618; x_wconf 83' lang='lat' dir='ltr'><strong>lucretur,</strong></span> <span class='ocrx_word' id='word_1_661' title='bbox 3053 3553 3244 3607; x_wconf 71' lang='lat' dir='ltr'><strong>animle</strong></span> <span class='ocrx_word' id='word_1_662' title='bbox 3269 3569 3387 3607; x_wconf 81' lang='lat' dir='ltr'><strong>vero</strong></span> <span class='ocrx_word' id='word_1_663' title='bbox 3403 3554 3771 3607; x_wconf 71' lang='lat' dir='ltr'><strong>detrimentum</strong></span> 
     </span>
    </p>
   </div>
   <div class='ocr_carea' id='block_1_79' title="bbox 2182 3639 3773 3714">
    <p class='ocr_par' dir='ltr' id='par_1_79' title="bbox 2182 3639 3773 3714">
     <span class='ocr_line' id='line_1_79' title="bbox 2182 3639 3773 3714; baseline 0.001 -19"><span class='ocrx_word' id='word_1_664' title='bbox 2182 3641 2454 3713; x_wconf 77' lang='lat' dir='ltr'><strong>patiatur?</strong></span> <span class='ocrx_word' id='word_1_665' title='bbox 2479 3639 2692 3714; x_wconf 77' lang='lat' dir='ltr'><strong>(Matth.</strong></span> <span class='ocrx_word' id='word_1_666' title='bbox 2719 3640 2853 3711; x_wconf 78' lang='lat' dir='ltr'><strong>xvi).</strong></span> <span class='ocrx_word' id='word_1_667' title='bbox 2883 3641 3034 3708; x_wconf 86' lang='lat' dir='ltr'><strong>Quod</strong></span> <span class='ocrx_word' id='word_1_668' title='bbox 3076 3641 3120 3696; x_wconf 90' lang='lat' dir='ltr'><strong>si</strong></span> <span class='ocrx_word' id='word_1_669' title='bbox 3152 3641 3332 3696; x_wconf 90' lang='lat' dir='ltr'><strong>minus</strong></span> <span class='ocrx_word' id='word_1_670' title='bbox 3382 3651 3564 3698; x_wconf 87' lang='lat' dir='ltr'><strong>tecum</strong></span> <span class='ocrx_word' id='word_1_671' title='bbox 3599 3644 3773 3714; x_wconf 81' lang='lat' dir='ltr'><strong>agitur</strong></span> 
     </span>
    </p>
   </div>
   <div class='ocr_carea' id='block_1_80' title="bbox 2184 3732 3771 3803">
    <p class='ocr_par' dir='ltr' id='par_1_80' title="bbox 2184 3732 3771 3803">
     <span class='ocr_line' id='line_1_80' title="bbox 2184 3732 3771 3803; baseline -0.002 -14"><span class='ocrx_word' id='word_1_672' title='bbox 2184 3744 2242 3789; x_wconf 91' lang='lat' dir='ltr'><strong>ut</strong></span> <span class='ocrx_word' id='word_1_673' title='bbox 2262 3734 2566 3789; x_wconf 89' lang='lat' dir='ltr'><strong>committas</strong></span> <span class='ocrx_word' id='word_1_674' title='bbox 2593 3732 2816 3803; x_wconf 86' lang='lat' dir='ltr'><strong>aliquid,</strong></span> <span class='ocrx_word' id='word_1_675' title='bbox 2845 3747 3066 3802; x_wconf 80' lang='lat' dir='ltr'><strong>vespere</strong></span> <span class='ocrx_word' id='word_1_676' title='bbox 3095 3732 3186 3788; x_wconf 92' lang='lat' dir='ltr'><strong>tibi</strong></span> <span class='ocrx_word' id='word_1_677' title='bbox 3230 3741 3344 3799; x_wconf 91' lang='grc' dir='ltr'>εει,</span> <span class='ocrx_word' id='word_1_678' title='bbox 3392 3734 3540 3803; x_wconf 88' lang='lat' dir='ltr'><strong>quod</strong></span> <span class='ocrx_word' id='word_1_679' title='bbox 3581 3737 3771 3787; x_wconf 83' lang='lat' dir='ltr'><strong>turba-</strong></span> 
     </span>
    </p>
   </div>
   <div class='ocr_carea' id='block_1_81' title="bbox 2185 3826 3771 3898">
    <p class='ocr_par' dir='ltr' id='par_1_81' title="bbox 2185 3826 3771 3898">
     <span class='ocr_line' id='line_1_81' title="bbox 2185 3826 3771 3898; baseline -0.001 -16"><span class='ocrx_word' id='word_1_680' title='bbox 2185 3826 2280 3893; x_wconf 92' lang='lat' dir='ltr'><strong>ris,</strong></span> <span class='ocrx_word' id='word_1_681' title='bbox 2310 3827 2452 3898; x_wconf 87' lang='lat' dir='ltr'><strong>quod</strong></span> <span class='ocrx_word' id='word_1_682' title='bbox 2481 3826 2637 3897; x_wconf 90' lang='lat' dir='ltr'><strong>quasi</strong></span> <span class='ocrx_word' id='word_1_683' title='bbox 2679 3826 2920 3881; x_wconf 89' lang='lat' dir='ltr'><strong>irruente</strong></span> <span class='ocrx_word' id='word_1_684' title='bbox 2951 3834 3107 3880; x_wconf 91' lang='lat' dir='ltr'><strong>nocte</strong></span> <span class='ocrx_word' id='word_1_685' title='bbox 3154 3826 3431 3897; x_wconf 87' lang='lat' dir='ltr'><strong>gravaris,</strong></span> <span class='ocrx_word' id='word_1_686' title='bbox 3461 3826 3559 3881; x_wconf 90' lang='lat' dir='ltr'><strong>sed</strong></span> <span class='ocrx_word' id='word_1_687' title='bbox 3606 3826 3771 3880; x_wconf 79' lang='lat' dir='ltr'><strong>habes</strong></span> 
     </span>
    </p>
   </div>
   <div class='ocr_carea' id='block_1_82' title="bbox 2183 3916 3772 3988">
    <p class='ocr_par' dir='ltr' id='par_1_82' title="bbox 2183 3916 3772 3988">
     <span class='ocr_line' id='line_1_82' title="bbox 2183 3916 3772 3988; baseline -0.004 -14"><span class='ocrx_word' id='word_1_688' title='bbox 2183 3927 2238 3974; x_wconf 91' lang='lat' dir='ltr'><strong>et</strong></span> <span class='ocrx_word' id='word_1_689' title='bbox 2280 3918 2367 3973; x_wconf 92' lang='lat' dir='ltr'><strong>hic</strong></span> <span class='ocrx_word' id='word_1_690' title='bbox 2393 3932 2498 3988; x_wconf 89' lang='lat' dir='ltr'><strong>qua</strong></span> <span class='ocrx_word' id='word_1_691' title='bbox 2526 3916 2746 3984; x_wconf 90' lang='lat' dir='ltr'><strong>evadas,</strong></span> <span class='ocrx_word' id='word_1_692' title='bbox 2778 3916 3000 3972; x_wconf 88' lang='lat' dir='ltr'><strong>verbum</strong></span> <span class='ocrx_word' id='word_1_693' title='bbox 3036 3916 3151 3972; x_wconf 93' lang='lat' dir='ltr'><strong>Dei.</strong></span> <span class='ocrx_word' id='word_1_694' title='bbox 3201 3916 3402 3982; x_wconf 86' lang='lat' dir='ltr'><strong>Nolite,</strong></span> <span class='ocrx_word' id='word_1_695' title='bbox 3443 3918 3628 3987; x_wconf 84' lang='lat' dir='ltr'><strong>inquit</strong></span> <span class='ocrx_word' id='word_1_696' title='bbox 3654 3959 3669 3981; x_wconf 91' lang='lat'><strong>,</strong></span> <span class='ocrx_word' id='word_1_697' title='bbox 3715 3918 3772 3968; x_wconf 83' lang='lat' dir='ltr'><strong>ti-</strong></span> 
     </span>
    </p>
   </div>
   <div class='ocr_carea' id='block_1_83' title="bbox 2183 4009 3774 4082">
    <p class='ocr_par' dir='ltr' id='par_1_83' title="bbox 2183 4009 3774 4082">
     <span class='ocr_line' id='line_1_83' title="bbox 2183 4009 3774 4082; baseline 0.001 -18"><span class='ocrx_word' id='word_1_698' title='bbox 2183 4026 2320 4064; x_wconf 88' lang='lat' dir='ltr'><strong>mere</strong></span> <span class='ocrx_word' id='word_1_699' title='bbox 2349 4026 2436 4065; x_wconf 86' lang='lat' dir='ltr'><strong>eos</strong></span> <span class='ocrx_word' id='word_1_700' title='bbox 2479 4010 2568 4080; x_wconf 85' lang='lat' dir='ltr'><strong>qui</strong></span> <span class='ocrx_word' id='word_1_701' title='bbox 2604 4011 2845 4064; x_wconf 84' lang='lat' dir='ltr'><strong>occidunt</strong></span> <span class='ocrx_word' id='word_1_702' title='bbox 2883 4027 3070 4080; x_wconf 87' lang='lat' dir='ltr'><strong>corpus</strong></span> <span class='ocrx_word' id='word_1_703' title='bbox 3097 4009 3314 4081; x_wconf 79' lang='lat' dir='ltr'><strong>(Matth.</strong></span> <span class='ocrx_word' id='word_1_704' title='bbox 3355 4011 3450 4082; x_wconf 87' lang='lat' dir='ltr'><strong>x),</strong></span> <span class='ocrx_word' id='word_1_705' title='bbox 3490 4019 3546 4067; x_wconf 87' lang='lat' dir='ltr'><strong>et</strong></span> <span class='ocrx_word' id='word_1_706' title='bbox 3573 4011 3655 4067; x_wconf 87' lang='lat' dir='ltr'><strong>sic</strong></span> <span class='ocrx_word' id='word_1_707' title='bbox 3684 4011 3774 4066; x_wconf 81' lang='lat' dir='ltr'><strong>de-</strong></span> 
     </span>
    </p>
   </div>
   <div class='ocr_carea' id='block_1_84' title="bbox 2184 4101 3768 4172">
    <p class='ocr_par' dir='ltr' id='par_1_84' title="bbox 2184 4101 3768 4172">
     <span class='ocr_line' id='line_1_84' title="bbox 2184 4101 3768 4172; baseline -0.001 -18"><span class='ocrx_word' id='word_1_708' title='bbox 2184 4101 2400 4156; x_wconf 87' lang='lat' dir='ltr'><strong>lectabit</strong></span> <span class='ocrx_word' id='word_1_709' title='bbox 2453 4110 2506 4156; x_wconf 90' lang='lat' dir='ltr'><strong>te</strong></span> <span class='ocrx_word' id='word_1_710' title='bbox 2551 4101 2723 4156; x_wconf 76' lang='lat' dir='ltr'><strong>exitus</strong></span> <span class='ocrx_word' id='word_1_711' title='bbox 2771 4103 3018 4156; x_wconf 86' lang='lat' dir='ltr'><strong>matutini</strong></span> <span class='ocrx_word' id='word_1_712' title='bbox 3052 4113 3097 4156; x_wconf 91' lang='lat' dir='ltr'><strong>et</strong></span> <span class='ocrx_word' id='word_1_713' title='bbox 3153 4102 3333 4157; x_wconf 78' lang='lat' dir='ltr'><strong>exitus</strong></span> <span class='ocrx_word' id='word_1_714' title='bbox 3379 4119 3618 4172; x_wconf 80' lang='lat' dir='ltr'><strong>vespere,</strong></span> <span class='ocrx_word' id='word_1_715' title='bbox 3649 4104 3768 4171; x_wconf 79' lang='lat' dir='ltr'><strong>quia</strong></span> 
     </span>
    </p>
   </div>
   <div class='ocr_carea' id='block_1_85' title="bbox 2183 4192 3761 4263">
    <p class='ocr_par' dir='ltr' id='par_1_85' title="bbox 2183 4192 3761 4263">
     <span class='ocr_line' id='line_1_85' title="bbox 2183 4192 3761 4263; baseline -0.002 -15"><span class='ocrx_word' id='word_1_716' title='bbox 2183 4192 2471 4263; x_wconf 81' lang='lat' dir='ltr'><strong>utrumque</strong></span> <span class='ocrx_word' id='word_1_717' title='bbox 2490 4201 2837 4249; x_wconf 88' lang='lat' dir='ltr'><strong>contemnere</strong></span> <span class='ocrx_word' id='word_1_718' title='bbox 2865 4193 3025 4248; x_wconf 86' lang='lat' dir='ltr'><strong>faciet</strong></span> <span class='ocrx_word' id='word_1_719' title='bbox 3049 4212 3062 4248; x_wconf 91' lang='lat'><strong>:</strong></span> <span class='ocrx_word' id='word_1_720' title='bbox 3086 4194 3188 4250; x_wconf 89' lang='lat' dir='ltr'><strong>hoc</strong></span> <span class='ocrx_word' id='word_1_721' title='bbox 3215 4195 3376 4249; x_wconf 88' lang='lat' dir='ltr'><strong>modo</strong></span> <span class='ocrx_word' id='word_1_722' title='bbox 3427 4195 3761 4250; x_wconf 84' lang='lat' dir='ltr'><strong>delectabis:</strong></span> 
     </span>
    </p>
   </div>
   <div class='ocr_carea' id='block_1_86' title="bbox 2193 4283 3767 4355">
    <p class='ocr_par' dir='ltr' id='par_1_86' title="bbox 2193 4283 3767 4355">
     <span class='ocr_line' id='line_1_86' title="bbox 2193 4283 3767 4355; baseline -0.004 -13"><span class='ocrx_word' id='word_1_723' title='bbox 2193 4283 2430 4342; x_wconf 79' lang='lat' dir='ltr'><strong>Visitasti</strong></span> <span class='ocrx_word' id='word_1_724' title='bbox 2476 4291 2673 4338; x_wconf 89' lang='lat' dir='ltr'><strong>terram</strong></span> <span class='ocrx_word' id='word_1_725' title='bbox 2713 4283 2804 4355; x_wconf 90' lang='lat' dir='ltr'><strong>qui</strong></span> <span class='ocrx_word' id='word_1_726' title='bbox 2845 4284 2996 4353; x_wconf 90' lang='lat' dir='ltr'><strong>prius</strong></span> <span class='ocrx_word' id='word_1_727' title='bbox 3042 4291 3199 4339; x_wconf 90' lang='lat' dir='ltr'><strong>erant</strong></span> <span class='ocrx_word' id='word_1_728' title='bbox 3230 4299 3422 4348; x_wconf 82' lang='lat' dir='ltr'><strong>inane,</strong></span> <span class='ocrx_word' id='word_1_729' title='bbox 3479 4283 3659 4339; x_wconf 90' lang='lat' dir='ltr'><strong>factos</strong></span> <span class='ocrx_word' id='word_1_730' title='bbox 3707 4284 3767 4336; x_wconf 86' lang='lat' dir='ltr'><strong>ad</strong></span> 
     </span>
    </p>
   </div>
   <div class='ocr_carea' id='block_1_87' title="bbox 2183 4373 3766 4444">
    <p class='ocr_par' dir='ltr' id='par_1_87' title="bbox 2183 4373 3766 4444">
     <span class='ocr_line' id='line_1_87' title="bbox 2183 4373 3766 4444; baseline -0.003 -13"><span class='ocrx_word' id='word_1_731' title='bbox 2183 4384 2408 4438; x_wconf 90' lang='lat' dir='ltr'><strong>terram,</strong></span> <span class='ocrx_word' id='word_1_732' title='bbox 2435 4383 2590 4444; x_wconf 88' lang='lat' dir='ltr'><strong>aptos</strong></span> <span class='ocrx_word' id='word_1_733' title='bbox 2627 4375 2695 4430; x_wconf 90' lang='lat' dir='ltr'><strong>ad</strong></span> <span class='ocrx_word' id='word_1_734' title='bbox 2724 4374 2927 4429; x_wconf 92' lang='lat' dir='ltr'><strong>cultum</strong></span> <span class='ocrx_word' id='word_1_735' title='bbox 2960 4392 2974 4428; x_wconf 92' lang='lat'><strong>:</strong></span> <span class='ocrx_word' id='word_1_736' title='bbox 3010 4373 3256 4429; x_wconf 88' lang='lat' dir='ltr'><strong>visitabis</strong></span> <span class='ocrx_word' id='word_1_737' title='bbox 3297 4373 3676 4442; x_wconf 75' lang='lat' dir='ltr'><strong>iustificando,</strong></span> <span class='ocrx_word' id='word_1_738' title='bbox 3719 4385 3766 4428; x_wconf 86' lang='lat' dir='ltr'><strong>ct</strong></span> 
     </span>
    </p>
   </div>
   <div class='ocr_carea' id='block_1_88' title="bbox 497 4459 3764 4546">
    <p class='ocr_par' dir='ltr' id='par_1_88' title="bbox 497 4459 3764 4546">
     <span class='ocr_line' id='line_1_88' title="bbox 497 4459 3764 4546; baseline 0.001 -33"><span class='ocrx_word' id='word_1_739' title='bbox 497 4459 769 4530; x_wconf 86' lang='lat' dir='ltr'><strong>apostolos</strong></span> <span class='ocrx_word' id='word_1_740' title='bbox 797 4463 947 4532; x_wconf 78' lang='lat' dir='ltr'><strong>prius</strong></span> <span class='ocrx_word' id='word_1_741' title='bbox 975 4471 1079 4517; x_wconf 91' lang='lat' dir='ltr'><strong>ate</strong></span> <span class='ocrx_word' id='word_1_742' title='bbox 1115 4462 1474 4527; x_wconf 87' lang='lat' dir='ltr'><strong>illuminatos.</strong></span> <span class='ocrx_word' id='word_1_743' title='bbox 1505 4463 1702 4520; x_wconf 86' lang='lat' dir='ltr'><strong>deinde</strong></span> <span class='ocrx_word' id='word_1_744' title='bbox 1730 4464 1865 4519; x_wconf 91' lang='lat' dir='ltr'><strong>alios</strong></span> <span class='ocrx_word' id='word_1_745' title='bbox 1896 4473 2078 4536; x_wconf 43' lang='lat' dir='ltr'><strong>trans:</strong></span> <span class='ocrx_word' id='word_1_746' title='bbox 2179 4469 2537 4546; x_wconf 78' lang='lat' dir='ltr'><strong>praeparando</strong></span> <span class='ocrx_word' id='word_1_747' title='bbox 2568 4468 2733 4532; x_wconf 81' lang='lat' dir='ltr'><strong>corda</strong></span> <span class='ocrx_word' id='word_1_748' title='bbox 2761 4483 2946 4522; x_wconf 90' lang='lat' dir='ltr'><strong>eorum</strong></span> <span class='ocrx_word' id='word_1_749' title='bbox 2979 4468 3044 4521; x_wconf 89' lang='lat' dir='ltr'><strong>ad</strong></span> <span class='ocrx_word' id='word_1_750' title='bbox 3091 4466 3447 4523; x_wconf 88' lang='lat' dir='ltr'><strong>sulcationem</strong></span> <span class='ocrx_word' id='word_1_751' title='bbox 3489 4467 3638 4522; x_wconf 89' lang='lat' dir='ltr'><strong>verbi</strong></span> <span class='ocrx_word' id='word_1_752' title='bbox 3674 4468 3764 4520; x_wconf 84' lang='lat' dir='ltr'><strong>tui.</strong></span> 
     </span>
    </p>
   </div>
   <div class='ocr_carea' id='block_1_89' title="bbox 497 4550 2076 4625">
    <p class='ocr_par' dir='ltr' id='par_1_89' title="bbox 497 4550 2076 4625">
     <span class='ocr_line' id='line_1_89' title="bbox 497 4550 2076 4625; baseline 0.005 -23"><span class='ocrx_word' id='word_1_753' title='bbox 497 4550 782 4608; x_wconf 83' lang='lat' dir='ltr'><strong>fundentes</strong></span> <span class='ocrx_word' id='word_1_754' title='bbox 807 4553 985 4608; x_wconf 91' lang='lat' dir='ltr'><strong>lumen</strong></span> <span class='ocrx_word' id='word_1_755' title='bbox 1008 4565 1155 4609; x_wconf 89' lang='lat' dir='ltr'><strong>tuum</strong></span> <span class='ocrx_word' id='word_1_756' title='bbox 1182 4572 1196 4610; x_wconf 91' lang='lat'>:</span> <span class='ocrx_word' id='word_1_757' title='bbox 1226 4556 1282 4610; x_wconf 90' lang='lat' dir='ltr'><strong>in</strong></span> <span class='ocrx_word' id='word_1_758' title='bbox 1306 4557 1492 4610; x_wconf 75' lang='lat' dir='ltr'><strong>virtute</strong></span> <span class='ocrx_word' id='word_1_759' title='bbox 1518 4566 1632 4622; x_wconf 88' lang='lat' dir='ltr'><strong>tua,</strong></span> <span class='ocrx_word' id='word_1_760' title='bbox 1661 4571 1765 4611; x_wconf 89' lang='lat' dir='ltr'><strong>non</strong></span> <span class='ocrx_word' id='word_1_761' title='bbox 1787 4571 1882 4611; x_wconf 90' lang='lat' dir='ltr'><strong>sua</strong></span> <span class='ocrx_word' id='word_1_762' title='bbox 1914 4573 1928 4611; x_wconf 89' lang='lat'><strong>:</strong></span> <span class='ocrx_word' id='word_1_763' title='bbox 1953 4556 2076 4625; x_wconf 90' lang='lat' dir='ltr'><strong>quia</strong></span> 
     </span>
    </p>
   </div>
   <div class='ocr_carea' id='block_1_90' title="bbox 2182 4558 3764 4632">
    <p class='ocr_par' dir='ltr' id='par_1_90' title="bbox 2182 4558 3764 4632">
     <span class='ocr_line' id='line_1_90' title="bbox 2182 4558 3764 4632; baseline -0.004 -18"><span class='ocrx_word' id='word_1_764' title='bbox 2182 4559 2250 4614; x_wconf 85' lang='lat' dir='ltr'><strong>Et</strong></span> <span class='ocrx_word' id='word_1_765' title='bbox 2292 4560 2560 4614; x_wconf 84' lang='lat' dir='ltr'><strong>inebriasti</strong></span> <span class='ocrx_word' id='word_1_766' title='bbox 2611 4575 2760 4625; x_wconf 88' lang='lat' dir='ltr'><strong>eam;</strong></span> <span class='ocrx_word' id='word_1_767' title='bbox 2796 4559 3155 4629; x_wconf 86' lang='lat' dir='ltr'><strong>multiplicasti</strong></span> <span class='ocrx_word' id='word_1_768' title='bbox 3197 4558 3514 4632; x_wconf 71' lang='lat' dir='ltr'><strong>locupletare</strong></span> <span class='ocrx_word' id='word_1_769' title='bbox 3544 4577 3684 4623; x_wconf 81' lang='lat' dir='ltr'><strong>eam,</strong></span> <span class='ocrx_word' id='word_1_770' title='bbox 3720 4558 3764 4610; x_wconf 85' lang='lat' dir='ltr'><strong>id</strong></span> 
     </span>
    </p>
   </div>
   <div class='ocr_carea' id='block_1_91' title="bbox 498 4642 3766 4728">
    <p class='ocr_par' dir='ltr' id='par_1_91' title="bbox 498 4642 3766 4728">
     <span class='ocr_line' id='line_1_91' title="bbox 498 4642 3766 4728; baseline 0.002 -33"><span class='ocrx_word' id='word_1_771' title='bbox 498 4642 552 4695; x_wconf 92' lang='lat' dir='ltr'><strong>in</strong></span> <span class='ocrx_word' id='word_1_772' title='bbox 577 4657 635 4698; x_wconf 91' lang='lat' dir='ltr'><strong>se</strong></span> <span class='ocrx_word' id='word_1_773' title='bbox 660 4643 881 4712; x_wconf 81' lang='lat' dir='ltr'><strong>infirmi,</strong></span> <span class='ocrx_word' id='word_1_774' title='bbox 913 4647 966 4700; x_wconf 90' lang='lat' dir='ltr'><strong>in</strong></span> <span class='ocrx_word' id='word_1_775' title='bbox 995 4655 1046 4702; x_wconf 91' lang='lat' dir='ltr'><strong>te</strong></span> <span class='ocrx_word' id='word_1_776' title='bbox 1069 4646 1233 4704; x_wconf 92' lang='lat' dir='ltr'><strong>fortes</strong></span> <span class='ocrx_word' id='word_1_777' title='bbox 1258 4666 1271 4703; x_wconf 90' lang='lat'><strong>:</strong></span> <span class='ocrx_word' id='word_1_778' title='bbox 1305 4649 1517 4704; x_wconf 79' lang='lat' dir='ltr'><strong>inﬁrma</strong></span> <span class='ocrx_word' id='word_1_779' title='bbox 1541 4650 1724 4706; x_wconf 91' lang='lat' dir='ltr'><strong>mundi</strong></span> <span class='ocrx_word' id='word_1_780' title='bbox 1751 4649 1910 4721; x_wconf 88' lang='lat' dir='ltr'><strong>elegit</strong></span> <span class='ocrx_word' id='word_1_781' title='bbox 1939 4651 2080 4706; x_wconf 92' lang='lat' dir='ltr'><strong>Deus</strong></span> <span class='ocrx_word' id='word_1_782' title='bbox 2107 4650 2156 4709; x_wconf 92' lang='lat' dir='ltr'><strong>D</strong></span> <span class='ocrx_word' id='word_1_783' title='bbox 2181 4660 2280 4714; x_wconf 92' lang='lat' dir='ltr'><strong>est,</strong></span> <span class='ocrx_word' id='word_1_784' title='bbox 2299 4649 2564 4728; x_wconf 84' lang='lat' dir='ltr'><strong>spirituali</strong></span> <span class='ocrx_word' id='word_1_785' title='bbox 2593 4650 2765 4722; x_wconf 86' lang='lat' dir='ltr'><strong>gratia</strong></span> <span class='ocrx_word' id='word_1_786' title='bbox 2795 4658 2850 4704; x_wconf 88' lang='lat' dir='ltr'><strong>et</strong></span> <span class='ocrx_word' id='word_1_787' title='bbox 2877 4648 3258 4720; x_wconf 91' lang='lat' dir='ltr'><strong>multiplicibus</strong></span> <span class='ocrx_word' id='word_1_788' title='bbox 3277 4649 3433 4705; x_wconf 92' lang='lat' dir='ltr'><strong>donis</strong></span> <span class='ocrx_word' id='word_1_789' title='bbox 3449 4648 3766 4704; x_wconf 72' lang='lat' dir='ltr'><strong>ditasti.Per</strong></span> 
     </span>
    </p>
   </div>
   <div class='ocr_carea' id='block_1_92' title="bbox 498 4733 2077 4814">
    <p class='ocr_par' dir='ltr' id='par_1_92' title="bbox 498 4733 2077 4814">
     <span class='ocr_line' id='line_1_92' title="bbox 498 4733 2077 4814; baseline 0.006 -27"><span class='ocrx_word' id='word_1_790' title='bbox 498 4741 559 4787; x_wconf 92' lang='lat' dir='ltr'><strong>ut</strong></span> <span class='ocrx_word' id='word_1_791' title='bbox 586 4733 940 4791; x_wconf 89' lang='lat' dir='ltr'><strong>confunderet</strong></span> <span class='ocrx_word' id='word_1_792' title='bbox 967 4737 1125 4814; x_wconf 87' lang='lat' dir='ltr'><strong>fortia</strong></span> <span class='ocrx_word' id='word_1_793' title='bbox 1161 4738 1216 4811; x_wconf 89' lang='grc' dir='ltr'><strong>(Ι</strong></span> <span class='ocrx_word' id='word_1_794' title='bbox 1245 4737 1368 4794; x_wconf 82' lang='lat' dir='ltr'><strong>Cor.</strong></span> <span class='ocrx_word' id='word_1_795' title='bbox 1395 4737 1434 4810; x_wconf 87' lang='grc' dir='ltr'>ι)</span> <span class='ocrx_word' id='word_1_796' title='bbox 1465 4756 1480 4794; x_wconf 90' lang='lat'><strong>:</strong></span> <span class='ocrx_word' id='word_1_797' title='bbox 1514 4748 1601 4794; x_wconf 91' lang='lat' dir='ltr'><strong>tua</strong></span> <span class='ocrx_word' id='word_1_798' title='bbox 1641 4741 1780 4805; x_wconf 90' lang='lat' dir='ltr'><strong>dico,</strong></span> <span class='ocrx_word' id='word_1_799' title='bbox 1815 4743 2077 4802; x_wconf 62' lang='lat' dir='ltr'><strong>accincta}</strong></span> 
     </span>
    </p>
   </div>
   <div class='ocr_carea' id='block_1_93' title="bbox 499 4828 2081 4902">
    <p class='ocr_par' dir='ltr' id='par_1_93' title="bbox 499 4828 2081 4902">
     <span class='ocr_line' id='line_1_93' title="bbox 499 4828 2081 4902; baseline 0.004 -23"><span class='ocrx_word' id='word_1_800' title='bbox 499 4829 759 4896; x_wconf 87' lang='lat' dir='ltr'><strong>potentia,</strong></span> <span class='ocrx_word' id='word_1_801' title='bbox 795 4828 845 4884; x_wconf 90' lang='lat' dir='ltr'><strong>id</strong></span> <span class='ocrx_word' id='word_1_802' title='bbox 889 4839 1001 4896; x_wconf 89' lang='lat' dir='ltr'><strong>est,</strong></span> <span class='ocrx_word' id='word_1_803' title='bbox 1054 4831 1158 4886; x_wconf 90' lang='lat' dir='ltr'><strong>illis</strong></span> <span class='ocrx_word' id='word_1_804' title='bbox 1199 4831 1507 4902; x_wconf 88' lang='lat' dir='ltr'><strong>potentibus</strong></span> <span class='ocrx_word' id='word_1_805' title='bbox 1544 4831 1825 4887; x_wconf 84' lang='lat' dir='ltr'><strong>ministris.</strong></span> <span class='ocrx_word' id='word_1_806' title='bbox 1863 4832 2038 4888; x_wconf 79' lang='lat' dir='ltr'><strong>Aliter</strong></span> <span class='ocrx_word' id='word_1_807' title='bbox 2061 4851 2081 4886; x_wconf 65' lang='grc' dir='ltr'><strong>ι</strong></span> 
     </span>
    </p>
   </div>
   <div class='ocr_carea' id='block_1_94' title="bbox 505 4913 2079 4992">
    <p class='ocr_par' dir='ltr' id='par_1_94' title="bbox 505 4913 2079 4992">
     <span class='ocr_line' id='line_1_94' title="bbox 505 4913 2079 4992; baseline 0.007 -25"><span class='ocrx_word' id='word_1_808' title='bbox 505 4913 819 4986; x_wconf 74' lang='lat' dir='ltr'><strong>Prmparans</strong></span> <span class='ocrx_word' id='word_1_809' title='bbox 850 4931 1050 4992; x_wconf 85' lang='lat' dir='ltr'><strong>montes</strong></span> <span class='ocrx_word' id='word_1_810' title='bbox 1077 4920 1132 4974; x_wconf 90' lang='lat' dir='ltr'><strong>in</strong></span> <span class='ocrx_word' id='word_1_811' title='bbox 1162 4920 1350 4975; x_wconf 82' lang='lat' dir='ltr'><strong>virtute</strong></span> <span class='ocrx_word' id='word_1_812' title='bbox 1388 4930 1512 4984; x_wconf 89' lang='lat' dir='ltr'><strong>tua,</strong></span> <span class='ocrx_word' id='word_1_813' title='bbox 1553 4920 1606 4974; x_wconf 92' lang='lat' dir='ltr'><strong>id</strong></span> <span class='ocrx_word' id='word_1_814' title='bbox 1636 4929 1737 4987; x_wconf 91' lang='lat' dir='ltr'><strong>est,</strong></span> <span class='ocrx_word' id='word_1_815' title='bbox 1770 4921 1822 4975; x_wconf 93' lang='lat' dir='ltr'><strong>in</strong></span> <span class='ocrx_word' id='word_1_816' title='bbox 1861 4913 2079 4978; x_wconf 86' lang='lat' dir='ltr'><strong>Christo</strong></span> 
     </span>
    </p>
   </div>
   <div class='ocr_carea' id='block_1_95' title="bbox 501 5007 2080 5085">
    <p class='ocr_par' dir='ltr' id='par_1_95' title="bbox 501 5007 2080 5085">
     <span class='ocr_line' id='line_1_95' title="bbox 501 5007 2080 5085; baseline 0.005 -25"><span class='ocrx_word' id='word_1_817' title='bbox 501 5007 729 5063; x_wconf 88' lang='lat' dir='ltr'><strong>eminuit</strong></span> <span class='ocrx_word' id='word_1_818' title='bbox 757 5009 916 5064; x_wconf 73' lang='lat' dir='ltr'><strong>uirtus</strong></span> <span class='ocrx_word' id='word_1_819' title='bbox 945 5019 1058 5077; x_wconf 89' lang='lat' dir='ltr'><strong>tua,</strong></span> <span class='ocrx_word' id='word_1_820' title='bbox 1087 5011 1179 5082; x_wconf 91' lang='lat' dir='ltr'><strong>qui</strong></span> <span class='ocrx_word' id='word_1_821' title='bbox 1208 5011 1454 5085; x_wconf 85' lang='lat' dir='ltr'><strong>Christus</strong></span> <span class='ocrx_word' id='word_1_822' title='bbox 1482 5012 1587 5068; x_wconf 88' lang='lat' dir='ltr'><strong>erit</strong></span> <span class='ocrx_word' id='word_1_823' title='bbox 1613 5013 1876 5067; x_wconf 85' lang='lat' dir='ltr'><strong>accinctus</strong></span> <span class='ocrx_word' id='word_1_824' title='bbox 1899 5023 2080 5084; x_wconf 84' lang='lat' dir='ltr'><strong>poten-</strong></span> 
     </span>
    </p>
   </div>
   <div class='ocr_carea' id='block_1_96' title="bbox 501 5100 2082 5178">
    <p class='ocr_par' dir='ltr' id='par_1_96' title="bbox 501 5100 2082 5178">
     <span class='ocr_line' id='line_1_96' title="bbox 501 5100 2082 5178; baseline 0.006 -26"><span class='ocrx_word' id='word_1_825' title='bbox 501 5101 604 5165; x_wconf 86' lang='lat' dir='ltr'><strong>tia,</strong></span> <span class='ocrx_word' id='word_1_826' title='bbox 636 5100 688 5155; x_wconf 92' lang='lat' dir='ltr'><strong>id</strong></span> <span class='ocrx_word' id='word_1_827' title='bbox 717 5111 820 5168; x_wconf 91' lang='lat' dir='ltr'><strong>est,</strong></span> <span class='ocrx_word' id='word_1_828' title='bbox 853 5105 1058 5174; x_wconf 90' lang='lat' dir='ltr'><strong>potenti</strong></span> <span class='ocrx_word' id='word_1_829' title='bbox 1091 5119 1253 5160; x_wconf 87' lang='lat' dir='ltr'><strong>carne</strong></span> <span class='ocrx_word' id='word_1_830' title='bbox 1282 5104 1506 5160; x_wconf 89' lang='lat' dir='ltr'><strong>immuni</strong></span> <span class='ocrx_word' id='word_1_831' title='bbox 1531 5121 1559 5160; x_wconf 88' lang='lat' dir='ltr'><strong>a</strong></span> <span class='ocrx_word' id='word_1_832' title='bbox 1587 5117 1838 5176; x_wconf 87' lang='lat' dir='ltr'><strong>peccato,</strong></span> <span class='ocrx_word' id='word_1_833' title='bbox 1868 5107 1958 5176; x_wconf 89' lang='lat' dir='ltr'><strong>qui</strong></span> <span class='ocrx_word' id='word_1_834' title='bbox 1985 5123 2082 5178; x_wconf 90' lang='lat' dir='ltr'><strong>per</strong></span> 
     </span>
    </p>
   </div>
   <div class='ocr_carea' id='block_1_97' title="bbox 502 5190 2079 5265">
    <p class='ocr_par' dir='ltr' id='par_1_97' title="bbox 502 5190 2079 5265">
     <span class='ocr_line' id='line_1_97' title="bbox 502 5190 2079 5265; baseline 0.004 -21"><span class='ocrx_word' id='word_1_835' title='bbox 502 5190 624 5246; x_wconf 92' lang='lat' dir='ltr'><strong>illos</strong></span> <span class='ocrx_word' id='word_1_836' title='bbox 668 5202 877 5248; x_wconf 80' lang='lat' dir='ltr'><strong>montes</strong></span> <span class='ocrx_word' id='word_1_837' title='bbox 914 5194 1204 5250; x_wconf 87' lang='lat' dir='ltr'><strong>virtutibus</strong></span> <span class='ocrx_word' id='word_1_838' title='bbox 1230 5202 1285 5248; x_wconf 90' lang='lat' dir='ltr'><strong>et</strong></span> <span class='ocrx_word' id='word_1_839' title='bbox 1325 5194 1604 5249; x_wconf 89' lang='lat' dir='ltr'><strong>miraculis</strong></span> <span class='ocrx_word' id='word_1_840' title='bbox 1649 5194 1927 5250; x_wconf 86' lang='lat' dir='ltr'><strong>conturbas</strong></span> <span class='ocrx_word' id='word_1_841' title='bbox 1954 5212 2079 5265; x_wconf 87' lang='lat' dir='ltr'><strong>pro-</strong></span> 
     </span>
    </p>
   </div>
   <div class='ocr_carea' id='block_1_98' title="bbox 502 5279 2078 5354">
    <p class='ocr_par' dir='ltr' id='par_1_98' title="bbox 502 5279 2078 5354">
     <span class='ocr_line' id='line_1_98' title="bbox 502 5279 2078 5354; baseline 0.005 -22"><span class='ocrx_word' id='word_1_842' title='bbox 502 5279 722 5348; x_wconf 78' lang='lat' dir='ltr'><strong>fundum</strong></span> <span class='ocrx_word' id='word_1_843' title='bbox 753 5284 914 5338; x_wconf 88' lang='lat' dir='ltr'><strong>maris</strong></span> <span class='ocrx_word' id='word_1_844' title='bbox 954 5285 1021 5340; x_wconf 90' lang='lat' dir='ltr'><strong>ab</strong></span> <span class='ocrx_word' id='word_1_845' title='bbox 1047 5285 1264 5348; x_wconf 88' lang='lat' dir='ltr'><strong>bonum,</strong></span> <span class='ocrx_word' id='word_1_846' title='bbox 1295 5285 1460 5338; x_wconf 88' lang='lat' dir='ltr'><strong>etiam</strong></span> <span class='ocrx_word' id='word_1_847' title='bbox 1488 5281 1750 5354; x_wconf 89' lang='lat' dir='ltr'><strong>profunda</strong></span> <span class='ocrx_word' id='word_1_848' title='bbox 1785 5286 1944 5339; x_wconf 88' lang='lat' dir='ltr'><strong>corda</strong></span> <span class='ocrx_word' id='word_1_849' title='bbox 1977 5285 2078 5340; x_wconf 89' lang='lat' dir='ltr'><strong>im-</strong></span> 
     </span>
    </p>
   </div>
   <div class='ocr_carea' id='block_1_99' title="bbox 503 5371 2081 5429">
    <p class='ocr_par' dir='ltr' id='par_1_99' title="bbox 503 5371 2081 5429">
     <span class='ocr_line' id='line_1_99' title="bbox 503 5371 2081 5429; baseline -0.012 1"><span class='ocrx_word' id='word_1_850' title='bbox 503 5371 710 5416; x_wconf 70' lang='grc' dir='ltr'><strong>ηίηνηπι</strong></span> <span class='ocrx_word' id='word_1_851' title='bbox 761 5374 1172 5427; x_wconf 65' lang='lat' dir='ltr'><strong>antarieantinm</strong></span> <span class='ocrx_word' id='word_1_852' title='bbox 1227 5375 1589 5429; x_wconf 71' lang='grc' dir='ltr'>υτοΐυιισιίιιιιρ</span> <span class='ocrx_word' id='word_1_853' title='bbox 1637 5385 1976 5417; x_wconf 71' lang='lat' dir='ltr'><strong>nne-natarum</strong></span> <span class='ocrx_word' id='word_1_854' title='bbox 2029 5385 2081 5420; x_wconf 69' lang='grc' dir='ltr'>,η</span> 
     </span>
    </p>
   </div>
   <div class='ocr_carea' id='block_1_100' title="bbox 2188 4738 3766 4814">
    <p class='ocr_par' dir='ltr' id='par_1_100' title="bbox 2188 4738 3766 4814">
     <span class='ocr_line' id='line_1_100' title="bbox 2188 4738 3766 4814; baseline -0.005 -16"><span class='ocrx_word' id='word_1_855' title='bbox 2188 4758 2322 4814; x_wconf 89' lang='lat' dir='ltr'><strong>quos</strong></span> <span class='ocrx_word' id='word_1_856' title='bbox 2357 4750 2536 4797; x_wconf 90' lang='lat' dir='ltr'><strong>autem</strong></span> <span class='ocrx_word' id='word_1_857' title='bbox 2574 4742 2856 4812; x_wconf 3' lang='lat' dir='ltr'><strong>ministros,</strong></span> <span class='ocrx_word' id='word_1_858' title='bbox 2892 4739 3170 4794; x_wconf 85' lang='lat' dir='ltr'><strong>visitabit?</strong></span> <span class='ocrx_word' id='word_1_859' title='bbox 3217 4738 3445 4794; x_wconf 86' lang='lat' dir='ltr'><strong>Flumen</strong></span> <span class='ocrx_word' id='word_1_860' title='bbox 3471 4739 3568 4793; x_wconf 85' lang='lat' dir='ltr'><strong>Dei</strong></span> <span class='ocrx_word' id='word_1_861' title='bbox 3604 4739 3766 4807; x_wconf 79' lang='lat' dir='ltr'><strong>repte-</strong></span> 
     </span>
    </p>
   </div>
   <div class='ocr_carea' id='block_1_101' title="bbox 2188 4829 3763 4904">
    <p class='ocr_par' dir='ltr' id='par_1_101' title="bbox 2188 4829 3763 4904">
     <span class='ocr_line' id='line_1_101' title="bbox 2188 4829 3763 4904; baseline -0.005 -16"><span class='ocrx_word' id='word_1_862' title='bbox 2188 4845 2296 4888; x_wconf 90' lang='lat' dir='ltr'><strong>tum</strong></span> <span class='ocrx_word' id='word_1_863' title='bbox 2335 4844 2409 4888; x_wconf 87' lang='lat' dir='ltr'><strong>est</strong></span> <span class='ocrx_word' id='word_1_864' title='bbox 2432 4835 2604 4904; x_wconf 85' lang='lat' dir='ltr'><strong>aquis.</strong></span> <span class='ocrx_word' id='word_1_865' title='bbox 2630 4831 2792 4899; x_wconf 86' lang='lat' dir='ltr'><strong>Quasi</strong></span> <span class='ocrx_word' id='word_1_866' title='bbox 2827 4831 2972 4886; x_wconf 90' lang='lat' dir='ltr'><strong>dicat</strong></span> <span class='ocrx_word' id='word_1_867' title='bbox 2998 4845 3013 4884; x_wconf 92' lang='lat'><strong>:</strong></span> <span class='ocrx_word' id='word_1_868' title='bbox 3039 4831 3256 4885; x_wconf 86' lang='lat' dir='ltr'><strong>Aranda</strong></span> <span class='ocrx_word' id='word_1_869' title='bbox 3282 4839 3368 4885; x_wconf 89' lang='lat' dir='ltr'><strong>est</strong></span> <span class='ocrx_word' id='word_1_870' title='bbox 3391 4840 3537 4886; x_wconf 88' lang='lat' dir='ltr'><strong>terra</strong></span> <span class='ocrx_word' id='word_1_871' title='bbox 3578 4829 3682 4891; x_wconf 80' lang='lat' dir='ltr'><strong>illa,</strong></span> <span class='ocrx_word' id='word_1_872' title='bbox 3713 4839 3763 4881; x_wconf 83' lang='lat' dir='ltr'><strong>et</strong></span> 
     </span>
    </p>
   </div>
   <div class='ocr_carea' id='block_1_102' title="bbox 2186 4909 3764 4995">
    <p class='ocr_par' dir='ltr' id='par_1_102' title="bbox 2186 4909 3764 4995">
     <span class='ocr_line' id='line_1_102' title="bbox 2186 4909 3764 4995; baseline -0.004 -17"><span class='ocrx_word' id='word_1_873' title='bbox 2186 4924 2335 4994; x_wconf 88' lang='lat' dir='ltr'><strong>prius</strong></span> <span class='ocrx_word' id='word_1_874' title='bbox 2359 4923 2630 4995; x_wconf 87' lang='lat' dir='ltr'><strong>irriganda</strong></span> <span class='ocrx_word' id='word_1_875' title='bbox 2668 4939 2681 4976; x_wconf 90' lang='lat'><strong>:</strong></span> <span class='ocrx_word' id='word_1_876' title='bbox 2711 4921 2804 4980; x_wconf 88' lang='lat' dir='ltr'><strong>sed</strong></span> <span class='ocrx_word' id='word_1_877' title='bbox 2827 4909 2976 4992; x_wconf 86' lang='lat' dir='ltr'><strong>prius</strong></span> <span class='ocrx_word' id='word_1_878' title='bbox 2995 4921 3191 4990; x_wconf 80' lang='lat' dir='ltr'><strong>ﬂumen</strong></span> <span class='ocrx_word' id='word_1_879' title='bbox 3224 4919 3342 4986; x_wconf 87' lang='lat' dir='ltr'><strong>Dei,</strong></span> <span class='ocrx_word' id='word_1_880' title='bbox 3368 4921 3419 4975; x_wconf 92' lang='lat' dir='ltr'><strong>id</strong></span> <span class='ocrx_word' id='word_1_881' title='bbox 3460 4929 3546 4976; x_wconf 90' lang='lat' dir='ltr'><strong>est</strong></span> <span class='ocrx_word' id='word_1_882' title='bbox 3583 4919 3764 4990; x_wconf 55' lang='lat' dir='ltr'><strong>primi-</strong></span> 
     </span>
    </p>
   </div>
   <div class='ocr_carea' id='block_1_103' title="bbox 2187 4995 3760 5084">
    <p class='ocr_par' dir='ltr' id='par_1_103' title="bbox 2187 4995 3760 5084">
     <span class='ocr_line' id='line_1_103' title="bbox 2187 4995 3760 5084; baseline -0.003 -16"><span class='ocrx_word' id='word_1_883' title='bbox 2187 5012 2293 5069; x_wconf 80' lang='lat' dir='ltr'><strong>liva</strong></span> <span class='ocrx_word' id='word_1_884' title='bbox 2321 5015 2562 5070; x_wconf 86' lang='lat' dir='ltr'><strong>Ecclesia</strong></span> <span class='ocrx_word' id='word_1_885' title='bbox 2609 4995 2936 5084; x_wconf 63' lang='lat' dir='ltr'><strong>Iudaeorum,</strong></span> <span class='ocrx_word' id='word_1_886' title='bbox 2989 5009 3017 5066; x_wconf 86' lang='lat' dir='ltr'><strong>a</strong></span> <span class='ocrx_word' id='word_1_887' title='bbox 3061 5028 3167 5083; x_wconf 91' lang='lat' dir='ltr'><strong>qua</strong></span> <span class='ocrx_word' id='word_1_888' title='bbox 3205 5012 3306 5067; x_wconf 88' lang='lat' dir='ltr'><strong>rivi</strong></span> <span class='ocrx_word' id='word_1_889' title='bbox 3353 5021 3760 5073; x_wconf 82' lang='lat' dir='ltr'><strong>emanaverunt,</strong></span> 
     </span>
    </p>
   </div>
   <div class='ocr_carea' id='block_1_104' title="bbox 2184 5085 3760 5175">
    <p class='ocr_par' dir='ltr' id='par_1_104' title="bbox 2184 5085 3760 5175">
     <span class='ocr_line' id='line_1_104' title="bbox 2184 5085 3760 5175; baseline -0.004 -16"><span class='ocrx_word' id='word_1_890' title='bbox 2184 5100 2355 5159; x_wconf 81' lang='lat' dir='ltr'><strong>lotam</strong></span> <span class='ocrx_word' id='word_1_891' title='bbox 2384 5113 2586 5160; x_wconf 89' lang='lat' dir='ltr'><strong>terram</strong></span> <span class='ocrx_word' id='word_1_892' title='bbox 2637 5085 2947 5175; x_wconf 87' lang='lat' dir='ltr'><strong>irrigantes.</strong></span> <span class='ocrx_word' id='word_1_893' title='bbox 2982 5101 3112 5174; x_wconf 87' lang='lat' dir='ltr'><strong>Illud</strong></span> <span class='ocrx_word' id='word_1_894' title='bbox 3159 5103 3355 5171; x_wconf 81' lang='lat' dir='ltr'><strong>ﬂumen</strong></span> <span class='ocrx_word' id='word_1_895' title='bbox 3406 5103 3652 5172; x_wconf 77' lang='lat' dir='ltr'><strong>repletum</strong></span> <span class='ocrx_word' id='word_1_896' title='bbox 3693 5109 3760 5154; x_wconf 80' lang='lat' dir='ltr'><strong>est</strong></span> 
     </span>
    </p>
   </div>
   <div class='ocr_carea' id='block_1_105' title="bbox 2185 5179 3760 5268">
    <p class='ocr_par' dir='ltr' id='par_1_105' title="bbox 2185 5179 3760 5268">
     <span class='ocr_line' id='line_1_105' title="bbox 2185 5179 3760 5268; baseline -0.003 -18"><span class='ocrx_word' id='word_1_897' title='bbox 2185 5197 2357 5268; x_wconf 89' lang='lat' dir='ltr'><strong>aquis,</strong></span> <span class='ocrx_word' id='word_1_898' title='bbox 2401 5197 2452 5252; x_wconf 90' lang='lat' dir='ltr'><strong>id</strong></span> <span class='ocrx_word' id='word_1_899' title='bbox 2505 5205 2624 5262; x_wconf 90' lang='lat' dir='ltr'><strong>est,</strong></span> <span class='ocrx_word' id='word_1_900' title='bbox 2673 5179 3044 5266; x_wconf 87' lang='lat' dir='ltr'><strong>spiritualibus</strong></span> <span class='ocrx_word' id='word_1_901' title='bbox 3091 5188 3248 5248; x_wconf 86' lang='lat' dir='ltr'><strong>donis</strong></span> <span class='ocrx_word' id='word_1_902' title='bbox 3284 5203 3339 5248; x_wconf 91' lang='lat' dir='ltr'><strong>et</strong></span> <span class='ocrx_word' id='word_1_903' title='bbox 3390 5194 3760 5264; x_wconf 68' lang='lat' dir='ltr'><strong>praedicatione</strong></span> 
     </span>
    </p>
   </div>
   <div class='ocr_carea' id='block_1_106' title="bbox 2184 5284 3760 5358">
    <p class='ocr_par' dir='ltr' id='par_1_106' title="bbox 2184 5284 3760 5358">
     <span class='ocr_line' id='line_1_106' title="bbox 2184 5284 3760 5358; baseline -0.005 -14"><span class='ocrx_word' id='word_1_904' title='bbox 2184 5290 2453 5355; x_wconf 88' lang='lat' dir='ltr'><strong>veritatis,</strong></span> <span class='ocrx_word' id='word_1_905' title='bbox 2468 5298 2523 5344; x_wconf 94' lang='lat' dir='ltr'><strong>et</strong></span> <span class='ocrx_word' id='word_1_906' title='bbox 2541 5289 2618 5344; x_wconf 91' lang='lat' dir='ltr'><strong>sic</strong></span> <span class='ocrx_word' id='word_1_907' title='bbox 2649 5297 2789 5343; x_wconf 87' lang='lat' dir='ltr'><strong>terra</strong></span> <span class='ocrx_word' id='word_1_908' title='bbox 2824 5288 2909 5344; x_wconf 84' lang='lat' dir='ltr'><strong>illa</strong></span> <span class='ocrx_word' id='word_1_909' title='bbox 2939 5286 3202 5357; x_wconf 85' lang='lat' dir='ltr'><strong>irrigavit,</strong></span> <span class='ocrx_word' id='word_1_910' title='bbox 3223 5294 3276 5358; x_wconf 90' lang='lat' dir='ltr'><strong>et</strong></span> <span class='ocrx_word' id='word_1_911' title='bbox 3301 5300 3398 5355; x_wconf 91' lang='lat' dir='ltr'><strong>per</strong></span> <span class='ocrx_word' id='word_1_912' title='bbox 3420 5285 3548 5339; x_wconf 89' lang='lat' dir='ltr'><strong>illud</strong></span> <span class='ocrx_word' id='word_1_913' title='bbox 3577 5284 3760 5338; x_wconf 81' lang='lat' dir='ltr'><strong>numen</strong></span> 
     </span>
    </p>
   </div>
   <div class='ocr_carea' id='block_1_107' title="bbox 2188 5376 3762 5443">
    <p class='ocr_par' dir='ltr' id='par_1_107' title="bbox 2188 5376 3762 5443">
     <span class='ocr_line' id='line_1_107' title="bbox 2188 5376 3762 5443; baseline -0.003 -8"><span class='ocrx_word' id='word_1_914' title='bbox 2188 5381 2462 5435; x_wconf 65' lang='lat' dir='ltr'><strong>irrivando</strong></span> <span class='ocrx_word' id='word_1_915' title='bbox 2487 5390 2707 5432; x_wconf 88' lang='lat' dir='ltr'><strong>terram.</strong></span> <span class='ocrx_word' id='word_1_916' title='bbox 2739 5379 2938 5430; x_wconf 83' lang='lat' dir='ltr'><strong>narasti</strong></span> <span class='ocrx_word' id='word_1_917' title='bbox 2978 5377 3152 5430; x_wconf 89' lang='lat' dir='ltr'><strong>cibum</strong></span> <span class='ocrx_word' id='word_1_918' title='bbox 3181 5376 3415 5432; x_wconf 79' lang='lat' dir='ltr'><strong>illorum.</strong></span> <span class='ocrx_word' id='word_1_919' title='bbox 3440 5376 3651 5431; x_wconf 82' lang='lat' dir='ltr'><strong>scilicet</strong></span> <span class='ocrx_word' id='word_1_920' title='bbox 3672 5388 3762 5443; x_wconf 73' lang='lat' dir='ltr'><strong>pa-</strong></span> 
     </span>
    </p>
   </div>
  </div>
