  <div class='ocr_page' id='page_1' title='image "/cluster/home/n/w/nwhite01/storage/ocr_20150623/131/hvd.32044015471725/240.png"; bbox 0 0 3884 5804; ppageno 0'>
   <div class='ocr_carea' id='block_1_1' title="bbox 66 318 197 385">
    <p class='ocr_par' dir='ltr' id='par_1_1' title="bbox 66 318 197 385">
     <span class='ocr_line' id='line_1_1' title="bbox 66 318 197 385; baseline 0 -1"><span class='ocrx_word' id='word_1_1' title='bbox 66 318 197 385; x_wconf 54' lang='lat' dir='ltr'><strong>Et}</strong></span> 
     </span>
    </p>
   </div>
   <div class='ocr_carea' id='block_1_2' title="bbox 1229 329 2232 388">
    <p class='ocr_par' dir='ltr' id='par_1_2' title="bbox 1229 329 2232 388">
     <span class='ocr_line' id='line_1_2' title="bbox 1229 329 2232 388; baseline -0.001 -2"><span class='ocrx_word' id='word_1_2' title='bbox 1229 329 1758 386; x_wconf 79' lang='lat' dir='ltr'><strong>ENARRATIONES</strong></span> <span class='ocrx_word' id='word_1_3' title='bbox 1796 329 1863 385; x_wconf 81' lang='lat' dir='ltr'><strong>IN</strong></span> <span class='ocrx_word' id='word_1_4' title='bbox 1898 329 2232 388; x_wconf 79' lang='lat' dir='ltr'><strong>PSALMOS.</strong></span> 
     </span>
    </p>
   </div>
   <div class='ocr_carea' id='block_1_3' title="bbox 3239 343 3342 403">
    <p class='ocr_par' dir='ltr' id='par_1_3' title="bbox 3239 343 3342 403">
     <span class='ocr_line' id='line_1_3' title="bbox 3239 343 3342 403; baseline 0.049 -6"><span class='ocrx_word' id='word_1_5' title='bbox 3239 343 3342 403; x_wconf 63' lang='lat'><strong>£70</strong></span> 
     </span>
    </p>
   </div>
   <div class='ocr_carea' id='block_1_4' title="bbox 64 441 3337 512">
    <p class='ocr_par' dir='ltr' id='par_1_4' title="bbox 64 441 3337 512">
     <span class='ocr_line' id='line_1_4' title="bbox 64 441 3337 512; baseline 0.004 -15"><span class='ocrx_word' id='word_1_6' title='bbox 64 442 359 497; x_wconf 67' lang='lat' dir='ltr'><strong>exeritum.</strong></span> <span class='ocrx_word' id='word_1_7' title='bbox 404 442 469 496; x_wconf 84' lang='lat' dir='ltr'><strong>Et</strong></span> <span class='ocrx_word' id='word_1_8' title='bbox 506 441 630 512; x_wconf 84' lang='lat' dir='ltr'><strong>quia</strong></span> <span class='ocrx_word' id='word_1_9' title='bbox 679 456 741 496; x_wconf 79' lang='lat' dir='ltr'><strong>ex</strong></span> <span class='ocrx_word' id='word_1_10' title='bbox 795 449 847 497; x_wconf 89' lang='lat' dir='ltr'><strong>te</strong></span> <span class='ocrx_word' id='word_1_11' title='bbox 892 441 1091 497; x_wconf 98' lang='lat' dir='ltr'><strong>habent</strong></span> <span class='ocrx_word' id='word_1_12' title='bbox 1141 451 1331 507; x_wconf 87' lang='lat' dir='ltr'><strong>totum,</strong></span> <span class='ocrx_word' id='word_1_13' title='bbox 1357 457 1392 497; x_wconf 92' lang='grc' dir='ltr'><strong>ο</strong></span> <span class='ocrx_word' id='word_1_14' title='bbox 1414 442 1657 507; x_wconf 91' lang='lat' dir='ltr'><strong>Domine,</strong></span> <span class='ocrx_word' id='word_1_15' title='bbox 1690 448 1737 505; x_wconf 78' lang='grc' dir='ltr'><strong>Α</strong></span> <span class='ocrx_word' id='word_1_16' title='bbox 1765 449 1908 504; x_wconf 92' lang='lat' dir='ltr'><strong>sunt,</strong></span> <span class='ocrx_word' id='word_1_17' title='bbox 1937 442 2027 510; x_wconf 89' lang='lat' dir='ltr'><strong>qui</strong></span> <span class='ocrx_word' id='word_1_18' title='bbox 2061 458 2112 495; x_wconf 78' lang='lat' dir='ltr'><strong>in</strong></span> <span class='ocrx_word' id='word_1_19' title='bbox 2145 443 2451 512; x_wconf 87' lang='lat' dir='ltr'><strong>captivitate</strong></span> <span class='ocrx_word' id='word_1_20' title='bbox 2476 444 2672 500; x_wconf 87' lang='lat' dir='ltr'><strong>detenti</strong></span> <span class='ocrx_word' id='word_1_21' title='bbox 2704 461 2806 500; x_wconf 85' lang='lat' dir='ltr'><strong>non</strong></span> <span class='ocrx_word' id='word_1_22' title='bbox 2836 456 2960 503; x_wconf 79' lang='lat' dir='ltr'><strong>sum</strong></span> <span class='ocrx_word' id='word_1_23' title='bbox 2993 466 3005 502; x_wconf 90' lang='lat'><strong>:</strong></span> <span class='ocrx_word' id='word_1_24' title='bbox 3038 466 3070 504; x_wconf 90' lang='grc' dir='ltr'><strong>ο</strong></span> <span class='ocrx_word' id='word_1_25' title='bbox 3093 449 3337 510; x_wconf 77' lang='lat' dir='ltr'><strong>Domine.</strong></span> 
     </span>
    </p>
   </div>
   <div class='ocr_carea' id='block_1_5' title="bbox 66 532 1661 605">
    <p class='ocr_par' dir='ltr' id='par_1_5' title="bbox 66 532 1661 605">
     <span class='ocr_line' id='line_1_5' title="bbox 66 532 1661 605; baseline 0 -18"><span class='ocrx_word' id='word_1_26' title='bbox 66 542 134 588; x_wconf 86' lang='lat' dir='ltr'><strong>ut</strong></span> <span class='ocrx_word' id='word_1_27' title='bbox 160 533 368 589; x_wconf 80' lang='lat' dir='ltr'><strong>ﬂumen</strong></span> <span class='ocrx_word' id='word_1_28' title='bbox 399 534 525 588; x_wconf 90' lang='lat' dir='ltr'><strong>illud</strong></span> <span class='ocrx_word' id='word_1_29' title='bbox 548 532 817 605; x_wconf 87' lang='lat' dir='ltr'><strong>repleatur</strong></span> <span class='ocrx_word' id='word_1_30' title='bbox 842 534 1019 603; x_wconf 86' lang='lat' dir='ltr'><strong>aquis,</strong></span> <span class='ocrx_word' id='word_1_31' title='bbox 1047 543 1102 588; x_wconf 90' lang='lat' dir='ltr'><strong>tu</strong></span> <span class='ocrx_word' id='word_1_32' title='bbox 1133 535 1337 588; x_wconf 87' lang='lat' dir='ltr'><strong>inebria</strong></span> <span class='ocrx_word' id='word_1_33' title='bbox 1364 536 1499 588; x_wconf 87' lang='lat' dir='ltr'><strong>rivos</strong></span> <span class='ocrx_word' id='word_1_34' title='bbox 1527 535 1661 604; x_wconf 84' lang='lat' dir='ltr'><strong>ejus,</strong></span> 
     </span>
    </p>
   </div>
   <div class='ocr_carea' id='block_1_6' title="bbox 65 623 1665 695">
    <p class='ocr_par' dir='ltr' id='par_1_6' title="bbox 65 623 1665 695">
     <span class='ocr_line' id='line_1_6' title="bbox 65 623 1665 695; baseline 0 -16"><span class='ocrx_word' id='word_1_35' title='bbox 65 624 127 679; x_wconf 91' lang='lat' dir='ltr'><strong>id</strong></span> <span class='ocrx_word' id='word_1_36' title='bbox 156 633 252 679; x_wconf 80' lang='lat' dir='ltr'><strong>est</strong></span> <span class='ocrx_word' id='word_1_37' title='bbox 279 623 569 695; x_wconf 83' lang='lat' dir='ltr'><strong>apostolos,</strong></span> <span class='ocrx_word' id='word_1_38' title='bbox 597 639 663 679; x_wconf 79' lang='lat' dir='ltr'><strong>ex</strong></span> <span class='ocrx_word' id='word_1_39' title='bbox 695 624 891 694; x_wconf 85' lang='lat' dir='ltr'><strong>quibus</strong></span> <span class='ocrx_word' id='word_1_40' title='bbox 919 625 1094 694; x_wconf 89' lang='lat' dir='ltr'><strong>ipsum</strong></span> <span class='ocrx_word' id='word_1_41' title='bbox 1144 623 1340 680; x_wconf 87' lang='lat' dir='ltr'><strong>ﬁumen</strong></span> <span class='ocrx_word' id='word_1_42' title='bbox 1398 625 1569 695; x_wconf 89' lang='lat' dir='ltr'><strong>magis</strong></span> <span class='ocrx_word' id='word_1_43' title='bbox 1612 634 1665 679; x_wconf 90' lang='lat' dir='ltr'><strong>et</strong></span> 
     </span>
    </p>
   </div>
   <div class='ocr_carea' id='block_1_7' title="bbox 66 713 1661 785">
    <p class='ocr_par' dir='ltr' id='par_1_7' title="bbox 66 713 1661 785">
     <span class='ocr_line' id='line_1_7' title="bbox 66 713 1661 785; baseline 0 -18"><span class='ocrx_word' id='word_1_44' title='bbox 66 714 261 785; x_wconf 84' lang='lat' dir='ltr'><strong>magis</strong></span> <span class='ocrx_word' id='word_1_45' title='bbox 300 724 577 785; x_wconf 76' lang='lat' dir='ltr'><strong>augeatur,</strong></span> <span class='ocrx_word' id='word_1_46' title='bbox 627 723 682 769; x_wconf 88' lang='lat' dir='ltr'><strong>et</strong></span> <span class='ocrx_word' id='word_1_47' title='bbox 705 728 803 783; x_wconf 89' lang='lat' dir='ltr'><strong>per</strong></span> <span class='ocrx_word' id='word_1_48' title='bbox 827 713 947 769; x_wconf 90' lang='lat' dir='ltr'><strong>illos</strong></span> <span class='ocrx_word' id='word_1_49' title='bbox 988 716 1124 768; x_wconf 87' lang='lat' dir='ltr'><strong>rivos</strong></span> <span class='ocrx_word' id='word_1_50' title='bbox 1161 714 1367 770; x_wconf 90' lang='lat' dir='ltr'><strong>inebria</strong></span> <span class='ocrx_word' id='word_1_51' title='bbox 1402 715 1661 784; x_wconf 82' lang='lat' dir='ltr'><strong>genimina</strong></span> 
     </span>
    </p>
   </div>
   <div class='ocr_carea' id='block_1_8' title="bbox 62 805 1662 877">
    <p class='ocr_par' dir='ltr' id='par_1_8' title="bbox 62 805 1662 877">
     <span class='ocr_line' id='line_1_8' title="bbox 62 805 1662 877; baseline 0.003 -19"><span class='ocrx_word' id='word_1_52' title='bbox 62 807 215 875; x_wconf 71' lang='lat' dir='ltr'><strong>ejus,</strong></span> <span class='ocrx_word' id='word_1_53' title='bbox 256 806 315 860; x_wconf 89' lang='lat' dir='ltr'><strong>id</strong></span> <span class='ocrx_word' id='word_1_54' title='bbox 360 815 464 871; x_wconf 86' lang='lat' dir='ltr'><strong>est,</strong></span> <span class='ocrx_word' id='word_1_55' title='bbox 512 805 803 877; x_wconf 84' lang='lat' dir='ltr'><strong>multiplica</strong></span> <span class='ocrx_word' id='word_1_56' title='bbox 850 821 1192 863; x_wconf 80' lang='lat' dir='ltr'><strong>successores</strong></span> <span class='ocrx_word' id='word_1_57' title='bbox 1225 808 1277 863; x_wconf 92' lang='lat' dir='ltr'><strong>in</strong></span> <span class='ocrx_word' id='word_1_58' title='bbox 1327 808 1515 863; x_wconf 89' lang='lat' dir='ltr'><strong>eodem</strong></span> <span class='ocrx_word' id='word_1_59' title='bbox 1571 823 1662 877; x_wconf 93' lang='lat' dir='ltr'><strong>po-</strong></span> 
     </span>
    </p>
   </div>
   <div class='ocr_carea' id='block_1_9' title="bbox 63 894 1661 966">
    <p class='ocr_par' dir='ltr' id='par_1_9' title="bbox 63 894 1661 966">
     <span class='ocr_line' id='line_1_9' title="bbox 63 894 1661 966; baseline 0.003 -21"><span class='ocrx_word' id='word_1_60' title='bbox 63 895 245 962; x_wconf 87' lang='lat' dir='ltr'><strong>pulo,</strong></span> <span class='ocrx_word' id='word_1_61' title='bbox 292 902 351 949; x_wconf 88' lang='lat' dir='ltr'><strong>et</strong></span> <span class='ocrx_word' id='word_1_62' title='bbox 396 895 474 949; x_wconf 85' lang='lat' dir='ltr'><strong>sic</strong></span> <span class='ocrx_word' id='word_1_63' title='bbox 522 902 709 965; x_wconf 89' lang='lat' dir='ltr'><strong>postea</strong></span> <span class='ocrx_word' id='word_1_64' title='bbox 759 894 975 965; x_wconf 77' lang='lat' dir='ltr'><strong>gentilis</strong></span> <span class='ocrx_word' id='word_1_65' title='bbox 1014 895 1241 966; x_wconf 91' lang='lat' dir='ltr'><strong>populus</strong></span> <span class='ocrx_word' id='word_1_66' title='bbox 1286 898 1581 966; x_wconf 75' lang='lat' dir='ltr'><strong>germinans</strong></span> <span class='ocrx_word' id='word_1_67' title='bbox 1608 897 1661 949; x_wconf 84' lang='lat' dir='ltr'><strong>in</strong></span> 
     </span>
    </p>
   </div>
   <div class='ocr_carea' id='block_1_10' title="bbox 59 985 1661 1057">
    <p class='ocr_par' dir='ltr' id='par_1_10' title="bbox 59 985 1661 1057">
     <span class='ocr_line' id='line_1_10' title="bbox 59 985 1661 1057; baseline 0.003 -19"><span class='ocrx_word' id='word_1_68' title='bbox 59 987 364 1042; x_wconf 70' lang='lat' dir='ltr'><strong>stillicidiis</strong></span> <span class='ocrx_word' id='word_1_69' title='bbox 411 987 650 1057; x_wconf 86' lang='lat' dir='ltr'><strong>ejusdem</strong></span> <span class='ocrx_word' id='word_1_70' title='bbox 700 985 954 1052; x_wconf 73' lang='lat' dir='ltr'><strong>ﬂuminis,</strong></span> <span class='ocrx_word' id='word_1_71' title='bbox 1011 986 1062 1041; x_wconf 89' lang='lat' dir='ltr'><strong>id</strong></span> <span class='ocrx_word' id='word_1_72' title='bbox 1110 996 1211 1052; x_wconf 89' lang='lat' dir='ltr'><strong>est,</strong></span> <span class='ocrx_word' id='word_1_73' title='bbox 1263 988 1315 1041; x_wconf 91' lang='lat' dir='ltr'><strong>in</strong></span> <span class='ocrx_word' id='word_1_74' title='bbox 1374 986 1661 1043; x_wconf 84' lang='lat' dir='ltr'><strong>levioribus</strong></span> 
     </span>
    </p>
   </div>
   <div class='ocr_carea' id='block_1_11' title="bbox 65 1075 1659 1147">
    <p class='ocr_par' dir='ltr' id='par_1_11' title="bbox 65 1075 1659 1147">
     <span class='ocr_line' id='line_1_11' title="bbox 65 1075 1659 1147; baseline 0.002 -19"><span class='ocrx_word' id='word_1_75' title='bbox 65 1076 377 1142; x_wconf 81' lang='lat' dir='ltr'><strong>doctrinis;</strong></span> <span class='ocrx_word' id='word_1_76' title='bbox 416 1076 567 1145; x_wconf 81' lang='lat' dir='ltr'><strong>juxta</strong></span> <span class='ocrx_word' id='word_1_77' title='bbox 615 1076 744 1131; x_wconf 93' lang='lat' dir='ltr'><strong>illud</strong></span> <span class='ocrx_word' id='word_1_78' title='bbox 792 1094 806 1130; x_wconf 91' lang='lat'><strong>:</strong></span> <span class='ocrx_word' id='word_1_79' title='bbox 856 1075 964 1130; x_wconf 85' lang='lat' dir='ltr'><strong>Lac</strong></span> <span class='ocrx_word' id='word_1_80' title='bbox 1000 1078 1141 1131; x_wconf 81' lang='lat' dir='ltr'><strong>vobis</strong></span> <span class='ocrx_word' id='word_1_81' title='bbox 1171 1087 1349 1147; x_wconf 85' lang='lat' dir='ltr'><strong>potum</strong></span> <span class='ocrx_word' id='word_1_82' title='bbox 1388 1077 1527 1141; x_wconf 85' lang='lat' dir='ltr'><strong>dedi,</strong></span> <span class='ocrx_word' id='word_1_83' title='bbox 1557 1093 1659 1131; x_wconf 87' lang='lat' dir='ltr'><strong>non</strong></span> 
     </span>
    </p>
   </div>
   <div class='ocr_carea' id='block_1_12' title="bbox 62 1167 1658 1238">
    <p class='ocr_par' dir='ltr' id='par_1_12' title="bbox 62 1167 1658 1238">
     <span class='ocr_line' id='line_1_12' title="bbox 62 1167 1658 1238; baseline 0.001 -18"><span class='ocrx_word' id='word_1_84' title='bbox 62 1184 250 1221; x_wconf 79' lang='lat' dir='ltr'><strong>escam</strong></span> <span class='ocrx_word' id='word_1_85' title='bbox 295 1167 360 1238; x_wconf 90' lang='grc'><strong>(1</strong></span> <span class='ocrx_word' id='word_1_86' title='bbox 401 1167 522 1223; x_wconf 87' lang='lat' dir='ltr'><strong>Cor.</strong></span> <span class='ocrx_word' id='word_1_87' title='bbox 573 1168 680 1238; x_wconf 84' lang='lat' dir='ltr'><strong>ut).</strong></span> <span class='ocrx_word' id='word_1_88' title='bbox 720 1168 1031 1235; x_wconf 79' lang='lat' dir='ltr'><strong>Ltetabitur,</strong></span> <span class='ocrx_word' id='word_1_89' title='bbox 1078 1170 1128 1225; x_wconf 88' lang='lat' dir='ltr'><strong>id</strong></span> <span class='ocrx_word' id='word_1_90' title='bbox 1170 1178 1272 1234; x_wconf 89' lang='lat' dir='ltr'><strong>est,</strong></span> <span class='ocrx_word' id='word_1_91' title='bbox 1320 1184 1440 1224; x_wconf 92' lang='lat' dir='ltr'><strong>cum</strong></span> <span class='ocrx_word' id='word_1_92' title='bbox 1477 1168 1658 1223; x_wconf 65' lang='lat' dir='ltr'><strong>laetitia</strong></span> 
     </span>
    </p>
   </div>
   <div class='ocr_carea' id='block_1_13' title="bbox 62 1259 1660 1329">
    <p class='ocr_par' dir='ltr' id='par_1_13' title="bbox 62 1259 1660 1329">
     <span class='ocr_line' id='line_1_13' title="bbox 62 1259 1660 1329; baseline -0.001 -15"><span class='ocrx_word' id='word_1_93' title='bbox 62 1262 337 1317; x_wconf 83' lang='lat' dir='ltr'><strong>succedet</strong></span> <span class='ocrx_word' id='word_1_94' title='bbox 378 1259 636 1317; x_wconf 69' lang='lat' dir='ltr'><strong>Ecclesia:</strong></span> <span class='ocrx_word' id='word_1_95' title='bbox 674 1260 741 1317; x_wconf 89' lang='lat' dir='ltr'><strong>de</strong></span> <span class='ocrx_word' id='word_1_96' title='bbox 790 1261 1008 1316; x_wconf 64' lang='lat' dir='ltr'><strong>Iudaeis.</strong></span> <span class='ocrx_word' id='word_1_97' title='bbox 1066 1260 1237 1316; x_wconf 83' lang='lat' dir='ltr'><strong>Aliter</strong></span> <span class='ocrx_word' id='word_1_98' title='bbox 1277 1278 1291 1314; x_wconf 89' lang='lat'><strong>:</strong></span> <span class='ocrx_word' id='word_1_99' title='bbox 1338 1259 1660 1329; x_wconf 75' lang='lat' dir='ltr'><strong>Multiplica-</strong></span> 
     </span>
    </p>
   </div>
   <div class='ocr_carea' id='block_1_14' title="bbox 64 1351 1661 1425">
    <p class='ocr_par' dir='ltr' id='par_1_14' title="bbox 64 1351 1661 1425">
     <span class='ocr_line' id='line_1_14' title="bbox 64 1351 1661 1425; baseline -0.003 -16"><span class='ocrx_word' id='word_1_100' title='bbox 64 1358 140 1410; x_wconf 91' lang='lat' dir='ltr'><strong>sti</strong></span> <span class='ocrx_word' id='word_1_101' title='bbox 196 1355 514 1425; x_wconf 76' lang='lat' dir='ltr'><strong>locupletare</strong></span> <span class='ocrx_word' id='word_1_102' title='bbox 542 1371 678 1421; x_wconf 87' lang='lat' dir='ltr'><strong>eam,</strong></span> <span class='ocrx_word' id='word_1_103' title='bbox 720 1354 773 1409; x_wconf 89' lang='lat' dir='ltr'><strong>id</strong></span> <span class='ocrx_word' id='word_1_104' title='bbox 803 1366 904 1417; x_wconf 88' lang='lat' dir='ltr'><strong>est,</strong></span> <span class='ocrx_word' id='word_1_105' title='bbox 958 1354 1344 1425; x_wconf 85' lang='lat' dir='ltr'><strong>multiplicibus</strong></span> <span class='ocrx_word' id='word_1_106' title='bbox 1385 1353 1540 1409; x_wconf 89' lang='lat' dir='ltr'><strong>donis</strong></span> <span class='ocrx_word' id='word_1_107' title='bbox 1578 1351 1661 1406; x_wconf 85' lang='lat' dir='ltr'><strong>di-</strong></span> 
     </span>
    </p>
   </div>
   <div class='ocr_carea' id='block_1_15' title="bbox 69 1445 1656 1517">
    <p class='ocr_par' dir='ltr' id='par_1_15' title="bbox 69 1445 1656 1517">
     <span class='ocr_line' id='line_1_15' title="bbox 69 1445 1656 1517; baseline -0.002 -15"><span class='ocrx_word' id='word_1_108' title='bbox 69 1460 196 1504; x_wconf 83' lang='lat' dir='ltr'><strong>tare</strong></span> <span class='ocrx_word' id='word_1_109' title='bbox 236 1448 551 1517; x_wconf 88' lang='lat' dir='ltr'><strong>disposuisti</strong></span> <span class='ocrx_word' id='word_1_110' title='bbox 585 1447 730 1502; x_wconf 86' lang='lat' dir='ltr'><strong>illam</strong></span> <span class='ocrx_word' id='word_1_111' title='bbox 776 1456 994 1502; x_wconf 87' lang='lat' dir='ltr'><strong>terram.</strong></span> <span class='ocrx_word' id='word_1_112' title='bbox 1028 1447 1191 1515; x_wconf 80' lang='lat' dir='ltr'><strong>Quasi</strong></span> <span class='ocrx_word' id='word_1_113' title='bbox 1234 1446 1427 1516; x_wconf 83' lang='lat' dir='ltr'><strong>aliquis</strong></span> <span class='ocrx_word' id='word_1_114' title='bbox 1473 1445 1656 1500; x_wconf 80' lang='lat' dir='ltr'><strong>dicat:</strong></span> 
     </span>
    </p>
   </div>
   <div class='ocr_carea' id='block_1_16' title="bbox 68 1535 1658 1606">
    <p class='ocr_par' dir='ltr' id='par_1_16' title="bbox 68 1535 1658 1606">
     <span class='ocr_line' id='line_1_16' title="bbox 68 1535 1658 1606; baseline -0.002 -15"><span class='ocrx_word' id='word_1_115' title='bbox 68 1538 140 1591; x_wconf 84' lang='lat' dir='ltr'><strong>Et</strong></span> <span class='ocrx_word' id='word_1_116' title='bbox 169 1538 319 1593; x_wconf 88' lang='lat' dir='ltr'><strong>unde</strong></span> <span class='ocrx_word' id='word_1_117' title='bbox 364 1538 455 1592; x_wconf 89' lang='lat' dir='ltr'><strong>illa</strong></span> <span class='ocrx_word' id='word_1_118' title='bbox 492 1537 807 1606; x_wconf 85' lang='lat' dir='ltr'><strong>multiplicia</strong></span> <span class='ocrx_word' id='word_1_119' title='bbox 846 1540 981 1591; x_wconf 90' lang='lat' dir='ltr'><strong>dona</strong></span> <span class='ocrx_word' id='word_1_120' title='bbox 1003 1537 1045 1591; x_wconf 21' lang='lat' dir='ltr'><strong>?r</strong></span> <span class='ocrx_word' id='word_1_121' title='bbox 1076 1535 1298 1592; x_wconf 82' lang='lat' dir='ltr'><strong>Flumen</strong></span> <span class='ocrx_word' id='word_1_122' title='bbox 1331 1536 1452 1600; x_wconf 88' lang='lat' dir='ltr'><strong>Dei,</strong></span> <span class='ocrx_word' id='word_1_123' title='bbox 1476 1536 1528 1589; x_wconf 88' lang='lat' dir='ltr'><strong>id</strong></span> <span class='ocrx_word' id='word_1_124' title='bbox 1559 1543 1658 1599; x_wconf 87' lang='lat' dir='ltr'><strong>est,</strong></span> 
     </span>
    </p>
   </div>
   <div class='ocr_carea' id='block_1_17' title="bbox 66 1629 1675 1699">
    <p class='ocr_par' dir='ltr' id='par_1_17' title="bbox 66 1629 1675 1699">
     <span class='ocr_line' id='line_1_17' title="bbox 66 1629 1675 1699; baseline 0 -16"><span class='ocrx_word' id='word_1_125' title='bbox 66 1629 319 1698; x_wconf 86' lang='lat' dir='ltr'><strong>Spiritus</strong></span> <span class='ocrx_word' id='word_1_126' title='bbox 351 1638 569 1684; x_wconf 92' lang='lat' dir='ltr'><strong>sanctus</strong></span> <span class='ocrx_word' id='word_1_127' title='bbox 599 1644 629 1683; x_wconf 88' lang='lat' dir='ltr'><strong>a</strong></span> <span class='ocrx_word' id='word_1_128' title='bbox 668 1629 825 1683; x_wconf 87' lang='lat' dir='ltr'><strong>Patre</strong></span> <span class='ocrx_word' id='word_1_129' title='bbox 853 1638 905 1683; x_wconf 91' lang='lat' dir='ltr'><strong>et</strong></span> <span class='ocrx_word' id='word_1_130' title='bbox 939 1629 1077 1685; x_wconf 83' lang='lat' dir='ltr'><strong>Filio</strong></span> <span class='ocrx_word' id='word_1_131' title='bbox 1107 1645 1386 1695; x_wconf 88' lang='lat' dir='ltr'><strong>emanans,</strong></span> <span class='ocrx_word' id='word_1_132' title='bbox 1415 1630 1675 1699; x_wconf 86' lang='lat' dir='ltr'><strong>repletus,_</strong></span> 
     </span>
    </p>
   </div>
   <div class='ocr_carea' id='block_1_18' title="bbox 66 1720 1663 1793">
    <p class='ocr_par' dir='ltr' id='par_1_18' title="bbox 66 1720 1663 1793">
     <span class='ocr_line' id='line_1_18' title="bbox 66 1720 1663 1793; baseline -0.002 -18"><span class='ocrx_word' id='word_1_133' title='bbox 66 1722 125 1789; x_wconf 86' lang='lat' dir='ltr'><strong>id</strong></span> <span class='ocrx_word' id='word_1_134' title='bbox 159 1730 270 1786; x_wconf 91' lang='lat' dir='ltr'><strong>est,</strong></span> <span class='ocrx_word' id='word_1_135' title='bbox 315 1720 683 1792; x_wconf 87' lang='lat' dir='ltr'><strong>multipliciter</strong></span> <span class='ocrx_word' id='word_1_136' title='bbox 718 1730 795 1775; x_wconf 84' lang='lat' dir='ltr'><strong>est</strong></span> <span class='ocrx_word' id='word_1_137' title='bbox 838 1721 1027 1792; x_wconf 87' lang='lat' dir='ltr'><strong>plenus</strong></span> <span class='ocrx_word' id='word_1_138' title='bbox 1053 1722 1224 1793; x_wconf 81' lang='lat' dir='ltr'><strong>aquis,</strong></span> <span class='ocrx_word' id='word_1_139' title='bbox 1258 1721 1306 1775; x_wconf 92' lang='lat' dir='ltr'><strong>id</strong></span> <span class='ocrx_word' id='word_1_140' title='bbox 1338 1730 1422 1775; x_wconf 86' lang='lat' dir='ltr'><strong>cst</strong></span> <span class='ocrx_word' id='word_1_141' title='bbox 1444 1762 1458 1786; x_wconf 98' lang='lat'><strong>,</strong></span> <span class='ocrx_word' id='word_1_142' title='bbox 1508 1720 1663 1790; x_wconf 90' lang='lat' dir='ltr'><strong>spiri-</strong></span> 
     </span>
    </p>
   </div>
   <div class='ocr_carea' id='block_1_19' title="bbox 1763 532 3340 607">
    <p class='ocr_par' dir='ltr' id='par_1_19' title="bbox 1763 532 3340 607">
     <span class='ocr_line' id='line_1_19' title="bbox 1763 532 3340 607; baseline 0.006 -21"><span class='ocrx_word' id='word_1_143' title='bbox 1763 532 1887 602; x_wconf 92' lang='lat' dir='ltr'><strong>quia</strong></span> <span class='ocrx_word' id='word_1_144' title='bbox 1937 542 1991 586; x_wconf 93' lang='lat' dir='ltr'><strong>tu</strong></span> <span class='ocrx_word' id='word_1_145' title='bbox 2044 534 2421 603; x_wconf 88' lang='lat' dir='ltr'><strong>propitiaberis</strong></span> <span class='ocrx_word' id='word_1_146' title='bbox 2461 536 2549 591; x_wconf 90' lang='lat' dir='ltr'><strong>hic</strong></span> <span class='ocrx_word' id='word_1_147' title='bbox 2582 536 2954 607; x_wconf 87' lang='lat' dir='ltr'><strong>iniquitatibus</strong></span> <span class='ocrx_word' id='word_1_148' title='bbox 3005 541 3225 607; x_wconf 90' lang='lat' dir='ltr'><strong>nostris,</strong></span> <span class='ocrx_word' id='word_1_149' title='bbox 3262 543 3340 596; x_wconf 86' lang='lat' dir='ltr'><strong>be-</strong></span> 
     </span>
    </p>
   </div>
   <div class='ocr_carea' id='block_1_20' title="bbox 1762 622 3337 694">
    <p class='ocr_par' dir='ltr' id='par_1_20' title="bbox 1762 622 3337 694">
     <span class='ocr_line' id='line_1_20' title="bbox 1762 622 3337 694; baseline 0.008 -21"><span class='ocrx_word' id='word_1_150' title='bbox 1762 622 1998 687; x_wconf 79' lang='lat' dir='ltr'><strong>nedices,</strong></span> <span class='ocrx_word' id='word_1_151' title='bbox 2036 623 2427 678; x_wconf 89' lang='lat' dir='ltr'><strong>incrementum</strong></span> <span class='ocrx_word' id='word_1_152' title='bbox 2477 624 2672 691; x_wconf 91' lang='lat' dir='ltr'><strong>dabis,</strong></span> <span class='ocrx_word' id='word_1_153' title='bbox 2722 643 2959 694; x_wconf 82' lang='lat' dir='ltr'><strong>coronte,</strong></span> <span class='ocrx_word' id='word_1_154' title='bbox 3012 628 3337 685; x_wconf 89' lang='lat' dir='ltr'><strong>multitudini</strong></span> 
     </span>
    </p>
   </div>
   <div class='ocr_carea' id='block_1_21' title="bbox 1763 710 3341 788">
    <p class='ocr_par' dir='ltr' id='par_1_21' title="bbox 1763 710 3341 788">
     <span class='ocr_line' id='line_1_21' title="bbox 1763 710 3341 788; baseline 0.008 -25"><span class='ocrx_word' id='word_1_155' title='bbox 1763 710 1998 764; x_wconf 86' lang='lat' dir='ltr'><strong>ﬁdelium</strong></span> <span class='ocrx_word' id='word_1_156' title='bbox 2027 720 2077 765; x_wconf 90' lang='lat' dir='ltr'><strong>te</strong></span> <span class='ocrx_word' id='word_1_157' title='bbox 2103 713 2487 769; x_wconf 88' lang='lat' dir='ltr'><strong>ambientium:</strong></span> <span class='ocrx_word' id='word_1_158' title='bbox 2514 716 2596 771; x_wconf 90' lang='lat' dir='ltr'><strong>vel</strong></span> <span class='ocrx_word' id='word_1_159' title='bbox 2623 718 2914 774; x_wconf 81' lang='lat' dir='ltr'><strong>victoribus</strong></span> <span class='ocrx_word' id='word_1_160' title='bbox 2936 719 3026 788; x_wconf 90' lang='lat' dir='ltr'><strong>qui</strong></span> <span class='ocrx_word' id='word_1_161' title='bbox 3074 721 3162 775; x_wconf 82' lang='lat' dir='ltr'><strong>hic</strong></span> <span class='ocrx_word' id='word_1_162' title='bbox 3200 720 3341 775; x_wconf 80' lang='lat' dir='ltr'><strong>inter</strong></span> 
     </span>
    </p>
   </div>
   <div class='ocr_carea' id='block_1_22' title="bbox 1761 802 3338 866">
    <p class='ocr_par' dir='ltr' id='par_1_22' title="bbox 1761 802 3338 866">
     <span class='ocr_line' id='line_1_22' title="bbox 1761 802 3338 866; baseline 0.008 -13"><span class='ocrx_word' id='word_1_163' title='bbox 1761 802 2061 858; x_wconf 82' lang='lat' dir='ltr'><strong>mundanas</strong></span> <span class='ocrx_word' id='word_1_164' title='bbox 2089 803 2368 860; x_wconf 89' lang='lat' dir='ltr'><strong>illecebras</strong></span> <span class='ocrx_word' id='word_1_165' title='bbox 2416 806 2654 863; x_wconf 90' lang='lat' dir='ltr'><strong>victores</strong></span> <span class='ocrx_word' id='word_1_166' title='bbox 2701 809 3027 865; x_wconf 76' lang='lat' dir='ltr'><strong>exstiterunt</strong></span> <span class='ocrx_word' id='word_1_167' title='bbox 3070 830 3081 865; x_wconf 88' lang='lat'><strong>:</strong></span> <span class='ocrx_word' id='word_1_168' title='bbox 3133 828 3338 866; x_wconf 79' lang='lat' dir='ltr'><strong>corona:</strong></span> 
     </span>
    </p>
   </div>
   <div class='ocr_carea' id='block_1_23' title="bbox 1760 894 3337 971">
    <p class='ocr_par' dir='ltr' id='par_1_23' title="bbox 1760 894 3337 971">
     <span class='ocr_line' id='line_1_23' title="bbox 1760 894 3337 971; baseline 0.004 -24"><span class='ocrx_word' id='word_1_169' title='bbox 1760 894 1880 948; x_wconf 89' lang='lat' dir='ltr'><strong>dico</strong></span> <span class='ocrx_word' id='word_1_170' title='bbox 1908 896 2033 948; x_wconf 91' lang='lat' dir='ltr'><strong>anni</strong></span> <span class='ocrx_word' id='word_1_171' title='bbox 2065 895 2393 964; x_wconf 79' lang='lat' dir='ltr'><strong>benignitatis</strong></span> <span class='ocrx_word' id='word_1_172' title='bbox 2428 906 2552 962; x_wconf 78' lang='lat' dir='ltr'><strong>tute,</strong></span> <span class='ocrx_word' id='word_1_173' title='bbox 2596 899 2648 953; x_wconf 94' lang='lat' dir='ltr'><strong>id</strong></span> <span class='ocrx_word' id='word_1_174' title='bbox 2674 908 2775 965; x_wconf 91' lang='lat' dir='ltr'><strong>est,</strong></span> <span class='ocrx_word' id='word_1_175' title='bbox 2804 901 2896 955; x_wconf 90' lang='lat' dir='ltr'><strong>tibi</strong></span> <span class='ocrx_word' id='word_1_176' title='bbox 2924 908 3241 971; x_wconf 63' lang='lat' dir='ltr'><strong>praeparata:</strong></span> <span class='ocrx_word' id='word_1_177' title='bbox 3286 902 3337 953; x_wconf 89' lang='lat' dir='ltr'><strong>in</strong></span> 
     </span>
    </p>
   </div>
   <div class='ocr_carea' id='block_1_24' title="bbox 1761 987 3342 1063">
    <p class='ocr_par' dir='ltr' id='par_1_24' title="bbox 1761 987 3342 1063">
     <span class='ocr_line' id='line_1_24' title="bbox 1761 987 3342 1063; baseline 0.004 -25"><span class='ocrx_word' id='word_1_178' title='bbox 1761 993 2000 1055; x_wconf 89' lang='lat' dir='ltr'><strong>tempore</strong></span> <span class='ocrx_word' id='word_1_179' title='bbox 2047 987 2416 1057; x_wconf 81' lang='lat' dir='ltr'><strong>plenitudinis,</strong></span> <span class='ocrx_word' id='word_1_180' title='bbox 2467 1005 2587 1044; x_wconf 91' lang='lat' dir='ltr'><strong>cum</strong></span> <span class='ocrx_word' id='word_1_181' title='bbox 2640 991 3029 1063; x_wconf 82' lang='lat' dir='ltr'><strong>benignitatem</strong></span> <span class='ocrx_word' id='word_1_182' title='bbox 3067 1001 3212 1047; x_wconf 91' lang='lat' dir='ltr'><strong>tuam</strong></span> <span class='ocrx_word' id='word_1_183' title='bbox 3242 993 3342 1046; x_wconf 89' lang='lat' dir='ltr'><strong>hu-</strong></span> 
     </span>
    </p>
   </div>
   <div class='ocr_carea' id='block_1_25' title="bbox 1760 1078 3337 1152">
    <p class='ocr_par' dir='ltr' id='par_1_25' title="bbox 1760 1078 3337 1152">
     <span class='ocr_line' id='line_1_25' title="bbox 1760 1078 3337 1152; baseline 0.003 -24"><span class='ocrx_word' id='word_1_184' title='bbox 1760 1090 1919 1130; x_wconf 86' lang='lat' dir='ltr'><strong>mano</strong></span> <span class='ocrx_word' id='word_1_185' title='bbox 1954 1078 2133 1146; x_wconf 80' lang='lat' dir='ltr'><strong>generi</strong></span> <span class='ocrx_word' id='word_1_186' title='bbox 2185 1079 2502 1133; x_wconf 79' lang='lat' dir='ltr'><strong>exhibuisti.</strong></span> <span class='ocrx_word' id='word_1_187' title='bbox 2554 1078 2620 1133; x_wconf 83' lang='lat' dir='ltr'><strong>Et</strong></span> <span class='ocrx_word' id='word_1_188' title='bbox 2653 1082 2822 1152; x_wconf 88' lang='lat' dir='ltr'><strong>campi</strong></span> <span class='ocrx_word' id='word_1_189' title='bbox 2851 1082 2947 1145; x_wconf 86' lang='lat' dir='ltr'><strong>tui,</strong></span> <span class='ocrx_word' id='word_1_190' title='bbox 2992 1078 3161 1136; x_wconf 64' lang='lat' dir='ltr'><strong>Iudici</strong></span> <span class='ocrx_word' id='word_1_191' title='bbox 3210 1079 3337 1135; x_wconf 90' lang='lat' dir='ltr'><strong>culti</strong></span> 
     </span>
    </p>
   </div>
   <div class='ocr_carea' id='block_1_26' title="bbox 1759 1168 3341 1241">
    <p class='ocr_par' dir='ltr' id='par_1_26' title="bbox 1759 1168 3341 1241">
     <span class='ocr_line' id='line_1_26' title="bbox 1759 1168 3341 1241; baseline 0.002 -23"><span class='ocrx_word' id='word_1_192' title='bbox 1759 1180 1977 1221; x_wconf 81' lang='lat' dir='ltr'><strong>vomere</strong></span> <span class='ocrx_word' id='word_1_193' title='bbox 2009 1168 2157 1222; x_wconf 90' lang='lat' dir='ltr'><strong>verbi</strong></span> <span class='ocrx_word' id='word_1_194' title='bbox 2199 1168 2297 1233; x_wconf 92' lang='lat' dir='ltr'><strong>tui,</strong></span> <span class='ocrx_word' id='word_1_195' title='bbox 2350 1170 2655 1226; x_wconf 90' lang='lat' dir='ltr'><strong>omnimoda</strong></span> <span class='ocrx_word' id='word_1_196' title='bbox 2710 1173 2943 1226; x_wconf 83' lang='lat' dir='ltr'><strong>ubertate</strong></span> <span class='ocrx_word' id='word_1_197' title='bbox 2987 1171 3341 1241; x_wconf 80' lang='lat' dir='ltr'><strong>replebantur,</strong></span> 
     </span>
    </p>
   </div>
   <div class='ocr_carea' id='block_1_27' title="bbox 1759 1256 3342 1333">
    <p class='ocr_par' dir='ltr' id='par_1_27' title="bbox 1759 1256 3342 1333">
     <span class='ocr_line' id='line_1_27' title="bbox 1759 1256 3342 1333; baseline 0.004 -24"><span class='ocrx_word' id='word_1_198' title='bbox 1759 1270 1882 1310; x_wconf 90' lang='lat' dir='ltr'><strong>cum</strong></span> <span class='ocrx_word' id='word_1_199' title='bbox 1911 1256 2051 1313; x_wconf 88' lang='lat' dir='ltr'><strong>Deus</strong></span> <span class='ocrx_word' id='word_1_200' title='bbox 2093 1259 2398 1314; x_wconf 90' lang='lat' dir='ltr'><strong>eritomnia</strong></span> <span class='ocrx_word' id='word_1_201' title='bbox 2433 1260 2484 1313; x_wconf 91' lang='lat' dir='ltr'><strong>in</strong></span> <span class='ocrx_word' id='word_1_202' title='bbox 2528 1262 2794 1317; x_wconf 91' lang='lat' dir='ltr'><strong>omnibus.</strong></span> <span class='ocrx_word' id='word_1_203' title='bbox 2848 1260 3187 1333; x_wconf 85' lang='lat' dir='ltr'><strong>Pinguescent</strong></span> <span class='ocrx_word' id='word_1_204' title='bbox 3233 1278 3342 1331; x_wconf 85' lang='lat' dir='ltr'><strong>spe-</strong></span> 
     </span>
    </p>
   </div>
   <div class='ocr_carea' id='block_1_28' title="bbox 1759 1346 3341 1423">
    <p class='ocr_par' dir='ltr' id='par_1_28' title="bbox 1759 1346 3341 1423">
     <span class='ocr_line' id='line_1_28' title="bbox 1759 1346 3341 1423; baseline 0.003 -23"><span class='ocrx_word' id='word_1_205' title='bbox 1759 1346 1902 1401; x_wconf 87' lang='lat' dir='ltr'><strong>ciosa</strong></span> <span class='ocrx_word' id='word_1_206' title='bbox 1952 1347 2183 1413; x_wconf 81' lang='lat' dir='ltr'><strong>deserti,</strong></span> <span class='ocrx_word' id='word_1_207' title='bbox 2236 1350 2287 1403; x_wconf 88' lang='lat' dir='ltr'><strong>id</strong></span> <span class='ocrx_word' id='word_1_208' title='bbox 2320 1357 2439 1414; x_wconf 90' lang='lat' dir='ltr'><strong>est,</strong></span> <span class='ocrx_word' id='word_1_209' title='bbox 2495 1351 2586 1418; x_wconf 89' lang='lat' dir='ltr'><strong>qui</strong></span> <span class='ocrx_word' id='word_1_210' title='bbox 2627 1352 2691 1409; x_wconf 91' lang='lat' dir='ltr'><strong>de</strong></span> <span class='ocrx_word' id='word_1_211' title='bbox 2739 1352 2921 1422; x_wconf 82' lang='lat' dir='ltr'><strong>gentili</strong></span> <span class='ocrx_word' id='word_1_212' title='bbox 2968 1351 3160 1423; x_wconf 91' lang='lat' dir='ltr'><strong>populo</strong></span> <span class='ocrx_word' id='word_1_213' title='bbox 3214 1350 3341 1405; x_wconf 80' lang='lat' dir='ltr'><strong>facti</strong></span> 
     </span>
    </p>
   </div>
   <div class='ocr_carea' id='block_1_29' title="bbox 1758 1438 3341 1512">
    <p class='ocr_par' dir='ltr' id='par_1_29' title="bbox 1758 1438 3341 1512">
     <span class='ocr_line' id='line_1_29' title="bbox 1758 1438 3341 1512; baseline 0.001 -19"><span class='ocrx_word' id='word_1_214' title='bbox 1758 1445 1921 1493; x_wconf 85' lang='lat' dir='ltr'><strong>erunt</strong></span> <span class='ocrx_word' id='word_1_215' title='bbox 1949 1438 2195 1508; x_wconf 88' lang='lat' dir='ltr'><strong>speciosi,</strong></span> <span class='ocrx_word' id='word_1_216' title='bbox 2227 1440 2277 1493; x_wconf 91' lang='lat' dir='ltr'><strong>id</strong></span> <span class='ocrx_word' id='word_1_217' title='bbox 2305 1448 2388 1496; x_wconf 93' lang='lat' dir='ltr'><strong>est</strong></span> <span class='ocrx_word' id='word_1_218' title='bbox 2416 1439 2598 1495; x_wconf 89' lang='lat' dir='ltr'><strong>ﬁdeles</strong></span> <span class='ocrx_word' id='word_1_219' title='bbox 2619 1442 2768 1512; x_wconf 88' lang='lat' dir='ltr'><strong>prius</strong></span> <span class='ocrx_word' id='word_1_220' title='bbox 2795 1443 2911 1497; x_wconf 90' lang='lat' dir='ltr'><strong>sine</strong></span> <span class='ocrx_word' id='word_1_221' title='bbox 2936 1443 3162 1498; x_wconf 91' lang='lat' dir='ltr'><strong>humore</strong></span> <span class='ocrx_word' id='word_1_222' title='bbox 3195 1442 3341 1496; x_wconf 82' lang='lat' dir='ltr'><strong>verbi</strong></span> 
     </span>
    </p>
   </div>
   <div class='ocr_carea' id='block_1_30' title="bbox 1765 1530 3339 1603">
    <p class='ocr_par' dir='ltr' id='par_1_30' title="bbox 1765 1530 3339 1603">
     <span class='ocr_line' id='line_1_30' title="bbox 1765 1530 3339 1603; baseline 0.001 -19"><span class='ocrx_word' id='word_1_223' title='bbox 1765 1530 1878 1594; x_wconf 89' lang='lat' dir='ltr'><strong>Dei,</strong></span> <span class='ocrx_word' id='word_1_224' title='bbox 1905 1532 2051 1585; x_wconf 90' lang='lat' dir='ltr'><strong>omni</strong></span> <span class='ocrx_word' id='word_1_225' title='bbox 2080 1531 2639 1603; x_wconf 73' lang='lat' dir='ltr'><strong>ltetitiareplebuntur</strong></span> <span class='ocrx_word' id='word_1_226' title='bbox 2665 1552 2675 1588; x_wconf 93' lang='lat'>:</span> <span class='ocrx_word' id='word_1_227' title='bbox 2706 1547 2759 1589; x_wconf 88' lang='lat' dir='ltr'><strong>et</strong></span> <span class='ocrx_word' id='word_1_228' title='bbox 2792 1544 2917 1590; x_wconf 91' lang='lat' dir='ltr'><strong>tunc</strong></span> <span class='ocrx_word' id='word_1_229' title='bbox 2943 1534 3097 1589; x_wconf 87' lang='lat' dir='ltr'><strong>colles</strong></span> <span class='ocrx_word' id='word_1_230' title='bbox 3116 1574 3130 1601; x_wconf 94' lang='lat'><strong>,</strong></span> <span class='ocrx_word' id='word_1_231' title='bbox 3158 1534 3211 1588; x_wconf 88' lang='lat' dir='ltr'><strong>id</strong></span> <span class='ocrx_word' id='word_1_232' title='bbox 3238 1542 3339 1596; x_wconf 88' lang='lat' dir='ltr'><strong>est,</strong></span> 
     </span>
    </p>
   </div>
   <div class='ocr_carea' id='block_1_31' title="bbox 1763 1621 3344 1696">
    <p class='ocr_par' dir='ltr' id='par_1_31' title="bbox 1763 1621 3344 1696">
     <span class='ocr_line' id='line_1_31' title="bbox 1763 1621 3344 1696; baseline 0.001 -21"><span class='ocrx_word' id='word_1_233' title='bbox 1763 1621 1969 1687; x_wconf 65' lang='lat' dir='ltr'><strong>praelati</strong></span> <span class='ocrx_word' id='word_1_234' title='bbox 1998 1622 2048 1675; x_wconf 90' lang='lat' dir='ltr'><strong>in</strong></span> <span class='ocrx_word' id='word_1_235' title='bbox 2073 1632 2301 1693; x_wconf 87' lang='lat' dir='ltr'><strong>utroque</strong></span> <span class='ocrx_word' id='word_1_236' title='bbox 2326 1624 2520 1694; x_wconf 87' lang='lat' dir='ltr'><strong>populo</strong></span> <span class='ocrx_word' id='word_1_237' title='bbox 2546 1625 2891 1680; x_wconf 76' lang='lat' dir='ltr'><strong>exsultatione</strong></span> <span class='ocrx_word' id='word_1_238' title='bbox 2916 1626 3271 1696; x_wconf 86' lang='lat' dir='ltr'><strong>accingentur,</strong></span> <span class='ocrx_word' id='word_1_239' title='bbox 3292 1622 3344 1677; x_wconf 91' lang='lat' dir='ltr'><strong>id</strong></span> 
     </span>
    </p>
   </div>
   <div class='ocr_carea' id='block_1_32' title="bbox 1764 1714 3341 1786">
    <p class='ocr_par' dir='ltr' id='par_1_32' title="bbox 1764 1714 3341 1786">
     <span class='ocr_line' id='line_1_32' title="bbox 1764 1714 3341 1786; baseline 0.002 -20"><span class='ocrx_word' id='word_1_240' title='bbox 1764 1721 1867 1776; x_wconf 86' lang='lat' dir='ltr'><strong>est,</strong></span> <span class='ocrx_word' id='word_1_241' title='bbox 1912 1728 2102 1782; x_wconf 80' lang='lat' dir='ltr'><strong>magna</strong></span> <span class='ocrx_word' id='word_1_242' title='bbox 2133 1714 2337 1779; x_wconf 61' lang='lat' dir='ltr'><strong>laetitia,</strong></span> <span class='ocrx_word' id='word_1_243' title='bbox 2364 1724 2645 1785; x_wconf 88' lang='lat' dir='ltr'><strong>portantes</strong></span> <span class='ocrx_word' id='word_1_244' title='bbox 2693 1715 2996 1786; x_wconf 91' lang='lat' dir='ltr'><strong>manipulos</strong></span> <span class='ocrx_word' id='word_1_245' title='bbox 3036 1730 3181 1771; x_wconf 93' lang='lat' dir='ltr'><strong>suos.</strong></span> <span class='ocrx_word' id='word_1_246' title='bbox 3214 1714 3341 1769; x_wconf 89' lang='lat' dir='ltr'><strong>lude</strong></span> 
     </span>
    </p>
   </div>
   <div class='ocr_carea' id='block_1_33' title="bbox 65 1801 3433 1885">
    <p class='ocr_par' dir='ltr' id='par_1_33' title="bbox 65 1801 3433 1885">
     <span class='ocr_line' id='line_1_33' title="bbox 65 1801 3433 1885; baseline -0.002 -23"><span class='ocrx_word' id='word_1_247' title='bbox 65 1813 317 1869; x_wconf 80' lang='lat' dir='ltr'><strong>tualibus</strong></span> <span class='ocrx_word' id='word_1_248' title='bbox 344 1813 522 1878; x_wconf 74' lang='lat' dir='ltr'><strong>donis,</strong></span> <span class='ocrx_word' id='word_1_249' title='bbox 552 1828 659 1867; x_wconf 83' lang='lat' dir='ltr'><strong>non</strong></span> <span class='ocrx_word' id='word_1_250' title='bbox 686 1814 754 1867; x_wconf 79' lang='lat' dir='ltr'><strong>ah</strong></span> <span class='ocrx_word' id='word_1_251' title='bbox 788 1812 911 1880; x_wconf 66' lang='lat' dir='ltr'><strong>alio,</strong></span> <span class='ocrx_word' id='word_1_252' title='bbox 960 1815 1052 1869; x_wconf 69' lang='lat' dir='ltr'><strong>sed</strong></span> <span class='ocrx_word' id='word_1_253' title='bbox 1082 1830 1112 1868; x_wconf 64' lang='grc' dir='ltr'><strong><em>ε</em></strong></span> <span class='ocrx_word' id='word_1_254' title='bbox 1149 1830 1207 1869; x_wconf 69' lang='lat' dir='ltr'><strong>se</strong></span> <span class='ocrx_word' id='word_1_255' title='bbox 1252 1814 1460 1885; x_wconf 74' lang='lat' dir='ltr'><strong>plenus,</strong></span> <span class='ocrx_word' id='word_1_256' title='bbox 1488 1812 1554 1868; x_wconf 72' lang='lat' dir='ltr'><strong>Et</strong></span> <span class='ocrx_word' id='word_1_257' title='bbox 1584 1822 1659 1880; x_wconf 71' lang='grc' dir='ltr'><strong>ιιι,</strong></span> <span class='ocrx_word' id='word_1_258' title='bbox 1694 1804 1738 1864; x_wconf 90' lang='grc' dir='ltr'><strong>Β</strong></span> <span class='ocrx_word' id='word_1_259' title='bbox 1766 1801 2131 1867; x_wconf 78' lang='lat' dir='ltr'><strong>exsultabunt,</strong></span> <span class='ocrx_word' id='word_1_260' title='bbox 2162 1804 2303 1873; x_wconf 85' lang='lat' dir='ltr'><strong>quod</strong></span> <span class='ocrx_word' id='word_1_261' title='bbox 2335 1820 2439 1858; x_wconf 92' lang='lat' dir='ltr'><strong>non</strong></span> <span class='ocrx_word' id='word_1_262' title='bbox 2472 1803 2671 1859; x_wconf 83' lang='lat' dir='ltr'><strong>frustra</strong></span> <span class='ocrx_word' id='word_1_263' title='bbox 2715 1806 3117 1862; x_wconf 90' lang='lat' dir='ltr'><strong>laboraverunt.</strong></span> <span class='ocrx_word' id='word_1_264' title='bbox 3160 1804 3345 1858; x_wconf 86' lang='lat' dir='ltr'><strong>Induti</strong></span> <span class='ocrx_word' id='word_1_265' title='bbox 3426 1810 3433 1815; x_wconf 91' lang='lat'>&#39;</span> 
     </span>
    </p>
   </div>
   <div class='ocr_carea' id='block_1_34' title="bbox 67 1903 1660 1976">
    <p class='ocr_par' dir='ltr' id='par_1_34' title="bbox 67 1903 1660 1976">
     <span class='ocr_line' id='line_1_34' title="bbox 67 1903 1660 1976; baseline 0.001 -18"><span class='ocrx_word' id='word_1_266' title='bbox 67 1906 244 1967; x_wconf 85' lang='lat' dir='ltr'><strong>Dens,</strong></span> <span class='ocrx_word' id='word_1_267' title='bbox 265 1903 503 1976; x_wconf 90' lang='lat' dir='ltr'><strong>perillud</strong></span> <span class='ocrx_word' id='word_1_268' title='bbox 517 1903 711 1958; x_wconf 88' lang='lat' dir='ltr'><strong>ﬁumen</strong></span> <span class='ocrx_word' id='word_1_269' title='bbox 729 1906 990 1961; x_wconf 87' lang='lat' dir='ltr'><strong>mittendo</strong></span> <span class='ocrx_word' id='word_1_270' title='bbox 1002 1906 1260 1975; x_wconf 90' lang='lat' dir='ltr'><strong>Spiritum</strong></span> <span class='ocrx_word' id='word_1_271' title='bbox 1279 1914 1332 1960; x_wconf 90' lang='lat' dir='ltr'><strong>et</strong></span> <span class='ocrx_word' id='word_1_272' title='bbox 1345 1905 1660 1961; x_wconf 87' lang='lat' dir='ltr'><strong>inebriando</strong></span> 
     </span>
    </p>
   </div>
   <div class='ocr_carea' id='block_1_35' title="bbox 68 1997 1659 2068">
    <p class='ocr_par' dir='ltr' id='par_1_35' title="bbox 68 1997 1659 2068">
     <span class='ocr_line' id='line_1_35' title="bbox 68 1997 1659 2068; baseline -0.003 -13"><span class='ocrx_word' id='word_1_273' title='bbox 68 1997 270 2063; x_wconf 84' lang='lat' dir='ltr'><strong>corda,</strong></span> <span class='ocrx_word' id='word_1_274' title='bbox 300 1997 499 2066; x_wconf 82' lang='lat' dir='ltr'><strong>parasti</strong></span> <span class='ocrx_word' id='word_1_275' title='bbox 519 1997 689 2051; x_wconf 83' lang='lat' dir='ltr'><strong>cibum</strong></span> <span class='ocrx_word' id='word_1_276' title='bbox 719 1997 927 2052; x_wconf 87' lang='lat' dir='ltr'><strong>illorum</strong></span> <span class='ocrx_word' id='word_1_277' title='bbox 950 1999 1039 2068; x_wconf 87' lang='lat' dir='ltr'><strong>qui</strong></span> <span class='ocrx_word' id='word_1_278' title='bbox 1068 1997 1190 2053; x_wconf 81' lang='lat' dir='ltr'><strong>facti</strong></span> <span class='ocrx_word' id='word_1_279' title='bbox 1217 2007 1335 2053; x_wconf 92' lang='lat' dir='ltr'><strong>sunt</strong></span> <span class='ocrx_word' id='word_1_280' title='bbox 1375 2006 1513 2051; x_wconf 91' lang='lat' dir='ltr'><strong>terra</strong></span> <span class='ocrx_word' id='word_1_281' title='bbox 1550 2006 1659 2062; x_wconf 83' lang='lat' dir='ltr'><strong>tua,</strong></span> 
     </span>
    </p>
   </div>
   <div class='ocr_carea' id='block_1_36' title="bbox 68 2086 1659 2160">
    <p class='ocr_par' dir='ltr' id='par_1_36' title="bbox 68 2086 1659 2160">
     <span class='ocr_line' id='line_1_36' title="bbox 68 2086 1659 2160; baseline -0.001 -18"><span class='ocrx_word' id='word_1_282' title='bbox 68 2088 261 2143; x_wconf 84' lang='lat' dir='ltr'><strong>dando</strong></span> <span class='ocrx_word' id='word_1_283' title='bbox 277 2089 414 2142; x_wconf 93' lang='lat' dir='ltr'><strong>dona</strong></span> <span class='ocrx_word' id='word_1_284' title='bbox 436 2086 660 2158; x_wconf 83' lang='lat' dir='ltr'><strong>singulis</strong></span> <span class='ocrx_word' id='word_1_285' title='bbox 679 2089 1050 2143; x_wconf 87' lang='lat' dir='ltr'><strong>convenientia</strong></span> <span class='ocrx_word' id='word_1_286' title='bbox 1072 2104 1169 2160; x_wconf 91' lang='lat' dir='ltr'><strong>pro</strong></span> <span class='ocrx_word' id='word_1_287' title='bbox 1195 2088 1353 2142; x_wconf 90' lang='lat' dir='ltr'><strong>modo</strong></span> <span class='ocrx_word' id='word_1_288' title='bbox 1381 2086 1659 2157; x_wconf 86' lang='lat' dir='ltr'><strong>cujusque.</strong></span> 
     </span>
    </p>
   </div>
   <div class='ocr_carea' id='block_1_37' title="bbox 65 2182 1659 2254">
    <p class='ocr_par' dir='ltr' id='par_1_37' title="bbox 65 2182 1659 2254">
     <span class='ocr_line' id='line_1_37' title="bbox 65 2182 1659 2254; baseline -0.001 -18"><span class='ocrx_word' id='word_1_289' title='bbox 65 2182 159 2237; x_wconf 79' lang='lat' dir='ltr'><strong>Tu</strong></span> <span class='ocrx_word' id='word_1_290' title='bbox 185 2183 292 2239; x_wconf 86' lang='lat' dir='ltr'><strong>hoc</strong></span> <span class='ocrx_word' id='word_1_291' title='bbox 311 2183 443 2240; x_wconf 81' lang='lat' dir='ltr'><strong>facis</strong></span> <span class='ocrx_word' id='word_1_292' title='bbox 478 2202 489 2235; x_wconf 89' lang='lat'><strong>:</strong></span> <span class='ocrx_word' id='word_1_293' title='bbox 513 2183 759 2254; x_wconf 87' lang='lat' dir='ltr'><strong>quoniam</strong></span> <span class='ocrx_word' id='word_1_294' title='bbox 784 2184 855 2236; x_wconf 89' lang='lat' dir='ltr'><strong>ita</strong></span> <span class='ocrx_word' id='word_1_295' title='bbox 885 2192 960 2237; x_wconf 88' lang='lat' dir='ltr'><strong>est</strong></span> <span class='ocrx_word' id='word_1_296' title='bbox 980 2184 1295 2253; x_wconf 73' lang='lat' dir='ltr'><strong>prwparatio</strong></span> <span class='ocrx_word' id='word_1_297' title='bbox 1317 2182 1429 2251; x_wconf 86' lang='lat' dir='ltr'><strong>ejus</strong></span> <span class='ocrx_word' id='word_1_298' title='bbox 1463 2190 1618 2235; x_wconf 69' lang='lat' dir='ltr'><strong>terra:</strong></span> <span class='ocrx_word' id='word_1_299' title='bbox 1645 2198 1659 2235; x_wconf 89' lang='lat'><strong>:</strong></span> 
     </span>
    </p>
   </div>
   <div class='ocr_carea' id='block_1_38' title="bbox 68 2272 1662 2347">
    <p class='ocr_par' dir='ltr' id='par_1_38' title="bbox 68 2272 1662 2347">
     <span class='ocr_line' id='line_1_38' title="bbox 68 2272 1662 2347; baseline -0.002 -17"><span class='ocrx_word' id='word_1_300' title='bbox 68 2275 185 2330; x_wconf 83' lang='lat' dir='ltr'><strong>nisi</strong></span> <span class='ocrx_word' id='word_1_301' title='bbox 213 2289 244 2329; x_wconf 82' lang='lat' dir='ltr'><strong>a</strong></span> <span class='ocrx_word' id='word_1_302' title='bbox 268 2283 340 2341; x_wconf 87' lang='lat' dir='ltr'><strong>te,</strong></span> <span class='ocrx_word' id='word_1_303' title='bbox 363 2276 541 2347; x_wconf 90' lang='lat' dir='ltr'><strong>parari</strong></span> <span class='ocrx_word' id='word_1_304' title='bbox 569 2282 902 2345; x_wconf 87' lang='lat' dir='ltr'><strong>nonposset.</strong></span> <span class='ocrx_word' id='word_1_305' title='bbox 934 2272 1088 2327; x_wconf 81' lang='lat' dir='ltr'><strong>Rivos</strong></span> <span class='ocrx_word' id='word_1_306' title='bbox 1128 2272 1239 2342; x_wconf 82' lang='lat' dir='ltr'><strong>ejus</strong></span> <span class='ocrx_word' id='word_1_307' title='bbox 1263 2272 1481 2337; x_wconf 80' lang='lat' dir='ltr'><strong>inebria,</strong></span> <span class='ocrx_word' id='word_1_308' title='bbox 1520 2273 1662 2343; x_wconf 89' lang='lat' dir='ltr'><strong>quod</strong></span> 
     </span>
    </p>
   </div>
   <div class='ocr_carea' id='block_1_39' title="bbox 71 2362 1664 2434">
    <p class='ocr_par' dir='ltr' id='par_1_39' title="bbox 71 2362 1664 2434">
     <span class='ocr_line' id='line_1_39' title="bbox 71 2362 1664 2434; baseline -0.001 -16"><span class='ocrx_word' id='word_1_309' title='bbox 71 2364 438 2431; x_wconf 63' lang='lat' dir='ltr'><strong>alibisulcos,</strong></span> <span class='ocrx_word' id='word_1_310' title='bbox 467 2366 518 2421; x_wconf 91' lang='lat' dir='ltr'><strong>id</strong></span> <span class='ocrx_word' id='word_1_311' title='bbox 556 2372 662 2430; x_wconf 90' lang='lat' dir='ltr'><strong>est,</strong></span> <span class='ocrx_word' id='word_1_312' title='bbox 694 2365 856 2419; x_wconf 89' lang='lat' dir='ltr'><strong>corda</strong></span> <span class='ocrx_word' id='word_1_313' title='bbox 887 2362 1030 2418; x_wconf 92' lang='lat' dir='ltr'><strong>illius</strong></span> <span class='ocrx_word' id='word_1_314' title='bbox 1061 2372 1219 2417; x_wconf 76' lang='lat' dir='ltr'><strong>terrm</strong></span> <span class='ocrx_word' id='word_1_315' title='bbox 1266 2379 1483 2418; x_wconf 87' lang='lat' dir='ltr'><strong>vomere</strong></span> <span class='ocrx_word' id='word_1_316' title='bbox 1533 2380 1664 2434; x_wconf 70' lang='lat' dir='ltr'><strong>prm-</strong></span> 
     </span>
    </p>
   </div>
   <div class='ocr_carea' id='block_1_40' title="bbox 70 2453 1663 2526">
    <p class='ocr_par' dir='ltr' id='par_1_40' title="bbox 70 2453 1663 2526">
     <span class='ocr_line' id='line_1_40' title="bbox 70 2453 1663 2526; baseline -0.001 -17"><span class='ocrx_word' id='word_1_317' title='bbox 70 2455 368 2510; x_wconf 83' lang='lat' dir='ltr'><strong>dieationis</strong></span> <span class='ocrx_word' id='word_1_318' title='bbox 401 2455 665 2526; x_wconf 90' lang='lat' dir='ltr'><strong>proscissa</strong></span> <span class='ocrx_word' id='word_1_319' title='bbox 704 2453 910 2524; x_wconf 89' lang='lat' dir='ltr'><strong>repleas</strong></span> <span class='ocrx_word' id='word_1_320' title='bbox 940 2454 1235 2525; x_wconf 83' lang='lat' dir='ltr'><strong>gratiarum</strong></span> <span class='ocrx_word' id='word_1_321' title='bbox 1278 2454 1516 2523; x_wconf 84' lang='lat' dir='ltr'><strong>ejusdem</strong></span> <span class='ocrx_word' id='word_1_322' title='bbox 1567 2454 1663 2508; x_wconf 61' lang='lat' dir='ltr'><strong>ﬁu-</strong></span> 
     </span>
    </p>
   </div>
   <div class='ocr_carea' id='block_1_41' title="bbox 70 2545 1663 2617">
    <p class='ocr_par' dir='ltr' id='par_1_41' title="bbox 70 2545 1663 2617">
     <span class='ocr_line' id='line_1_41' title="bbox 70 2545 1663 2617; baseline -0.001 -16"><span class='ocrx_word' id='word_1_323' title='bbox 70 2546 265 2601; x_wconf 82' lang='lat' dir='ltr'><strong>minis.</strong></span> <span class='ocrx_word' id='word_1_324' title='bbox 294 2547 361 2600; x_wconf 88' lang='lat' dir='ltr'><strong>Et</strong></span> <span class='ocrx_word' id='word_1_325' title='bbox 382 2546 668 2617; x_wconf 87' lang='lat' dir='ltr'><strong>multiplica</strong></span> <span class='ocrx_word' id='word_1_326' title='bbox 696 2545 957 2617; x_wconf 81' lang='lat' dir='ltr'><strong>genimina</strong></span> <span class='ocrx_word' id='word_1_327' title='bbox 986 2546 1121 2617; x_wconf 74' lang='lat' dir='ltr'><strong>ejus,</strong></span> <span class='ocrx_word' id='word_1_328' title='bbox 1163 2548 1213 2601; x_wconf 88' lang='lat' dir='ltr'><strong>id</strong></span> <span class='ocrx_word' id='word_1_329' title='bbox 1241 2556 1344 2611; x_wconf 87' lang='lat' dir='ltr'><strong>est,</strong></span> <span class='ocrx_word' id='word_1_330' title='bbox 1374 2546 1663 2617; x_wconf 87' lang='lat' dir='ltr'><strong>multiplica</strong></span> 
     </span>
    </p>
   </div>
   <div class='ocr_carea' id='block_1_42' title="bbox 70 2638 1665 2709">
    <p class='ocr_par' dir='ltr' id='par_1_42' title="bbox 70 2638 1665 2709">
     <span class='ocr_line' id='line_1_42' title="bbox 70 2638 1665 2709; baseline -0.001 -19"><span class='ocrx_word' id='word_1_331' title='bbox 70 2655 132 2693; x_wconf 77' lang='lat' dir='ltr'><strong>in</strong></span> <span class='ocrx_word' id='word_1_332' title='bbox 158 2639 378 2693; x_wconf 87' lang='lat' dir='ltr'><strong>Christo</strong></span> <span class='ocrx_word' id='word_1_333' title='bbox 417 2647 701 2709; x_wconf 87' lang='lat' dir='ltr'><strong>generatos</strong></span> <span class='ocrx_word' id='word_1_334' title='bbox 729 2638 929 2707; x_wconf 92' lang='lat' dir='ltr'><strong>ubique</strong></span> <span class='ocrx_word' id='word_1_335' title='bbox 979 2648 1269 2693; x_wconf 87' lang='lat' dir='ltr'><strong>terrarum.</strong></span> <span class='ocrx_word' id='word_1_336' title='bbox 1302 2638 1366 2692; x_wconf 86' lang='lat' dir='ltr'><strong>Et</strong></span> <span class='ocrx_word' id='word_1_337' title='bbox 1397 2648 1523 2692; x_wconf 89' lang='lat' dir='ltr'><strong>tunc</strong></span> <span class='ocrx_word' id='word_1_338' title='bbox 1557 2654 1665 2708; x_wconf 83' lang='lat' dir='ltr'><strong>ger-</strong></span> 
     </span>
    </p>
   </div>
   <div class='ocr_carea' id='block_1_43' title="bbox 70 2728 1668 2795">
    <p class='ocr_par' dir='ltr' id='par_1_43' title="bbox 70 2728 1668 2795">
     <span class='ocr_line' id='line_1_43' title="bbox 70 2728 1668 2795; baseline 0.001 -16"><span class='ocrx_word' id='word_1_339' title='bbox 70 2728 309 2793; x_wconf 81' lang='lat' dir='ltr'><strong>minans,</strong></span> <span class='ocrx_word' id='word_1_340' title='bbox 343 2729 393 2782; x_wconf 88' lang='lat' dir='ltr'><strong>id</strong></span> <span class='ocrx_word' id='word_1_341' title='bbox 429 2737 534 2794; x_wconf 90' lang='lat' dir='ltr'><strong>est,</strong></span> <span class='ocrx_word' id='word_1_342' title='bbox 564 2729 714 2785; x_wconf 84' lang='lat' dir='ltr'><strong>rudis</strong></span> <span class='ocrx_word' id='word_1_343' title='bbox 763 2729 830 2785; x_wconf 91' lang='lat' dir='ltr'><strong>ad</strong></span> <span class='ocrx_word' id='word_1_344' title='bbox 882 2728 1039 2784; x_wconf 90' lang='lat' dir='ltr'><strong>ﬁdem</strong></span> <span class='ocrx_word' id='word_1_345' title='bbox 1089 2730 1373 2795; x_wconf 88' lang='lat' dir='ltr'><strong>accedens,</strong></span> <span class='ocrx_word' id='word_1_346' title='bbox 1406 2730 1668 2783; x_wconf 75' lang='lat' dir='ltr'><strong>lwtabitur</strong></span> 
     </span>
    </p>
   </div>
   <div class='ocr_carea' id='block_1_44' title="bbox 72 2820 1667 2893">
    <p class='ocr_par' dir='ltr' id='par_1_44' title="bbox 72 2820 1667 2893">
     <span class='ocr_line' id='line_1_44' title="bbox 72 2820 1667 2893; baseline 0.003 -20"><span class='ocrx_word' id='word_1_347' title='bbox 72 2823 137 2882; x_wconf 77' lang='lat' dir='ltr'><strong>in</strong></span> <span class='ocrx_word' id='word_1_348' title='bbox 185 2822 479 2875; x_wconf 77' lang='lat' dir='ltr'><strong>stillicidiis</strong></span> <span class='ocrx_word' id='word_1_349' title='bbox 532 2823 644 2891; x_wconf 85' lang='lat' dir='ltr'><strong>ejus</strong></span> <span class='ocrx_word' id='word_1_350' title='bbox 690 2820 962 2888; x_wconf 82' lang='lat' dir='ltr'><strong>ﬂuminis,</strong></span> <span class='ocrx_word' id='word_1_351' title='bbox 1004 2822 1195 2891; x_wconf 87' lang='lat' dir='ltr'><strong>videns</strong></span> <span class='ocrx_word' id='word_1_352' title='bbox 1244 2825 1499 2876; x_wconf 70' lang='lat' dir='ltr'><strong>mundum</strong></span> <span class='ocrx_word' id='word_1_353' title='bbox 1554 2823 1667 2893; x_wconf 89' lang='lat' dir='ltr'><strong>jam</strong></span> 
     </span>
    </p>
   </div>
   <div class='ocr_carea' id='block_1_45' title="bbox 70 2913 1668 2985">
    <p class='ocr_par' dir='ltr' id='par_1_45' title="bbox 70 2913 1668 2985">
     <span class='ocr_line' id='line_1_45' title="bbox 70 2913 1668 2985; baseline 0.003 -19"><span class='ocrx_word' id='word_1_354' title='bbox 70 2914 299 2983; x_wconf 88' lang='lat' dir='ltr'><strong>plenum</strong></span> <span class='ocrx_word' id='word_1_355' title='bbox 355 2913 700 2971; x_wconf 88' lang='lat' dir='ltr'><strong>credentibus</strong></span> <span class='ocrx_word' id='word_1_356' title='bbox 736 2929 800 2970; x_wconf 82' lang='lat' dir='ltr'><strong>ex</strong></span> <span class='ocrx_word' id='word_1_357' title='bbox 856 2914 1002 2968; x_wconf 91' lang='lat' dir='ltr'><strong>omni</strong></span> <span class='ocrx_word' id='word_1_358' title='bbox 1054 2923 1227 2985; x_wconf 87' lang='lat' dir='ltr'><strong>parte.</strong></span> <span class='ocrx_word' id='word_1_359' title='bbox 1269 2914 1334 2969; x_wconf 85' lang='lat' dir='ltr'><strong>Et</strong></span> <span class='ocrx_word' id='word_1_360' title='bbox 1371 2914 1473 2969; x_wconf 84' lang='lat' dir='ltr'><strong>hoc</strong></span> <span class='ocrx_word' id='word_1_361' title='bbox 1514 2914 1668 2970; x_wconf 86' lang='lat' dir='ltr'><strong>modo</strong></span> 
     </span>
    </p>
   </div>
   <div class='ocr_carea' id='block_1_46' title="bbox 72 3005 1663 3079">
    <p class='ocr_par' dir='ltr' id='par_1_46' title="bbox 72 3005 1663 3079">
     <span class='ocr_line' id='line_1_46' title="bbox 72 3005 1663 3079; baseline 0 -18"><span class='ocrx_word' id='word_1_362' title='bbox 72 3007 411 3077; x_wconf 83' lang='lat' dir='ltr'><strong>reparando,</strong></span> <span class='ocrx_word' id='word_1_363' title='bbox 440 3005 719 3062; x_wconf 83' lang='lat' dir='ltr'><strong>Benedices</strong></span> <span class='ocrx_word' id='word_1_364' title='bbox 758 3024 967 3067; x_wconf 75' lang='lat' dir='ltr'><strong>corona:</strong></span> <span class='ocrx_word' id='word_1_365' title='bbox 1009 3008 1133 3061; x_wconf 84' lang='lat' dir='ltr'><strong>anni</strong></span> <span class='ocrx_word' id='word_1_366' title='bbox 1162 3007 1493 3079; x_wconf 76' lang='lat' dir='ltr'><strong>benignitatis</strong></span> <span class='ocrx_word' id='word_1_367' title='bbox 1543 3018 1663 3062; x_wconf 79' lang='lat' dir='ltr'><strong>tute.</strong></span> 
     </span>
    </p>
   </div>
   <div class='ocr_carea' id='block_1_47' title="bbox 72 3095 1669 3169">
    <p class='ocr_par' dir='ltr' id='par_1_47' title="bbox 72 3095 1669 3169">
     <span class='ocr_line' id='line_1_47' title="bbox 72 3095 1669 3169; baseline 0.001 -18"><span class='ocrx_word' id='word_1_368' title='bbox 72 3099 269 3152; x_wconf 75' lang='lat' dir='ltr'><strong>Annus</strong></span> <span class='ocrx_word' id='word_1_369' title='bbox 301 3096 672 3169; x_wconf 81' lang='lat' dir='ltr'><strong>benignitatis,</strong></span> <span class='ocrx_word' id='word_1_370' title='bbox 710 3104 922 3167; x_wconf 90' lang='lat' dir='ltr'><strong>tempus</strong></span> <span class='ocrx_word' id='word_1_371' title='bbox 964 3097 1343 3168; x_wconf 87' lang='lat' dir='ltr'><strong>reparationis.</strong></span> <span class='ocrx_word' id='word_1_372' title='bbox 1383 3097 1522 3151; x_wconf 81' lang='lat' dir='ltr'><strong>Anni</strong></span> <span class='ocrx_word' id='word_1_373' title='bbox 1553 3095 1669 3153; x_wconf 83' lang='lat' dir='ltr'><strong>fue-</strong></span> 
     </span>
    </p>
   </div>
   <div class='ocr_carea' id='block_1_48' title="bbox 75 3187 1673 3259">
    <p class='ocr_par' dir='ltr' id='par_1_48' title="bbox 75 3187 1673 3259">
     <span class='ocr_line' id='line_1_48' title="bbox 75 3187 1673 3259; baseline 0 -18"><span class='ocrx_word' id='word_1_374' title='bbox 75 3196 227 3254; x_wconf 90' lang='lat' dir='ltr'><strong>runt,</strong></span> <span class='ocrx_word' id='word_1_375' title='bbox 290 3188 421 3242; x_wconf 89' lang='lat' dir='ltr'><strong>anni</strong></span> <span class='ocrx_word' id='word_1_376' title='bbox 476 3188 802 3243; x_wconf 89' lang='lat' dir='ltr'><strong>sterilitatis.</strong></span> <span class='ocrx_word' id='word_1_377' title='bbox 859 3188 1080 3243; x_wconf 72' lang='lat' dir='ltr'><strong>Corona:</strong></span> <span class='ocrx_word' id='word_1_378' title='bbox 1126 3190 1273 3253; x_wconf 87' lang='lat' dir='ltr'><strong>anni,</strong></span> <span class='ocrx_word' id='word_1_379' title='bbox 1323 3187 1540 3259; x_wconf 83' lang='lat' dir='ltr'><strong>gloriosi</strong></span> <span class='ocrx_word' id='word_1_380' title='bbox 1588 3187 1673 3241; x_wconf 84' lang='lat' dir='ltr'><strong>vi-</strong></span> 
     </span>
    </p>
   </div>
   <div class='ocr_carea' id='block_1_49' title="bbox 72 3278 1668 3348">
    <p class='ocr_par' dir='ltr' id='par_1_49' title="bbox 72 3278 1668 3348">
     <span class='ocr_line' id='line_1_49' title="bbox 72 3278 1668 3348; baseline -0.001 -13"><span class='ocrx_word' id='word_1_381' title='bbox 72 3289 297 3344; x_wconf 89' lang='lat' dir='ltr'><strong>ctores,</strong></span> <span class='ocrx_word' id='word_1_382' title='bbox 351 3278 751 3348; x_wconf 89' lang='lat' dir='ltr'><strong>triumphantes</strong></span> <span class='ocrx_word' id='word_1_383' title='bbox 802 3294 920 3343; x_wconf 86' lang='lat' dir='ltr'><strong>cum</strong></span> <span class='ocrx_word' id='word_1_384' title='bbox 954 3278 1171 3334; x_wconf 88' lang='lat' dir='ltr'><strong>Christo</strong></span> <span class='ocrx_word' id='word_1_385' title='bbox 1219 3280 1284 3335; x_wconf 90' lang='lat' dir='ltr'><strong>de</strong></span> <span class='ocrx_word' id='word_1_386' title='bbox 1328 3278 1560 3338; x_wconf 83' lang='lat' dir='ltr'><strong>diabolo.</strong></span> <span class='ocrx_word' id='word_1_387' title='bbox 1589 3278 1668 3333; x_wconf 85' lang='lat' dir='ltr'><strong>Illi</strong></span> 
     </span>
    </p>
   </div>
   <div class='ocr_carea' id='block_1_50' title="bbox 72 3368 1671 3439">
    <p class='ocr_par' dir='ltr' id='par_1_50' title="bbox 72 3368 1671 3439">
     <span class='ocr_line' id='line_1_50' title="bbox 72 3368 1671 3439; baseline 0 -15"><span class='ocrx_word' id='word_1_388' title='bbox 72 3386 317 3433; x_wconf 74' lang='lat' dir='ltr'><strong>curante,</strong></span> <span class='ocrx_word' id='word_1_389' title='bbox 362 3369 416 3422; x_wconf 88' lang='lat' dir='ltr'><strong>id</strong></span> <span class='ocrx_word' id='word_1_390' title='bbox 466 3378 566 3433; x_wconf 89' lang='lat' dir='ltr'><strong>est,</strong></span> <span class='ocrx_word' id='word_1_391' title='bbox 615 3368 718 3424; x_wconf 90' lang='lat' dir='ltr'><strong>illis</strong></span> <span class='ocrx_word' id='word_1_392' title='bbox 747 3370 1068 3430; x_wconf 87' lang='lat' dir='ltr'><strong>victoribus.</strong></span> <span class='ocrx_word' id='word_1_393' title='bbox 1105 3370 1196 3439; x_wconf 91' lang='lat' dir='ltr'><strong>qui</strong></span> <span class='ocrx_word' id='word_1_394' title='bbox 1226 3378 1386 3424; x_wconf 89' lang='lat' dir='ltr'><strong>erunt</strong></span> <span class='ocrx_word' id='word_1_395' title='bbox 1434 3370 1485 3424; x_wconf 93' lang='lat' dir='ltr'><strong>in</strong></span> <span class='ocrx_word' id='word_1_396' title='bbox 1532 3384 1671 3424; x_wconf 89' lang='lat' dir='ltr'><strong>anno</strong></span> 
     </span>
    </p>
   </div>
   <div class='ocr_carea' id='block_1_51' title="bbox 75 3445 1669 3533">
    <p class='ocr_par' dir='ltr' id='par_1_51' title="bbox 75 3445 1669 3533">
     <span class='ocr_line' id='line_1_51' title="bbox 75 3445 1669 3533; baseline 0.001 -18"><span class='ocrx_word' id='word_1_397' title='bbox 75 3462 446 3529; x_wconf 76' lang='lat' dir='ltr'><strong>benignitatis,</strong></span> <span class='ocrx_word' id='word_1_398' title='bbox 475 3460 526 3515; x_wconf 90' lang='lat' dir='ltr'><strong>id</strong></span> <span class='ocrx_word' id='word_1_399' title='bbox 552 3470 655 3527; x_wconf 90' lang='lat' dir='ltr'><strong>est,</strong></span> <span class='ocrx_word' id='word_1_400' title='bbox 684 3445 928 3533; x_wconf 85' lang='lat' dir='ltr'><strong>tempore</strong></span> <span class='ocrx_word' id='word_1_401' title='bbox 962 3463 1335 3533; x_wconf 83' lang='lat' dir='ltr'><strong>reparationis.</strong></span> <span class='ocrx_word' id='word_1_402' title='bbox 1368 3462 1669 3530; x_wconf 82' lang='lat' dir='ltr'><strong>Benedices,</strong></span> 
     </span>
    </p>
   </div>
   <div class='ocr_carea' id='block_1_52' title="bbox 74 3550 1674 3622">
    <p class='ocr_par' dir='ltr' id='par_1_52' title="bbox 74 3550 1674 3622">
     <span class='ocr_line' id='line_1_52' title="bbox 74 3550 1674 3622; baseline 0.003 -18"><span class='ocrx_word' id='word_1_403' title='bbox 74 3550 128 3604; x_wconf 91' lang='lat' dir='ltr'><strong>id</strong></span> <span class='ocrx_word' id='word_1_404' title='bbox 160 3560 271 3617; x_wconf 85' lang='lat' dir='ltr'><strong>est,</strong></span> <span class='ocrx_word' id='word_1_405' title='bbox 322 3550 679 3622; x_wconf 87' lang='lat' dir='ltr'><strong>multiplicare</strong></span> <span class='ocrx_word' id='word_1_406' title='bbox 735 3551 901 3609; x_wconf 82' lang='lat' dir='ltr'><strong>facies</strong></span> <span class='ocrx_word' id='word_1_407' title='bbox 950 3568 1232 3607; x_wconf 92' lang='lat' dir='ltr'><strong>numerum</strong></span> <span class='ocrx_word' id='word_1_408' title='bbox 1271 3553 1503 3608; x_wconf 90' lang='lat' dir='ltr'><strong>ﬁdelium</strong></span> <span class='ocrx_word' id='word_1_409' title='bbox 1561 3564 1674 3609; x_wconf 83' lang='lat' dir='ltr'><strong>tuo-</strong></span> 
     </span>
    </p>
   </div>
   <div class='ocr_carea' id='block_1_53' title="bbox 76 3639 1672 3715">
    <p class='ocr_par' dir='ltr' id='par_1_53' title="bbox 76 3639 1672 3715">
     <span class='ocr_line' id='line_1_53' title="bbox 76 3639 1672 3715; baseline 0.002 -19"><span class='ocrx_word' id='word_1_410' title='bbox 76 3656 224 3696; x_wconf 86' lang='lat' dir='ltr'><strong>rum.</strong></span> <span class='ocrx_word' id='word_1_411' title='bbox 265 3639 337 3693; x_wconf 85' lang='lat' dir='ltr'><strong>Et</strong></span> <span class='ocrx_word' id='word_1_412' title='bbox 382 3643 553 3712; x_wconf 88' lang='lat' dir='ltr'><strong>campi</strong></span> <span class='ocrx_word' id='word_1_413' title='bbox 580 3644 696 3712; x_wconf 75' lang='lat' dir='ltr'><strong>tui,</strong></span> <span class='ocrx_word' id='word_1_414' title='bbox 729 3644 780 3699; x_wconf 87' lang='lat' dir='ltr'><strong>id</strong></span> <span class='ocrx_word' id='word_1_415' title='bbox 828 3653 932 3711; x_wconf 89' lang='lat' dir='ltr'><strong>est,</strong></span> <span class='ocrx_word' id='word_1_416' title='bbox 960 3645 1049 3715; x_wconf 87' lang='lat' dir='ltr'><strong>qui</strong></span> <span class='ocrx_word' id='word_1_417' title='bbox 1080 3659 1303 3711; x_wconf 90' lang='lat' dir='ltr'><strong>corona,</strong></span> <span class='ocrx_word' id='word_1_418' title='bbox 1332 3646 1383 3699; x_wconf 92' lang='lat' dir='ltr'><strong>id</strong></span> <span class='ocrx_word' id='word_1_419' title='bbox 1422 3654 1526 3710; x_wconf 93' lang='lat' dir='ltr'><strong>est,</strong></span> <span class='ocrx_word' id='word_1_420' title='bbox 1569 3646 1672 3699; x_wconf 91' lang='lat' dir='ltr'><strong>hu-</strong></span> 
     </span>
    </p>
   </div>
   <div class='ocr_carea' id='block_1_54' title="bbox 76 3734 1671 3807">
    <p class='ocr_par' dir='ltr' id='par_1_54' title="bbox 76 3734 1671 3807">
     <span class='ocr_line' id='line_1_54' title="bbox 76 3734 1671 3807; baseline 0.001 -19"><span class='ocrx_word' id='word_1_421' title='bbox 76 3735 231 3804; x_wconf 81' lang='lat' dir='ltr'><strong>milis</strong></span> <span class='ocrx_word' id='word_1_422' title='bbox 270 3734 521 3804; x_wconf 85' lang='lat' dir='ltr'><strong>populus,</strong></span> <span class='ocrx_word' id='word_1_423' title='bbox 564 3751 725 3805; x_wconf 90' lang='lat' dir='ltr'><strong>quem</strong></span> <span class='ocrx_word' id='word_1_424' title='bbox 758 3745 812 3789; x_wconf 91' lang='lat' dir='ltr'><strong>tu</strong></span> <span class='ocrx_word' id='word_1_425' title='bbox 859 3746 1007 3789; x_wconf 90' lang='lat' dir='ltr'><strong>tuum</strong></span> <span class='ocrx_word' id='word_1_426' title='bbox 1062 3736 1235 3791; x_wconf 82' lang='lat' dir='ltr'><strong>fecisti</strong></span> <span class='ocrx_word' id='word_1_427' title='bbox 1283 3751 1379 3805; x_wconf 89' lang='lat' dir='ltr'><strong>per</strong></span> <span class='ocrx_word' id='word_1_428' title='bbox 1424 3737 1671 3807; x_wconf 87' lang='lat' dir='ltr'><strong>gratiam,</strong></span> 
     </span>
    </p>
   </div>
   <div class='ocr_carea' id='block_1_55' title="bbox 76 3827 1676 3897">
    <p class='ocr_par' dir='ltr' id='par_1_55' title="bbox 76 3827 1676 3897">
     <span class='ocr_line' id='line_1_55' title="bbox 76 3827 1676 3897; baseline 0.001 -16"><span class='ocrx_word' id='word_1_429' title='bbox 76 3828 431 3897; x_wconf 69' lang='lat' dir='ltr'><strong>rrplebuntur</strong></span> <span class='ocrx_word' id='word_1_430' title='bbox 462 3827 710 3890; x_wconf 86' lang='lat' dir='ltr'><strong>ubertate,</strong></span> <span class='ocrx_word' id='word_1_431' title='bbox 762 3827 1090 3885; x_wconf 85' lang='lat' dir='ltr'><strong>abundantia</strong></span> <span class='ocrx_word' id='word_1_432' title='bbox 1122 3829 1422 3895; x_wconf 58' lang='lat' dir='ltr'><strong>virtutum.</strong></span> <span class='ocrx_word' id='word_1_433' title='bbox 1448 3828 1550 3883; x_wconf 86' lang='lat' dir='ltr'><strong>Per</strong></span> <span class='ocrx_word' id='word_1_434' title='bbox 1580 3829 1676 3884; x_wconf 86' lang='lat' dir='ltr'><strong>hos</strong></span> 
     </span>
    </p>
   </div>
   <div class='ocr_carea' id='block_1_56' title="bbox 78 3915 1676 3988">
    <p class='ocr_par' dir='ltr' id='par_1_56' title="bbox 78 3915 1676 3988">
     <span class='ocr_line' id='line_1_56' title="bbox 78 3915 1676 3988; baseline -0.001 -18"><span class='ocrx_word' id='word_1_435' title='bbox 78 3918 396 3986; x_wconf 77' lang='lat' dir='ltr'><strong>accipimus</strong></span> <span class='ocrx_word' id='word_1_436' title='bbox 465 3916 677 3972; x_wconf 67' lang='lat' dir='ltr'><strong>Iudaeos</strong></span> <span class='ocrx_word' id='word_1_437' title='bbox 735 3916 847 3986; x_wconf 88' lang='lat' dir='ltr'><strong>jam</strong></span> <span class='ocrx_word' id='word_1_438' title='bbox 926 3916 1255 3972; x_wconf 86' lang='lat' dir='ltr'><strong>humiliatos.</strong></span> <span class='ocrx_word' id='word_1_439' title='bbox 1331 3915 1676 3988; x_wconf 76' lang='lat' dir='ltr'><strong>Pinguesrent</strong></span> 
     </span>
    </p>
   </div>
   <div class='ocr_carea' id='block_1_57' title="bbox 75 4008 1679 4079">
    <p class='ocr_par' dir='ltr' id='par_1_57' title="bbox 75 4008 1679 4079">
     <span class='ocr_line' id='line_1_57' title="bbox 75 4008 1679 4079; baseline -0.001 -17"><span class='ocrx_word' id='word_1_440' title='bbox 75 4010 252 4067; x_wconf 85' lang='lat' dir='ltr'><strong>etiam</strong></span> <span class='ocrx_word' id='word_1_441' title='bbox 311 4008 541 4077; x_wconf 77' lang='lat' dir='ltr'><strong>speciosa</strong></span> <span class='ocrx_word' id='word_1_442' title='bbox 588 4008 801 4074; x_wconf 80' lang='lat' dir='ltr'><strong>deserti,</strong></span> <span class='ocrx_word' id='word_1_443' title='bbox 854 4008 905 4061; x_wconf 89' lang='lat' dir='ltr'><strong>id</strong></span> <span class='ocrx_word' id='word_1_444' title='bbox 962 4015 1044 4063; x_wconf 87' lang='lat' dir='ltr'><strong>est</strong></span> <span class='ocrx_word' id='word_1_445' title='bbox 1090 4008 1342 4079; x_wconf 85' lang='lat' dir='ltr'><strong>gentiles,</strong></span> <span class='ocrx_word' id='word_1_446' title='bbox 1390 4008 1480 4077; x_wconf 88' lang='lat' dir='ltr'><strong>qui</strong></span> <span class='ocrx_word' id='word_1_447' title='bbox 1529 4008 1679 4078; x_wconf 89' lang='lat' dir='ltr'><strong>prius</strong></span> 
     </span>
    </p>
   </div>
   <div class='ocr_carea' id='block_1_58' title="bbox 77 4097 1680 4167">
    <p class='ocr_par' dir='ltr' id='par_1_58' title="bbox 77 4097 1680 4167">
     <span class='ocr_line' id='line_1_58' title="bbox 77 4097 1680 4167; baseline -0.002 -13"><span class='ocrx_word' id='word_1_448' title='bbox 77 4107 246 4154; x_wconf 86' lang='lat' dir='ltr'><strong>erant</strong></span> <span class='ocrx_word' id='word_1_449' title='bbox 276 4098 486 4162; x_wconf 86' lang='lat' dir='ltr'><strong>inculti,</strong></span> <span class='ocrx_word' id='word_1_450' title='bbox 519 4097 643 4153; x_wconf 80' lang='lat' dir='ltr'><strong>facti</strong></span> <span class='ocrx_word' id='word_1_451' title='bbox 674 4098 902 4167; x_wconf 90' lang='lat' dir='ltr'><strong>speciosi</strong></span> <span class='ocrx_word' id='word_1_452' title='bbox 940 4098 1132 4153; x_wconf 91' lang='lat' dir='ltr'><strong>timore</strong></span> <span class='ocrx_word' id='word_1_453' title='bbox 1165 4098 1450 4157; x_wconf 85' lang='lat' dir='ltr'><strong>verbiDei.</strong></span> <span class='ocrx_word' id='word_1_454' title='bbox 1485 4099 1680 4153; x_wconf 78' lang='lat' dir='ltr'><strong>exstir—</strong></span> 
     </span>
    </p>
   </div>
   <div class='ocr_carea' id='block_1_59' title="bbox 78 4186 1682 4258">
    <p class='ocr_par' dir='ltr' id='par_1_59' title="bbox 78 4186 1682 4258">
     <span class='ocr_line' id='line_1_59' title="bbox 78 4186 1682 4258; baseline -0.002 -16"><span class='ocrx_word' id='word_1_455' title='bbox 78 4190 232 4257; x_wconf 78' lang='lat' dir='ltr'><strong>patis</strong></span> <span class='ocrx_word' id='word_1_456' title='bbox 279 4188 407 4241; x_wconf 87' lang='lat' dir='ltr'><strong>inde</strong></span> <span class='ocrx_word' id='word_1_457' title='bbox 436 4188 681 4242; x_wconf 88' lang='lat' dir='ltr'><strong>sentibus</strong></span> <span class='ocrx_word' id='word_1_458' title='bbox 708 4188 988 4253; x_wconf 90' lang='lat' dir='ltr'><strong>vitiorum,</strong></span> <span class='ocrx_word' id='word_1_459' title='bbox 1019 4188 1349 4258; x_wconf 81' lang='lat' dir='ltr'><strong>pinguescent</strong></span> <span class='ocrx_word' id='word_1_460' title='bbox 1391 4186 1682 4241; x_wconf 87' lang='lat' dir='ltr'><strong>virtutibus</strong></span> 
     </span>
    </p>
   </div>
   <div class='ocr_carea' id='block_1_60' title="bbox 78 4278 1679 4350">
    <p class='ocr_par' dir='ltr' id='par_1_60' title="bbox 78 4278 1679 4350">
     <span class='ocr_line' id='line_1_60' title="bbox 78 4278 1679 4350; baseline 0.001 -20"><span class='ocrx_word' id='word_1_461' title='bbox 78 4291 139 4335; x_wconf 74' lang='lat' dir='ltr'><strong>et</strong></span> <span class='ocrx_word' id='word_1_462' title='bbox 186 4280 352 4350; x_wconf 89' lang='lat' dir='ltr'><strong>adipe</strong></span> <span class='ocrx_word' id='word_1_463' title='bbox 407 4279 954 4349; x_wconf 73' lang='lat' dir='ltr'><strong>bonorumopernm.</strong></span> <span class='ocrx_word' id='word_1_464' title='bbox 1018 4278 1083 4332; x_wconf 87' lang='lat' dir='ltr'><strong>Et</strong></span> <span class='ocrx_word' id='word_1_465' title='bbox 1135 4278 1289 4333; x_wconf 88' lang='lat' dir='ltr'><strong>colles</strong></span> <span class='ocrx_word' id='word_1_466' title='bbox 1335 4278 1431 4343; x_wconf 92' lang='lat' dir='ltr'><strong>tui,</strong></span> <span class='ocrx_word' id='word_1_467' title='bbox 1478 4278 1529 4332; x_wconf 91' lang='lat' dir='ltr'><strong>id</strong></span> <span class='ocrx_word' id='word_1_468' title='bbox 1558 4286 1679 4343; x_wconf 91' lang='lat' dir='ltr'><strong>est,</strong></span> 
     </span>
    </p>
   </div>
   <div class='ocr_carea' id='block_1_61' title="bbox 79 4356 1678 4436">
    <p class='ocr_par' dir='ltr' id='par_1_61' title="bbox 79 4356 1678 4436">
     <span class='ocr_line' id='line_1_61' title="bbox 79 4356 1678 4436; baseline 0.001 -12"><span class='ocrx_word' id='word_1_469' title='bbox 79 4371 404 4424; x_wconf 81' lang='lat' dir='ltr'><strong>eminentes</strong></span> <span class='ocrx_word' id='word_1_470' title='bbox 460 4369 605 4424; x_wconf 90' lang='lat' dir='ltr'><strong>inter</strong></span> <span class='ocrx_word' id='word_1_471' title='bbox 660 4370 833 4434; x_wconf 88' lang='lat' dir='ltr'><strong>alios,</strong></span> <span class='ocrx_word' id='word_1_472' title='bbox 897 4369 1105 4426; x_wconf 88' lang='lat' dir='ltr'><strong>scilicet</strong></span> <span class='ocrx_word' id='word_1_473' title='bbox 1151 4356 1338 4425; x_wconf 87' lang='lat' dir='ltr'><strong>eorum</strong></span> <span class='ocrx_word' id='word_1_474' title='bbox 1389 4369 1678 4436; x_wconf 88' lang='lat' dir='ltr'><strong>doctores,</strong></span> 
     </span>
    </p>
   </div>
   <div class='ocr_carea' id='block_1_62' title="bbox 82 4458 1683 4531">
    <p class='ocr_par' dir='ltr' id='par_1_62' title="bbox 82 4458 1683 4531">
     <span class='ocr_line' id='line_1_62' title="bbox 82 4458 1683 4531; baseline -0.001 -17"><span class='ocrx_word' id='word_1_475' title='bbox 82 4458 447 4516; x_wconf 73' lang='lat' dir='ltr'><strong>exsultatione</strong></span> <span class='ocrx_word' id='word_1_476' title='bbox 474 4459 835 4529; x_wconf 89' lang='lat' dir='ltr'><strong>accingentur,</strong></span> <span class='ocrx_word' id='word_1_477' title='bbox 862 4459 913 4513; x_wconf 87' lang='lat' dir='ltr'><strong>id</strong></span> <span class='ocrx_word' id='word_1_478' title='bbox 944 4469 1046 4525; x_wconf 91' lang='lat' dir='ltr'><strong>est,</strong></span> <span class='ocrx_word' id='word_1_479' title='bbox 1079 4461 1313 4531; x_wconf 85' lang='lat' dir='ltr'><strong>umlique</strong></span> <span class='ocrx_word' id='word_1_480' title='bbox 1342 4461 1683 4530; x_wconf 89' lang='lat' dir='ltr'><strong>stipabuntur</strong></span> 
     </span>
    </p>
   </div>
   <div class='ocr_carea' id='block_1_63' title="bbox 82 4547 1689 4621">
    <p class='ocr_par' dir='ltr' id='par_1_63' title="bbox 82 4547 1689 4621">
     <span class='ocr_line' id='line_1_63' title="bbox 82 4547 1689 4621; baseline 0.001 -18"><span class='ocrx_word' id='word_1_481' title='bbox 82 4549 391 4603; x_wconf 78' lang='lat' dir='ltr'><strong>cxsaltanti</strong></span> <span class='ocrx_word' id='word_1_482' title='bbox 424 4549 577 4603; x_wconf 88' lang='lat' dir='ltr'><strong>turba</strong></span> <span class='ocrx_word' id='word_1_483' title='bbox 613 4548 1286 4621; x_wconf 34' lang='lat' dir='ltr'><strong>ﬁdeliumaExponitquod</strong></span> <span class='ocrx_word' id='word_1_484' title='bbox 1312 4550 1446 4613; x_wconf 85' lang='lat' dir='ltr'><strong>dixit</strong></span> <span class='ocrx_word' id='word_1_485' title='bbox 1472 4564 1487 4603; x_wconf 89' lang='lat'><strong>:</strong></span> <span class='ocrx_word' id='word_1_486' title='bbox 1513 4547 1689 4617; x_wconf 80' lang='lat' dir='ltr'><strong>Colles</strong></span> 
     </span>
    </p>
   </div>
   <div class='ocr_carea' id='block_1_64' title="bbox 84 4640 1686 4710">
    <p class='ocr_par' dir='ltr' id='par_1_64' title="bbox 84 4640 1686 4710">
     <span class='ocr_line' id='line_1_64' title="bbox 84 4640 1686 4710; baseline -0.002 -15"><span class='ocrx_word' id='word_1_487' title='bbox 84 4640 450 4695; x_wconf 77' lang='lat' dir='ltr'><strong>exsultatione</strong></span> <span class='ocrx_word' id='word_1_488' title='bbox 475 4640 829 4710; x_wconf 83' lang='lat' dir='ltr'><strong>accingentur.</strong></span> <span class='ocrx_word' id='word_1_489' title='bbox 861 4640 1044 4695; x_wconf 86' lang='lat' dir='ltr'><strong>Induti</strong></span> <span class='ocrx_word' id='word_1_490' title='bbox 1074 4651 1215 4706; x_wconf 88' lang='lat' dir='ltr'><strong>sunt,</strong></span> <span class='ocrx_word' id='word_1_491' title='bbox 1238 4640 1496 4709; x_wconf 86' lang='lat' dir='ltr'><strong>subaudis</strong></span> <span class='ocrx_word' id='word_1_492' title='bbox 1517 4640 1686 4701; x_wconf 88' lang='lat' dir='ltr'><strong>multo</strong></span> 
     </span>
    </p>
   </div>
   <div class='ocr_carea' id='block_1_65' title="bbox 84 4730 1687 4801">
    <p class='ocr_par' dir='ltr' id='par_1_65' title="bbox 84 4730 1687 4801">
     <span class='ocr_line' id='line_1_65' title="bbox 84 4730 1687 4801; baseline -0.001 -15"><span class='ocrx_word' id='word_1_493' title='bbox 84 4732 319 4795; x_wconf 86' lang='lat' dir='ltr'><strong>vellere,</strong></span> <span class='ocrx_word' id='word_1_494' title='bbox 350 4732 537 4789; x_wconf 87' lang='lat' dir='ltr'><strong>arietes</strong></span> <span class='ocrx_word' id='word_1_495' title='bbox 565 4733 765 4798; x_wconf 86' lang='lat' dir='ltr'><strong>ovium,</strong></span> <span class='ocrx_word' id='word_1_496' title='bbox 820 4732 871 4786; x_wconf 95' lang='lat' dir='ltr'><strong>id</strong></span> <span class='ocrx_word' id='word_1_497' title='bbox 921 4738 1020 4793; x_wconf 88' lang='lat' dir='ltr'><strong>est,</strong></span> <span class='ocrx_word' id='word_1_498' title='bbox 1064 4732 1475 4801; x_wconf 66' lang='lat' dir='ltr'><strong>praedicatores,</strong></span> <span class='ocrx_word' id='word_1_499' title='bbox 1525 4730 1687 4785; x_wconf 89' lang='lat' dir='ltr'><strong>duces</strong></span> 
     </span>
    </p>
   </div>
   <div class='ocr_carea' id='block_1_66' title="bbox 90 4819 1689 4893">
    <p class='ocr_par' dir='ltr' id='par_1_66' title="bbox 90 4819 1689 4893">
     <span class='ocr_line' id='line_1_66' title="bbox 90 4819 1689 4893; baseline -0.001 -18"><span class='ocrx_word' id='word_1_500' title='bbox 90 4836 329 4893; x_wconf 79' lang='lat' dir='ltr'><strong>gregum</strong></span> <span class='ocrx_word' id='word_1_501' title='bbox 357 4819 581 4885; x_wconf 87' lang='lat' dir='ltr'><strong>Christi,</strong></span> <span class='ocrx_word' id='word_1_502' title='bbox 608 4822 844 4891; x_wconf 85' lang='lat' dir='ltr'><strong>undique</strong></span> <span class='ocrx_word' id='word_1_503' title='bbox 875 4830 1036 4876; x_wconf 91' lang='lat' dir='ltr'><strong>erunt</strong></span> <span class='ocrx_word' id='word_1_504' title='bbox 1067 4821 1300 4877; x_wconf 87' lang='lat' dir='ltr'><strong>ﬁdelium</strong></span> <span class='ocrx_word' id='word_1_505' title='bbox 1349 4820 1689 4875; x_wconf 86' lang='lat' dir='ltr'><strong>multitudine</strong></span> 
     </span>
    </p>
   </div>
   <div class='ocr_carea' id='block_1_67' title="bbox 85 4912 1686 4983">
    <p class='ocr_par' dir='ltr' id='par_1_67' title="bbox 85 4912 1686 4983">
     <span class='ocr_line' id='line_1_67' title="bbox 85 4912 1686 4983; baseline -0.002 -13"><span class='ocrx_word' id='word_1_506' title='bbox 85 4914 392 4971; x_wconf 83' lang='lat' dir='ltr'><strong>velntlana</strong></span> <span class='ocrx_word' id='word_1_507' title='bbox 420 4915 677 4983; x_wconf 89' lang='lat' dir='ltr'><strong>cooperti.</strong></span> <span class='ocrx_word' id='word_1_508' title='bbox 725 4912 793 4967; x_wconf 91' lang='lat' dir='ltr'><strong>Et</strong></span> <span class='ocrx_word' id='word_1_509' title='bbox 832 4914 991 4970; x_wconf 82' lang='lat' dir='ltr'><strong>valles</strong></span> <span class='ocrx_word' id='word_1_510' title='bbox 1025 4915 1361 4971; x_wconf 79' lang='lat' dir='ltr'><strong>abundabunt</strong></span> <span class='ocrx_word' id='word_1_511' title='bbox 1392 4914 1686 4983; x_wconf 81' lang='lat' dir='ltr'><strong>frumento,</strong></span> 
     </span>
    </p>
   </div>
   <div class='ocr_carea' id='block_1_68' title="bbox 91 5004 1687 5076">
    <p class='ocr_par' dir='ltr' id='par_1_68' title="bbox 91 5004 1687 5076">
     <span class='ocr_line' id='line_1_68' title="bbox 91 5004 1687 5076; baseline -0.004 -13"><span class='ocrx_word' id='word_1_512' title='bbox 91 5008 147 5062; x_wconf 88' lang='lat' dir='ltr'><strong>id</strong></span> <span class='ocrx_word' id='word_1_513' title='bbox 171 5014 281 5071; x_wconf 90' lang='lat' dir='ltr'><strong>est,</strong></span> <span class='ocrx_word' id='word_1_514' title='bbox 315 5004 606 5061; x_wconf 90' lang='lat' dir='ltr'><strong>virtutibus</strong></span> <span class='ocrx_word' id='word_1_515' title='bbox 629 5014 684 5063; x_wconf 91' lang='lat' dir='ltr'><strong>et</strong></span> <span class='ocrx_word' id='word_1_516' title='bbox 724 5005 883 5061; x_wconf 89' lang='lat' dir='ltr'><strong>bonis</strong></span> <span class='ocrx_word' id='word_1_517' title='bbox 909 5006 1181 5076; x_wconf 86' lang='lat' dir='ltr'><strong>operibus,</strong></span> <span class='ocrx_word' id='word_1_518' title='bbox 1221 5005 1487 5075; x_wconf 81' lang='lat' dir='ltr'><strong>frumenta</strong></span> <span class='ocrx_word' id='word_1_519' title='bbox 1520 5005 1687 5059; x_wconf 83' lang='lat' dir='ltr'><strong>abun-</strong></span> 
     </span>
    </p>
   </div>
   <div class='ocr_carea' id='block_1_69' title="bbox 90 5096 1684 5169">
    <p class='ocr_par' dir='ltr' id='par_1_69' title="bbox 90 5096 1684 5169">
     <span class='ocr_line' id='line_1_69' title="bbox 90 5096 1684 5169; baseline -0.003 -16"><span class='ocrx_word' id='word_1_520' title='bbox 90 5098 304 5153; x_wconf 88' lang='lat' dir='ltr'><strong>dabunt</strong></span> <span class='ocrx_word' id='word_1_521' title='bbox 339 5112 447 5151; x_wconf 89' lang='lat' dir='ltr'><strong>non</strong></span> <span class='ocrx_word' id='word_1_522' title='bbox 477 5097 678 5153; x_wconf 90' lang='lat' dir='ltr'><strong>hordeo</strong></span> <span class='ocrx_word' id='word_1_523' title='bbox 704 5097 850 5168; x_wconf 91' lang='lat' dir='ltr'><strong>quod</strong></span> <span class='ocrx_word' id='word_1_524' title='bbox 879 5096 1011 5153; x_wconf 85' lang='lat' dir='ltr'><strong>foris</strong></span> <span class='ocrx_word' id='word_1_525' title='bbox 1041 5100 1254 5169; x_wconf 86' lang='lat' dir='ltr'><strong>tegitur,</strong></span> <span class='ocrx_word' id='word_1_526' title='bbox 1286 5108 1340 5153; x_wconf 94' lang='lat' dir='ltr'><strong>et</strong></span> <span class='ocrx_word' id='word_1_527' title='bbox 1368 5097 1512 5154; x_wconf 90' lang='lat' dir='ltr'><strong>intus</strong></span> <span class='ocrx_word' id='word_1_528' title='bbox 1538 5099 1684 5161; x_wconf 87' lang='lat' dir='ltr'><strong>latet,</strong></span> 
     </span>
    </p>
   </div>
   <div class='ocr_carea' id='block_1_70' title="bbox 93 5190 1687 5261">
    <p class='ocr_par' dir='ltr' id='par_1_70' title="bbox 93 5190 1687 5261">
     <span class='ocr_line' id='line_1_70' title="bbox 93 5190 1687 5261; baseline -0.002 -15"><span class='ocrx_word' id='word_1_529' title='bbox 93 5193 148 5247; x_wconf 91' lang='lat' dir='ltr'><strong>id</strong></span> <span class='ocrx_word' id='word_1_530' title='bbox 176 5200 289 5254; x_wconf 88' lang='lat' dir='ltr'><strong>est,</strong></span> <span class='ocrx_word' id='word_1_531' title='bbox 315 5205 481 5260; x_wconf 87' lang='lat' dir='ltr'><strong>opera</strong></span> <span class='ocrx_word' id='word_1_532' title='bbox 509 5191 645 5247; x_wconf 89' lang='lat' dir='ltr'><strong>bona</strong></span> <span class='ocrx_word' id='word_1_533' title='bbox 688 5193 744 5247; x_wconf 92' lang='lat' dir='ltr'><strong>in</strong></span> <span class='ocrx_word' id='word_1_534' title='bbox 778 5199 963 5261; x_wconf 89' lang='lat' dir='ltr'><strong>aperto</strong></span> <span class='ocrx_word' id='word_1_535' title='bbox 990 5191 1208 5253; x_wconf 77' lang='lat' dir='ltr'><strong>facient.</strong></span> <span class='ocrx_word' id='word_1_536' title='bbox 1240 5199 1298 5245; x_wconf 92' lang='lat' dir='ltr'><strong>ut</strong></span> <span class='ocrx_word' id='word_1_537' title='bbox 1325 5190 1571 5249; x_wconf 89' lang='lat' dir='ltr'><strong>videntes</strong></span> <span class='ocrx_word' id='word_1_538' title='bbox 1598 5190 1687 5244; x_wconf 91' lang='lat' dir='ltr'><strong>alii</strong></span> 
     </span>
    </p>
   </div>
   <div class='ocr_carea' id='block_1_71' title="bbox 94 5280 1689 5352">
    <p class='ocr_par' dir='ltr' id='par_1_71' title="bbox 94 5280 1689 5352">
     <span class='ocr_line' id='line_1_71' title="bbox 94 5280 1689 5352; baseline 0.002 -18"><span class='ocrx_word' id='word_1_539' title='bbox 94 5280 413 5352; x_wconf 80' lang='lat' dir='ltr'><strong>gloriﬁcent</strong></span> <span class='ocrx_word' id='word_1_540' title='bbox 462 5280 740 5340; x_wconf 93' lang='lat' dir='ltr'><strong>Dominum</strong></span> <span class='ocrx_word' id='word_1_541' title='bbox 777 5298 983 5337; x_wconf 90' lang='lat' dir='ltr'><strong>eorum.</strong></span> <span class='ocrx_word' id='word_1_542' title='bbox 1027 5283 1092 5339; x_wconf 86' lang='lat' dir='ltr'><strong>Et</strong></span> <span class='ocrx_word' id='word_1_543' title='bbox 1126 5293 1252 5338; x_wconf 92' lang='lat' dir='ltr'><strong>tunc</strong></span> <span class='ocrx_word' id='word_1_544' title='bbox 1296 5299 1485 5341; x_wconf 92' lang='lat' dir='ltr'><strong>omnes</strong></span> <span class='ocrx_word' id='word_1_545' title='bbox 1534 5284 1689 5343; x_wconf 78' lang='lat' dir='ltr'><strong>calles</strong></span> 
     </span>
    </p>
   </div>
   <div class='ocr_carea' id='block_1_72' title="bbox 93 5370 1708 5449">
    <p class='ocr_par' dir='ltr' id='par_1_72' title="bbox 93 5370 1708 5449">
     <span class='ocr_line' id='line_1_72' title="bbox 93 5370 1708 5449; baseline -0.001 -22"><span class='ocrx_word' id='word_1_546' title='bbox 93 5384 144 5427; x_wconf 86' lang='lat' dir='ltr'><strong>et</strong></span> <span class='ocrx_word' id='word_1_547' title='bbox 181 5373 361 5442; x_wconf 85' lang='lat' dir='ltr'><strong>campi</strong></span> <span class='ocrx_word' id='word_1_548' title='bbox 388 5370 704 5441; x_wconf 68' lang='lat' dir='ltr'><strong>clamabunt,</strong></span> <span class='ocrx_word' id='word_1_549' title='bbox 729 5382 788 5429; x_wconf 87' lang='lat' dir='ltr'><strong>et</strong></span> <span class='ocrx_word' id='word_1_550' title='bbox 812 5374 913 5429; x_wconf 92' lang='lat' dir='ltr'><strong>hoc</strong></span> <span class='ocrx_word' id='word_1_551' title='bbox 960 5377 1170 5446; x_wconf 87' lang='lat' dir='ltr'><strong>probat.</strong></span> <span class='ocrx_word' id='word_1_552' title='bbox 1205 5374 1406 5430; x_wconf 82' lang='lat' dir='ltr'><strong>Etenim</strong></span> <span class='ocrx_word' id='word_1_553' title='bbox 1441 5378 1708 5449; x_wconf 85' lang='lat' dir='ltr'><strong>hymnum.</strong></span> 
     </span>
    </p>
   </div>
   <div class='ocr_carea' id='block_1_73' title="bbox 92 5461 1691 5533">
    <p class='ocr_par' dir='ltr' id='par_1_73' title="bbox 92 5461 1691 5533">
     <span class='ocr_line' id='line_1_73' title="bbox 92 5461 1691 5533; baseline -0.002 -12"><span class='ocrx_word' id='word_1_554' title='bbox 92 5465 299 5526; x_wconf 79' lang='lat' dir='ltr'><strong>dicent,</strong></span> <span class='ocrx_word' id='word_1_555' title='bbox 321 5461 377 5517; x_wconf 86' lang='lat' dir='ltr'><strong>id</strong></span> <span class='ocrx_word' id='word_1_556' title='bbox 402 5470 502 5528; x_wconf 82' lang='lat' dir='ltr'><strong>est,</strong></span> <span class='ocrx_word' id='word_1_557' title='bbox 531 5469 689 5522; x_wconf 86' lang='lat' dir='ltr'><strong>corde</strong></span> <span class='ocrx_word' id='word_1_558' title='bbox 729 5472 787 5519; x_wconf 92' lang='lat' dir='ltr'><strong>et</strong></span> <span class='ocrx_word' id='word_1_559' title='bbox 812 5479 970 5533; x_wconf 81' lang='lat' dir='ltr'><strong>Opere</strong></span> <span class='ocrx_word' id='word_1_560' title='bbox 1011 5465 1175 5521; x_wconf 91' lang='lat' dir='ltr'><strong>Deum</strong></span> <span class='ocrx_word' id='word_1_561' title='bbox 1224 5466 1531 5523; x_wconf 87' lang='lat' dir='ltr'><strong>laudalmnt.</strong></span> <span class='ocrx_word' id='word_1_562' title='bbox 1576 5466 1691 5519; x_wconf 80' lang='lat' dir='ltr'><strong>Ali-</strong></span> 
     </span>
    </p>
   </div>
   <div class='ocr_carea' id='block_1_74' title="bbox 94 5552 1693 5629">
    <p class='ocr_par' dir='ltr' id='par_1_74' title="bbox 94 5552 1693 5629">
     <span class='ocr_line' id='line_1_74' title="bbox 94 5552 1693 5629; baseline 0.004 -22"><span class='ocrx_word' id='word_1_563' title='bbox 94 5562 185 5608; x_wconf 85' lang='lat' dir='ltr'><strong>ter</strong></span> <span class='ocrx_word' id='word_1_564' title='bbox 217 5571 231 5607; x_wconf 91' lang='lat'><strong>:</strong></span> <span class='ocrx_word' id='word_1_565' title='bbox 266 5552 546 5611; x_wconf 84' lang='lat' dir='ltr'><strong>Benedices</strong></span> <span class='ocrx_word' id='word_1_566' title='bbox 584 5573 797 5614; x_wconf 75' lang='lat' dir='ltr'><strong>corona:</strong></span> <span class='ocrx_word' id='word_1_567' title='bbox 846 5558 968 5617; x_wconf 84' lang='lat' dir='ltr'><strong>anni</strong></span> <span class='ocrx_word' id='word_1_568' title='bbox 1011 5558 1341 5629; x_wconf 85' lang='lat' dir='ltr'><strong>benignitatis</strong></span> <span class='ocrx_word' id='word_1_569' title='bbox 1378 5569 1504 5615; x_wconf 82' lang='lat' dir='ltr'><strong>tute.</strong></span> <span class='ocrx_word' id='word_1_570' title='bbox 1536 5560 1693 5615; x_wconf 80' lang='lat' dir='ltr'><strong>~lluc-</strong></span> 
     </span>
    </p>
   </div>
   <div class='ocr_carea' id='block_1_75' title="bbox 95 5644 1691 5723">
    <p class='ocr_par' dir='ltr' id='par_1_75' title="bbox 95 5644 1691 5723">
     <span class='ocr_line' id='line_1_75' title="bbox 95 5644 1691 5723; baseline 0.003 -26"><span class='ocrx_word' id='word_1_571' title='bbox 95 5659 283 5713; x_wconf 90' lang='lat' dir='ltr'><strong>usque</strong></span> <span class='ocrx_word' id='word_1_572' title='bbox 309 5644 449 5698; x_wconf 75' lang='lat' dir='ltr'><strong>dixit</strong></span> <span class='ocrx_word' id='word_1_573' title='bbox 489 5650 735 5719; x_wconf 86' lang='lat' dir='ltr'><strong>pepulum</strong></span> <span class='ocrx_word' id='word_1_574' title='bbox 768 5647 862 5701; x_wconf 89' lang='lat' dir='ltr'><strong>Dei</strong></span> <span class='ocrx_word' id='word_1_575' title='bbox 896 5650 1190 5704; x_wconf 90' lang='lat' dir='ltr'><strong>rediturum</strong></span> <span class='ocrx_word' id='word_1_576' title='bbox 1219 5649 1284 5705; x_wconf 91' lang='lat' dir='ltr'><strong>de</strong></span> <span class='ocrx_word' id='word_1_577' title='bbox 1310 5649 1606 5723; x_wconf 82' lang='lat' dir='ltr'><strong>Babylonia</strong></span> <span class='ocrx_word' id='word_1_578' title='bbox 1640 5650 1691 5702; x_wconf 92' lang='lat' dir='ltr'><strong>in</strong></span> 
     </span>
    </p>
   </div>
   <div class='ocr_carea' id='block_1_76' title="bbox 96 5735 1692 5804">
    <p class='ocr_par' dir='ltr' id='par_1_76' title="bbox 96 5735 1692 5804">
     <span class='ocr_line' id='line_1_76' title="bbox 96 5735 1692 5804; baseline 0.003 -17"><span class='ocrx_word' id='word_1_579' title='bbox 96 5736 239 5789; x_wconf 82' lang='lat' dir='ltr'><strong>Sion</strong></span> <span class='ocrx_word' id='word_1_580' title='bbox 295 5754 308 5789; x_wconf 93' lang='lat'><strong>:</strong></span> <span class='ocrx_word' id='word_1_581' title='bbox 357 5735 546 5792; x_wconf 87' lang='lat' dir='ltr'><strong>dehinc</strong></span> <span class='ocrx_word' id='word_1_582' title='bbox 602 5740 667 5795; x_wconf 89' lang='lat' dir='ltr'><strong>de</strong></span> <span class='ocrx_word' id='word_1_583' title='bbox 726 5741 1160 5798; x_wconf 88' lang='lat' dir='ltr'><strong>remuneratione</strong></span> <span class='ocrx_word' id='word_1_584' title='bbox 1204 5756 1363 5804; x_wconf 88' lang='lat' dir='ltr'><strong>quam</strong></span> <span class='ocrx_word' id='word_1_585' title='bbox 1422 5741 1692 5804; x_wconf 83' lang='lat' dir='ltr'><strong>recepturi</strong></span> 
     </span>
    </p>
   </div>
   <div class='ocr_carea' id='block_1_77' title="bbox 1765 1890 3345 1960">
    <p class='ocr_par' dir='ltr' id='par_1_77' title="bbox 1765 1890 3345 1960">
     <span class='ocr_line' id='line_1_77' title="bbox 1765 1890 3345 1960; baseline 0.001 -15"><span class='ocrx_word' id='word_1_586' title='bbox 1765 1899 1906 1955; x_wconf 86' lang='lat' dir='ltr'><strong>sunt,</strong></span> <span class='ocrx_word' id='word_1_587' title='bbox 1936 1890 2192 1945; x_wconf 89' lang='lat' dir='ltr'><strong>subaudis</strong></span> <span class='ocrx_word' id='word_1_588' title='bbox 2231 1892 2607 1960; x_wconf 79' lang='lat' dir='ltr'><strong>exsultatione,</strong></span> <span class='ocrx_word' id='word_1_589' title='bbox 2641 1911 2757 1948; x_wconf 88' lang='lat' dir='ltr'><strong>cum</strong></span> <span class='ocrx_word' id='word_1_590' title='bbox 2802 1894 3019 1949; x_wconf 86' lang='lat' dir='ltr'><strong>mortale</strong></span> <span class='ocrx_word' id='word_1_591' title='bbox 3041 1895 3137 1948; x_wconf 87' lang='lat' dir='ltr'><strong>hoc</strong></span> <span class='ocrx_word' id='word_1_592' title='bbox 3160 1893 3345 1948; x_wconf 88' lang='lat' dir='ltr'><strong>induet</strong></span> 
     </span>
    </p>
   </div>
   <div class='ocr_carea' id='block_1_78' title="bbox 1764 1980 3340 2054">
    <p class='ocr_par' dir='ltr' id='par_1_78' title="bbox 1764 1980 3340 2054">
     <span class='ocr_line' id='line_1_78' title="bbox 1764 1980 3340 2054; baseline 0.001 -20"><span class='ocrx_word' id='word_1_593' title='bbox 1764 1982 2287 2052; x_wconf 83' lang='lat' dir='ltr'><strong>immortalitatem.(l</strong></span> <span class='ocrx_word' id='word_1_594' title='bbox 2328 1980 2449 2037; x_wconf 89' lang='lat' dir='ltr'><strong>Cor.</strong></span> <span class='ocrx_word' id='word_1_595' title='bbox 2504 1984 2613 2054; x_wconf 76' lang='lat' dir='ltr'><strong>vv).</strong></span> <span class='ocrx_word' id='word_1_596' title='bbox 2648 1983 2847 2039; x_wconf 84' lang='lat' dir='ltr'><strong>Arietes</strong></span> <span class='ocrx_word' id='word_1_597' title='bbox 2900 1984 3091 2048; x_wconf 83' lang='lat' dir='ltr'><strong>ovium,</strong></span> <span class='ocrx_word' id='word_1_598' title='bbox 3124 1984 3175 2038; x_wconf 89' lang='lat' dir='ltr'><strong>id</strong></span> <span class='ocrx_word' id='word_1_599' title='bbox 3225 1990 3340 2048; x_wconf 89' lang='lat' dir='ltr'><strong>est,</strong></span> 
     </span>
    </p>
   </div>
   <div class='ocr_carea' id='block_1_79' title="bbox 1765 2074 3344 2143">
    <p class='ocr_par' dir='ltr' id='par_1_79' title="bbox 1765 2074 3344 2143">
     <span class='ocr_line' id='line_1_79' title="bbox 1765 2074 3344 2143; baseline 0.001 -16"><span class='ocrx_word' id='word_1_600' title='bbox 1765 2076 1929 2129; x_wconf 89' lang='lat' dir='ltr'><strong>duces</strong></span> <span class='ocrx_word' id='word_1_601' title='bbox 1980 2088 2200 2143; x_wconf 81' lang='lat' dir='ltr'><strong>gregum</strong></span> <span class='ocrx_word' id='word_1_602' title='bbox 2250 2074 2490 2140; x_wconf 86' lang='lat' dir='ltr'><strong>Christi;</strong></span> <span class='ocrx_word' id='word_1_603' title='bbox 2542 2087 2589 2129; x_wconf 90' lang='lat' dir='ltr'><strong>et</strong></span> <span class='ocrx_word' id='word_1_604' title='bbox 2641 2076 2839 2141; x_wconf 85' lang='lat' dir='ltr'><strong>valles,</strong></span> <span class='ocrx_word' id='word_1_605' title='bbox 2895 2075 2947 2130; x_wconf 87' lang='lat' dir='ltr'><strong>id</strong></span> <span class='ocrx_word' id='word_1_606' title='bbox 2985 2085 3104 2141; x_wconf 92' lang='lat' dir='ltr'><strong>est,</strong></span> <span class='ocrx_word' id='word_1_607' title='bbox 3157 2090 3344 2129; x_wconf 91' lang='lat' dir='ltr'><strong>eorum</strong></span> 
     </span>
    </p>
   </div>
   <div class='ocr_carea' id='block_1_80' title="bbox 1764 2163 3349 2239">
    <p class='ocr_par' dir='ltr' id='par_1_80' title="bbox 1764 2163 3349 2239">
     <span class='ocr_line' id='line_1_80' title="bbox 1764 2163 3349 2239; baseline 0.001 -21"><span class='ocrx_word' id='word_1_608' title='bbox 1764 2163 2013 2232; x_wconf 83' lang='lat' dir='ltr'><strong>subjecti,</strong></span> <span class='ocrx_word' id='word_1_609' title='bbox 2057 2165 2396 2219; x_wconf 86' lang='lat' dir='ltr'><strong>abundabunt</strong></span> <span class='ocrx_word' id='word_1_610' title='bbox 2451 2166 2732 2234; x_wconf 80' lang='lat' dir='ltr'><strong>frumento,</strong></span> <span class='ocrx_word' id='word_1_611' title='bbox 2764 2168 2814 2221; x_wconf 90' lang='lat' dir='ltr'><strong>id</strong></span> <span class='ocrx_word' id='word_1_612' title='bbox 2841 2175 2953 2239; x_wconf 42' lang='lat' dir='ltr'><strong>est“</strong></span> <span class='ocrx_word' id='word_1_613' title='bbox 2985 2182 3123 2236; x_wconf 86' lang='lat' dir='ltr'><strong>pane</strong></span> <span class='ocrx_word' id='word_1_614' title='bbox 3185 2180 3349 2237; x_wconf 80' lang='lat' dir='ltr'><strong>auge—</strong></span> 
     </span>
    </p>
   </div>
   <div class='ocr_carea' id='block_1_81' title="bbox 1764 2253 3340 2325">
    <p class='ocr_par' dir='ltr' id='par_1_81' title="bbox 1764 2253 3340 2325">
     <span class='ocr_line' id='line_1_81' title="bbox 1764 2253 3340 2325; baseline -0.001 -18"><span class='ocrx_word' id='word_1_615' title='bbox 1764 2254 1956 2308; x_wconf 90' lang='lat' dir='ltr'><strong>lorum.</strong></span> <span class='ocrx_word' id='word_1_616' title='bbox 1984 2253 2050 2309; x_wconf 83' lang='lat' dir='ltr'><strong>Et</strong></span> <span class='ocrx_word' id='word_1_617' title='bbox 2086 2269 2205 2308; x_wconf 89' lang='lat' dir='ltr'><strong>cum</strong></span> <span class='ocrx_word' id='word_1_618' title='bbox 2249 2253 2480 2309; x_wconf 90' lang='lat' dir='ltr'><strong>viderint</strong></span> <span class='ocrx_word' id='word_1_619' title='bbox 2507 2254 2653 2309; x_wconf 89' lang='lat' dir='ltr'><strong>illum</strong></span> <span class='ocrx_word' id='word_1_620' title='bbox 2686 2270 2845 2325; x_wconf 91' lang='lat' dir='ltr'><strong>quem</strong></span> <span class='ocrx_word' id='word_1_621' title='bbox 2873 2256 2961 2309; x_wconf 88' lang='lat' dir='ltr'><strong>diu</strong></span> <span class='ocrx_word' id='word_1_622' title='bbox 3008 2255 3340 2319; x_wconf 90' lang='lat' dir='ltr'><strong>csuricrunt,</strong></span> 
     </span>
    </p>
   </div>
   <div class='ocr_carea' id='block_1_82' title="bbox 1765 2345 3345 2416">
    <p class='ocr_par' dir='ltr' id='par_1_82' title="bbox 1765 2345 3345 2416">
     <span class='ocr_line' id='line_1_82' title="bbox 1765 2345 3345 2416; baseline 0.001 -17"><span class='ocrx_word' id='word_1_623' title='bbox 1765 2346 1901 2401; x_wconf 61' lang='lat' dir='ltr'><strong>facie</strong></span> <span class='ocrx_word' id='word_1_624' title='bbox 1947 2346 2013 2401; x_wconf 91' lang='lat' dir='ltr'><strong>ad</strong></span> <span class='ocrx_word' id='word_1_625' title='bbox 2067 2345 2305 2413; x_wconf 75' lang='lat' dir='ltr'><strong>faciem,</strong></span> <span class='ocrx_word' id='word_1_626' title='bbox 2335 2354 2464 2401; x_wconf 88' lang='lat' dir='ltr'><strong>tunc</strong></span> <span class='ocrx_word' id='word_1_627' title='bbox 2492 2348 2814 2402; x_wconf 79' lang='lat' dir='ltr'><strong>clamabunt.</strong></span> <span class='ocrx_word' id='word_1_628' title='bbox 2853 2348 2989 2416; x_wconf 86' lang='lat' dir='ltr'><strong>Quid</strong></span> <span class='ocrx_word' id='word_1_629' title='bbox 3018 2346 3345 2411; x_wconf 88' lang='lat' dir='ltr'><strong>clamabunt,</strong></span> 
     </span>
    </p>
   </div>
   <div class='ocr_carea' id='block_1_83' title="bbox 1765 2435 3347 2507">
    <p class='ocr_par' dir='ltr' id='par_1_83' title="bbox 1765 2435 3347 2507">
     <span class='ocr_line' id='line_1_83' title="bbox 1765 2435 3347 2507; baseline -0.001 -15"><span class='ocrx_word' id='word_1_630' title='bbox 1765 2438 2038 2507; x_wconf 71' lang='lat' dir='ltr'><strong>sulzjungit</strong></span> <span class='ocrx_word' id='word_1_631' title='bbox 2078 2454 2091 2491; x_wconf 91' lang='lat'>:</span> <span class='ocrx_word' id='word_1_632' title='bbox 2136 2435 2343 2491; x_wconf 84' lang='lat' dir='ltr'><strong>Etenim</strong></span> <span class='ocrx_word' id='word_1_633' title='bbox 2394 2438 2653 2507; x_wconf 81' lang='lat' dir='ltr'><strong>hymnum.</strong></span> <span class='ocrx_word' id='word_1_634' title='bbox 2680 2439 2883 2504; x_wconf 85' lang='lat' dir='ltr'><strong>dicent,</strong></span> <span class='ocrx_word' id='word_1_635' title='bbox 2938 2439 2987 2493; x_wconf 89' lang='lat' dir='ltr'><strong>id</strong></span> <span class='ocrx_word' id='word_1_636' title='bbox 3027 2448 3128 2504; x_wconf 85' lang='lat' dir='ltr'><strong>est,</strong></span> <span class='ocrx_word' id='word_1_637' title='bbox 3163 2446 3347 2492; x_wconf 88' lang='lat' dir='ltr'><strong>votum</strong></span> 
     </span>
    </p>
   </div>
   <div class='ocr_carea' id='block_1_84' title="bbox 1768 2526 3347 2598">
    <p class='ocr_par' dir='ltr' id='par_1_84' title="bbox 1768 2526 3347 2598">
     <span class='ocr_line' id='line_1_84' title="bbox 1768 2526 3347 2598; baseline 0 -18"><span class='ocrx_word' id='word_1_638' title='bbox 1768 2527 1993 2583; x_wconf 90' lang='lat' dir='ltr'><strong>reddent</strong></span> <span class='ocrx_word' id='word_1_639' title='bbox 2018 2528 2070 2581; x_wconf 92' lang='lat' dir='ltr'><strong>in</strong></span> <span class='ocrx_word' id='word_1_640' title='bbox 2098 2526 2415 2582; x_wconf 84' lang='lat' dir='ltr'><strong>Jerusalem.</strong></span> <span class='ocrx_word' id='word_1_641' title='bbox 2438 2527 2589 2581; x_wconf 87' lang='lat' dir='ltr'><strong>Beati</strong></span> <span class='ocrx_word' id='word_1_642' title='bbox 2608 2530 2697 2598; x_wconf 85' lang='lat' dir='ltr'><strong>qui</strong></span> <span class='ocrx_word' id='word_1_643' title='bbox 2722 2530 3030 2583; x_wconf 78' lang='lat' dir='ltr'><strong>habitantia</strong></span> <span class='ocrx_word' id='word_1_644' title='bbox 3054 2530 3205 2582; x_wconf 86' lang='lat' dir='ltr'><strong>domo</strong></span> <span class='ocrx_word' id='word_1_645' title='bbox 3236 2538 3347 2593; x_wconf 86' lang='lat' dir='ltr'><strong>tua,</strong></span> 
     </span>
    </p>
   </div>
   <div class='ocr_carea' id='block_1_85' title="bbox 1768 2618 3203 2690">
    <p class='ocr_par' dir='ltr' id='par_1_85' title="bbox 1768 2618 3203 2690">
     <span class='ocr_line' id='line_1_85' title="bbox 1768 2618 3203 2690; baseline 0 -18"><span class='ocrx_word' id='word_1_646' title='bbox 1768 2622 1819 2673; x_wconf 86' lang='lat' dir='ltr'><strong>in</strong></span> <span class='ocrx_word' id='word_1_647' title='bbox 1861 2618 2110 2674; x_wconf 76' lang='lat' dir='ltr'><strong>stt-culum</strong></span> <span class='ocrx_word' id='word_1_648' title='bbox 2139 2619 2320 2671; x_wconf 63' lang='lat' dir='ltr'><strong>sa’culi</strong></span> <span class='ocrx_word' id='word_1_649' title='bbox 2350 2618 2642 2672; x_wconf 87' lang='lat' dir='ltr'><strong>laudabunt</strong></span> <span class='ocrx_word' id='word_1_650' title='bbox 2676 2629 2723 2673; x_wconf 88' lang='lat' dir='ltr'><strong>te</strong></span> <span class='ocrx_word' id='word_1_651' title='bbox 2750 2618 3203 2690; x_wconf 73' lang='lat' dir='ltr'><strong>(Psal.uxxm).</strong></span> 
     </span>
    </p>
   </div>
   <div class='ocr_carea' id='block_1_86' title="bbox 2298 2731 2812 2788">
    <p class='ocr_par' dir='ltr' id='par_1_86' title="bbox 2298 2731 2812 2788">
     <span class='ocr_line' id='line_1_86' title="bbox 2298 2731 2812 2788; baseline 0.004 -2"><span class='ocrx_word' id='word_1_652' title='bbox 2298 2731 2615 2788; x_wconf 86' lang='lat' dir='ltr'><strong>PSALMUS</strong></span> <span class='ocrx_word' id='word_1_653' title='bbox 2656 2731 2812 2788; x_wconf 79' lang='lat' dir='ltr'><strong>LXV.</strong></span> 
     </span>
    </p>
   </div>
   <div class='ocr_carea' id='block_1_87' title="bbox 1903 2839 3207 2881">
    <p class='ocr_par' dir='ltr' id='par_1_87' title="bbox 1903 2839 3207 2881">
     <span class='ocr_line' id='line_1_87' title="bbox 1903 2839 3207 2881; baseline -0.002 -4"><span class='ocrx_word' id='word_1_654' title='bbox 1903 2841 1953 2878; x_wconf 70' lang='lat' dir='ltr'><strong>IN</strong></span> <span class='ocrx_word' id='word_1_655' title='bbox 2005 2839 2162 2879; x_wconf 71' lang='lat' dir='ltr'><strong>FINEM</strong></span> <span class='ocrx_word' id='word_1_656' title='bbox 2202 2839 2471 2878; x_wconf 70' lang='grc' dir='ltr'><strong>οΑΝτιρωι</strong></span> <span class='ocrx_word' id='word_1_657' title='bbox 2512 2840 2696 2878; x_wconf 69' lang='grc' dir='ltr'><strong>ΡδΑωιι</strong></span> <span class='ocrx_word' id='word_1_658' title='bbox 2737 2839 3207 2881; x_wconf 72' lang='lat' dir='ltr'><strong>RESUBRECTIONIS.</strong></span> 
     </span>
    </p>
   </div>
   <div class='ocr_carea' id='block_1_88' title="bbox 1848 2914 3354 2985">
    <p class='ocr_par' dir='ltr' id='par_1_88' title="bbox 1848 2914 3354 2985">
     <span class='ocr_line' id='line_1_88' title="bbox 1848 2914 3354 2985; baseline 0.003 -20"><span class='ocrx_word' id='word_1_659' title='bbox 1848 2936 1862 2965; x_wconf 78' lang='grc' dir='ltr'>ι</span> <span class='ocrx_word' id='word_1_660' title='bbox 1893 2914 2122 2971; x_wconf 87' lang='lat' dir='ltr'><strong>Jubilate</strong></span> <span class='ocrx_word' id='word_1_661' title='bbox 2152 2915 2281 2981; x_wconf 88' lang='lat' dir='ltr'><strong>Deo,</strong></span> <span class='ocrx_word' id='word_1_662' title='bbox 2328 2914 2505 2969; x_wconf 89' lang='lat' dir='ltr'><strong>omnis</strong></span> <span class='ocrx_word' id='word_1_663' title='bbox 2536 2923 2710 2977; x_wconf 86' lang='lat' dir='ltr'><strong>terra;</strong></span> <span class='ocrx_word' id='word_1_664' title='bbox 2756 2915 3023 2985; x_wconf 88' lang='lat' dir='ltr'><strong>psalmum</strong></span> <span class='ocrx_word' id='word_1_665' title='bbox 3057 2915 3223 2971; x_wconf 91' lang='lat' dir='ltr'><strong>dicite</strong></span> <span class='ocrx_word' id='word_1_666' title='bbox 3263 2931 3354 2970; x_wconf 90' lang='lat' dir='ltr'><strong>no-</strong></span> 
     </span>
    </p>
   </div>
   <div class='ocr_carea' id='block_1_89' title="bbox 1778 3004 3350 3078">
    <p class='ocr_par' dir='ltr' id='par_1_89' title="bbox 1778 3004 3350 3078">
     <span class='ocr_line' id='line_1_89' title="bbox 1778 3004 3350 3078; baseline 0.001 -20"><span class='ocrx_word' id='word_1_667' title='bbox 1778 3028 1796 3058; x_wconf 78' lang='grc' dir='ltr'>ι</span> <span class='ocrx_word' id='word_1_668' title='bbox 1837 3008 1963 3062; x_wconf 80' lang='grc' dir='ltr'><strong>ιηὶιιὶ</strong></span> <span class='ocrx_word' id='word_1_669' title='bbox 1994 3006 2130 3077; x_wconf 90' lang='lat' dir='ltr'><strong>ejus,</strong></span> <span class='ocrx_word' id='word_1_670' title='bbox 2186 3007 2309 3062; x_wconf 89' lang='lat' dir='ltr'><strong>date</strong></span> <span class='ocrx_word' id='word_1_671' title='bbox 2359 3005 2587 3078; x_wconf 86' lang='lat' dir='ltr'><strong>gloriam</strong></span> <span class='ocrx_word' id='word_1_672' title='bbox 2624 3005 2766 3060; x_wconf 89' lang='lat' dir='ltr'><strong>laudi</strong></span> <span class='ocrx_word' id='word_1_673' title='bbox 2805 3004 2939 3074; x_wconf 89' lang='lat' dir='ltr'><strong>ejus.</strong></span> <span class='ocrx_word' id='word_1_674' title='bbox 2994 3006 3166 3061; x_wconf 91' lang='lat' dir='ltr'><strong>Dicite</strong></span> <span class='ocrx_word' id='word_1_675' title='bbox 3195 3006 3350 3062; x_wconf 84' lang='lat' dir='ltr'><strong>Deo:</strong></span> 
     </span>
    </p>
   </div>
   <div class='ocr_carea' id='block_1_90' title="bbox 1779 3097 3354 3167">
    <p class='ocr_par' dir='ltr' id='par_1_90' title="bbox 1779 3097 3354 3167">
     <span class='ocr_line' id='line_1_90' title="bbox 1779 3097 3354 3167; baseline -0.001 -14"><span class='ocrx_word' id='word_1_676' title='bbox 1779 3121 1796 3153; x_wconf 75' lang='grc' dir='ltr'>ι</span> <span class='ocrx_word' id='word_1_677' title='bbox 1842 3100 2012 3167; x_wconf 87' lang='lat' dir='ltr'><strong>Quam</strong></span> <span class='ocrx_word' id='word_1_678' title='bbox 2043 3098 2303 3154; x_wconf 84' lang='lat' dir='ltr'><strong>terribilia</strong></span> <span class='ocrx_word' id='word_1_679' title='bbox 2340 3106 2651 3167; x_wconf 88' lang='lat' dir='ltr'><strong>suntopera</strong></span> <span class='ocrx_word' id='word_1_680' title='bbox 2691 3106 2798 3161; x_wconf 88' lang='lat' dir='ltr'><strong>tua,</strong></span> <span class='ocrx_word' id='word_1_681' title='bbox 2830 3097 3093 3153; x_wconf 90' lang='lat' dir='ltr'><strong>Domine:</strong></span> <span class='ocrx_word' id='word_1_682' title='bbox 3126 3098 3178 3152; x_wconf 91' lang='lat' dir='ltr'><strong>in</strong></span> <span class='ocrx_word' id='word_1_683' title='bbox 3218 3097 3354 3152; x_wconf 90' lang='lat' dir='ltr'><strong>mul-</strong></span> 
     </span>
    </p>
   </div>
   <div class='ocr_carea' id='block_1_91' title="bbox 1778 3188 3347 3246">
    <p class='ocr_par' dir='ltr' id='par_1_91' title="bbox 1778 3188 3347 3246">
     <span class='ocr_line' id='line_1_91' title="bbox 1778 3188 3347 3246; baseline -0.001 -3"><span class='ocrx_word' id='word_1_684' title='bbox 1778 3212 1796 3243; x_wconf 78' lang='lat' dir='ltr'><strong>t</strong></span> <span class='ocrx_word' id='word_1_685' title='bbox 1843 3191 2067 3246; x_wconf 89' lang='lat' dir='ltr'><strong>titudine</strong></span> <span class='ocrx_word' id='word_1_686' title='bbox 2111 3189 2328 3243; x_wconf 89' lang='lat' dir='ltr'><strong>virtutis</strong></span> <span class='ocrx_word' id='word_1_687' title='bbox 2359 3197 2458 3241; x_wconf 62' lang='lat' dir='ltr'><strong>tua!</strong></span> <span class='ocrx_word' id='word_1_688' title='bbox 2491 3188 2819 3243; x_wconf 86' lang='lat' dir='ltr'><strong>mentientur</strong></span> <span class='ocrx_word' id='word_1_689' title='bbox 2857 3188 2950 3244; x_wconf 89' lang='lat' dir='ltr'><strong>tibi</strong></span> <span class='ocrx_word' id='word_1_690' title='bbox 3001 3188 3203 3243; x_wconf 90' lang='lat' dir='ltr'><strong>inimici</strong></span> <span class='ocrx_word' id='word_1_691' title='bbox 3250 3188 3347 3242; x_wconf 88' lang='lat' dir='ltr'><strong>tui.</strong></span> 
     </span>
    </p>
   </div>
   <div class='ocr_carea' id='block_1_92' title="bbox 1777 3277 3356 3349">
    <p class='ocr_par' dir='ltr' id='par_1_92' title="bbox 1777 3277 3356 3349">
     <span class='ocr_line' id='line_1_92' title="bbox 1777 3277 3356 3349; baseline -0.001 -16"><span class='ocrx_word' id='word_1_692' title='bbox 1777 3302 1795 3333; x_wconf 71' lang='grc' dir='ltr'>ι</span> <span class='ocrx_word' id='word_1_693' title='bbox 1832 3281 2020 3337; x_wconf 89' lang='lat' dir='ltr'><strong>Omnis</strong></span> <span class='ocrx_word' id='word_1_694' title='bbox 2048 3288 2191 3335; x_wconf 86' lang='lat' dir='ltr'><strong>terra</strong></span> <span class='ocrx_word' id='word_1_695' title='bbox 2233 3279 2419 3333; x_wconf 90' lang='lat' dir='ltr'><strong>adoret</strong></span> <span class='ocrx_word' id='word_1_696' title='bbox 2466 3287 2537 3342; x_wconf 89' lang='lat' dir='ltr'><strong>te,</strong></span> <span class='ocrx_word' id='word_1_697' title='bbox 2581 3287 2636 3333; x_wconf 92' lang='lat' dir='ltr'><strong>et</strong></span> <span class='ocrx_word' id='word_1_698' title='bbox 2686 3278 2879 3348; x_wconf 89' lang='lat' dir='ltr'><strong>psallat</strong></span> <span class='ocrx_word' id='word_1_699' title='bbox 2922 3278 3038 3344; x_wconf 86' lang='lat' dir='ltr'><strong>tibi,</strong></span> <span class='ocrx_word' id='word_1_700' title='bbox 3086 3277 3356 3349; x_wconf 89' lang='lat' dir='ltr'><strong>psalmum</strong></span> 
     </span>
    </p>
   </div>
   <div class='ocr_carea' id='block_1_93' title="bbox 1776 3368 3347 3439">
    <p class='ocr_par' dir='ltr' id='par_1_93' title="bbox 1776 3368 3347 3439">
     <span class='ocr_line' id='line_1_93' title="bbox 1776 3368 3347 3439; baseline -0.002 -14"><span class='ocrx_word' id='word_1_701' title='bbox 1776 3394 1794 3425; x_wconf 75' lang='grc' dir='ltr'>ι</span> <span class='ocrx_word' id='word_1_702' title='bbox 1834 3374 1978 3429; x_wconf 90' lang='lat' dir='ltr'><strong>dicat</strong></span> <span class='ocrx_word' id='word_1_703' title='bbox 2020 3371 2237 3427; x_wconf 87' lang='lat' dir='ltr'><strong>nomine</strong></span> <span class='ocrx_word' id='word_1_704' title='bbox 2268 3379 2381 3427; x_wconf 90' lang='lat' dir='ltr'><strong>tuo.</strong></span> <span class='ocrx_word' id='word_1_705' title='bbox 2430 3368 2619 3424; x_wconf 83' lang='lat' dir='ltr'><strong>Venite</strong></span> <span class='ocrx_word' id='word_1_706' title='bbox 2671 3379 2727 3424; x_wconf 91' lang='lat' dir='ltr'><strong>et</strong></span> <span class='ocrx_word' id='word_1_707' title='bbox 2776 3370 2951 3425; x_wconf 88' lang='lat' dir='ltr'><strong>videte</strong></span> <span class='ocrx_word' id='word_1_708' title='bbox 2999 3384 3162 3439; x_wconf 90' lang='lat' dir='ltr'><strong>opera</strong></span> <span class='ocrx_word' id='word_1_709' title='bbox 3215 3369 3347 3433; x_wconf 86' lang='lat' dir='ltr'><strong>Dei;</strong></span> 
     </span>
    </p>
   </div>
   <div class='ocr_carea' id='block_1_94' title="bbox 1779 3457 3353 3529">
    <p class='ocr_par' dir='ltr' id='par_1_94' title="bbox 1779 3457 3353 3529">
     <span class='ocr_line' id='line_1_94' title="bbox 1779 3457 3353 3529; baseline -0.003 -13"><span class='ocrx_word' id='word_1_710' title='bbox 1779 3483 1797 3516; x_wconf 80' lang='lat' dir='ltr'><strong>t</strong></span> <span class='ocrx_word' id='word_1_711' title='bbox 1838 3461 2091 3518; x_wconf 87' lang='lat' dir='ltr'><strong>terribilis</strong></span> <span class='ocrx_word' id='word_1_712' title='bbox 2119 3461 2171 3516; x_wconf 91' lang='lat' dir='ltr'><strong>in</strong></span> <span class='ocrx_word' id='word_1_713' title='bbox 2220 3459 2463 3516; x_wconf 90' lang='lat' dir='ltr'><strong>conciliis</strong></span> <span class='ocrx_word' id='word_1_714' title='bbox 2509 3474 2672 3529; x_wconf 87' lang='lat' dir='ltr'><strong>super</strong></span> <span class='ocrx_word' id='word_1_715' title='bbox 2712 3458 2849 3513; x_wconf 88' lang='lat' dir='ltr'><strong>ﬁlios</strong></span> <span class='ocrx_word' id='word_1_716' title='bbox 2900 3459 3200 3513; x_wconf 89' lang='lat' dir='ltr'><strong>hominum.</strong></span> <span class='ocrx_word' id='word_1_717' title='bbox 3250 3457 3353 3524; x_wconf 87' lang='lat' dir='ltr'><strong>Qui</strong></span> 
     </span>
    </p>
   </div>
   <div class='ocr_carea' id='block_1_95' title="bbox 1779 3552 3352 3623">
    <p class='ocr_par' dir='ltr' id='par_1_95' title="bbox 1779 3552 3352 3623">
     <span class='ocr_line' id='line_1_95' title="bbox 1779 3552 3352 3623; baseline -0.003 -14"><span class='ocrx_word' id='word_1_718' title='bbox 1779 3578 1795 3609; x_wconf 80' lang='lat' dir='ltr'><strong>t</strong></span> <span class='ocrx_word' id='word_1_719' title='bbox 1837 3555 2105 3612; x_wconf 71' lang='lat' dir='ltr'><strong>convertit</strong></span> <span class='ocrx_word' id='word_1_720' title='bbox 2151 3569 2299 3608; x_wconf 90' lang='lat' dir='ltr'><strong>mare</strong></span> <span class='ocrx_word' id='word_1_721' title='bbox 2345 3552 2396 3607; x_wconf 94' lang='lat' dir='ltr'><strong>in</strong></span> <span class='ocrx_word' id='word_1_722' title='bbox 2441 3552 2644 3606; x_wconf 86' lang='lat' dir='ltr'><strong>aridam</strong></span> <span class='ocrx_word' id='word_1_723' title='bbox 2689 3570 2700 3604; x_wconf 88' lang='lat'><strong>:</strong></span> <span class='ocrx_word' id='word_1_724' title='bbox 2743 3554 2795 3607; x_wconf 89' lang='lat' dir='ltr'><strong>in</strong></span> <span class='ocrx_word' id='word_1_725' title='bbox 2835 3552 3054 3608; x_wconf 81' lang='lat' dir='ltr'><strong>llutnine</strong></span> <span class='ocrx_word' id='word_1_726' title='bbox 3083 3560 3352 3623; x_wconf 82' lang='lat' dir='ltr'><strong>pertrans-</strong></span> 
     </span>
    </p>
   </div>
   <div class='ocr_carea' id='block_1_96' title="bbox 1781 3641 3357 3718">
    <p class='ocr_par' dir='ltr' id='par_1_96' title="bbox 1781 3641 3357 3718">
     <span class='ocr_line' id='line_1_96' title="bbox 1781 3641 3357 3718; baseline -0.003 -19"><span class='ocrx_word' id='word_1_727' title='bbox 1781 3668 1796 3699; x_wconf 78' lang='grc' dir='ltr'>ι</span> <span class='ocrx_word' id='word_1_728' title='bbox 1840 3650 1990 3703; x_wconf 90' lang='lat' dir='ltr'><strong>ibunt</strong></span> <span class='ocrx_word' id='word_1_729' title='bbox 2016 3646 2185 3718; x_wconf 86' lang='lat' dir='ltr'><strong>pede,</strong></span> <span class='ocrx_word' id='word_1_730' title='bbox 2229 3644 2300 3699; x_wconf 89' lang='lat' dir='ltr'><strong>ibi</strong></span> <span class='ocrx_word' id='word_1_731' title='bbox 2334 3642 2636 3699; x_wconf 69' lang='lat' dir='ltr'><strong>iactabimur</strong></span> <span class='ocrx_word' id='word_1_732' title='bbox 2660 3643 2710 3696; x_wconf 92' lang='lat' dir='ltr'><strong>in</strong></span> <span class='ocrx_word' id='word_1_733' title='bbox 2739 3643 2875 3713; x_wconf 91' lang='lat' dir='ltr'><strong>ipso.</strong></span> <span class='ocrx_word' id='word_1_734' title='bbox 2908 3641 3008 3709; x_wconf 89' lang='lat' dir='ltr'><strong>Qui</strong></span> <span class='ocrx_word' id='word_1_735' title='bbox 3050 3642 3357 3698; x_wconf 84' lang='lat' dir='ltr'><strong>dominatur</strong></span> 
     </span>
    </p>
   </div>
   <div class='ocr_carea' id='block_1_97' title="bbox 1782 3731 3360 3803">
    <p class='ocr_par' dir='ltr' id='par_1_97' title="bbox 1782 3731 3360 3803">
     <span class='ocr_line' id='line_1_97' title="bbox 1782 3731 3360 3803; baseline -0.001 -16"><span class='ocrx_word' id='word_1_736' title='bbox 1782 3757 1797 3787; x_wconf 78' lang='grc' dir='ltr'>ι</span> <span class='ocrx_word' id='word_1_737' title='bbox 1839 3738 1889 3790; x_wconf 91' lang='lat' dir='ltr'><strong>in</strong></span> <span class='ocrx_word' id='word_1_738' title='bbox 1916 3736 2113 3789; x_wconf 88' lang='lat' dir='ltr'><strong>virtute</strong></span> <span class='ocrx_word' id='word_1_739' title='bbox 2142 3750 2236 3789; x_wconf 89' lang='lat' dir='ltr'><strong>sua</strong></span> <span class='ocrx_word' id='word_1_740' title='bbox 2268 3734 2321 3787; x_wconf 93' lang='lat' dir='ltr'><strong>in</strong></span> <span class='ocrx_word' id='word_1_741' title='bbox 2350 3741 2637 3797; x_wconf 77' lang='lat' dir='ltr'><strong>aeternum,</strong></span> <span class='ocrx_word' id='word_1_742' title='bbox 2663 3733 2804 3787; x_wconf 92' lang='lat' dir='ltr'><strong>oculi</strong></span> <span class='ocrx_word' id='word_1_743' title='bbox 2828 3731 2944 3803; x_wconf 87' lang='lat' dir='ltr'><strong>ejus</strong></span> <span class='ocrx_word' id='word_1_744' title='bbox 2983 3748 3145 3802; x_wconf 89' lang='lat' dir='ltr'><strong>super</strong></span> <span class='ocrx_word' id='word_1_745' title='bbox 3172 3740 3360 3803; x_wconf 83' lang='lat' dir='ltr'><strong>gentes</strong></span> 
     </span>
    </p>
   </div>
   <div class='ocr_carea' id='block_1_98' title="bbox 1783 3823 3362 3898">
    <p class='ocr_par' dir='ltr' id='par_1_98' title="bbox 1783 3823 3362 3898">
     <span class='ocr_line' id='line_1_98' title="bbox 1783 3823 3362 3898; baseline -0.001 -20"><span class='ocrx_word' id='word_1_746' title='bbox 1783 3846 1799 3878; x_wconf 82' lang='lat' dir='ltr'><strong>t</strong></span> <span class='ocrx_word' id='word_1_747' title='bbox 1840 3826 2130 3898; x_wconf 79' lang='lat' dir='ltr'><strong>respiciunt</strong></span> <span class='ocrx_word' id='word_1_748' title='bbox 2181 3844 2192 3879; x_wconf 88' lang='lat'>:</span> <span class='ocrx_word' id='word_1_749' title='bbox 2234 3826 2323 3894; x_wconf 92' lang='lat' dir='ltr'><strong>qui</strong></span> <span class='ocrx_word' id='word_1_750' title='bbox 2376 3831 2745 3893; x_wconf 81' lang='lat' dir='ltr'><strong>exasperant,</strong></span> <span class='ocrx_word' id='word_1_751' title='bbox 2800 3840 2907 3879; x_wconf 82' lang='lat' dir='ltr'><strong>non</strong></span> <span class='ocrx_word' id='word_1_752' title='bbox 2953 3824 3258 3883; x_wconf 63' lang='lat' dir='ltr'><strong>exaltcntur</strong></span> <span class='ocrx_word' id='word_1_753' title='bbox 3307 3823 3362 3877; x_wconf 89' lang='lat' dir='ltr'><strong>in</strong></span> 
     </span>
    </p>
   </div>
   <div class='ocr_carea' id='block_1_99' title="bbox 1783 3910 3363 3989">
    <p class='ocr_par' dir='ltr' id='par_1_99' title="bbox 1783 3910 3363 3989">
     <span class='ocr_line' id='line_1_99' title="bbox 1783 3910 3363 3989; baseline 0 -17"><span class='ocrx_word' id='word_1_754' title='bbox 1783 3941 1800 3972; x_wconf 76' lang='grc' dir='ltr'>ι</span> <span class='ocrx_word' id='word_1_755' title='bbox 1840 3919 2160 3989; x_wconf 87' lang='lat' dir='ltr'><strong>semetipsis.</strong></span> <span class='ocrx_word' id='word_1_756' title='bbox 2188 3917 2495 3976; x_wconf 87' lang='lat' dir='ltr'><strong>Benedicite</strong></span> <span class='ocrx_word' id='word_1_757' title='bbox 2517 3958 2531 3985; x_wconf 88' lang='lat'><strong>,</strong></span> <span class='ocrx_word' id='word_1_758' title='bbox 2579 3927 2785 3989; x_wconf 87' lang='lat' dir='ltr'><strong>gentes,</strong></span> <span class='ocrx_word' id='word_1_759' title='bbox 2816 3918 2983 3972; x_wconf 91' lang='lat' dir='ltr'><strong>Deum</strong></span> <span class='ocrx_word' id='word_1_760' title='bbox 3015 3927 3281 3983; x_wconf 87' lang='lat' dir='ltr'><strong>nostrum,</strong></span> <span class='ocrx_word' id='word_1_761' title='bbox 3307 3910 3363 3972; x_wconf 75' lang='lat' dir='ltr'><strong>et</strong></span> 
     </span>
    </p>
   </div>
   <div class='ocr_carea' id='block_1_100' title="bbox 1784 4008 3357 4080">
    <p class='ocr_par' dir='ltr' id='par_1_100' title="bbox 1784 4008 3357 4080">
     <span class='ocr_line' id='line_1_100' title="bbox 1784 4008 3357 4080; baseline 0 -17"><span class='ocrx_word' id='word_1_762' title='bbox 1784 4034 1799 4063; x_wconf 83' lang='lat'><strong>(</strong></span> <span class='ocrx_word' id='word_1_763' title='bbox 1840 4012 2075 4073; x_wconf 81' lang='lat' dir='ltr'><strong>auditam</strong></span> <span class='ocrx_word' id='word_1_764' title='bbox 2110 4009 2268 4069; x_wconf 83' lang='lat' dir='ltr'><strong>facite</strong></span> <span class='ocrx_word' id='word_1_765' title='bbox 2293 4024 2479 4064; x_wconf 81' lang='lat' dir='ltr'><strong>vocem</strong></span> <span class='ocrx_word' id='word_1_766' title='bbox 2508 4008 2683 4069; x_wconf 88' lang='lat' dir='ltr'><strong>laudis</strong></span> <span class='ocrx_word' id='word_1_767' title='bbox 2726 4010 2861 4080; x_wconf 87' lang='lat' dir='ltr'><strong>ejus.</strong></span> <span class='ocrx_word' id='word_1_768' title='bbox 2902 4008 3002 4076; x_wconf 83' lang='lat' dir='ltr'><strong>Qui</strong></span> <span class='ocrx_word' id='word_1_769' title='bbox 3030 4009 3208 4079; x_wconf 88' lang='lat' dir='ltr'><strong>posuit</strong></span> <span class='ocrx_word' id='word_1_770' title='bbox 3236 4009 3357 4063; x_wconf 87' lang='lat' dir='ltr'><strong>ani-</strong></span> 
     </span>
    </p>
   </div>
   <div class='ocr_carea' id='block_1_101' title="bbox 1785 4101 3363 4167">
    <p class='ocr_par' dir='ltr' id='par_1_101' title="bbox 1785 4101 3363 4167">
     <span class='ocr_line' id='line_1_101' title="bbox 1785 4101 3363 4167; baseline 0.001 -13"><span class='ocrx_word' id='word_1_771' title='bbox 1785 4124 1801 4154; x_wconf 76' lang='lat' dir='ltr'><strong>t</strong></span> <span class='ocrx_word' id='word_1_772' title='bbox 1844 4118 1986 4157; x_wconf 90' lang='lat' dir='ltr'><strong>mam</strong></span> <span class='ocrx_word' id='word_1_773' title='bbox 2018 4119 2189 4157; x_wconf 87' lang='lat' dir='ltr'><strong>meam</strong></span> <span class='ocrx_word' id='word_1_774' title='bbox 2239 4102 2304 4155; x_wconf 87' lang='lat' dir='ltr'><strong>ad</strong></span> <span class='ocrx_word' id='word_1_775' title='bbox 2337 4102 2525 4167; x_wconf 88' lang='lat' dir='ltr'><strong>vitam,</strong></span> <span class='ocrx_word' id='word_1_776' title='bbox 2558 4110 2615 4156; x_wconf 90' lang='lat' dir='ltr'><strong>et</strong></span> <span class='ocrx_word' id='word_1_777' title='bbox 2654 4118 2761 4156; x_wconf 89' lang='lat' dir='ltr'><strong>non</strong></span> <span class='ocrx_word' id='word_1_778' title='bbox 2785 4102 2933 4156; x_wconf 82' lang='lat' dir='ltr'><strong>dedit</strong></span> <span class='ocrx_word' id='word_1_779' title='bbox 2964 4102 3012 4155; x_wconf 90' lang='lat' dir='ltr'><strong>in</strong></span> <span class='ocrx_word' id='word_1_780' title='bbox 3039 4101 3363 4156; x_wconf 89' lang='lat' dir='ltr'><strong>commotio-</strong></span> 
     </span>
    </p>
   </div>
   <div class='ocr_carea' id='block_1_102' title="bbox 1786 4187 3362 4263">
    <p class='ocr_par' dir='ltr' id='par_1_102' title="bbox 1786 4187 3362 4263">
     <span class='ocr_line' id='line_1_102' title="bbox 1786 4187 3362 4263; baseline -0.001 -19"><span class='ocrx_word' id='word_1_781' title='bbox 1786 4213 1802 4244; x_wconf 72' lang='grc' dir='ltr'><strong><em>ι</em></strong></span> <span class='ocrx_word' id='word_1_782' title='bbox 1844 4196 1983 4247; x_wconf 87' lang='lat' dir='ltr'><strong>nem&#39;</strong></span> <span class='ocrx_word' id='word_1_783' title='bbox 2010 4192 2171 4263; x_wconf 84' lang='lat' dir='ltr'><strong>pedes</strong></span> <span class='ocrx_word' id='word_1_784' title='bbox 2222 4207 2391 4246; x_wconf 90' lang='lat' dir='ltr'><strong>meos.</strong></span> <span class='ocrx_word' id='word_1_785' title='bbox 2428 4190 2691 4259; x_wconf 88' lang='lat' dir='ltr'><strong>Quoniam</strong></span> <span class='ocrx_word' id='word_1_786' title='bbox 2742 4190 2982 4262; x_wconf 89' lang='lat' dir='ltr'><strong>probasti</strong></span> <span class='ocrx_word' id='word_1_787' title='bbox 3028 4205 3153 4255; x_wconf 92' lang='lat' dir='ltr'><strong>nos,</strong></span> <span class='ocrx_word' id='word_1_788' title='bbox 3200 4187 3362 4252; x_wconf 87' lang='lat' dir='ltr'><strong>Deus,</strong></span> 
     </span>
    </p>
   </div>
   <div class='ocr_carea' id='block_1_103' title="bbox 1787 4282 3362 4351">
    <p class='ocr_par' dir='ltr' id='par_1_103' title="bbox 1787 4282 3362 4351">
     <span class='ocr_line' id='line_1_103' title="bbox 1787 4282 3362 4351; baseline -0.001 -19"><span class='ocrx_word' id='word_1_789' title='bbox 1787 4303 1803 4332; x_wconf 85' lang='grc'><strong><em>‹</em></strong></span> <span class='ocrx_word' id='word_1_790' title='bbox 1843 4283 1963 4351; x_wconf 83' lang='lat' dir='ltr'><strong>igne</strong></span> <span class='ocrx_word' id='word_1_791' title='bbox 2005 4296 2101 4337; x_wconf 90' lang='lat' dir='ltr'><strong>nos</strong></span> <span class='ocrx_word' id='word_1_792' title='bbox 2128 4282 2472 4347; x_wconf 81' lang='lat' dir='ltr'><strong>examinasti,</strong></span> <span class='ocrx_word' id='word_1_793' title='bbox 2505 4282 2646 4337; x_wconf 90' lang='lat' dir='ltr'><strong>sicut</strong></span> <span class='ocrx_word' id='word_1_794' title='bbox 2672 4282 3018 4335; x_wconf 80' lang='lat' dir='ltr'><strong>examinator</strong></span> <span class='ocrx_word' id='word_1_795' title='bbox 3059 4286 3362 4350; x_wconf 87' lang='lat' dir='ltr'><strong>argentum.</strong></span> 
     </span>
    </p>
   </div>
   <div class='ocr_carea' id='block_1_104' title="bbox 1789 4369 3363 4442">
    <p class='ocr_par' dir='ltr' id='par_1_104' title="bbox 1789 4369 3363 4442">
     <span class='ocr_line' id='line_1_104' title="bbox 1789 4369 3363 4442; baseline 0.001 -18"><span class='ocrx_word' id='word_1_796' title='bbox 1789 4394 1804 4424; x_wconf 76' lang='grc' dir='ltr'>ι</span> <span class='ocrx_word' id='word_1_797' title='bbox 1848 4374 2105 4433; x_wconf 80' lang='lat' dir='ltr'><strong>induxisti</strong></span> <span class='ocrx_word' id='word_1_798' title='bbox 2140 4389 2237 4428; x_wconf 88' lang='lat' dir='ltr'><strong>nos</strong></span> <span class='ocrx_word' id='word_1_799' title='bbox 2288 4374 2340 4427; x_wconf 91' lang='lat' dir='ltr'><strong>in</strong></span> <span class='ocrx_word' id='word_1_800' title='bbox 2395 4373 2661 4442; x_wconf 89' lang='lat' dir='ltr'><strong>laqueum,</strong></span> <span class='ocrx_word' id='word_1_801' title='bbox 2716 4373 2939 4441; x_wconf 88' lang='lat' dir='ltr'><strong>posuisti</strong></span> <span class='ocrx_word' id='word_1_802' title='bbox 2992 4369 3363 4426; x_wconf 86' lang='lat' dir='ltr'><strong>tribulationes</strong></span> 
     </span>
    </p>
   </div>
   <div class='ocr_carea' id='block_1_105' title="bbox 1792 4460 3362 4535">
    <p class='ocr_par' dir='ltr' id='par_1_105' title="bbox 1792 4460 3362 4535">
     <span class='ocr_line' id='line_1_105' title="bbox 1792 4460 3362 4535; baseline -0.005 -14"><span class='ocrx_word' id='word_1_803' title='bbox 1792 4489 1809 4521; x_wconf 73' lang='grc' dir='ltr'>ι</span> <span class='ocrx_word' id='word_1_804' title='bbox 1846 4468 1897 4520; x_wconf 94' lang='lat' dir='ltr'><strong>in</strong></span> <span class='ocrx_word' id='word_1_805' title='bbox 1951 4466 2112 4521; x_wconf 90' lang='lat' dir='ltr'><strong>dorso</strong></span> <span class='ocrx_word' id='word_1_806' title='bbox 2140 4476 2346 4529; x_wconf 93' lang='lat' dir='ltr'><strong>nostro,</strong></span> <span class='ocrx_word' id='word_1_807' title='bbox 2378 4464 2679 4535; x_wconf 87' lang='lat' dir='ltr'><strong>imposuisti</strong></span> <span class='ocrx_word' id='word_1_808' title='bbox 2707 4464 2952 4519; x_wconf 90' lang='lat' dir='ltr'><strong>homines</strong></span> <span class='ocrx_word' id='word_1_809' title='bbox 2979 4477 3138 4533; x_wconf 86' lang='lat' dir='ltr'><strong>super</strong></span> <span class='ocrx_word' id='word_1_810' title='bbox 3189 4460 3362 4532; x_wconf 89' lang='lat' dir='ltr'><strong>capita</strong></span> 
     </span>
    </p>
   </div>
   <div class='ocr_carea' id='block_1_106' title="bbox 1792 4554 3367 4627">
    <p class='ocr_par' dir='ltr' id='par_1_106' title="bbox 1792 4554 3367 4627">
     <span class='ocr_line' id='line_1_106' title="bbox 1792 4554 3367 4627; baseline -0.001 -20"><span class='ocrx_word' id='word_1_811' title='bbox 1792 4575 1810 4607; x_wconf 82' lang='lat' dir='ltr'><strong>t</strong></span> <span class='ocrx_word' id='word_1_812' title='bbox 1850 4564 2053 4610; x_wconf 86' lang='lat' dir='ltr'><strong>nostra.</strong></span> <span class='ocrx_word' id='word_1_813' title='bbox 2112 4554 2483 4611; x_wconf 89' lang='lat' dir='ltr'><strong>Transivimus</strong></span> <span class='ocrx_word' id='word_1_814' title='bbox 2541 4570 2639 4625; x_wconf 91' lang='lat' dir='ltr'><strong>per</strong></span> <span class='ocrx_word' id='word_1_815' title='bbox 2686 4555 2862 4627; x_wconf 88' lang='lat' dir='ltr'><strong>ignem</strong></span> <span class='ocrx_word' id='word_1_816' title='bbox 2911 4567 2965 4611; x_wconf 92' lang='lat' dir='ltr'><strong>et</strong></span> <span class='ocrx_word' id='word_1_817' title='bbox 3018 4570 3211 4626; x_wconf 86' lang='lat' dir='ltr'><strong>aquam</strong></span> <span class='ocrx_word' id='word_1_818' title='bbox 3242 4594 3255 4619; x_wconf 93' lang='lat'><strong>,</strong></span> <span class='ocrx_word' id='word_1_819' title='bbox 3312 4561 3367 4607; x_wconf 91' lang='lat' dir='ltr'><strong>et</strong></span> 
     </span>
    </p>
   </div>
   <div class='ocr_carea' id='block_1_107' title="bbox 1794 4642 3364 4715">
    <p class='ocr_par' dir='ltr' id='par_1_107' title="bbox 1794 4642 3364 4715">
     <span class='ocr_line' id='line_1_107' title="bbox 1794 4642 3364 4715; baseline -0.001 -21"><span class='ocrx_word' id='word_1_820' title='bbox 1794 4664 1811 4694; x_wconf 76' lang='grc' dir='ltr'>ι</span> <span class='ocrx_word' id='word_1_821' title='bbox 1847 4644 2081 4707; x_wconf 79' lang='lat' dir='ltr'><strong>eduxisti</strong></span> <span class='ocrx_word' id='word_1_822' title='bbox 2127 4660 2225 4699; x_wconf 89' lang='lat' dir='ltr'><strong>nos</strong></span> <span class='ocrx_word' id='word_1_823' title='bbox 2276 4646 2328 4699; x_wconf 92' lang='lat' dir='ltr'><strong>in</strong></span> <span class='ocrx_word' id='word_1_824' title='bbox 2373 4642 2735 4715; x_wconf 86' lang='lat' dir='ltr'><strong>refrigerium.</strong></span> <span class='ocrx_word' id='word_1_825' title='bbox 2781 4643 3019 4700; x_wconf 91' lang='lat' dir='ltr'><strong>lntroibo</strong></span> <span class='ocrx_word' id='word_1_826' title='bbox 3061 4644 3114 4698; x_wconf 90' lang='lat' dir='ltr'><strong>in</strong></span> <span class='ocrx_word' id='word_1_827' title='bbox 3147 4642 3364 4697; x_wconf 90' lang='lat' dir='ltr'><strong>domum</strong></span> 
     </span>
    </p>
   </div>
   <div class='ocr_carea' id='block_1_108' title="bbox 1794 4735 3365 4803">
    <p class='ocr_par' dir='ltr' id='par_1_108' title="bbox 1794 4735 3365 4803">
     <span class='ocr_line' id='line_1_108' title="bbox 1794 4735 3365 4803; baseline -0.002 -16"><span class='ocrx_word' id='word_1_828' title='bbox 1794 4756 1811 4787; x_wconf 73' lang='grc' dir='ltr'><strong><em>ι</em></strong></span> <span class='ocrx_word' id='word_1_829' title='bbox 1856 4745 2000 4790; x_wconf 90' lang='lat' dir='ltr'><strong>tuam</strong></span> <span class='ocrx_word' id='word_1_830' title='bbox 2042 4737 2093 4790; x_wconf 91' lang='lat' dir='ltr'><strong>in</strong></span> <span class='ocrx_word' id='word_1_831' title='bbox 2132 4735 2480 4803; x_wconf 89' lang='lat' dir='ltr'><strong>holocaustis,</strong></span> <span class='ocrx_word' id='word_1_832' title='bbox 2515 4737 2737 4792; x_wconf 90' lang='lat' dir='ltr'><strong>reddam</strong></span> <span class='ocrx_word' id='word_1_833' title='bbox 2797 4736 2892 4792; x_wconf 91' lang='lat' dir='ltr'><strong>tibi</strong></span> <span class='ocrx_word' id='word_1_834' title='bbox 2925 4746 3048 4792; x_wconf 91' lang='lat' dir='ltr'><strong>vota</strong></span> <span class='ocrx_word' id='word_1_835' title='bbox 3078 4750 3196 4789; x_wconf 89' lang='lat' dir='ltr'><strong>mea</strong></span> <span class='ocrx_word' id='word_1_836' title='bbox 3245 4749 3365 4802; x_wconf 79' lang='lat' dir='ltr'><strong>quae</strong></span> 
     </span>
    </p>
   </div>
   <div class='ocr_carea' id='block_1_109' title="bbox 1794 4828 3364 4884">
    <p class='ocr_par' dir='ltr' id='par_1_109' title="bbox 1794 4828 3364 4884">
     <span class='ocr_line' id='line_1_109' title="bbox 1794 4828 3364 4884; baseline -0.004 -4"><span class='ocrx_word' id='word_1_837' title='bbox 1794 4849 1811 4880; x_wconf 84' lang='grc'><strong>‹</strong></span> <span class='ocrx_word' id='word_1_838' title='bbox 1850 4829 2211 4884; x_wconf 76' lang='lat' dir='ltr'><strong>distinxerunt</strong></span> <span class='ocrx_word' id='word_1_839' title='bbox 2262 4828 2403 4884; x_wconf 90' lang='lat' dir='ltr'><strong>labia</strong></span> <span class='ocrx_word' id='word_1_840' title='bbox 2436 4845 2577 4884; x_wconf 88' lang='lat' dir='ltr'><strong>mea.</strong></span> <span class='ocrx_word' id='word_1_841' title='bbox 2606 4829 2674 4883; x_wconf 87' lang='lat' dir='ltr'><strong>Et</strong></span> <span class='ocrx_word' id='word_1_842' title='bbox 2695 4828 2935 4882; x_wconf 91' lang='lat' dir='ltr'><strong>locutum</strong></span> <span class='ocrx_word' id='word_1_843' title='bbox 2977 4839 3059 4884; x_wconf 90' lang='lat' dir='ltr'><strong>est</strong></span> <span class='ocrx_word' id='word_1_844' title='bbox 3085 4842 3145 4881; x_wconf 87' lang='lat' dir='ltr'><strong>os</strong></span> <span class='ocrx_word' id='word_1_845' title='bbox 3190 4839 3364 4877; x_wconf 89' lang='lat' dir='ltr'><strong>meum</strong></span> 
     </span>
    </p>
   </div>
   <div class='ocr_carea' id='block_1_110' title="bbox 1798 4914 3366 4978">
    <p class='ocr_par' dir='ltr' id='par_1_110' title="bbox 1798 4914 3366 4978">
     <span class='ocr_line' id='line_1_110' title="bbox 1798 4914 3366 4978; baseline -0.006 -5"><span class='ocrx_word' id='word_1_846' title='bbox 1798 4922 1907 4977; x_wconf 66' lang='lat' dir='ltr'><strong>«in</strong></span> <span class='ocrx_word' id='word_1_847' title='bbox 1937 4921 2287 4977; x_wconf 89' lang='lat' dir='ltr'><strong>tribulatione</strong></span> <span class='ocrx_word' id='word_1_848' title='bbox 2314 4935 2454 4974; x_wconf 89' lang='lat' dir='ltr'><strong>mea.</strong></span> <span class='ocrx_word' id='word_1_849' title='bbox 2473 4921 2798 4978; x_wconf 83' lang='lat' dir='ltr'><strong>Holocausta</strong></span> <span class='ocrx_word' id='word_1_850' title='bbox 2829 4921 3120 4976; x_wconf 86' lang='lat' dir='ltr'><strong>medullata</strong></span> <span class='ocrx_word' id='word_1_851' title='bbox 3150 4914 3366 4969; x_wconf 79' lang='lat' dir='ltr'><strong>oll‘eram</strong></span> 
     </span>
    </p>
   </div>
   <div class='ocr_carea' id='block_1_111' title="bbox 1800 5011 3376 5079">
    <p class='ocr_par' dir='ltr' id='par_1_111' title="bbox 1800 5011 3376 5079">
     <span class='ocr_line' id='line_1_111' title="bbox 1800 5011 3376 5079; baseline -0.001 -14"><span class='ocrx_word' id='word_1_852' title='bbox 1800 5033 1816 5065; x_wconf 77' lang='grc' dir='ltr'>ι</span> <span class='ocrx_word' id='word_1_853' title='bbox 1856 5012 1949 5066; x_wconf 91' lang='lat' dir='ltr'><strong>tibi</strong></span> <span class='ocrx_word' id='word_1_854' title='bbox 1981 5028 2101 5067; x_wconf 90' lang='lat' dir='ltr'><strong>cum</strong></span> <span class='ocrx_word' id='word_1_855' title='bbox 2134 5012 2357 5068; x_wconf 86' lang='lat' dir='ltr'><strong>incenso</strong></span> <span class='ocrx_word' id='word_1_856' title='bbox 2380 5013 2638 5079; x_wconf 90' lang='lat' dir='ltr'><strong>arietum,</strong></span> <span class='ocrx_word' id='word_1_857' title='bbox 2665 5011 2894 5067; x_wconf 80' lang='lat' dir='ltr'><strong>oll‘eram</strong></span> <span class='ocrx_word' id='word_1_858' title='bbox 2934 5014 3027 5069; x_wconf 86' lang='lat' dir='ltr'><strong>tibi</strong></span> <span class='ocrx_word' id='word_1_859' title='bbox 3059 5011 3221 5064; x_wconf 81' lang='lat' dir='ltr'><strong>boves</strong></span> <span class='ocrx_word' id='word_1_860' title='bbox 3255 5018 3376 5058; x_wconf 77' lang='lat' dir='ltr'><strong>cum</strong></span> 
     </span>
    </p>
   </div>
   <div class='ocr_carea' id='block_1_112' title="bbox 1801 5092 3383 5169">
    <p class='ocr_par' dir='ltr' id='par_1_112' title="bbox 1801 5092 3383 5169">
     <span class='ocr_line' id='line_1_112' title="bbox 1801 5092 3383 5169; baseline 0.002 -14"><span class='ocrx_word' id='word_1_861' title='bbox 1801 5103 2041 5159; x_wconf 68' lang='lat' dir='ltr'><strong>thircis.</strong></span> <span class='ocrx_word' id='word_1_862' title='bbox 2076 5104 2266 5159; x_wconf 80' lang='lat' dir='ltr'><strong>Venite</strong></span> <span class='ocrx_word' id='word_1_863' title='bbox 2312 5110 2366 5157; x_wconf 89' lang='lat' dir='ltr'><strong>et</strong></span> <span class='ocrx_word' id='word_1_864' title='bbox 2414 5107 2620 5168; x_wconf 80' lang='lat' dir='ltr'><strong>audite,</strong></span> <span class='ocrx_word' id='word_1_865' title='bbox 2655 5112 2711 5158; x_wconf 84' lang='lat' dir='ltr'><strong>et</strong></span> <span class='ocrx_word' id='word_1_866' title='bbox 2757 5105 3013 5169; x_wconf 80' lang='lat' dir='ltr'><strong>narrabo.</strong></span> <span class='ocrx_word' id='word_1_867' title='bbox 3062 5109 3246 5152; x_wconf 71' lang='lat' dir='ltr'><strong>omnes</strong></span> <span class='ocrx_word' id='word_1_868' title='bbox 3287 5092 3383 5158; x_wconf 70' lang='lat' dir='ltr'><strong>qui</strong></span> 
     </span>
    </p>
   </div>
   <div class='ocr_carea' id='block_1_113' title="bbox 1804 5182 3389 5265">
    <p class='ocr_par' dir='ltr' id='par_1_113' title="bbox 1804 5182 3389 5265">
     <span class='ocr_line' id='line_1_113' title="bbox 1804 5182 3389 5265; baseline 0.001 -18"><span class='ocrx_word' id='word_1_869' title='bbox 1804 5213 1821 5244; x_wconf 84' lang='lat' dir='ltr'><strong>t</strong></span> <span class='ocrx_word' id='word_1_870' title='bbox 1862 5195 2063 5252; x_wconf 89' lang='lat' dir='ltr'><strong>timetis</strong></span> <span class='ocrx_word' id='word_1_871' title='bbox 2086 5196 2277 5261; x_wconf 90' lang='lat' dir='ltr'><strong>Deum,</strong></span> <span class='ocrx_word' id='word_1_872' title='bbox 2306 5206 2513 5265; x_wconf 88' lang='lat' dir='ltr'><strong>quanta</strong></span> <span class='ocrx_word' id='word_1_873' title='bbox 2540 5198 2666 5253; x_wconf 86' lang='lat' dir='ltr'><strong>fecit</strong></span> <span class='ocrx_word' id='word_1_874' title='bbox 2698 5190 2894 5246; x_wconf 80' lang='lat' dir='ltr'><strong>animae</strong></span> <span class='ocrx_word' id='word_1_875' title='bbox 2926 5206 3075 5248; x_wconf 74' lang='lat' dir='ltr'><strong>mete.</strong></span> <span class='ocrx_word' id='word_1_876' title='bbox 3107 5183 3187 5238; x_wconf 73' lang='lat' dir='ltr'><strong>Ad</strong></span> <span class='ocrx_word' id='word_1_877' title='bbox 3215 5182 3389 5248; x_wconf 68' lang='grc' dir='ltr'>ῖρδυιπ</span> 
     </span>
    </p>
   </div>
   <div class='ocr_carea' id='block_1_114' title="bbox 1804 5279 3391 5350">
    <p class='ocr_par' dir='ltr' id='par_1_114' title="bbox 1804 5279 3391 5350">
     <span class='ocr_line' id='line_1_114' title="bbox 1804 5279 3391 5350; baseline -0.009 -13"><span class='ocrx_word' id='word_1_878' title='bbox 1804 5304 1821 5337; x_wconf 79' lang='lat' dir='ltr'><strong>t</strong></span> <span class='ocrx_word' id='word_1_879' title='bbox 1859 5300 1955 5340; x_wconf 88' lang='lat' dir='ltr'><strong>ore</strong></span> <span class='ocrx_word' id='word_1_880' title='bbox 2012 5302 2132 5347; x_wconf 87' lang='lat' dir='ltr'><strong>meo</strong></span> <span class='ocrx_word' id='word_1_881' title='bbox 2182 5286 2437 5350; x_wconf 89' lang='lat' dir='ltr'><strong>clamavi,</strong></span> <span class='ocrx_word' id='word_1_882' title='bbox 2503 5299 2557 5345; x_wconf 86' lang='lat' dir='ltr'><strong>et</strong></span> <span class='ocrx_word' id='word_1_883' title='bbox 2604 5281 2835 5342; x_wconf 81' lang='lat' dir='ltr'><strong>exaltavi</strong></span> <span class='ocrx_word' id='word_1_884' title='bbox 2891 5286 2992 5338; x_wconf 82' lang='lat' dir='ltr'><strong>sub</strong></span> <span class='ocrx_word' id='word_1_885' title='bbox 3034 5279 3208 5344; x_wconf 86' lang='lat' dir='ltr'><strong>lingua</strong></span> <span class='ocrx_word' id='word_1_886' title='bbox 3250 5282 3391 5323; x_wconf 88' lang='lat' dir='ltr'><strong>mea.</strong></span> 
     </span>
    </p>
   </div>
   <div class='ocr_carea' id='block_1_115' title="bbox 1803 5358 3396 5446">
    <p class='ocr_par' dir='ltr' id='par_1_115' title="bbox 1803 5358 3396 5446">
     <span class='ocr_line' id='line_1_115' title="bbox 1803 5358 3396 5446; baseline -0.001 -17"><span class='ocrx_word' id='word_1_887' title='bbox 1803 5396 1820 5429; x_wconf 83' lang='lat' dir='ltr'><strong>t</strong></span> <span class='ocrx_word' id='word_1_888' title='bbox 1862 5376 2203 5446; x_wconf 88' lang='lat' dir='ltr'><strong>lniquitatem</strong></span> <span class='ocrx_word' id='word_1_889' title='bbox 2230 5378 2274 5433; x_wconf 92' lang='lat' dir='ltr'><strong>si</strong></span> <span class='ocrx_word' id='word_1_890' title='bbox 2309 5379 2500 5443; x_wconf 88' lang='lat' dir='ltr'><strong>aspexi</strong></span> <span class='ocrx_word' id='word_1_891' title='bbox 2536 5382 2585 5435; x_wconf 92' lang='lat' dir='ltr'><strong>in</strong></span> <span class='ocrx_word' id='word_1_892' title='bbox 2626 5370 2792 5429; x_wconf 86' lang='lat' dir='ltr'><strong>corde</strong></span> <span class='ocrx_word' id='word_1_893' title='bbox 2840 5386 2985 5437; x_wconf 88' lang='lat' dir='ltr'><strong>meo,</strong></span> <span class='ocrx_word' id='word_1_894' title='bbox 3010 5381 3113 5424; x_wconf 76' lang='lat' dir='ltr'><strong>non</strong></span> <span class='ocrx_word' id='word_1_895' title='bbox 3150 5358 3396 5415; x_wconf 51' lang='lat' dir='ltr'><strong>exaudi“</strong></span> 
     </span>
    </p>
   </div>
   <div class='ocr_carea' id='block_1_116' title="bbox 1806 5446 3399 5534">
    <p class='ocr_par' dir='ltr' id='par_1_116' title="bbox 1806 5446 3399 5534">
     <span class='ocr_line' id='line_1_116' title="bbox 1806 5446 3399 5534; baseline -0.017 -9"><span class='ocrx_word' id='word_1_896' title='bbox 1806 5465 2144 5525; x_wconf 56' lang='lat' dir='ltr'><strong>(Dominus.</strong></span> <span class='ocrx_word' id='word_1_897' title='bbox 2202 5466 2506 5534; x_wconf 85' lang='lat' dir='ltr'><strong>Propterea</strong></span> <span class='ocrx_word' id='word_1_898' title='bbox 2554 5457 2833 5523; x_wconf 79' lang='lat' dir='ltr'><strong>exaudivit</strong></span> <span class='ocrx_word' id='word_1_899' title='bbox 2882 5459 3026 5514; x_wconf 88' lang='lat' dir='ltr'><strong>Deus</strong></span> <span class='ocrx_word' id='word_1_900' title='bbox 3071 5459 3126 5508; x_wconf 87' lang='lat' dir='ltr'><strong>et</strong></span> <span class='ocrx_word' id='word_1_901' title='bbox 3176 5446 3399 5502; x_wconf 70' lang='lat' dir='ltr'><strong>attendit</strong></span> 
     </span>
    </p>
   </div>
   <div class='ocr_carea' id='block_1_117' title="bbox 1808 5543 3404 5627">
    <p class='ocr_par' dir='ltr' id='par_1_117' title="bbox 1808 5543 3404 5627">
     <span class='ocr_line' id='line_1_117' title="bbox 1808 5543 3404 5627; baseline -0.001 -16"><span class='ocrx_word' id='word_1_902' title='bbox 1808 5576 1823 5607; x_wconf 72' lang='grc' dir='ltr'>ι</span> <span class='ocrx_word' id='word_1_903' title='bbox 1867 5558 1984 5612; x_wconf 84' lang='lat' dir='ltr'><strong>voci</strong></span> <span class='ocrx_word' id='word_1_904' title='bbox 2013 5554 2406 5627; x_wconf 82' lang='lat' dir='ltr'><strong>deprecationis</strong></span> <span class='ocrx_word' id='word_1_905' title='bbox 2431 5572 2590 5613; x_wconf 65' lang='lat' dir='ltr'><strong>mem.</strong></span> <span class='ocrx_word' id='word_1_906' title='bbox 2615 5544 2956 5608; x_wconf 81' lang='lat' dir='ltr'><strong>Benedictus</strong></span> <span class='ocrx_word' id='word_1_907' title='bbox 2979 5550 3123 5604; x_wconf 89' lang='lat' dir='ltr'><strong>Deus</strong></span> <span class='ocrx_word' id='word_1_908' title='bbox 3143 5584 3157 5609; x_wconf 84' lang='grc'><em>,</em></span> <span class='ocrx_word' id='word_1_909' title='bbox 3188 5543 3277 5609; x_wconf 74' lang='grc' dir='ltr'><strong>(ιιιῑ</strong></span> <span class='ocrx_word' id='word_1_910' title='bbox 3302 5554 3404 5592; x_wconf 80' lang='lat'><strong>“0&quot;</strong></span> 
     </span>
    </p>
   </div>
   <div class='ocr_carea' id='block_1_118' title="bbox 1807 5636 3409 5707">
    <p class='ocr_par' dir='ltr' id='par_1_118' title="bbox 1807 5636 3409 5707">
     <span class='ocr_line' id='line_1_118' title="bbox 1807 5636 3409 5707; baseline -0.011 -10"><span class='ocrx_word' id='word_1_911' title='bbox 1807 5668 1822 5697; x_wconf 72' lang='grc' dir='ltr'><strong><em>ι</em></strong></span> <span class='ocrx_word' id='word_1_912' title='bbox 1864 5651 2066 5706; x_wconf 88' lang='lat' dir='ltr'><strong>amovit</strong></span> <span class='ocrx_word' id='word_1_913' title='bbox 2093 5653 2397 5707; x_wconf 90' lang='lat' dir='ltr'><strong>orationem</strong></span> <span class='ocrx_word' id='word_1_914' title='bbox 2445 5649 2722 5706; x_wconf 82' lang='lat' dir='ltr'><strong>meamet</strong></span> <span class='ocrx_word' id='word_1_915' title='bbox 2776 5636 3212 5698; x_wconf 86' lang='lat' dir='ltr'><strong>misericordiam</strong></span> <span class='ocrx_word' id='word_1_916' title='bbox 3262 5645 3409 5684; x_wconf 73' lang='lat' dir='ltr'><strong>suam</strong></span> 
     </span>
    </p>
   </div>
   <div class='ocr_carea' id='block_1_119' title="bbox 1807 5754 2080 5795">
    <p class='ocr_par' dir='ltr' id='par_1_119' title="bbox 1807 5754 2080 5795">
     <span class='ocr_line' id='line_1_119' title="bbox 1807 5754 2080 5795; baseline 0.015 -4"><span class='ocrx_word' id='word_1_917' title='bbox 1807 5761 1824 5791; x_wconf 83' lang='grc'><strong>(</strong></span> <span class='ocrx_word' id='word_1_918' title='bbox 1864 5754 1891 5793; x_wconf 90' lang='lat' dir='ltr'><strong>a</strong></span> <span class='ocrx_word' id='word_1_919' title='bbox 1925 5756 2029 5795; x_wconf 91' lang='lat' dir='ltr'><strong>me.</strong></span> <span class='ocrx_word' id='word_1_920' title='bbox 2064 5764 2080 5795; x_wconf 74' lang='grc' dir='ltr'><strong><em>ι</em></strong></span> 
     </span>
    </p>
   </div>
  </div>
