3884 5758
485 451 583 506 471

1043 569 1493 630 ΕΝΑΒΠΑΤΙΟ.

549 663 824 719 Canticum
861 661 1071 733 malini,
1098 663 1150 718 id
1177 671 1280 730 est,
1306 662 1598 719 exsultatio
1624 671 1677 717 et
1711 661 1894 716 laetitia
1933 676 2059 731 ope—

479 754 708 811 rationis
735 753 904 817 bonae,
933 753 1138 809 scilicet
1169 753 1590 808 resurrectionis
1616 753 1829 808 Domini
1861 752 2054 808 nostri.

479 845 762 901 Canticum
797 845 1012 915 psalmi,
1034 854 1118 900 est
1139 845 1372 915 hymnus
1398 844 1696 913 spiritualis
1723 844 1964 899 scientia:
1991 859 2057 898 ex

479 935 736 1005 operibus
784 935 1014 1005 adeptze.
1064 934 1312 990 Psaltnus
1360 935 1579 1000 cantici,
1608 943 1699 990 est
1751 935 2060 1004 prtedicatio

480 1028 605 1083 boni
655 1028 836 1098 operis
883 1027 1165 1084 existentis
1202 1043 1300 1097 per
1345 1027 1587 1083 scientiae
1635 1037 1690 1082 et
1737 1027 2060 1098 cognitionis

485 1117 808 1171 doctrinam.
840 1115 991 1175 Hanc
1042 1116 1459 1177 exsultationem
1496 1117 1735 1174 continet
1782 1117 1870 1172 hic
1920 1117 2061 1187 psal-

479 1223 621 1274 mus,
646 1208 853 1265 scilicet
876 1209 1129 1279 gaudium
1159 1210 1616 1265 victoriosissima:
1653 1210 2061 1266 resurrectionis

479 1301 693 1357 Domini
725 1303 895 1358 nostri
922 1301 1046 1358 Jesu
1068 1302 1293 1368 Christi,
1321 1316 1442 1374 quae
1470 1302 1744 1370 praecessit
1772 1303 1825 1360 in
1862 1301 2058 1371 capite,

477 1401 530 1445 et
561 1400 820 1462 sequetur
865 1391 918 1448 in
953 1406 1204 1461 corpore,
1234 1391 1324 1446 hic
1347 1392 1399 1446 in
1430 1405 1524 1460 spe
1548 1400 1605 1445 et
1642 1391 1856 1445 tandem
1886 1390 1938 1444 in
1980 1405 2059 1445 re.

479 1482 629 1549 Hanc
659 1483 1073 1538 resurrectionis
1102 1497 1254 1553 spem
1281 1479 1451 1536 Judaei
1497 1480 1600 1536 sibi
1647 1480 1746 1535 soli
1799 1479 2062 1535 attribue-

475 1575 630 1640 bant,
662 1583 1050 1644 praesumentes
1099 1573 1166 1628 de
1215 1571 1421 1641 iustitia
1473 1571 1810 1635 meritorum,
1854 1585 2057 1637 praesu-

479 1672 689 1727 ruentes
711 1664 876 1720 etiam
907 1663 1047 1734 quod
1073 1664 1140 1718 de
1169 1677 1367 1734 genere
1403 1662 1834 1732 patriarcharum
1861 1670 1913 1716 et
1937 1675 2060 1731 pro-

476 1755 761 1824 phetarum
798 1763 984 1810 erant:
1009 1762 1063 1809 et
1086 1753 1152 1808 ad
1185 1752 1305 1807 illos
1325 1751 1468 1812 solos
1491 1751 1800 1822 specialiter
1828 1749 2057 1822 prophe-

478 1845 586 1900 tica
617 1845 760 1900 dicta
789 1844 993 1910 directa
1041 1851 1216 1902 erant.
1249 1840 1452 1908 Horum
1496 1842 1892 1901 contumaciam
1931 1855 2055 1910 pro-

1110 450 1369 507 REMIGII
1409 442 2063 504 ANTISSIODORENSIS

2171 447 2250 502 ιι).
2292 448 2490 510 rans.
2528 449 2568 521 ι.
2601 481 2669 492 -
2709 424 3134 521 Εχεςιετιωιζ

3645 448 3739 511 4τὲ

2084 573 2128 628 Α
2158 569 2246 638 cit,
2276 569 2440 626 multo
2472 569 2647 627 minus
2673 571 2766 628 tibi
2790 581 2973 642 parcet
2999 571 3185 644 (Ibid.)
3213 589 3227 626 :
3262 572 3356 643 qui
3388 588 3516 629 cum
3545 530 3742 630 steiilis

2158 675 2310 719 esses
2339 675 2434 728 per
2459 670 2728 728 naturam,
2755 662 2986 718 insertus
3014 678 3074 718 es
3096 663 3150 718 in
3177 663 3566 735 pinguedinem
3595 663 3740 719 oin.

2157 751 2526 822 Augustinus:
2565 771 2582 805 ι
2615 753 2837 810 Fratres
2861 755 2998 817 mei,
3054 755 3194 812 sicut
3221 771 3329 812 non
3356 765 3444 812 est
3483 757 3743 812 insultan-

2159 842 2284 898 dum
2321 844 2487 898 veteri
2517 842 2786 912 fraetum,
2822 846 2893 900 ita
2923 860 3022 902 nec
3051 853 3220 913 novae,
3257 847 3312 903 id
3339 857 3426 902 est
3453 847 3742 913 ἣξει-θύσει,

2159 934 2252 990 sed
2290 949 2387 1004 pro
2416 935 2496 991 eis
2531 937 2814 990 orandum.
2861 935 3058 992 Potens
3091 949 3166 994 est
3195 939 3334 994 enim
3371 938 3524 994 Deus
3563 941 3744 992 iterum

2159 1026 2384 1080 inserere
2425 1025 2542 1080 illos
2583 1025 2795 1097 (Ibid.).
2825 1027 3010 1084 Fusus
3027 1031 3246 1100 sanguis
3280 1031 3491 1087 Christi
3521 1031 3745 1086 donatus

2159 1122 2239 1168 est
2265 1114 2570 1180 homicidis,
2593 1130 2699 1170 non
2727 1115 2902 1170 dicam
2927 1117 3149 1173 deicidis
3177 1136 3190 1172 :
3222 1127 3278 1174 et
3303 1134 3468 1190 quem
3498 1119 3746 1174 fuderunt

2159 1219 2257 1274 per
2279 1204 2567 1271 insaniam,
2587 1205 2698 1275 jam
2726 1206 2914 1262 bibunt
2937 1223 3034 1278 per
3057 1209 3512 1265 misericordiam.
3545 1211 3748 1267 Revera

2162 1294 2397 1352 timenda
2435 1303 2561 1350 sunt
2584 1309 2746 1365 opera
2775 1304 2888 1362 tua,
2916 1297 3044 1369 quia
3079 1299 3134 1353 in
3169 1300 3516 1355 multitudine
3546 1303 3747 1356 virtutis

2162 1392 2267 1440 tute
2290 1386 2602 1440 mentientur
2628 1387 2722 1446 tibi
2747 1387 2948 1442 inimici
2974 1389 3072 1442 tui.
3099 1389 3203 1448 Alii
3230 1390 3438 1446 inimici
3461 1391 3534 1446 ad
3560 1393 3667 1448 hoc
3693 1393 3749 1448 de

2162 1476 2262 1531 sibi
2310 1479 2599 1535 contrariis
2641 1481 2995 1548 mentiuntur,
3025 1491 3084 1538 ut
3125 1499 3315 1540 eorum
3360 1487 3669 1557 potentiam
3705 1496 3751 1542 et

2161 1567 2386 1641 gloriam
2418 1569 2662 1626 minuant
2686 1588 2699 1625 :
2729 1573 2825 1627 sed
2847 1573 2922 1628 tui
2945 1573 3146 1630 inimici
3172 1575 3240 1630 ad
3262 1575 3367 1630 hoc
3393 1578 3749 1648 mentiuntur,

2162 1668 2222 1714 ut
2245 1661 2480 1716 emineat
2499 1661 2668 1717 virtus
2695 1672 2806 1717 tua.
2848 1662 2919 1717 In
2947 1663 3282 1720 multitudine
3308 1667 3520 1721 virtutis
3551 1678 3682 1731 tute,
3706 1667 3752 1720 id

2162 1756 2270 1812 est,
2295 1757 2354 1802 ιιι
2378 1749 2546 1805 multa
2573 1751 2894 1807 ostendatur
2933 1753 3124 1820 virtus,
3155 1754 3206 1810 id
3235 1764 3321 1810 est
3345 1755 3602 1826 potentia
3631 1765 3750 1808 tua:

2163 1841 2478 1896 mentiantur
2501 1843 2614 1909 tibi,
2664 1843 2716 1899 id
2744 1853 2829 1900 est
2855 1845 2922 1900 ad
2949 1845 3175 1916 gloriam
3205 1856 3356 1902 tuam
3389 1866 3404 1902 :
3433 1848 3646 1902 inimici
3665 1849 3748 1910 tsi,

478 1937 640 2008 pheta
666 1936 718 1990 in
749 1935 854 1999 hoc
902 1934 1110 2008 psalmo
1154 1934 1457 1999 contundit,
1484 1949 1649 2005 agens
1676 1949 1774 2003 pro
1801 1933 1906 1988 fide
1933 1947 2062 2004 gen-
2096 1954 2138 2012 Β
2165 1930 2332 1991 Judaei
2357 1949 2371 1987 :
2397 1933 2450 1987 in
2477 1933 2622 1989 nullo
2652 1942 2801 1990 tanta
2824 1945 2878 1991 et
2905 1945 3014 1992 tam
3040 1936 3330 1993 manifesta
3357 1938 3638 2008 apparuit
3659 1938 3752 1990 vir-

476 2017 615 2080 ‘tium
639 2036 956 2084 vocaturum
986 2025 1053 2080 ad
1079 2025 1326 2081 eamdem
1366 2041 1538 2096 spem.

545 2115 780 2174 Jubilate
819 2116 949 2182 Deo,
993 2119 1161 2172 omn's
1205 2128 1368 2184 terra,
1399 2127 1588 2172 vocata
1625 2116 1690 2170 ad
1722 2117 1946 2188 gloriam
1982 2132 2068 2172 re-

481 2208 854 2277 surrectionis.
890 2207 1099 2263 Jubilus
1124 2218 1208 2263 est
1234 2216 1380 2262 tanta
1428 2208 1610 2263 laetitia
1638 2209 1840 2272 cordis,
1868 2216 2068 2278 quanta

479 2298 661 2354 verbis
689 2298 921 2367 exprimi
949 2313 1054 2354 non
1083 2298 1270 2368 possit.
1297 2297 1481 2352 Omnis
1507 2309 1668 2364 terra,
1699 2299 1749 2353 id
1773 2309 1855 2359 est
1879 2299 2068 2361 catho-

481 2386 585 2441 lica
631 2385 875 2442 Ecclesia
921 2403 934 2440 :
974 2386 1220 2456 quisquis
1255 2395 1463 2456 partem
1492 2386 1660 2456 facit,
1709 2387 1981 2442 abscissus
2006 2386 2072 2440 de

483 2468 868 2543 toto,'ululare
914 2477 1059 2544 vult,
1103 2493 1208 2533 non
1241 2477 1490 2547 jubilare.
1534 2476 1806 2542 Jubilate,
1851 2477 1902 2532 id
1947 2485 2069 2556 est,

481 2571 749 2641 erumpite
779 2571 834 2626 in
873 2556 1056 2637 vocem
1092 2572 1432 2643 gaudiorum,
1469 2571 1512 2626 si
1555 2587 1658 2625 non
1699 2570 1926 2640 potestis
1950 2585 2072 2625 ver-

479 2661 706 2730 borum,
754 2676 858 2725 non
890 2660 1004 2715 sola
1041 2658 1256 2728 Iudaea,
1295 2661 1388 2716 sed
1421 2660 1588 2715 omnis
1631 2669 1771 2714 terra
1815 2660 1988 2730 posita
2018 2660 2069 2715 in

481 2765 576 2821 spe
603 2751 1018 2808 resurrectionis
1041 2751 1224 2822 glorise
1256 2750 1485 2805 filiorum
1511 2750 1626 2814 Dei,
1655 2751 1708 2804 in
1736 2751 1910 2820 capite
1936 2765 2072 2822 prte-

485 2841 692 2907 missa,
735 2842 884 2912 prius
929 2842 995 2897 de
1039 2850 1213 2897 morte
1257 2842 1426 2896 tristis
1484 2839 1752 2895 Psalmum
1790 2841 1945 2895 dicite
1978 2857 2076 2895 no-

482 2933 618 2986 mine
647 2933 783 3003 ejus,
825 2933 879 2986 id
907 2941 1022 2998 est,
1054 2933 1190 2987 bene
1219 2931 1520 3002 operamini
1550 2946 1652 2985 non
1684 2931 1749 2984 ad
1779 2932 2070 2985 humanam

484 3025 698 3080 laudem
720 3063 734 3091 ,
767 3024 860 3079 sed
893 3025 958 3079 ad
1004 3025 1263 3079 honorem
1304 3023 1418 3078 Dei.
1447 3022 1713 3086 Psallere,
1743 3030 1827 3077 est
1867 3023 2072 3077 musico

486 3115 850 3168 instrumento
887 3114 1043 3185 pulsu
1081 3128 1335 3166 manuum
1366 3112 1480 3166 voci
1525 3111 1851 3166 concordare
1885 3129 1898 3164 :
1931 3111 2072 3184 psal-

487 3219 609 3258 mus
653 3212 737 3258 est
776 3204 944 3260 melos
973 3203 1239 3258 redditum
1280 3217 1346 3256 ex
1395 3201 1485 3256 illo
1526 3202 1882 3257 instrumento
1929 3203 2070 3272 quod

2172 2033 2256 2077 tus
2286 2024 2401 2088 Dei,
2439 2039 2600 2095 quam
2636 2026 2691 2080 in
2730 2027 3143 2084 resurrectione.
3173 2027 3345 2099 Majus
3385 2028 3490 2083 fuit
3523 2045 3558 2084 a
3593 2039 3752 2084 morte

2171 2131 2472 2187 resurgere,
2499 2133 2660 2188 quam
2699 2133 2804 2174 non
2847 2119 3004 2174 mori.
3037 2119 3186 2174 Hanc
3216 2121 3472 2176 virtutem
3505 2122 3627 2190 ipse
3666 2122 3751 2175 Do-

2171 2206 2347 2262 minus
2386 2208 2535 2277 prius
2579 2208 2977 2264 commendavit
3015 2224 3136 2264 cum
3173 2209 3382 2264 diceret
3418 2225 3436 2264 :
3479 2208 3751 2266 Generatio

2169 2313 2330 2368 prava
2357 2308 2404 2352 et
2433 2314 2669 2367 perversa
2695 2299 2899 2369 signum
2926 2299 3136 2370 quaerit,
3163 2310 3211 2355 et
3237 2301 3450 2370 signum
3479 2318 3589 2354 non
3618 2299 3754 2354 dabi-

2171 2400 2258 2444 tur
2284 2390 2351 2456 ei,
2379 2390 2481 2445 nisi
2500 2391 2704 2462 signum
2726 2390 2878 2446 Jona:
2898 2391 3180 2462 prophetat.
3209 2389 3358 2446 Sicut
3381 2392 3488 2461 fuit
3513 2389 3685 2445 Jonas
3705 2393 3752 2444 in

2171 2488 2343 2533 ventre
2365 2481 2463 2533 ceti
2484 2480 2648 2534 tribus
2679 2480 2859 2535 diebus
2888 2489 2936 2535 et
2966 2481 3132 2535 tribus
3171 2482 3436 2546 noctibus,
3467 2483 3546 2535 sic
3577 2482 3675 2536 erit
3699 2481 3753 2549 ﬁ-

2172 2568 2273 2623 lius
2317 2569 2541 2624 hominis
2581 2570 2636 2624 in
2679 2571 2833 2625 corde
2877 2581 3030 2626 terra:
3067 2571 3230 2626 tribus
3269 2572 3458 2626 diebus
3503 2582 3556 2626 et
3602 2572 3751 2625 tribu

2173 2659 2410 2713 noctibus
2453 2657 2665 2731 (Matth.
2701 2675 2820 2726 xu;
2867 2658 3030 2714 Joan.
3079 2661 3162 2730 ιι).
3195 2659 3347 2716 Sicut
3397 2661 3554 2715 illum
3585 2661 3752 2715 vivum

2171 2760 2322 2806 cetus
2390 2751 2668 2819 evomuit,
2715 2752 2791 2806 ita
2834 2760 2890 2808 et
2939 2751 3213 2812 Christum
3253 2763 3400 2820 terra
3452 2771 3467 2807 :
3517 2761 3576 2807 et
3627 2753 3750 2808 inte.

2173 2841 2274 2896 rim
2325 2839 2568 2907 eamdem
2625 2841 2877 2898 virtutem
2938 2841 3350 2897 resurrectionis
3409 2843 3748 2900 command:-

2172 2931 2281 2994 vit,
2333 2946 2455 2986 cum
2505 2929 2672 2987 Judaei
2718 2929 3152 3001 quzererent,.1n
3196 2948 3299 3001 qua
3347 2941 3612 3000 potestate
3656 2932 3750 2985 hac

2173 3022 2304 3092 facis
2329 3025 2354 3075 ?
2385 3020 2598 3095 (Matth.
2642 3021 2782 3094 xu.)
2811 3022 2877 3076 Et
2907 3021 3032 3078 ille:
3084 3021 3278 3077 Solvite
3318 3021 3575 3091 templum
3628 3024 3748 3086 hoc,

2172 3121 2355 3182 etpost
2401 3112 2632 3166 triduum
2678 3111 3014 3167 resedilicabo
3058 3111 3189 3172 illud
3220 3109 3407 3182 (Joan.
3457 3112 3541 3180 ιι).
3586 3111 3750 3165 Incre-

2174 3204 2281 3278 duli
2334 3204 2502 3260 Judaei
2561 3203 2691 3259 visis
2739 3201 2921 3257 multis
2971 3201 3260 3262 virtutibus
3316 3201 3620 3272 multisque
3666 3200 3752 3255 mi—

486 3304 710 3350 vocatur
751 3294 1084 3364 psalterium.
1125 3291 1356 3349 Jubilate
1388 3292 1441 3347 in
1474 3292 1644 3360 vobis,
1692 3293 1950 3364 psalmum
1989 3295 2072 3352 di-
2098 3305 2142 3368 (ς
2175 3295 2403 3369 raculis,
2443 3310 2566 3351 cum
2611 3308 2804 3350 causas
2849 3292 3040 3348 mortis
3088 3293 3141 3346 in
3184 3306 3307 3345 eum
3355 3301 3672 3360 quaererent
3707 3299 3752 3344 et

487 3387 588 3442 cite
613 3387 679 3442 ad
706 3386 858 3444 alios.

558 3477 660 3546 Qui
689 3479 832 3533 intus
850 3477 1046 3549 jubilat
1071 3477 1140 3533 ad
1167 3476 1493 3532 audientiam
1522 3474 1638 3542 Dei,
1674 3475 1866 3547 psallat
1889 3477 1956 3532 ad
1979 3491 2074 3530 au-

487 3567 743 3624 dientiam
771 3569 1082 3624 hominum:
1108 3583 1214 3623 non
1238 3576 1416 3622 autem
1439 3566 1564 3633 sibi,
1588 3568 1679 3622 sed
1701 3567 1901 3621 nomini
1925 3565 2070 3634 ejus:

489 3672 547 3718 ut
569 3661 661 3718 alii
687 3663 929 3726 videntes
949 3680 1104 3734 opera
1136 3673 1305 3717 vestra
1344 3661 1498 3728 bona,
1529 3661 1816 3731 gloriﬁcent
1861 3659 2073 3713 Patrem

487 3765 712 3810 vestrum
748 3753 962 3826 (Matth.
995 3755 1071 3826 v).
1098 3753 1481 3822 Etjubilando,
1511 3753 1644 3807 Date
1684 3752 1902 3824 gloriam
1929 3751 2075 3806 laudi

489 3846 621 3916 ejus.
663 3846 768 3912 Qui
803 3847 1096 3917 gloriatur,
1141 3847 1193 3900 in
1225 3845 1447 3900 Domino
1492 3843 1743 3915 glorietur
1768 3843 1816 3916 (ι
1842 3842 1964 3898 Cor.
2008 3842 2071 3914 ι).

492 3923 621 4002 Vos,
658 3947 869 4009 gentes,
903 3937 1069 4010 nolite
1101 3936 1297 3992 imitari
1328 3934 1698 4006 superbientes
1721 3933 1952 3998 Judtcos,
1982 3931 2074 4002 qui

491 4031 560 4085 de
583 4028 791 4099 iustitia
827 4031 1140 4090 meritorum
1177 4037 1596 4101 praesumentes,
1625 4026 1862 4082 invident
1903 4025 2079 4098 genti-

489 4127 592 4180 bus
627 4124 858 4198 gratiam
889 4124 1164 4196 Evangelii
1188 4109 1206 4190 ,
1233 4123 1374 4193 quod
1402 4122 1480 4176 eis
1519 4131 1735 4192 peccata
1764 4119 2072 4176 condoneti-

489 4223 601 4277 ων,
639 4214 792 4285 quasi
837 4229 943 4270 non
981 4215 1216 4268 habeant
1255 4211 1396 4286 quod
1437 4213 1516 4267 eis
1560 4211 1910 4280 condonetur,
1951 4223 2072 4264 cum

492 4319 670 4364 tamen
698 4308 958 4378 scriptum
982 4308 1052 4364 sit
1079 4323 1093 4361 :
1122 4305 1314 4363 Omnes
1337 4308 1472 4374 enim
1493 4315 1832 4379 peccaverunt
1859 4314 1908 4359 et
1926 4313 2074 4375 egent

487 4398 656 4468 gloria
710 4398 806 4454 Dei
856 4397 1029 4472 (Rom.
1084 4398 1208 4471 In);
1259 4408 1314 4453 et
1363 4407 1614 4470 tanquam
1661 4397 1792 4469 justi
1839 4395 2072 4467 operarii

491 4503 662 4558 Ipsam
696 4490 1114 4546 resurrectionis
1145 4489 1369 4560 gloriam
1402 4483 1680 4560 praemium
1717 4488 1818 4543 sibi
1851 4487 2074 4559 proruit-

491 4587 630 4643 tunt,
659 4587 850 4656 putant
877 4594 936 4634 se
977 4594 1096 4635 esse
1125 4594 1287 4636 sanos
1310 4594 1429 4634 cum
1464 4579 1572 4635 sint
1599 4587 1922 4651 aegrotantes
1948 4596 1960 4632 :
1993 4588 2078 4640 at:

2177 3405 2283 3458 non
2311 3387 2632 3454 invenirent,
2663 3385 2999 3439 adduxerunt
3030 3382 3230 3437 multos
3265 3379 3435 3436 falsos
3474 3390 3664 3442 testes,
3693 3378 3751 3432 ad

2177 3481 2423 3536 ultimum
2485 3478 2823 3532 adduxerunt
2871 3475 2990 3531 illos
3033 3475 3126 3544 qui
3170 3473 3417 3552 dicerent
3470 3491 3486 3528 :
3536 3471 3752 3526 Possunt

2175 3571 2439 3636 destruere
2480 3568 2726 3639 templum
2760 3566 2922 3633 istud,
2957 3577 3004 3621 et
3029 3575 3142 3636 post
3170 3565 3407 3618 triduum
3439 3564 3753 3631 rea'diﬁcare

2174 3661 2307 3716 illud
2333 3659 2547 3732 (Matth.
2589 3658 2757 3730 aut).
2797 3657 3129 3732 Augustinus
3159 3674 3171 3709 :
3210 3655 3476 3718 Mentiris,
3509 3669 3544 3708 ο
3579 3652 3752 3708 Iudae

2176 3753 2309 3808 false
2337 3752 2488 3818 testis
2519 3769 2532 3806 :
2561 3751 2694 3822 dixit
2719 3749 2884 3816 enim,
2912 3747 3107 3804 Solvite
3131 3765 3144 3801 :
3173 3746 3480 3815 voluntarie
3510 3745 3749 3808 moritur,

2176 3860 2282 3900 non
2312 3843 2635 3899 necessitate
2668 3861 2682 3897 :
2713 3841 2857 3912 ponit
2896 3841 3147 3903 animam,
3180 3854 3329 3892 nemo
3360 3837 3518 3901 tollit.
3552 3834 3750 3892 Mentiti

2175 3946 2303 3993 sunt
2329 3919 2480 4007 ergo,
2505 3943 2562 3988 ut
2589 3931 2984 4003 crucifigereris
3011 3949 3024 3985 :
3059 3930 3178 3985 ideo
3213 3928 3532 3995 cruciﬁxus,
3560 3937 3623 3981 ut
3653 3941 3751 3980 mo-

2174 4027 2376 4084 rereris
2407 4043 2421 4095 ;
2456 4027 2576 4082 ideo
2601 4033 2866 4100 mortuus,
2891 4033 2951 4078 ut
2980 4036 3295 4101 res'ttrgeres
3335 4039 3349 4076 :
3386 4018 3750 4081 resurrexisti,

2174 4130 2235 4176 ut
2273 4120 2557 4176 credentes
2587 4118 2946 4174 salvarentur.
2989 4113 3186 4172 lterum
3232 4121 3285 4168 te
3331 4112 3598 4168 moriente
3642 4119 3692 4165 et
3723 4124 3749 4160 a

2175 4221 2350 4267 morte
2391 4218 2723 4278 resurgente,
2765 4205 2975 4266 mentiti
3021 4213 3148 4266 sunt
3190 4219 3296 4259 non
3342 4203 3468 4266 sibi,
3505 4202 3598 4257 sed
3645 4199 3748 4254 tibi.

2174 4300 2380 4358 Inimici
2426 4300 2500 4355 tui
2534 4299 2694 4370 positi
2741 4306 2864 4353 sunt
2910 4295 3162 4364 custodes
3197 4294 3264 4349 ad
3304 4293 3640 4363 sepulcrum.
3671 4287 3748 4344 Vi-

2175 4392 2362 4452 dentes
2391 4406 2513 4446 eum
2555 4402 2859 4458 resurgere,
2899 4386 3152 4449 dixerunt
3188 4383 3519 4451 veritatem;
3548 4381 3645 4436 sed
3671 4394 3747 4434 ea-

2174 4483 2297 4540 dem
2343 4481 2568 4539 avaritia
2611 4495 2732 4550 qua:
2787 4475 3080 4552 captivavit
3133 4473 3460 4544 discipulum
3510 4471 3750 4525 comitem

2173 4573 2401 4638 Christi,
2431 4571 2720 4642 eaptivavit
2769 4567 2996 4624 militem
3041 4564 3322 4632 custodem
3370 4561 3627 4634 sepulcri.
3655 4561 3749 4613 Au-

491 4679 596 4740 quc
637 4671 756 4726 ideo
786 4672 1142 4741 periculosius
1170 4681 1452 4744 aegrotant,
1479 4671 1572 4742 qui
1615 4671 1658 4726 si
1696 4670 1879 4726 mitius
1906 4686 2075 4742 :egro-
2109 4690 2154 4747 υ
2179 4675 2298 4722 ctus
2321 4672 2405 4718 est
2429 4675 2684 4717 numerus
2708 4656 3081 4714 mentientium
3107 4661 3168 4709 ut
3189 4659 3484 4747 augeretur
3507 4659 3747 4747 numerus

493 4771 695 4828 tarent,
726 4779 998 4834 nunquam
1025 4765 1321 4836 phrenetici
1353 4755 1584 4820 medium
1612 4764 1939 4819 occiderent.
1972 4763 2076 4819 Sed

498 4852 618 4907 slate
637 4851 858 4923 gloriam
883 4853 1028 4908 laudi
1058 4856 1196 4925 ejus,
1229 4855 1280 4910 id
1301 4849 1406 4921 est,
1429 4855 1713 4926 dejustitin
1739 4855 1903 4910 nolite
1926 4854 2077 4909 nobis

494 4943 716 5012 gloriam
749 4945 899 5010 dare,
933 4948 1026 5000 sed
1058 4946 1186 5000 Deo.
1213 4933 1592 5003 Jubilantes'et
1635 4949 1946 5019 gaudentes,
1978 4961 2074 5001 no-

495 5032 588 5088 lite
611 5034 764 5089 vobis
788 5035 1020 5104 gaudere
1039 5078 1053 5102 ,
1096 5052 1162 5090 ne
1187 5052 1284 5107 per
1311 5037 1614 5108 superbiam
1643 5038 1907 5094 amittatis
1936 5038 2076 5106 quod

493 5140 590 5193 per
628 5125 990 5182 humilitatem
1028 5128 1347 5196 accepistis,
1393 5127 1486 5183 sed
1528 5129 1704 5197 potius
1747 5126 2075 5203 terreamini,

495 5217 737 5272 videntes
763 5218 896 5273 alios
921 5233 1017 5290 per
1044 5219 1354 5290 superbiam
1380 5217 1618 5287 abiectos
1649 5235 1660 5270 :
1689 5219 1865 5282 dicite,
1891 5233 1994 5278 non
2025 5215 2077 5284 in

495 5323 612 5373 orc,
643 5311 736 5364 sed
764 5311 815 5364 in
845 5313 1008 5366 corde
1038 5311 1168 5374 Deo,
1195 5309 1244 5363 id
1275 5318 1380 5374 est,
1407 5309 1473 5362 ad
1505 5307 1713 5380 laudem
1745 5307 1837 5361 Dei
1865 5325 1878 5360 :
1907 5307 2080 5376 Quam

499 5401 752 5454 terribilia
781 5411 904 5455 sunt
931 5418 1087 5472 opera
1117 5411 1230 5465 tua,
1262 5399 1504 5463 Domine,
1533 5398 1582 5452 id
1611 5408 1708 5461 est,
1742 5415 1863 5455 cum
1891 5400 2083 5468 timore

509 5497 548 5507 -.
597 5497 606 5504 .
650 5504 755 5514 ,μμ
1017 5506 1028 5510 υ
1176 5489 1349 5531 λ--νονη
1377 5487 1692 5542 operamini.

1967 5578 2086 5614 Μαιιὸ

2180 4755 2514 4811 credentium
2545 4770 2558 4806 :
2587 4761 2775 4807 contra
2815 4749 3102 4804 mendaces
3130 4743 3428 4816 apparuisti
3457 4741 3742 4800 veracibus.

2181 4847 2272 4903 sed
2295 4862 2430 4916 quos
2447 4854 2501 4899 tu
2526 4844 2718 4898 fecisti.
2745 4840 3105 4913 Augustinus:
3137 4856 3155 4890 ι
3187 4837 3323 4908 Age,
3347 4835 3486 4890 false
3510 4833 3678 4889 testis.
3698 4830 3745 4887 Si

2183 4938 2468 5009 vigilabas,
2493 4949 2660 5006 quare
2679 4949 2783 4987 non
2816 4929 3174 5001 prohibebas?
3195 4925 3252 4982 Si
3276 4925 3607 4986 dormiebas,
3625 4919 3745 4976 unde

2182 5030 2292 5085 scis
2309 5028 2454 5099 quod
2475 5027 2677 5081 factum
2701 5023 2810 5078 sit?
2839 5043 2856 5075 I
2880 5019 3124 5075 Mentiris
3149 5017 3245 5072 tibi
3275 5025 3330 5072 et
3352 5015 3596 5072 Christo.
3621 5011 3740 5072 leu-

2186 5123 2326 5189 tiris,
2351 5121 2447 5175 sed
2479 5134 2563 5173 me
2590 5119 2656 5172 de
2677 5131 2802 5172 vera
2818 5114 3056 5186 potentia
3079 5121 3287 5168 certum
3316 5109 3472 5164 facis.
3493 5107 3741 5162 Dubitatuo

2189 5229 2280 5286 rus
2302 5189 2530 5266 fortasse
2556 5208 2762 5263 fueram
2791 5227 2802 5260 :
2830 5207 2923 5260 sed
2947 5220 3050 5259 non
3080 5201 3211 5257 sinit
3239 5199 3532 5254 manifesta
3560 5195 3742 5251 falsitas

2189 5313 2298 5363 tua,
2352 5317 2450 5372 nec
2501 5315 2718 5370 possum
2769 5313 2801 5351 a
2848 5305 2994 5350 tanta
3037 5293 3275 5349 falsitate
3316 5307 3427 5347 non
3460 5289 3740 5346 dissentire.

2190 5393 2328 5464 Ergo
2353 5408 2452 5463 pro
2489 5391 2666 5449 ablata
2691 5389 2872 5444 Judaea
2899 5389 3066 5443 omnis
3095 5397 3232 5440 terra
3267 5385 3454 5439 adoret
3482 5395 3553 5452 te,
3580 5381 3630 5436 id
3655 5387 3739 5440 est,

2191 5495 2242 5537 te
2279 5490 2566 5550 veneretur
2591 5490 2647 5534 ul
2691 5481 2880 5544 Deum,
2908 5493 3013 5532 non
3049 5483 3362 5531 contemnat
3388 5482 3449 5528 ut
3475 5472 3742 5530 hominem.
3829 5549 3831 5551 ι

2192 5573 2318 5638 (illia
2348 5588 2472 5626 Dal‘S
2503 5580 2662 5626 terrae
2706 5569 2933 5624 adhaesit
2973 5565 3269 5620 mendacio,
3320 5577 3404 5598 αα·
3438 5577 3454 5582 δ
3711 5552 3721 5556 ”
