  <div class='ocr_page' id='page_1' title='image "/cluster/home/n/w/nwhite01/storage/ocr_20150623/131/hvd.32044015471725/242.png"; bbox 0 0 3884 5452; ppageno 0'>
   <div class='ocr_carea' id='block_1_1' title="bbox 134 442 239 499">
    <p class='ocr_par' dir='ltr' id='par_1_1' title="bbox 134 442 239 499">
     <span class='ocr_line' id='line_1_1' title="bbox 134 442 239 499; baseline 0.038 -5"><span class='ocrx_word' id='word_1_1' title='bbox 134 442 239 499; x_wconf 67' lang='lat'><strong>£73</strong></span> 
     </span>
    </p>
   </div>
   <div class='ocr_carea' id='block_1_2' title="bbox 1251 447 2251 515">
    <p class='ocr_par' dir='ltr' id='par_1_2' title="bbox 1251 447 2251 515">
     <span class='ocr_line' id='line_1_2' title="bbox 1251 447 2251 515; baseline 0.01 -12"><span class='ocrx_word' id='word_1_2' title='bbox 1251 447 1781 508; x_wconf 78' lang='lat' dir='ltr'><strong>ENARRATIONES</strong></span> <span class='ocrx_word' id='word_1_3' title='bbox 1819 452 1883 509; x_wconf 84' lang='lat' dir='ltr'><strong>IN</strong></span> <span class='ocrx_word' id='word_1_4' title='bbox 1921 454 2251 515; x_wconf 84' lang='lat' dir='ltr'><strong>PSALMOS.</strong></span> 
     </span>
    </p>
   </div>
   <div class='ocr_carea' id='block_1_3' title="bbox 3290 474 3395 531">
    <p class='ocr_par' dir='ltr' id='par_1_3' title="bbox 3290 474 3395 531">
     <span class='ocr_line' id='line_1_3' title="bbox 3290 474 3395 531; baseline 0.019 -2"><span class='ocrx_word' id='word_1_5' title='bbox 3290 474 3395 531; x_wconf 66' lang='grc'><strong>471</strong></span> 
     </span>
    </p>
   </div>
   <div class='ocr_carea' id='block_1_4' title="bbox 125 548 3395 645">
    <p class='ocr_par' dir='ltr' id='par_1_4' title="bbox 125 548 3395 645">
     <span class='ocr_line' id='line_1_4' title="bbox 125 548 3395 645; baseline 0.009 -35"><span class='ocrx_word' id='word_1_6' title='bbox 125 556 343 610; x_wconf 81' lang='lat' dir='ltr'><strong>Adorct</strong></span> <span class='ocrx_word' id='word_1_7' title='bbox 387 572 500 621; x_wconf 88' lang='lat' dir='ltr'><strong>ore,</strong></span> <span class='ocrx_word' id='word_1_8' title='bbox 530 566 576 610; x_wconf 87' lang='lat' dir='ltr'><strong>et</strong></span> <span class='ocrx_word' id='word_1_9' title='bbox 610 556 800 627; x_wconf 85' lang='lat' dir='ltr'><strong>psallat</strong></span> <span class='ocrx_word' id='word_1_10' title='bbox 848 548 1031 627; x_wconf 87' lang='lat' dir='ltr'><strong>opere,</strong></span> <span class='ocrx_word' id='word_1_11' title='bbox 1058 558 1169 625; x_wconf 89' lang='lat' dir='ltr'><strong>tibi,</strong></span> <span class='ocrx_word' id='word_1_12' title='bbox 1220 576 1324 614; x_wconf 92' lang='lat' dir='ltr'><strong>non</strong></span> <span class='ocrx_word' id='word_1_13' title='bbox 1371 562 1470 615; x_wconf 89' lang='lat' dir='ltr'><strong>sibi</strong></span> <span class='ocrx_word' id='word_1_14' title='bbox 1505 581 1518 615; x_wconf 87' lang='lat'><strong>:</strong></span> <span class='ocrx_word' id='word_1_15' title='bbox 1549 570 1607 615; x_wconf 92' lang='lat' dir='ltr'><strong>ut</strong></span> <span class='ocrx_word' id='word_1_16' title='bbox 1637 562 1716 614; x_wconf 85' lang='lat' dir='ltr'><strong>vi-</strong></span> <span class='ocrx_word' id='word_1_17' title='bbox 1751 565 1798 624; x_wconf 79' lang='grc' dir='ltr'>Α</span> <span class='ocrx_word' id='word_1_18' title='bbox 1827 564 2052 633; x_wconf 84' lang='lat' dir='ltr'><strong>dandus,</strong></span> <span class='ocrx_word' id='word_1_19' title='bbox 2098 571 2147 624; x_wconf 91' lang='lat' dir='ltr'><strong>in</strong></span> <span class='ocrx_word' id='word_1_20' title='bbox 2185 585 2292 639; x_wconf 88' lang='lat' dir='ltr'><strong>quo</strong></span> <span class='ocrx_word' id='word_1_21' title='bbox 2333 586 2521 627; x_wconf 90' lang='lat' dir='ltr'><strong>omnes</strong></span> <span class='ocrx_word' id='word_1_22' title='bbox 2562 582 2749 645; x_wconf 79' lang='lat' dir='ltr'><strong>gentes</strong></span> <span class='ocrx_word' id='word_1_23' title='bbox 2796 579 3227 636; x_wconf 81' lang='lat' dir='ltr'><strong>benedictionem</strong></span> <span class='ocrx_word' id='word_1_24' title='bbox 3253 585 3395 639; x_wconf 88' lang='lat' dir='ltr'><strong>acci-</strong></span> 
     </span>
    </p>
   </div>
   <div class='ocr_carea' id='block_1_5' title="bbox 124 646 1715 721">
    <p class='ocr_par' dir='ltr' id='par_1_5' title="bbox 124 646 1715 721">
     <span class='ocr_line' id='line_1_5' title="bbox 124 646 1715 721; baseline 0.001 -22"><span class='ocrx_word' id='word_1_25' title='bbox 124 647 329 701; x_wconf 83' lang='lat' dir='ltr'><strong>dentes</strong></span> <span class='ocrx_word' id='word_1_26' title='bbox 351 646 490 700; x_wconf 86' lang='lat' dir='ltr'><strong>bona</strong></span> <span class='ocrx_word' id='word_1_27' title='bbox 519 661 699 715; x_wconf 80' lang='lat' dir='ltr'><strong>opera,</strong></span> <span class='ocrx_word' id='word_1_28' title='bbox 728 646 1031 717; x_wconf 85' lang='lat' dir='ltr'><strong>gloriﬁcent</strong></span> <span class='ocrx_word' id='word_1_29' title='bbox 1055 657 1127 703; x_wconf 92' lang='lat' dir='ltr'><strong>te.</strong></span> <span class='ocrx_word' id='word_1_30' title='bbox 1158 649 1225 704; x_wconf 87' lang='lat' dir='ltr'><strong>Et</strong></span> <span class='ocrx_word' id='word_1_31' title='bbox 1254 652 1395 721; x_wconf 90' lang='lat' dir='ltr'><strong>quod</strong></span> <span class='ocrx_word' id='word_1_32' title='bbox 1428 661 1478 706; x_wconf 92' lang='lat' dir='ltr'><strong>te</strong></span> <span class='ocrx_word' id='word_1_33' title='bbox 1507 653 1715 718; x_wconf 63' lang='lat' dir='ltr'><strong>adorat,</strong></span> 
     </span>
    </p>
   </div>
   <div class='ocr_carea' id='block_1_6' title="bbox 123 736 1719 809">
    <p class='ocr_par' dir='ltr' id='par_1_6' title="bbox 123 736 1719 809">
     <span class='ocr_line' id='line_1_6' title="bbox 123 736 1719 809; baseline 0.003 -20"><span class='ocrx_word' id='word_1_34' title='bbox 123 736 234 790; x_wconf 76' lang='lat' dir='ltr'><strong>tibi</strong></span> <span class='ocrx_word' id='word_1_35' title='bbox 269 736 469 805; x_wconf 82' lang='lat' dir='ltr'><strong>psallit,</strong></span> <span class='ocrx_word' id='word_1_36' title='bbox 498 736 621 804; x_wconf 79' lang='lat' dir='ltr'><strong>quia</strong></span> <span class='ocrx_word' id='word_1_37' title='bbox 651 737 838 806; x_wconf 61' lang='lat' dir='ltr'><strong>gratia:</strong></span> <span class='ocrx_word' id='word_1_38' title='bbox 868 745 972 792; x_wconf 64' lang='lat' dir='ltr'><strong>tua!</strong></span> <span class='ocrx_word' id='word_1_39' title='bbox 1000 747 1104 804; x_wconf 90' lang='lat' dir='ltr'><strong>est,</strong></span> <span class='ocrx_word' id='word_1_40' title='bbox 1134 739 1260 795; x_wconf 89' lang='lat' dir='ltr'><strong>inde</strong></span> <span class='ocrx_word' id='word_1_41' title='bbox 1288 739 1547 809; x_wconf 86' lang='lat' dir='ltr'><strong>psalmum</strong></span> <span class='ocrx_word' id='word_1_42' title='bbox 1576 741 1719 794; x_wconf 87' lang='lat' dir='ltr'><strong>dicat</strong></span> 
     </span>
    </p>
   </div>
   <div class='ocr_carea' id='block_1_7' title="bbox 121 825 1718 895">
    <p class='ocr_par' dir='ltr' id='par_1_7' title="bbox 121 825 1718 895">
     <span class='ocr_line' id='line_1_7' title="bbox 121 825 1718 895; baseline 0.003 -17"><span class='ocrx_word' id='word_1_43' title='bbox 121 825 337 879; x_wconf 76' lang='lat' dir='ltr'><strong>nomini</strong></span> <span class='ocrx_word' id='word_1_44' title='bbox 387 836 497 880; x_wconf 89' lang='lat' dir='ltr'><strong>tuo.</strong></span> <span class='ocrx_word' id='word_1_45' title='bbox 528 826 707 881; x_wconf 83' lang='lat' dir='ltr'><strong>Venite</strong></span> <span class='ocrx_word' id='word_1_46' title='bbox 745 827 813 881; x_wconf 88' lang='lat' dir='ltr'><strong>ab</strong></span> <span class='ocrx_word' id='word_1_47' title='bbox 855 828 1000 883; x_wconf 90' lang='lat' dir='ltr'><strong>omni</strong></span> <span class='ocrx_word' id='word_1_48' title='bbox 1040 838 1181 883; x_wconf 87' lang='lat' dir='ltr'><strong>terra</strong></span> <span class='ocrx_word' id='word_1_49' title='bbox 1229 830 1521 895; x_wconf 86' lang='lat' dir='ltr'><strong>credendo,</strong></span> <span class='ocrx_word' id='word_1_50' title='bbox 1554 830 1718 885; x_wconf 87' lang='lat' dir='ltr'><strong>relin-</strong></span> 
     </span>
    </p>
   </div>
   <div class='ocr_carea' id='block_1_8' title="bbox 121 916 1721 992">
    <p class='ocr_par' dir='ltr' id='par_1_8' title="bbox 121 916 1721 992">
     <span class='ocr_line' id='line_1_8' title="bbox 121 916 1721 992; baseline 0.006 -24"><span class='ocrx_word' id='word_1_51' title='bbox 121 916 290 985; x_wconf 86' lang='lat' dir='ltr'><strong>quite</strong></span> <span class='ocrx_word' id='word_1_52' title='bbox 322 918 647 972; x_wconf 82' lang='lat' dir='ltr'><strong>mentientes</strong></span> <span class='ocrx_word' id='word_1_53' title='bbox 671 916 884 973; x_wconf 71' lang='lat' dir='ltr'><strong>Judteos</strong></span> <span class='ocrx_word' id='word_1_54' title='bbox 907 936 921 973; x_wconf 88' lang='lat'><strong>:</strong></span> <span class='ocrx_word' id='word_1_55' title='bbox 950 930 996 973; x_wconf 89' lang='lat' dir='ltr'><strong>et</strong></span> <span class='ocrx_word' id='word_1_56' title='bbox 1024 921 1204 986; x_wconf 82' lang='lat' dir='ltr'><strong>videte,</strong></span> <span class='ocrx_word' id='word_1_57' title='bbox 1231 921 1281 975; x_wconf 90' lang='lat' dir='ltr'><strong>id</strong></span> <span class='ocrx_word' id='word_1_58' title='bbox 1308 931 1411 987; x_wconf 87' lang='lat' dir='ltr'><strong>est,</strong></span> <span class='ocrx_word' id='word_1_59' title='bbox 1445 921 1721 992; x_wconf 88' lang='lat' dir='ltr'><strong>intelligitc</strong></span> 
     </span>
    </p>
   </div>
   <div class='ocr_carea' id='block_1_9' title="bbox 120 1006 1720 1082">
    <p class='ocr_par' dir='ltr' id='par_1_9' title="bbox 120 1006 1720 1082">
     <span class='ocr_line' id='line_1_9' title="bbox 120 1006 1720 1082; baseline 0.006 -25"><span class='ocrx_word' id='word_1_60' title='bbox 120 1021 295 1073; x_wconf 84' lang='lat' dir='ltr'><strong>opera</strong></span> <span class='ocrx_word' id='word_1_61' title='bbox 334 1006 564 1072; x_wconf 87' lang='lat' dir='ltr'><strong>Domini,</strong></span> <span class='ocrx_word' id='word_1_62' title='bbox 598 1008 713 1082; x_wconf 64' lang='lat' dir='ltr'><strong>hgec</strong></span> <span class='ocrx_word' id='word_1_63' title='bbox 758 1008 964 1064; x_wconf 86' lang='lat' dir='ltr'><strong>scilicet</strong></span> <span class='ocrx_word' id='word_1_64' title='bbox 1015 1027 1029 1062; x_wconf 86' lang='lat'><strong>:</strong></span> <span class='ocrx_word' id='word_1_65' title='bbox 1076 1010 1346 1066; x_wconf 82' lang='lat' dir='ltr'><strong>Terribilis</strong></span> <span class='ocrx_word' id='word_1_66' title='bbox 1394 1014 1447 1065; x_wconf 88' lang='lat' dir='ltr'><strong>in</strong></span> <span class='ocrx_word' id='word_1_67' title='bbox 1489 1012 1720 1066; x_wconf 76' lang='lat' dir='ltr'><strong>consiliis</strong></span> 
     </span>
    </p>
   </div>
   <div class='ocr_carea' id='block_1_10' title="bbox 116 1096 1722 1172">
    <p class='ocr_par' dir='ltr' id='par_1_10' title="bbox 116 1096 1722 1172">
     <span class='ocr_line' id='line_1_10' title="bbox 116 1096 1722 1172; baseline 0.007 -27"><span class='ocrx_word' id='word_1_68' title='bbox 116 1110 293 1163; x_wconf 78' lang='lat' dir='ltr'><strong>super</strong></span> <span class='ocrx_word' id='word_1_69' title='bbox 307 1096 447 1163; x_wconf 80' lang='lat' dir='ltr'><strong>ﬁlios</strong></span> <span class='ocrx_word' id='word_1_70' title='bbox 466 1098 753 1152; x_wconf 80' lang='lat' dir='ltr'><strong>hominum.</strong></span> <span class='ocrx_word' id='word_1_71' title='bbox 770 1098 847 1154; x_wconf 88' lang='lat' dir='ltr'><strong>Ne</strong></span> <span class='ocrx_word' id='word_1_72' title='bbox 868 1100 1156 1155; x_wconf 83' lang='lat' dir='ltr'><strong>attendatis</strong></span> <span class='ocrx_word' id='word_1_73' title='bbox 1176 1100 1406 1155; x_wconf 90' lang='lat' dir='ltr'><strong>formam</strong></span> <span class='ocrx_word' id='word_1_74' title='bbox 1432 1118 1535 1172; x_wconf 89' lang='lat' dir='ltr'><strong>qua</strong></span> <span class='ocrx_word' id='word_1_75' title='bbox 1559 1103 1722 1157; x_wconf 90' lang='lat' dir='ltr'><strong>homo</strong></span> 
     </span>
    </p>
   </div>
   <div class='ocr_carea' id='block_1_11' title="bbox 118 1185 1722 1264">
    <p class='ocr_par' dir='ltr' id='par_1_11' title="bbox 118 1185 1722 1264">
     <span class='ocr_line' id='line_1_11' title="bbox 118 1185 1722 1264; baseline 0.004 -25"><span class='ocrx_word' id='word_1_76' title='bbox 118 1185 279 1241; x_wconf 84' lang='lat' dir='ltr'><strong>inter</strong></span> <span class='ocrx_word' id='word_1_77' title='bbox 328 1188 596 1253; x_wconf 87' lang='lat' dir='ltr'><strong>homines,</strong></span> <span class='ocrx_word' id='word_1_78' title='bbox 641 1191 734 1243; x_wconf 89' lang='lat' dir='ltr'><strong>sed</strong></span> <span class='ocrx_word' id='word_1_79' title='bbox 782 1189 1063 1244; x_wconf 86' lang='lat' dir='ltr'><strong>consilium</strong></span> <span class='ocrx_word' id='word_1_80' title='bbox 1119 1192 1362 1247; x_wconf 85' lang='lat' dir='ltr'><strong>terribile</strong></span> <span class='ocrx_word' id='word_1_81' title='bbox 1406 1208 1514 1262; x_wconf 90' lang='lat' dir='ltr'><strong>quo</strong></span> <span class='ocrx_word' id='word_1_82' title='bbox 1560 1209 1722 1264; x_wconf 86' lang='lat' dir='ltr'><strong>super</strong></span> 
     </span>
    </p>
   </div>
   <div class='ocr_carea' id='block_1_12' title="bbox 114 1276 1718 1351">
    <p class='ocr_par' dir='ltr' id='par_1_12' title="bbox 114 1276 1718 1351">
     <span class='ocr_line' id='line_1_12' title="bbox 114 1276 1718 1351; baseline 0.006 -23"><span class='ocrx_word' id='word_1_83' title='bbox 114 1276 405 1332; x_wconf 77' lang='lat' dir='ltr'><strong>homines.</strong></span> <span class='ocrx_word' id='word_1_84' title='bbox 454 1278 574 1333; x_wconf 85' lang='lat' dir='ltr'><strong>Filii</strong></span> <span class='ocrx_word' id='word_1_85' title='bbox 630 1279 907 1334; x_wconf 88' lang='lat' dir='ltr'><strong>hominum</strong></span> <span class='ocrx_word' id='word_1_86' title='bbox 965 1280 1379 1351; x_wconf 81' lang='lat' dir='ltr'><strong>cruciﬁgentes,</strong></span> <span class='ocrx_word' id='word_1_87' title='bbox 1432 1283 1718 1345; x_wconf 68' lang='lat' dir='ltr'><strong>excmcati;</strong></span> 
     </span>
    </p>
   </div>
   <div class='ocr_carea' id='block_1_13' title="bbox 116 1366 1719 1440">
    <p class='ocr_par' dir='ltr' id='par_1_13' title="bbox 116 1366 1719 1440">
     <span class='ocr_line' id='line_1_13' title="bbox 116 1366 1719 1440; baseline 0.004 -20"><span class='ocrx_word' id='word_1_88' title='bbox 116 1366 446 1432; x_wconf 77' lang='lat' dir='ltr'><strong>cruciﬁxus,</strong></span> <span class='ocrx_word' id='word_1_89' title='bbox 492 1379 575 1424; x_wconf 91' lang='lat' dir='ltr'><strong>est</strong></span> <span class='ocrx_word' id='word_1_90' title='bbox 622 1369 921 1435; x_wconf 76' lang='lat' dir='ltr'><strong>exaltatus:</strong></span> <span class='ocrx_word' id='word_1_91' title='bbox 970 1385 1093 1440; x_wconf 62' lang='lat' dir='ltr'><strong>quae</strong></span> <span class='ocrx_word' id='word_1_92' title='bbox 1137 1372 1214 1426; x_wconf 89' lang='lat' dir='ltr'><strong>illi</strong></span> <span class='ocrx_word' id='word_1_93' title='bbox 1262 1371 1433 1426; x_wconf 91' lang='lat' dir='ltr'><strong>moliti</strong></span> <span class='ocrx_word' id='word_1_94' title='bbox 1488 1383 1613 1427; x_wconf 90' lang='lat' dir='ltr'><strong>sunt</strong></span> <span class='ocrx_word' id='word_1_95' title='bbox 1666 1373 1719 1426; x_wconf 92' lang='lat' dir='ltr'><strong>iu</strong></span> 
     </span>
    </p>
   </div>
   <div class='ocr_carea' id='block_1_14' title="bbox 116 1460 1716 1530">
    <p class='ocr_par' dir='ltr' id='par_1_14' title="bbox 116 1460 1716 1530">
     <span class='ocr_line' id='line_1_14' title="bbox 116 1460 1716 1530; baseline 0.006 -21"><span class='ocrx_word' id='word_1_96' title='bbox 116 1466 363 1512; x_wconf 81' lang='lat' dir='ltr'><strong>mortem</strong></span> <span class='ocrx_word' id='word_1_97' title='bbox 390 1460 571 1523; x_wconf 86' lang='lat' dir='ltr'><strong>unius,</strong></span> <span class='ocrx_word' id='word_1_98' title='bbox 601 1462 702 1515; x_wconf 88' lang='lat' dir='ltr'><strong>iste</strong></span> <span class='ocrx_word' id='word_1_99' title='bbox 728 1462 995 1516; x_wconf 88' lang='lat' dir='ltr'><strong>convertit</strong></span> <span class='ocrx_word' id='word_1_100' title='bbox 1026 1462 1079 1517; x_wconf 92' lang='lat' dir='ltr'><strong>in</strong></span> <span class='ocrx_word' id='word_1_101' title='bbox 1121 1463 1350 1517; x_wconf 84' lang='lat' dir='ltr'><strong>salutem</strong></span> <span class='ocrx_word' id='word_1_102' title='bbox 1392 1463 1716 1530; x_wconf 90' lang='lat' dir='ltr'><strong>multorum;</strong></span> 
     </span>
    </p>
   </div>
   <div class='ocr_carea' id='block_1_15' title="bbox 116 1552 1719 1626">
    <p class='ocr_par' dir='ltr' id='par_1_15' title="bbox 116 1552 1719 1626">
     <span class='ocr_line' id='line_1_15' title="bbox 116 1552 1719 1626; baseline 0.005 -23"><span class='ocrx_word' id='word_1_103' title='bbox 116 1565 253 1618; x_wconf 83' lang='lat' dir='ltr'><strong>quae</strong></span> <span class='ocrx_word' id='word_1_104' title='bbox 283 1565 471 1605; x_wconf 89' lang='lat' dir='ltr'><strong>eorum</strong></span> <span class='ocrx_word' id='word_1_105' title='bbox 498 1552 687 1607; x_wconf 88' lang='lat' dir='ltr'><strong>callida</strong></span> <span class='ocrx_word' id='word_1_106' title='bbox 716 1554 938 1609; x_wconf 85' lang='lat' dir='ltr'><strong>consilia</strong></span> <span class='ocrx_word' id='word_1_107' title='bbox 982 1555 1288 1609; x_wconf 88' lang='lat' dir='ltr'><strong>machinata</strong></span> <span class='ocrx_word' id='word_1_108' title='bbox 1327 1566 1450 1609; x_wconf 91' lang='lat' dir='ltr'><strong>sunt</strong></span> <span class='ocrx_word' id='word_1_109' title='bbox 1484 1557 1549 1610; x_wconf 88' lang='lat' dir='ltr'><strong>ad</strong></span> <span class='ocrx_word' id='word_1_110' title='bbox 1594 1572 1719 1626; x_wconf 87' lang='lat' dir='ltr'><strong>per-</strong></span> 
     </span>
    </p>
   </div>
   <div class='ocr_carea' id='block_1_16' title="bbox 116 1641 1723 1715">
    <p class='ocr_par' dir='ltr' id='par_1_16' title="bbox 116 1641 1723 1715">
     <span class='ocr_line' id='line_1_16' title="bbox 116 1641 1723 1715; baseline 0.005 -21"><span class='ocrx_word' id='word_1_111' title='bbox 116 1641 415 1709; x_wconf 87' lang='lat' dir='ltr'><strong>ditionem,</strong></span> <span class='ocrx_word' id='word_1_112' title='bbox 462 1645 562 1699; x_wconf 90' lang='lat' dir='ltr'><strong>iste</strong></span> <span class='ocrx_word' id='word_1_113' title='bbox 595 1645 739 1715; x_wconf 81' lang='lat' dir='ltr'><strong>justo</strong></span> <span class='ocrx_word' id='word_1_114' title='bbox 774 1646 977 1715; x_wconf 89' lang='lat' dir='ltr'><strong>judicio</strong></span> <span class='ocrx_word' id='word_1_115' title='bbox 1011 1648 1257 1702; x_wconf 77' lang='lat' dir='ltr'><strong>exercuit</strong></span> <span class='ocrx_word' id='word_1_116' title='bbox 1294 1647 1413 1701; x_wconf 87' lang='lat' dir='ltr'><strong>aliis</strong></span> <span class='ocrx_word' id='word_1_117' title='bbox 1450 1648 1515 1701; x_wconf 89' lang='lat' dir='ltr'><strong>ad</strong></span> <span class='ocrx_word' id='word_1_118' title='bbox 1547 1649 1723 1703; x_wconf 81' lang='lat' dir='ltr'><strong>salva-</strong></span> 
     </span>
    </p>
   </div>
   <div class='ocr_carea' id='block_1_17' title="bbox 118 1732 1716 1803">
    <p class='ocr_par' dir='ltr' id='par_1_17' title="bbox 118 1732 1716 1803">
     <span class='ocr_line' id='line_1_17' title="bbox 118 1732 1716 1803; baseline 0.005 -18"><span class='ocrx_word' id='word_1_119' title='bbox 118 1732 371 1799; x_wconf 90' lang='lat' dir='ltr'><strong>tionem;</strong></span> <span class='ocrx_word' id='word_1_120' title='bbox 415 1734 534 1789; x_wconf 88' lang='lat' dir='ltr'><strong>aliis</strong></span> <span class='ocrx_word' id='word_1_121' title='bbox 579 1736 645 1789; x_wconf 90' lang='lat' dir='ltr'><strong>ad</strong></span> <span class='ocrx_word' id='word_1_122' title='bbox 686 1736 1024 1803; x_wconf 73' lang='lat' dir='ltr'><strong>caecitatem,</strong></span> <span class='ocrx_word' id='word_1_123' title='bbox 1075 1746 1134 1791; x_wconf 92' lang='lat' dir='ltr'><strong>ut</strong></span> <span class='ocrx_word' id='word_1_124' title='bbox 1195 1738 1407 1793; x_wconf 88' lang='lat' dir='ltr'><strong>tandem</strong></span> <span class='ocrx_word' id='word_1_125' title='bbox 1465 1740 1716 1793; x_wconf 68' lang='lat' dir='ltr'><strong>exaecati</strong></span> 
     </span>
    </p>
   </div>
   <div class='ocr_carea' id='block_1_18' title="bbox 114 1807 1719 1893">
    <p class='ocr_par' dir='ltr' id='par_1_18' title="bbox 114 1807 1719 1893">
     <span class='ocr_line' id='line_1_18' title="bbox 114 1807 1719 1893; baseline 0.003 -16"><span class='ocrx_word' id='word_1_126' title='bbox 114 1824 566 1891; x_wconf 82' lang='lat' dir='ltr'><strong>humiliareutur,</strong></span> <span class='ocrx_word' id='word_1_127' title='bbox 596 1807 863 1882; x_wconf 77' lang='lat' dir='ltr'><strong>humiliati</strong></span> <span class='ocrx_word' id='word_1_128' title='bbox 892 1826 1303 1893; x_wconf 80' lang='lat' dir='ltr'><strong>conﬁterentur,</strong></span> <span class='ocrx_word' id='word_1_129' title='bbox 1338 1828 1568 1885; x_wconf 90' lang='lat' dir='ltr'><strong>confessi</strong></span> <span class='ocrx_word' id='word_1_130' title='bbox 1602 1828 1719 1883; x_wconf 88' lang='lat' dir='ltr'><strong>illu-</strong></span> 
     </span>
    </p>
   </div>
   <div class='ocr_carea' id='block_1_19' title="bbox 1822 662 3390 742">
    <p class='ocr_par' dir='ltr' id='par_1_19' title="bbox 1822 662 3390 742">
     <span class='ocr_line' id='line_1_19' title="bbox 1822 662 3390 742; baseline 0.01 -29"><span class='ocrx_word' id='word_1_131' title='bbox 1822 662 1993 729; x_wconf 90' lang='lat' dir='ltr'><strong>piunt,</strong></span> <span class='ocrx_word' id='word_1_132' title='bbox 2020 663 2158 717; x_wconf 86' lang='lat' dir='ltr'><strong>sicut</strong></span> <span class='ocrx_word' id='word_1_133' title='bbox 2187 663 2238 717; x_wconf 93' lang='lat' dir='ltr'><strong>in</strong></span> <span class='ocrx_word' id='word_1_134' title='bbox 2263 663 2438 734; x_wconf 91' lang='lat' dir='ltr'><strong>primo</strong></span> <span class='ocrx_word' id='word_1_135' title='bbox 2475 666 2905 726; x_wconf 88' lang='lat' dir='ltr'><strong>maledictionem</strong></span> <span class='ocrx_word' id='word_1_136' title='bbox 2940 682 3282 742; x_wconf 90' lang='lat' dir='ltr'><strong>acceperunt,</strong></span> <span class='ocrx_word' id='word_1_137' title='bbox 3307 675 3390 730; x_wconf 87' lang='lat' dir='ltr'><strong>cui</strong></span> 
     </span>
    </p>
   </div>
   <div class='ocr_carea' id='block_1_20' title="bbox 1822 754 3388 833">
    <p class='ocr_par' dir='ltr' id='par_1_20' title="bbox 1822 754 3388 833">
     <span class='ocr_line' id='line_1_20' title="bbox 1822 754 3388 833; baseline 0.008 -24"><span class='ocrx_word' id='word_1_138' title='bbox 1822 754 2025 811; x_wconf 90' lang='lat' dir='ltr'><strong>dictum</strong></span> <span class='ocrx_word' id='word_1_139' title='bbox 2070 766 2151 812; x_wconf 88' lang='lat' dir='ltr'><strong>est</strong></span> <span class='ocrx_word' id='word_1_140' title='bbox 2189 774 2203 811; x_wconf 90' lang='lat'><strong>:</strong></span> <span class='ocrx_word' id='word_1_141' title='bbox 2256 756 2323 810; x_wconf 85' lang='lat' dir='ltr'><strong>In</strong></span> <span class='ocrx_word' id='word_1_142' title='bbox 2361 775 2665 831; x_wconf 83' lang='lat' dir='ltr'><strong>quocunque</strong></span> <span class='ocrx_word' id='word_1_143' title='bbox 2715 763 2799 817; x_wconf 89' lang='lat' dir='ltr'><strong>die</strong></span> <span class='ocrx_word' id='word_1_144' title='bbox 2835 765 3163 819; x_wconf 87' lang='lat' dir='ltr'><strong>comederitis</strong></span> <span class='ocrx_word' id='word_1_145' title='bbox 3206 783 3270 821; x_wconf 76' lang='lat' dir='ltr'><strong>ea:</strong></span> <span class='ocrx_word' id='word_1_146' title='bbox 3310 784 3388 833; x_wconf 87' lang='lat' dir='ltr'><strong>eo,</strong></span> 
     </span>
    </p>
   </div>
   <div class='ocr_carea' id='block_1_21' title="bbox 1820 847 3394 920">
    <p class='ocr_par' dir='ltr' id='par_1_21' title="bbox 1820 847 3394 920">
     <span class='ocr_line' id='line_1_21' title="bbox 1820 847 3394 920; baseline 0.009 -21"><span class='ocrx_word' id='word_1_147' title='bbox 1820 856 1985 899; x_wconf 89' lang='lat' dir='ltr'><strong>morte</strong></span> <span class='ocrx_word' id='word_1_148' title='bbox 2033 847 2332 902; x_wconf 85' lang='lat' dir='ltr'><strong>moriemini</strong></span> <span class='ocrx_word' id='word_1_149' title='bbox 2377 847 2530 919; x_wconf 77' lang='lat' dir='ltr'><strong>(Gen.</strong></span> <span class='ocrx_word' id='word_1_150' title='bbox 2576 851 2681 920; x_wconf 86' lang='lat' dir='ltr'><strong>tn).</strong></span> <span class='ocrx_word' id='word_1_151' title='bbox 2716 853 2863 907; x_wconf 83' lang='lat' dir='ltr'><strong>Sicut</strong></span> <span class='ocrx_word' id='word_1_152' title='bbox 2905 854 2959 908; x_wconf 88' lang='lat' dir='ltr'><strong>in</strong></span> <span class='ocrx_word' id='word_1_153' title='bbox 3016 854 3185 910; x_wconf 82' lang='lat' dir='ltr'><strong>Adam</strong></span> <span class='ocrx_word' id='word_1_154' title='bbox 3218 874 3394 913; x_wconf 85' lang='lat' dir='ltr'><strong>omnes</strong></span> 
     </span>
    </p>
   </div>
   <div class='ocr_carea' id='block_1_22' title="bbox 1820 937 3396 1020">
    <p class='ocr_par' dir='ltr' id='par_1_22' title="bbox 1820 937 3396 1020">
     <span class='ocr_line' id='line_1_22' title="bbox 1820 937 3396 1020; baseline 0.01 -32"><span class='ocrx_word' id='word_1_155' title='bbox 1820 937 2133 1003; x_wconf 88' lang='lat' dir='ltr'><strong>moriuntur,</strong></span> <span class='ocrx_word' id='word_1_156' title='bbox 2176 938 2249 991; x_wconf 89' lang='lat' dir='ltr'><strong>ita</strong></span> <span class='ocrx_word' id='word_1_157' title='bbox 2287 948 2335 993; x_wconf 90' lang='lat' dir='ltr'><strong>et</strong></span> <span class='ocrx_word' id='word_1_158' title='bbox 2379 940 2434 994; x_wconf 87' lang='lat' dir='ltr'><strong>in</strong></span> <span class='ocrx_word' id='word_1_159' title='bbox 2460 938 2665 996; x_wconf 84' lang='lat' dir='ltr'><strong>Christo</strong></span> <span class='ocrx_word' id='word_1_160' title='bbox 2706 959 2882 998; x_wconf 87' lang='lat' dir='ltr'><strong>omnes</strong></span> <span class='ocrx_word' id='word_1_161' title='bbox 2920 946 3396 1020; x_wconf 65' lang='lat' dir='ltr'><strong>viviﬁcabunturu</strong></span> 
     </span>
    </p>
   </div>
   <div class='ocr_carea' id='block_1_23' title="bbox 1820 1026 3394 1108">
    <p class='ocr_par' dir='ltr' id='par_1_23' title="bbox 1820 1026 3394 1108">
     <span class='ocr_line' id='line_1_23' title="bbox 1820 1026 3394 1108; baseline 0.008 -27"><span class='ocrx_word' id='word_1_162' title='bbox 1820 1026 1942 1081; x_wconf 86' lang='lat' dir='ltr'><strong>Cor.</strong></span> <span class='ocrx_word' id='word_1_163' title='bbox 1976 1028 2083 1096; x_wconf 80' lang='lat' dir='ltr'><strong>xv).</strong></span> <span class='ocrx_word' id='word_1_164' title='bbox 2143 1027 2237 1083; x_wconf 82' lang='lat' dir='ltr'><strong>Vel</strong></span> <span class='ocrx_word' id='word_1_165' title='bbox 2286 1031 2568 1086; x_wconf 86' lang='lat' dir='ltr'><strong>benedicite</strong></span> <span class='ocrx_word' id='word_1_166' title='bbox 2620 1032 2674 1088; x_wconf 93' lang='lat' dir='ltr'><strong>in</strong></span> <span class='ocrx_word' id='word_1_167' title='bbox 2700 1033 2874 1101; x_wconf 82' lang='lat' dir='ltr'><strong>vobis,</strong></span> <span class='ocrx_word' id='word_1_168' title='bbox 2922 1036 3159 1091; x_wconf 82' lang='lat' dir='ltr'><strong>auditam</strong></span> <span class='ocrx_word' id='word_1_169' title='bbox 3213 1039 3394 1108; x_wconf 86' lang='lat' dir='ltr'><strong>facile,</strong></span> 
     </span>
    </p>
   </div>
   <div class='ocr_carea' id='block_1_24' title="bbox 1822 1119 3394 1194">
    <p class='ocr_par' dir='ltr' id='par_1_24' title="bbox 1822 1119 3394 1194">
     <span class='ocr_line' id='line_1_24' title="bbox 1822 1119 3394 1194; baseline 0.008 -21"><span class='ocrx_word' id='word_1_170' title='bbox 1822 1119 1963 1175; x_wconf 85' lang='lat' dir='ltr'><strong>aliis.</strong></span> <span class='ocrx_word' id='word_1_171' title='bbox 2004 1120 2129 1175; x_wconf 86' lang='lat' dir='ltr'><strong>Ideo</strong></span> <span class='ocrx_word' id='word_1_172' title='bbox 2171 1122 2455 1177; x_wconf 80' lang='lat' dir='ltr'><strong>benedirite</strong></span> <span class='ocrx_word' id='word_1_173' title='bbox 2500 1123 2661 1180; x_wconf 88' lang='lat' dir='ltr'><strong>Deum</strong></span> <span class='ocrx_word' id='word_1_174' title='bbox 2716 1135 2971 1192; x_wconf 87' lang='lat' dir='ltr'><strong>nostrum,</strong></span> <span class='ocrx_word' id='word_1_175' title='bbox 3022 1128 3076 1183; x_wconf 93' lang='lat' dir='ltr'><strong>id</strong></span> <span class='ocrx_word' id='word_1_176' title='bbox 3110 1137 3213 1194; x_wconf 83' lang='lat' dir='ltr'><strong>est,</strong></span> <span class='ocrx_word' id='word_1_177' title='bbox 3244 1128 3394 1185; x_wconf 88' lang='lat' dir='ltr'><strong>illum</strong></span> 
     </span>
    </p>
   </div>
   <div class='ocr_carea' id='block_1_25' title="bbox 1820 1210 3396 1287">
    <p class='ocr_par' dir='ltr' id='par_1_25' title="bbox 1820 1210 3396 1287">
     <span class='ocr_line' id='line_1_25' title="bbox 1820 1210 3396 1287; baseline 0.01 -25"><span class='ocrx_word' id='word_1_178' title='bbox 1820 1225 1977 1280; x_wconf 84' lang='lat' dir='ltr'><strong>quem</strong></span> <span class='ocrx_word' id='word_1_179' title='bbox 2004 1226 2100 1265; x_wconf 87' lang='lat' dir='ltr'><strong>nos</strong></span> <span class='ocrx_word' id='word_1_180' title='bbox 2119 1210 2286 1265; x_wconf 72' lang='lat' dir='ltr'><strong>Judaei</strong></span> <span class='ocrx_word' id='word_1_181' title='bbox 2317 1213 2709 1281; x_wconf 89' lang='lat' dir='ltr'><strong>benedicimus,</strong></span> <span class='ocrx_word' id='word_1_182' title='bbox 2744 1218 2870 1287; x_wconf 86' lang='lat' dir='ltr'><strong>quia</strong></span> <span class='ocrx_word' id='word_1_183' title='bbox 2904 1233 3010 1274; x_wconf 90' lang='lat' dir='ltr'><strong>non</strong></span> <span class='ocrx_word' id='word_1_184' title='bbox 3047 1219 3219 1275; x_wconf 91' lang='lat' dir='ltr'><strong>solum</strong></span> <span class='ocrx_word' id='word_1_185' title='bbox 3244 1220 3396 1277; x_wconf 80' lang='lat' dir='ltr'><strong>vobis</strong></span> 
     </span>
    </p>
   </div>
   <div class='ocr_carea' id='block_1_26' title="bbox 1820 1302 3395 1374">
    <p class='ocr_par' dir='ltr' id='par_1_26' title="bbox 1820 1302 3395 1374">
     <span class='ocr_line' id='line_1_26' title="bbox 1820 1302 3395 1374; baseline 0.008 -20"><span class='ocrx_word' id='word_1_186' title='bbox 1820 1302 2069 1370; x_wconf 68' lang='lat' dir='ltr'><strong>priestitit</strong></span> <span class='ocrx_word' id='word_1_187' title='bbox 2112 1302 2553 1367; x_wconf 86' lang='lat' dir='ltr'><strong>misericordiam,</strong></span> <span class='ocrx_word' id='word_1_188' title='bbox 2594 1306 2687 1359; x_wconf 92' lang='lat' dir='ltr'><strong>sed</strong></span> <span class='ocrx_word' id='word_1_189' title='bbox 2730 1315 2784 1362; x_wconf 89' lang='lat' dir='ltr'><strong>et</strong></span> <span class='ocrx_word' id='word_1_190' title='bbox 2831 1307 3009 1374; x_wconf 87' lang='lat' dir='ltr'><strong>nobis,</strong></span> <span class='ocrx_word' id='word_1_191' title='bbox 3052 1309 3197 1364; x_wconf 90' lang='lat' dir='ltr'><strong>illum</strong></span> <span class='ocrx_word' id='word_1_192' title='bbox 3244 1309 3395 1366; x_wconf 53' lang='lat' dir='ltr'><strong>bene-</strong></span> 
     </span>
    </p>
   </div>
   <div class='ocr_carea' id='block_1_27' title="bbox 1820 1393 3396 1471">
    <p class='ocr_par' dir='ltr' id='par_1_27' title="bbox 1820 1393 3396 1471">
     <span class='ocr_line' id='line_1_27' title="bbox 1820 1393 3396 1471; baseline 0.008 -25"><span class='ocrx_word' id='word_1_193' title='bbox 1820 1393 1993 1457; x_wconf 80' lang='lat' dir='ltr'><strong>dicite,</strong></span> <span class='ocrx_word' id='word_1_194' title='bbox 2048 1409 2207 1464; x_wconf 84' lang='lat' dir='ltr'><strong>quem</strong></span> <span class='ocrx_word' id='word_1_195' title='bbox 2257 1410 2359 1466; x_wconf 87' lang='lat' dir='ltr'><strong>ego</strong></span> <span class='ocrx_word' id='word_1_196' title='bbox 2401 1395 2566 1451; x_wconf 85' lang='lat' dir='ltr'><strong>David</strong></span> <span class='ocrx_word' id='word_1_197' title='bbox 2610 1398 2913 1455; x_wconf 88' lang='lat' dir='ltr'><strong>benedico:</strong></span> <span class='ocrx_word' id='word_1_198' title='bbox 2947 1399 3051 1466; x_wconf 84' lang='lat' dir='ltr'><strong>Qui</strong></span> <span class='ocrx_word' id='word_1_199' title='bbox 3079 1403 3248 1471; x_wconf 90' lang='lat' dir='ltr'><strong>posuit</strong></span> <span class='ocrx_word' id='word_1_200' title='bbox 3283 1403 3396 1458; x_wconf 87' lang='lat' dir='ltr'><strong>ani-</strong></span> 
     </span>
    </p>
   </div>
   <div class='ocr_carea' id='block_1_28' title="bbox 1822 1480 3394 1549">
    <p class='ocr_par' dir='ltr' id='par_1_28' title="bbox 1822 1480 3394 1549">
     <span class='ocr_line' id='line_1_28' title="bbox 1822 1480 3394 1549; baseline 0.008 -12"><span class='ocrx_word' id='word_1_201' title='bbox 1822 1500 1962 1537; x_wconf 88' lang='lat' dir='ltr'><strong>mam</strong></span> <span class='ocrx_word' id='word_1_202' title='bbox 2004 1500 2173 1537; x_wconf 89' lang='lat' dir='ltr'><strong>meam</strong></span> <span class='ocrx_word' id='word_1_203' title='bbox 2222 1480 2291 1538; x_wconf 86' lang='lat' dir='ltr'><strong>ad</strong></span> <span class='ocrx_word' id='word_1_204' title='bbox 2332 1486 2521 1548; x_wconf 64' lang='lat' dir='ltr'><strong>citam,</strong></span> <span class='ocrx_word' id='word_1_205' title='bbox 2570 1486 2621 1542; x_wconf 91' lang='lat' dir='ltr'><strong>id</strong></span> <span class='ocrx_word' id='word_1_206' title='bbox 2666 1496 2749 1543; x_wconf 89' lang='lat' dir='ltr'><strong>est</strong></span> <span class='ocrx_word' id='word_1_207' title='bbox 2798 1489 3104 1547; x_wconf 89' lang='lat' dir='ltr'><strong>bumiliavit</strong></span> <span class='ocrx_word' id='word_1_208' title='bbox 3159 1492 3394 1549; x_wconf 87' lang='lat' dir='ltr'><strong>animam</strong></span> 
     </span>
    </p>
   </div>
   <div class='ocr_carea' id='block_1_29' title="bbox 1824 1574 3393 1648">
    <p class='ocr_par' dir='ltr' id='par_1_29' title="bbox 1824 1574 3393 1648">
     <span class='ocr_line' id='line_1_29' title="bbox 1824 1574 3393 1648; baseline 0.008 -21"><span class='ocrx_word' id='word_1_209' title='bbox 1824 1590 2019 1640; x_wconf 83' lang='lat' dir='ltr'><strong>meam,</strong></span> <span class='ocrx_word' id='word_1_210' title='bbox 2074 1574 2201 1631; x_wconf 86' lang='lat' dir='ltr'><strong>fecit</strong></span> <span class='ocrx_word' id='word_1_211' title='bbox 2249 1577 2547 1648; x_wconf 77' lang='lat' dir='ltr'><strong>intelligere</strong></span> <span class='ocrx_word' id='word_1_212' title='bbox 2595 1588 2876 1648; x_wconf 89' lang='lat' dir='ltr'><strong>peccatum</strong></span> <span class='ocrx_word' id='word_1_213' title='bbox 2935 1598 3134 1648; x_wconf 90' lang='lat' dir='ltr'><strong>meum,</strong></span> <span class='ocrx_word' id='word_1_214' title='bbox 3180 1593 3239 1639; x_wconf 92' lang='lat' dir='ltr'><strong>ut</strong></span> <span class='ocrx_word' id='word_1_215' title='bbox 3289 1584 3393 1640; x_wconf 91' lang='lat' dir='ltr'><strong>hoc</strong></span> 
     </span>
    </p>
   </div>
   <div class='ocr_carea' id='block_1_30' title="bbox 1821 1665 3395 1737">
    <p class='ocr_par' dir='ltr' id='par_1_30' title="bbox 1821 1665 3395 1737">
     <span class='ocr_line' id='line_1_30' title="bbox 1821 1665 3395 1737; baseline 0.008 -20"><span class='ocrx_word' id='word_1_216' title='bbox 1821 1665 1982 1719; x_wconf 90' lang='lat' dir='ltr'><strong>modo</strong></span> <span class='ocrx_word' id='word_1_217' title='bbox 2025 1665 2259 1731; x_wconf 86' lang='lat' dir='ltr'><strong>viveret;</strong></span> <span class='ocrx_word' id='word_1_218' title='bbox 2309 1668 2462 1737; x_wconf 80' lang='lat' dir='ltr'><strong>juxta</strong></span> <span class='ocrx_word' id='word_1_219' title='bbox 2521 1669 2693 1725; x_wconf 90' lang='lat' dir='ltr'><strong>illud:</strong></span> <span class='ocrx_word' id='word_1_220' title='bbox 2726 1670 2993 1727; x_wconf 81' lang='lat' dir='ltr'><strong>Cone/usit</strong></span> <span class='ocrx_word' id='word_1_221' title='bbox 3038 1673 3178 1729; x_wconf 90' lang='lat' dir='ltr'><strong>Deus</strong></span> <span class='ocrx_word' id='word_1_222' title='bbox 3221 1675 3395 1729; x_wconf 88' lang='lat' dir='ltr'><strong>omnia</strong></span> 
     </span>
    </p>
   </div>
   <div class='ocr_carea' id='block_1_31' title="bbox 1820 1756 3392 1835">
    <p class='ocr_par' dir='ltr' id='par_1_31' title="bbox 1820 1756 3392 1835">
     <span class='ocr_line' id='line_1_31' title="bbox 1820 1756 3392 1835; baseline 0.008 -28"><span class='ocrx_word' id='word_1_223' title='bbox 1820 1756 1915 1808; x_wconf 88' lang='lat' dir='ltr'><strong>sub</strong></span> <span class='ocrx_word' id='word_1_224' title='bbox 1948 1766 2182 1826; x_wconf 88' lang='lat' dir='ltr'><strong>peccato,</strong></span> <span class='ocrx_word' id='word_1_225' title='bbox 2216 1768 2272 1813; x_wconf 90' lang='lat' dir='ltr'><strong>ut</strong></span> <span class='ocrx_word' id='word_1_226' title='bbox 2316 1760 2545 1814; x_wconf 87' lang='lat' dir='ltr'><strong>omnium</strong></span> <span class='ocrx_word' id='word_1_227' title='bbox 2592 1763 2924 1817; x_wconf 85' lang='lat' dir='ltr'><strong>misereretur</strong></span> <span class='ocrx_word' id='word_1_228' title='bbox 2962 1763 3139 1835; x_wconf 82' lang='lat' dir='ltr'><strong>(Rom.</strong></span> <span class='ocrx_word' id='word_1_229' title='bbox 3171 1765 3268 1834; x_wconf 74' lang='grc' dir='ltr'><strong>ιι).</strong></span> <span class='ocrx_word' id='word_1_230' title='bbox 3298 1756 3392 1823; x_wconf 77' lang='lat' dir='ltr'><strong>Vel</strong></span> 
     </span>
    </p>
   </div>
   <div class='ocr_carea' id='block_1_32' title="bbox 1822 1848 3391 1924">
    <p class='ocr_par' dir='ltr' id='par_1_32' title="bbox 1822 1848 3391 1924">
     <span class='ocr_line' id='line_1_32' title="bbox 1822 1848 3391 1924; baseline 0.007 -23"><span class='ocrx_word' id='word_1_231' title='bbox 1822 1848 2052 1915; x_wconf 86' lang='lat' dir='ltr'><strong>positam</strong></span> <span class='ocrx_word' id='word_1_232' title='bbox 2092 1850 2145 1904; x_wconf 92' lang='lat' dir='ltr'><strong>in</strong></span> <span class='ocrx_word' id='word_1_233' title='bbox 2171 1860 2345 1907; x_wconf 90' lang='lat' dir='ltr'><strong>morte</strong></span> <span class='ocrx_word' id='word_1_234' title='bbox 2372 1851 2423 1905; x_wconf 90' lang='lat' dir='ltr'><strong>in</strong></span> <span class='ocrx_word' id='word_1_235' title='bbox 2470 1853 2662 1917; x_wconf 83' lang='lat' dir='ltr'><strong>Adam,</strong></span> <span class='ocrx_word' id='word_1_236' title='bbox 2706 1856 2882 1924; x_wconf 87' lang='lat' dir='ltr'><strong>posuit</strong></span> <span class='ocrx_word' id='word_1_237' title='bbox 2910 1856 2977 1910; x_wconf 91' lang='lat' dir='ltr'><strong>ad</strong></span> <span class='ocrx_word' id='word_1_238' title='bbox 3008 1857 3169 1911; x_wconf 87' lang='lat' dir='ltr'><strong>vitam</strong></span> <span class='ocrx_word' id='word_1_239' title='bbox 3201 1858 3253 1913; x_wconf 91' lang='lat' dir='ltr'><strong>in</strong></span> <span class='ocrx_word' id='word_1_240' title='bbox 3284 1874 3341 1914; x_wconf 90' lang='lat' dir='ltr'><strong>se</strong></span> <span class='ocrx_word' id='word_1_241' title='bbox 3376 1875 3391 1912; x_wconf 89' lang='lat'><strong>:</strong></span> 
     </span>
    </p>
   </div>
   <div class='ocr_carea' id='block_1_33' title="bbox 114 1913 3396 2019">
    <p class='ocr_par' dir='ltr' id='par_1_33' title="bbox 114 1913 3396 2019">
     <span class='ocr_line' id='line_1_33' title="bbox 114 1913 3396 2019; baseline 0.011 -52"><span class='ocrx_word' id='word_1_242' title='bbox 114 1914 484 1971; x_wconf 83' lang='lat' dir='ltr'><strong>minarentur.</strong></span> <span class='ocrx_word' id='word_1_243' title='bbox 515 1916 582 1971; x_wconf 87' lang='lat' dir='ltr'><strong>Et</strong></span> <span class='ocrx_word' id='word_1_244' title='bbox 614 1917 667 1971; x_wconf 90' lang='lat' dir='ltr'><strong>in</strong></span> <span class='ocrx_word' id='word_1_245' title='bbox 696 1917 800 1972; x_wconf 88' lang='lat' dir='ltr'><strong>hoc</strong></span> <span class='ocrx_word' id='word_1_246' title='bbox 831 1916 1109 2019; x_wconf 75' lang='lat' dir='ltr'><strong>terribilis,</strong></span> <span class='ocrx_word' id='word_1_247' title='bbox 1144 1919 1267 1989; x_wconf 81' lang='lat' dir='ltr'><strong>quia</strong></span> <span class='ocrx_word' id='word_1_248' title='bbox 1293 1920 1540 1973; x_wconf 81' lang='lat' dir='ltr'><strong>convertit</strong></span> <span class='ocrx_word' id='word_1_249' title='bbox 1577 1936 1719 1974; x_wconf 87' lang='lat' dir='ltr'><strong>mare</strong></span> <span class='ocrx_word' id='word_1_250' title='bbox 1753 1913 1793 1970; x_wconf 76' lang='grc' dir='ltr'><strong>Β</strong></span> <span class='ocrx_word' id='word_1_251' title='bbox 1820 1913 1904 1992; x_wconf 39' lang='lat' dir='ltr'><strong>Qte]</strong></span> <span class='ocrx_word' id='word_1_252' title='bbox 1934 1940 2238 1994; x_wconf 54' lang='lat' dir='ltr'><strong>bumiliavit</strong></span> <span class='ocrx_word' id='word_1_253' title='bbox 2272 1941 2505 1995; x_wconf 57' lang='lat' dir='ltr'><strong>animum</strong></span> <span class='ocrx_word' id='word_1_254' title='bbox 2552 1913 2724 1997; x_wconf 60' lang='lat' dir='ltr'><strong>mean;</strong></span> <span class='ocrx_word' id='word_1_255' title='bbox 2766 1944 2947 2001; x_wconf 85' lang='lat' dir='ltr'><strong>multis</strong></span> <span class='ocrx_word' id='word_1_256' title='bbox 2976 1948 3258 2016; x_wconf 87' lang='lat' dir='ltr'><strong>angustiis,</strong></span> <span class='ocrx_word' id='word_1_257' title='bbox 3298 1964 3396 2019; x_wconf 78' lang='lat' dir='ltr'><strong>per</strong></span> 
     </span>
    </p>
   </div>
   <div class='ocr_carea' id='block_1_34' title="bbox 113 2008 1716 2082">
    <p class='ocr_par' dir='ltr' id='par_1_34' title="bbox 113 2008 1716 2082">
     <span class='ocr_line' id='line_1_34' title="bbox 113 2008 1716 2082; baseline 0.002 -21"><span class='ocrx_word' id='word_1_258' title='bbox 113 2010 177 2061; x_wconf 87' lang='lat' dir='ltr'><strong>in</strong></span> <span class='ocrx_word' id='word_1_259' title='bbox 211 2008 444 2073; x_wconf 88' lang='lat' dir='ltr'><strong>aridam,</strong></span> <span class='ocrx_word' id='word_1_260' title='bbox 473 2008 525 2063; x_wconf 86' lang='lat' dir='ltr'><strong>id</strong></span> <span class='ocrx_word' id='word_1_261' title='bbox 551 2018 653 2072; x_wconf 88' lang='lat' dir='ltr'><strong>est,</strong></span> <span class='ocrx_word' id='word_1_262' title='bbox 698 2009 957 2063; x_wconf 90' lang='lat' dir='ltr'><strong>mundum</strong></span> <span class='ocrx_word' id='word_1_263' title='bbox 989 2011 1561 2066; x_wconf 77' lang='lat' dir='ltr'><strong>amaricantem&#39;curis</strong></span> <span class='ocrx_word' id='word_1_264' title='bbox 1592 2026 1716 2082; x_wconf 83' lang='lat' dir='ltr'><strong>per-</strong></span> 
     </span>
    </p>
   </div>
   <div class='ocr_carea' id='block_1_35' title="bbox 113 2098 1718 2171">
    <p class='ocr_par' dir='ltr' id='par_1_35' title="bbox 113 2098 1718 2171">
     <span class='ocr_line' id='line_1_35' title="bbox 113 2098 1718 2171; baseline 0.002 -19"><span class='ocrx_word' id='word_1_265' title='bbox 113 2098 372 2164; x_wconf 84' lang='lat' dir='ltr'><strong>niciosis,</strong></span> <span class='ocrx_word' id='word_1_266' title='bbox 403 2102 710 2156; x_wconf 74' lang='lat' dir='ltr'><strong>smvieulem</strong></span> <span class='ocrx_word' id='word_1_267' title='bbox 738 2100 991 2157; x_wconf 82' lang='lat' dir='ltr'><strong>ﬂuctibus</strong></span> <span class='ocrx_word' id='word_1_268' title='bbox 1017 2104 1477 2171; x_wconf 86' lang='lat' dir='ltr'><strong>persecutionum,</strong></span> <span class='ocrx_word' id='word_1_269' title='bbox 1504 2120 1718 2158; x_wconf 82' lang='lat' dir='ltr'><strong>conuer-</strong></span> 
     </span>
    </p>
   </div>
   <div class='ocr_carea' id='block_1_36' title="bbox 111 2190 1715 2260">
    <p class='ocr_par' dir='ltr' id='par_1_36' title="bbox 111 2190 1715 2260">
     <span class='ocr_line' id='line_1_36' title="bbox 111 2190 1715 2260; baseline 0.003 -17"><span class='ocrx_word' id='word_1_270' title='bbox 111 2190 181 2244; x_wconf 86' lang='lat' dir='ltr'><strong>tit</strong></span> <span class='ocrx_word' id='word_1_271' title='bbox 232 2193 285 2246; x_wconf 89' lang='lat' dir='ltr'><strong>in</strong></span> <span class='ocrx_word' id='word_1_272' title='bbox 333 2192 561 2258; x_wconf 82' lang='lat' dir='ltr'><strong>aridam,</strong></span> <span class='ocrx_word' id='word_1_273' title='bbox 603 2193 654 2247; x_wconf 88' lang='lat' dir='ltr'><strong>id</strong></span> <span class='ocrx_word' id='word_1_274' title='bbox 696 2202 801 2260; x_wconf 88' lang='lat' dir='ltr'><strong>est,</strong></span> <span class='ocrx_word' id='word_1_275' title='bbox 848 2193 903 2246; x_wconf 89' lang='lat' dir='ltr'><strong>in</strong></span> <span class='ocrx_word' id='word_1_276' title='bbox 954 2203 1176 2259; x_wconf 87' lang='lat' dir='ltr'><strong>terram,</strong></span> <span class='ocrx_word' id='word_1_277' title='bbox 1207 2202 1266 2248; x_wconf 92' lang='lat' dir='ltr'><strong>ut</strong></span> <span class='ocrx_word' id='word_1_278' title='bbox 1315 2194 1464 2249; x_wconf 89' lang='lat' dir='ltr'><strong>sitiat</strong></span> <span class='ocrx_word' id='word_1_279' title='bbox 1507 2194 1715 2249; x_wconf 89' lang='lat' dir='ltr'><strong>dulcem</strong></span> 
     </span>
    </p>
   </div>
   <div class='ocr_carea' id='block_1_37' title="bbox 112 2288 1714 2358">
    <p class='ocr_par' dir='ltr' id='par_1_37' title="bbox 112 2288 1714 2358">
     <span class='ocr_line' id='line_1_37' title="bbox 112 2288 1714 2358; baseline 0.001 -16"><span class='ocrx_word' id='word_1_280' title='bbox 112 2303 345 2358; x_wconf 80' lang='lat' dir='ltr'><strong>aquam,</strong></span> <span class='ocrx_word' id='word_1_281' title='bbox 376 2288 583 2344; x_wconf 80' lang='lat' dir='ltr'><strong>scilicet</strong></span> <span class='ocrx_word' id='word_1_282' title='bbox 613 2290 841 2358; x_wconf 86' lang='lat' dir='ltr'><strong>gratiam</strong></span> <span class='ocrx_word' id='word_1_283' title='bbox 873 2288 1045 2344; x_wconf 90' lang='lat' dir='ltr'><strong>sancti</strong></span> <span class='ocrx_word' id='word_1_284' title='bbox 1077 2288 1311 2358; x_wconf 90' lang='lat' dir='ltr'><strong>Spiritus</strong></span> <span class='ocrx_word' id='word_1_285' title='bbox 1334 2298 1389 2345; x_wconf 90' lang='lat' dir='ltr'><strong>et</strong></span> <span class='ocrx_word' id='word_1_286' title='bbox 1416 2289 1714 2344; x_wconf 90' lang='lat' dir='ltr'><strong>doctrinam</strong></span> 
     </span>
    </p>
   </div>
   <div class='ocr_carea' id='block_1_38' title="bbox 110 2376 1714 2449">
    <p class='ocr_par' dir='ltr' id='par_1_38' title="bbox 110 2376 1714 2449">
     <span class='ocr_line' id='line_1_38' title="bbox 110 2376 1714 2449; baseline 0.002 -20"><span class='ocrx_word' id='word_1_287' title='bbox 110 2376 288 2432; x_wconf 75' lang='lat' dir='ltr'><strong>Verbi</strong></span> <span class='ocrx_word' id='word_1_288' title='bbox 324 2378 437 2433; x_wconf 87' lang='lat' dir='ltr'><strong>Dei.</strong></span> <span class='ocrx_word' id='word_1_289' title='bbox 470 2378 538 2433; x_wconf 88' lang='lat' dir='ltr'><strong>Et</strong></span> <span class='ocrx_word' id='word_1_290' title='bbox 564 2393 855 2433; x_wconf 79' lang='lat' dir='ltr'><strong>conversos</strong></span> <span class='ocrx_word' id='word_1_291' title='bbox 885 2392 1124 2447; x_wconf 88' lang='lat' dir='ltr'><strong>eousque</strong></span> <span class='ocrx_word' id='word_1_292' title='bbox 1162 2379 1454 2448; x_wconf 86' lang='lat' dir='ltr'><strong>promovit,</strong></span> <span class='ocrx_word' id='word_1_293' title='bbox 1485 2380 1629 2449; x_wconf 91' lang='lat' dir='ltr'><strong>quod</strong></span> <span class='ocrx_word' id='word_1_294' title='bbox 1660 2379 1714 2433; x_wconf 87' lang='lat' dir='ltr'><strong>in</strong></span> 
     </span>
    </p>
   </div>
   <div class='ocr_carea' id='block_1_39' title="bbox 110 2468 1713 2540">
    <p class='ocr_par' dir='ltr' id='par_1_39' title="bbox 110 2468 1713 2540">
     <span class='ocr_line' id='line_1_39' title="bbox 110 2468 1713 2540; baseline 0.003 -19"><span class='ocrx_word' id='word_1_295' title='bbox 110 2470 343 2538; x_wconf 78' lang='lat' dir='ltr'><strong>ﬂumine</strong></span> <span class='ocrx_word' id='word_1_296' title='bbox 368 2471 753 2539; x_wconf 82' lang='lat' dir='ltr'><strong>pertransibunt</strong></span> <span class='ocrx_word' id='word_1_297' title='bbox 783 2471 935 2540; x_wconf 84' lang='lat' dir='ltr'><strong>pede,</strong></span> <span class='ocrx_word' id='word_1_298' title='bbox 963 2470 1015 2524; x_wconf 89' lang='lat' dir='ltr'><strong>id</strong></span> <span class='ocrx_word' id='word_1_299' title='bbox 1050 2478 1153 2533; x_wconf 91' lang='lat' dir='ltr'><strong>est,</strong></span> <span class='ocrx_word' id='word_1_300' title='bbox 1184 2485 1249 2524; x_wconf 83' lang='lat' dir='ltr'><strong>ex</strong></span> <span class='ocrx_word' id='word_1_301' title='bbox 1288 2468 1453 2525; x_wconf 79' lang='lat' dir='ltr'><strong>facili.</strong></span> <span class='ocrx_word' id='word_1_302' title='bbox 1487 2470 1713 2526; x_wconf 88' lang='lat' dir='ltr'><strong>Flumen</strong></span> 
     </span>
    </p>
   </div>
   <div class='ocr_carea' id='block_1_40' title="bbox 111 2561 1712 2632">
    <p class='ocr_par' dir='ltr' id='par_1_40' title="bbox 111 2561 1712 2632">
     <span class='ocr_line' id='line_1_40' title="bbox 111 2561 1712 2632; baseline 0 -15"><span class='ocrx_word' id='word_1_303' title='bbox 111 2571 205 2617; x_wconf 87' lang='lat' dir='ltr'><strong>est</strong></span> <span class='ocrx_word' id='word_1_304' title='bbox 234 2562 469 2618; x_wconf 87' lang='lat' dir='ltr'><strong>mundus</strong></span> <span class='ocrx_word' id='word_1_305' title='bbox 499 2572 640 2617; x_wconf 84' lang='lat' dir='ltr'><strong>totus</strong></span> <span class='ocrx_word' id='word_1_306' title='bbox 672 2579 685 2616; x_wconf 89' lang='lat'><strong>:</strong></span> <span class='ocrx_word' id='word_1_307' title='bbox 711 2562 835 2632; x_wconf 86' lang='lat' dir='ltr'><strong>quia</strong></span> <span class='ocrx_word' id='word_1_308' title='bbox 866 2564 991 2616; x_wconf 92' lang='lat' dir='ltr'><strong>dum</strong></span> <span class='ocrx_word' id='word_1_309' title='bbox 1026 2562 1127 2616; x_wconf 90' lang='lat' dir='ltr'><strong>hoc</strong></span> <span class='ocrx_word' id='word_1_310' title='bbox 1156 2561 1389 2626; x_wconf 86' lang='lat' dir='ltr'><strong>decedit,</strong></span> <span class='ocrx_word' id='word_1_311' title='bbox 1426 2561 1555 2615; x_wconf 91' lang='lat' dir='ltr'><strong>illud</strong></span> <span class='ocrx_word' id='word_1_312' title='bbox 1587 2577 1712 2617; x_wconf 90' lang='lat' dir='ltr'><strong>suc-</strong></span> 
     </span>
    </p>
   </div>
   <div class='ocr_carea' id='block_1_41' title="bbox 112 2650 1711 2722">
    <p class='ocr_par' dir='ltr' id='par_1_41' title="bbox 112 2650 1711 2722">
     <span class='ocr_line' id='line_1_41' title="bbox 112 2650 1711 2722; baseline 0.001 -17"><span class='ocrx_word' id='word_1_313' title='bbox 112 2650 266 2705; x_wconf 87' lang='lat' dir='ltr'><strong>cedit</strong></span> <span class='ocrx_word' id='word_1_314' title='bbox 291 2669 304 2704; x_wconf 95' lang='lat'>:</span> <span class='ocrx_word' id='word_1_315' title='bbox 328 2651 414 2705; x_wconf 88' lang='lat' dir='ltr'><strong>vel</strong></span> <span class='ocrx_word' id='word_1_316' title='bbox 438 2652 547 2722; x_wconf 91' lang='lat' dir='ltr'><strong>ipse</strong></span> <span class='ocrx_word' id='word_1_317' title='bbox 566 2651 719 2717; x_wconf 90' lang='lat' dir='ltr'><strong>ordo,</strong></span> <span class='ocrx_word' id='word_1_318' title='bbox 746 2653 858 2722; x_wconf 90' lang='lat' dir='ltr'><strong>ipsa</strong></span> <span class='ocrx_word' id='word_1_319' title='bbox 882 2652 936 2706; x_wconf 91' lang='lat' dir='ltr'><strong>in</strong></span> <span class='ocrx_word' id='word_1_320' title='bbox 960 2653 1120 2707; x_wconf 84' lang='lat' dir='ltr'><strong>rebus</strong></span> <span class='ocrx_word' id='word_1_321' title='bbox 1140 2651 1370 2707; x_wconf 89' lang='lat' dir='ltr'><strong>habendi</strong></span> <span class='ocrx_word' id='word_1_322' title='bbox 1394 2652 1711 2718; x_wconf 85' lang='lat' dir='ltr'><strong>necessitas,</strong></span> 
     </span>
    </p>
   </div>
   <div class='ocr_carea' id='block_1_42' title="bbox 110 2744 1713 2816">
    <p class='ocr_par' dir='ltr' id='par_1_42' title="bbox 110 2744 1713 2816">
     <span class='ocr_line' id='line_1_42' title="bbox 110 2744 1713 2816; baseline 0 -16"><span class='ocrx_word' id='word_1_323' title='bbox 110 2746 394 2814; x_wconf 83' lang='lat' dir='ltr'><strong>quoddam</strong></span> <span class='ocrx_word' id='word_1_324' title='bbox 432 2746 625 2801; x_wconf 82' lang='lat' dir='ltr'><strong>ﬂumen</strong></span> <span class='ocrx_word' id='word_1_325' title='bbox 657 2754 758 2801; x_wconf 88' lang='lat' dir='ltr'><strong>est.</strong></span> <span class='ocrx_word' id='word_1_326' title='bbox 785 2747 841 2801; x_wconf 93' lang='lat' dir='ltr'><strong>ln</strong></span> <span class='ocrx_word' id='word_1_327' title='bbox 870 2748 973 2802; x_wconf 89' lang='lat' dir='ltr'><strong>hoc</strong></span> <span class='ocrx_word' id='word_1_328' title='bbox 1004 2746 1223 2801; x_wconf 86' lang='lat' dir='ltr'><strong>ﬂumine</strong></span> <span class='ocrx_word' id='word_1_329' title='bbox 1246 2746 1396 2816; x_wconf 88' lang='lat' dir='ltr'><strong>pede,</strong></span> <span class='ocrx_word' id='word_1_330' title='bbox 1426 2744 1480 2800; x_wconf 92' lang='lat' dir='ltr'><strong>id</strong></span> <span class='ocrx_word' id='word_1_331' title='bbox 1516 2754 1622 2811; x_wconf 89' lang='lat' dir='ltr'><strong>est,</strong></span> <span class='ocrx_word' id='word_1_332' title='bbox 1644 2762 1713 2802; x_wconf 77' lang='lat' dir='ltr'><strong>ex</strong></span> 
     </span>
    </p>
   </div>
   <div class='ocr_carea' id='block_1_43' title="bbox 110 2836 1711 2908">
    <p class='ocr_par' dir='ltr' id='par_1_43' title="bbox 110 2836 1711 2908">
     <span class='ocr_line' id='line_1_43' title="bbox 110 2836 1711 2908; baseline 0.001 -18"><span class='ocrx_word' id='word_1_333' title='bbox 110 2836 263 2893; x_wconf 81' lang='lat' dir='ltr'><strong>facili</strong></span> <span class='ocrx_word' id='word_1_334' title='bbox 297 2839 580 2904; x_wconf 88' lang='lat' dir='ltr'><strong>transitur,</strong></span> <span class='ocrx_word' id='word_1_335' title='bbox 608 2840 651 2895; x_wconf 92' lang='lat' dir='ltr'><strong>si</strong></span> <span class='ocrx_word' id='word_1_336' title='bbox 682 2838 771 2908; x_wconf 87' lang='lat' dir='ltr'><strong>qui</strong></span> <span class='ocrx_word' id='word_1_337' title='bbox 807 2839 860 2893; x_wconf 91' lang='lat' dir='ltr'><strong>in</strong></span> <span class='ocrx_word' id='word_1_338' title='bbox 891 2853 956 2893; x_wconf 93' lang='lat' dir='ltr'><strong>eo</strong></span> <span class='ocrx_word' id='word_1_339' title='bbox 985 2846 1129 2901; x_wconf 89' lang='lat' dir='ltr'><strong>sunt,</strong></span> <span class='ocrx_word' id='word_1_340' title='bbox 1161 2838 1213 2892; x_wconf 91' lang='lat' dir='ltr'><strong>in</strong></span> <span class='ocrx_word' id='word_1_341' title='bbox 1245 2837 1453 2891; x_wconf 87' lang='lat' dir='ltr'><strong>aridam</strong></span> <span class='ocrx_word' id='word_1_342' title='bbox 1480 2852 1711 2892; x_wconf 87' lang='lat' dir='ltr'><strong>conver-</strong></span> 
     </span>
    </p>
   </div>
   <div class='ocr_carea' id='block_1_44' title="bbox 112 2926 1709 3001">
    <p class='ocr_par' dir='ltr' id='par_1_44' title="bbox 112 2926 1709 3001">
     <span class='ocr_line' id='line_1_44' title="bbox 112 2926 1709 3001; baseline -0.001 -18"><span class='ocrx_word' id='word_1_343' title='bbox 112 2937 327 2993; x_wconf 86' lang='lat' dir='ltr'><strong>tentur,</strong></span> <span class='ocrx_word' id='word_1_344' title='bbox 363 2945 468 2983; x_wconf 88' lang='lat' dir='ltr'><strong>non</strong></span> <span class='ocrx_word' id='word_1_345' title='bbox 499 2929 792 3001; x_wconf 83' lang='lat' dir='ltr'><strong>illigentur,</strong></span> <span class='ocrx_word' id='word_1_346' title='bbox 823 2930 1046 2984; x_wconf 89' lang='lat' dir='ltr'><strong>credant</strong></span> <span class='ocrx_word' id='word_1_347' title='bbox 1076 2929 1129 2982; x_wconf 92' lang='lat' dir='ltr'><strong>in</strong></span> <span class='ocrx_word' id='word_1_348' title='bbox 1158 2928 1457 2984; x_wconf 86' lang='lat' dir='ltr'><strong>Christum.</strong></span> <span class='ocrx_word' id='word_1_349' title='bbox 1486 2926 1581 2983; x_wconf 87' lang='lat' dir='ltr'><strong>Sic</strong></span> <span class='ocrx_word' id='word_1_350' title='bbox 1604 2942 1709 2984; x_wconf 92' lang='lat' dir='ltr'><strong>non</strong></span> 
     </span>
    </p>
   </div>
   <div class='ocr_carea' id='block_1_45' title="bbox 112 3018 1711 3091">
    <p class='ocr_par' dir='ltr' id='par_1_45' title="bbox 112 3018 1711 3091">
     <span class='ocr_line' id='line_1_45' title="bbox 112 3018 1711 3091; baseline 0 -16"><span class='ocrx_word' id='word_1_351' title='bbox 112 3018 221 3075; x_wconf 85' lang='lat' dir='ltr'><strong>erit</strong></span> <span class='ocrx_word' id='word_1_352' title='bbox 249 3021 572 3089; x_wconf 72' lang='lat' dir='ltr'><strong>qumrendus</strong></span> <span class='ocrx_word' id='word_1_353' title='bbox 597 3035 790 3091; x_wconf 87' lang='lat' dir='ltr'><strong>equus,</strong></span> <span class='ocrx_word' id='word_1_354' title='bbox 816 3020 941 3090; x_wconf 89' lang='lat' dir='ltr'><strong>quia</strong></span> <span class='ocrx_word' id='word_1_355' title='bbox 969 3020 1085 3090; x_wconf 85' lang='lat' dir='ltr'><strong>ejus</strong></span> <span class='ocrx_word' id='word_1_356' title='bbox 1123 3020 1402 3075; x_wconf 87' lang='lat' dir='ltr'><strong>humilitas</strong></span> <span class='ocrx_word' id='word_1_357' title='bbox 1429 3028 1711 3090; x_wconf 87' lang='lat' dir='ltr'><strong>transpor-</strong></span> 
     </span>
    </p>
   </div>
   <div class='ocr_carea' id='block_1_46' title="bbox 111 3107 1712 3179">
    <p class='ocr_par' dir='ltr' id='par_1_46' title="bbox 111 3107 1712 3179">
     <span class='ocr_line' id='line_1_46' title="bbox 111 3107 1712 3179; baseline 0 -16"><span class='ocrx_word' id='word_1_358' title='bbox 111 3109 293 3167; x_wconf 87' lang='lat' dir='ltr'><strong>tabit:</strong></span> <span class='ocrx_word' id='word_1_359' title='bbox 338 3118 397 3163; x_wconf 89' lang='lat' dir='ltr'><strong>ut</strong></span> <span class='ocrx_word' id='word_1_360' title='bbox 434 3110 575 3179; x_wconf 92' lang='lat' dir='ltr'><strong>quod</strong></span> <span class='ocrx_word' id='word_1_361' title='bbox 606 3108 835 3163; x_wconf 87' lang='lat' dir='ltr'><strong>mortale</strong></span> <span class='ocrx_word' id='word_1_362' title='bbox 864 3117 947 3163; x_wconf 89' lang='lat' dir='ltr'><strong>est</strong></span> <span class='ocrx_word' id='word_1_363' title='bbox 976 3117 1031 3163; x_wconf 92' lang='lat' dir='ltr'><strong>et</strong></span> <span class='ocrx_word' id='word_1_364' title='bbox 1082 3107 1304 3174; x_wconf 71' lang='lat' dir='ltr'><strong>lituum,</strong></span> <span class='ocrx_word' id='word_1_365' title='bbox 1355 3108 1567 3164; x_wconf 88' lang='lat' dir='ltr'><strong>tandem</strong></span> <span class='ocrx_word' id='word_1_366' title='bbox 1619 3108 1712 3163; x_wconf 77' lang='lat' dir='ltr'><strong>fiat</strong></span> 
     </span>
    </p>
   </div>
   <div class='ocr_carea' id='block_1_47' title="bbox 110 3197 1708 3270">
    <p class='ocr_par' dir='ltr' id='par_1_47' title="bbox 110 3197 1708 3270">
     <span class='ocr_line' id='line_1_47' title="bbox 110 3197 1708 3270; baseline -0.002 -15"><span class='ocrx_word' id='word_1_367' title='bbox 110 3200 430 3255; x_wconf 87' lang='lat' dir='ltr'><strong>immortale</strong></span> <span class='ocrx_word' id='word_1_368' title='bbox 454 3208 506 3255; x_wconf 89' lang='lat' dir='ltr'><strong>et</strong></span> <span class='ocrx_word' id='word_1_369' title='bbox 530 3198 935 3270; x_wconf 81' lang='lat' dir='ltr'><strong>incorruptibile</strong></span> <span class='ocrx_word' id='word_1_370' title='bbox 964 3217 977 3255; x_wconf 90' lang='lat'>:</span> <span class='ocrx_word' id='word_1_371' title='bbox 1007 3199 1089 3253; x_wconf 85' lang='lat' dir='ltr'><strong>vel</strong></span> <span class='ocrx_word' id='word_1_372' title='bbox 1114 3199 1262 3269; x_wconf 86' lang='lat' dir='ltr'><strong>pede,</strong></span> <span class='ocrx_word' id='word_1_373' title='bbox 1288 3198 1339 3252; x_wconf 89' lang='lat' dir='ltr'><strong>id</strong></span> <span class='ocrx_word' id='word_1_374' title='bbox 1362 3208 1466 3264; x_wconf 90' lang='lat' dir='ltr'><strong>est,</strong></span> <span class='ocrx_word' id='word_1_375' title='bbox 1491 3197 1708 3252; x_wconf 89' lang='lat' dir='ltr'><strong>Christo</strong></span> 
     </span>
    </p>
   </div>
   <div class='ocr_carea' id='block_1_48' title="bbox 1818 2029 3393 2097">
    <p class='ocr_par' dir='ltr' id='par_1_48' title="bbox 1818 2029 3393 2097">
     <span class='ocr_line' id='line_1_48' title="bbox 1818 2029 3393 2097; baseline 0.007 -16"><span class='ocrx_word' id='word_1_376' title='bbox 1818 2043 1953 2097; x_wconf 87' lang='lat' dir='ltr'><strong>quas</strong></span> <span class='ocrx_word' id='word_1_377' title='bbox 1987 2029 2215 2084; x_wconf 86' lang='lat' dir='ltr'><strong>deducat</strong></span> <span class='ocrx_word' id='word_1_378' title='bbox 2237 2045 2357 2083; x_wconf 90' lang='lat' dir='ltr'><strong>eam</strong></span> <span class='ocrx_word' id='word_1_379' title='bbox 2402 2032 2464 2084; x_wconf 90' lang='lat' dir='ltr'><strong>ad</strong></span> <span class='ocrx_word' id='word_1_380' title='bbox 2494 2032 2659 2086; x_wconf 88' lang='lat' dir='ltr'><strong>vitam</strong></span> <span class='ocrx_word' id='word_1_381' title='bbox 2701 2042 2979 2090; x_wconf 71' lang='lat' dir='ltr'><strong>aeternam.</strong></span> <span class='ocrx_word' id='word_1_382' title='bbox 3016 2036 3080 2090; x_wconf 86' lang='lat' dir='ltr'><strong>Et</strong></span> <span class='ocrx_word' id='word_1_383' title='bbox 3123 2054 3225 2091; x_wconf 85' lang='lat' dir='ltr'><strong>non</strong></span> <span class='ocrx_word' id='word_1_384' title='bbox 3250 2040 3393 2093; x_wconf 81' lang='lat' dir='ltr'><strong>dedit</strong></span> 
     </span>
    </p>
   </div>
   <div class='ocr_carea' id='block_1_49' title="bbox 1816 2119 3393 2191">
    <p class='ocr_par' dir='ltr' id='par_1_49' title="bbox 1816 2119 3393 2191">
     <span class='ocr_line' id='line_1_49' title="bbox 1816 2119 3393 2191; baseline 0.011 -21"><span class='ocrx_word' id='word_1_385' title='bbox 1816 2119 1870 2172; x_wconf 85' lang='lat' dir='ltr'><strong>in</strong></span> <span class='ocrx_word' id='word_1_386' title='bbox 1893 2121 2287 2174; x_wconf 82' lang='lat' dir='ltr'><strong>commotionem</strong></span> <span class='ocrx_word' id='word_1_387' title='bbox 2305 2122 2457 2188; x_wconf 88' lang='lat' dir='ltr'><strong>pedes</strong></span> <span class='ocrx_word' id='word_1_388' title='bbox 2481 2140 2641 2188; x_wconf 86' lang='lat' dir='ltr'><strong>meos,</strong></span> <span class='ocrx_word' id='word_1_389' title='bbox 2670 2125 2721 2179; x_wconf 88' lang='lat' dir='ltr'><strong>id</strong></span> <span class='ocrx_word' id='word_1_390' title='bbox 2749 2135 2850 2191; x_wconf 87' lang='lat' dir='ltr'><strong>est,</strong></span> <span class='ocrx_word' id='word_1_391' title='bbox 2876 2127 2927 2180; x_wconf 89' lang='lat' dir='ltr'><strong>in</strong></span> <span class='ocrx_word' id='word_1_392' title='bbox 2957 2128 3393 2187; x_wconf 85' lang='lat' dir='ltr'><strong>tribulationibus</strong></span> 
     </span>
    </p>
   </div>
   <div class='ocr_carea' id='block_1_50' title="bbox 1819 2208 3389 2281">
    <p class='ocr_par' dir='ltr' id='par_1_50' title="bbox 1819 2208 3389 2281">
     <span class='ocr_line' id='line_1_50' title="bbox 1819 2208 3389 2281; baseline 0.01 -20"><span class='ocrx_word' id='word_1_393' title='bbox 1819 2208 1945 2263; x_wconf 85' lang='lat' dir='ltr'><strong>fecit</strong></span> <span class='ocrx_word' id='word_1_394' title='bbox 1973 2224 2058 2264; x_wconf 86' lang='lat' dir='ltr'><strong>me</strong></span> <span class='ocrx_word' id='word_1_395' title='bbox 2085 2211 2157 2264; x_wconf 89' lang='lat' dir='ltr'><strong>ita</strong></span> <span class='ocrx_word' id='word_1_396' title='bbox 2188 2223 2648 2281; x_wconf 83' lang='lat' dir='ltr'><strong>perseverantem,</strong></span> <span class='ocrx_word' id='word_1_397' title='bbox 2671 2226 2730 2270; x_wconf 93' lang='lat' dir='ltr'><strong>ut</strong></span> <span class='ocrx_word' id='word_1_398' title='bbox 2755 2216 3068 2275; x_wconf 70' lang='lat' dir='ltr'><strong>aﬂ‘ectiones</strong></span> <span class='ocrx_word' id='word_1_399' title='bbox 3091 2237 3221 2276; x_wconf 79' lang='lat' dir='ltr'><strong>mea:</strong></span> <span class='ocrx_word' id='word_1_400' title='bbox 3244 2221 3389 2276; x_wconf 87' lang='lat' dir='ltr'><strong>nullo</strong></span> 
     </span>
    </p>
   </div>
   <div class='ocr_carea' id='block_1_51' title="bbox 1816 2300 3390 2369">
    <p class='ocr_par' dir='ltr' id='par_1_51' title="bbox 1816 2300 3390 2369">
     <span class='ocr_line' id='line_1_51' title="bbox 1816 2300 3390 2369; baseline 0.01 -16"><span class='ocrx_word' id='word_1_401' title='bbox 1816 2300 1974 2355; x_wconf 90' lang='lat' dir='ltr'><strong>modo</strong></span> <span class='ocrx_word' id='word_1_402' title='bbox 2004 2314 2493 2359; x_wconf 82' lang='lat' dir='ltr'><strong>commoverentur.</strong></span> <span class='ocrx_word' id='word_1_403' title='bbox 2542 2306 2707 2362; x_wconf 86' lang='lat' dir='ltr'><strong>Nemo</strong></span> <span class='ocrx_word' id='word_1_404' title='bbox 2740 2310 2883 2364; x_wconf 90' lang='lat' dir='ltr'><strong>enim</strong></span> <span class='ocrx_word' id='word_1_405' title='bbox 2920 2312 3124 2368; x_wconf 85' lang='lat' dir='ltr'><strong>mittens</strong></span> <span class='ocrx_word' id='word_1_406' title='bbox 3174 2330 3390 2369; x_wconf 87' lang='lat' dir='ltr'><strong>manum</strong></span> 
     </span>
    </p>
   </div>
   <div class='ocr_carea' id='block_1_52' title="bbox 1813 2393 3389 2471">
    <p class='ocr_par' dir='ltr' id='par_1_52' title="bbox 1813 2393 3389 2471">
     <span class='ocr_line' id='line_1_52' title="bbox 1813 2393 3389 2471; baseline 0.008 -27"><span class='ocrx_word' id='word_1_407' title='bbox 1813 2393 1867 2445; x_wconf 91' lang='lat' dir='ltr'><strong>in</strong></span> <span class='ocrx_word' id='word_1_408' title='bbox 1892 2403 2148 2458; x_wconf 87' lang='lat' dir='ltr'><strong>aratrum,</strong></span> <span class='ocrx_word' id='word_1_409' title='bbox 2173 2403 2309 2449; x_wconf 89' lang='lat' dir='ltr'><strong>retro</strong></span> <span class='ocrx_word' id='word_1_410' title='bbox 2326 2395 2485 2451; x_wconf 85' lang='lat' dir='ltr'><strong>debet</strong></span> <span class='ocrx_word' id='word_1_411' title='bbox 2513 2398 2778 2467; x_wconf 86' lang='lat' dir='ltr'><strong>respicere</strong></span> <span class='ocrx_word' id='word_1_412' title='bbox 2804 2400 2952 2471; x_wconf 88' lang='lat' dir='ltr'><strong>(Luc.</strong></span> <span class='ocrx_word' id='word_1_413' title='bbox 2980 2402 3077 2471; x_wconf 81' lang='lat' dir='ltr'><strong>ut).</strong></span> <span class='ocrx_word' id='word_1_414' title='bbox 3103 2401 3224 2459; x_wconf 82' lang='lat' dir='ltr'><strong>Non</strong></span> <span class='ocrx_word' id='word_1_415' title='bbox 3246 2404 3389 2457; x_wconf 81' lang='lat' dir='ltr'><strong>dedit</strong></span> 
     </span>
    </p>
   </div>
   <div class='ocr_carea' id='block_1_53' title="bbox 1813 2484 3385 2567">
    <p class='ocr_par' dir='ltr' id='par_1_53' title="bbox 1813 2484 3385 2567">
     <span class='ocr_line' id='line_1_53' title="bbox 1813 2484 3385 2567; baseline 0.008 -30"><span class='ocrx_word' id='word_1_416' title='bbox 1813 2484 1869 2538; x_wconf 85' lang='lat' dir='ltr'><strong>in</strong></span> <span class='ocrx_word' id='word_1_417' title='bbox 1904 2488 2319 2554; x_wconf 87' lang='lat' dir='ltr'><strong>commotionem,</strong></span> <span class='ocrx_word' id='word_1_418' title='bbox 2359 2489 2451 2543; x_wconf 90' lang='lat' dir='ltr'><strong>sed</strong></span> <span class='ocrx_word' id='word_1_419' title='bbox 2502 2491 2679 2560; x_wconf 89' lang='lat' dir='ltr'><strong>potius</strong></span> <span class='ocrx_word' id='word_1_420' title='bbox 2715 2492 2766 2546; x_wconf 92' lang='lat' dir='ltr'><strong>in</strong></span> <span class='ocrx_word' id='word_1_421' title='bbox 2807 2494 3204 2564; x_wconf 89' lang='lat' dir='ltr'><strong>probationem,</strong></span> <span class='ocrx_word' id='word_1_422' title='bbox 3252 2513 3385 2567; x_wconf 88' lang='lat' dir='ltr'><strong>quo-</strong></span> 
     </span>
    </p>
   </div>
   <div class='ocr_carea' id='block_1_54' title="bbox 1814 2574 3385 2644">
    <p class='ocr_par' dir='ltr' id='par_1_54' title="bbox 1814 2574 3385 2644">
     <span class='ocr_line' id='line_1_54' title="bbox 1814 2574 3385 2644; baseline 0.008 -16"><span class='ocrx_word' id='word_1_423' title='bbox 1814 2574 1956 2628; x_wconf 88' lang='lat' dir='ltr'><strong>niam</strong></span> <span class='ocrx_word' id='word_1_424' title='bbox 1984 2576 2215 2644; x_wconf 86' lang='lat' dir='ltr'><strong>probasti</strong></span> <span class='ocrx_word' id='word_1_425' title='bbox 2234 2595 2350 2642; x_wconf 90' lang='lat' dir='ltr'><strong>nos,</strong></span> <span class='ocrx_word' id='word_1_426' title='bbox 2374 2577 2515 2634; x_wconf 88' lang='lat' dir='ltr'><strong>Deus</strong></span> <span class='ocrx_word' id='word_1_427' title='bbox 2546 2594 2566 2633; x_wconf 89' lang='lat'><strong><em>:</em></strong></span> <span class='ocrx_word' id='word_1_428' title='bbox 2594 2582 2675 2637; x_wconf 89' lang='lat' dir='ltr'><strong>vel</strong></span> <span class='ocrx_word' id='word_1_429' title='bbox 2705 2582 2808 2638; x_wconf 90' lang='lat' dir='ltr'><strong>hoc</strong></span> <span class='ocrx_word' id='word_1_430' title='bbox 2838 2585 2996 2640; x_wconf 89' lang='lat' dir='ltr'><strong>modo</strong></span> <span class='ocrx_word' id='word_1_431' title='bbox 3020 2586 3385 2641; x_wconf 87' lang='lat' dir='ltr'><strong>continuatur.</strong></span> 
     </span>
    </p>
   </div>
   <div class='ocr_carea' id='block_1_55' title="bbox 1813 2662 3390 2745">
    <p class='ocr_par' dir='ltr' id='par_1_55' title="bbox 1813 2662 3390 2745">
     <span class='ocr_line' id='line_1_55' title="bbox 1813 2662 3390 2745; baseline 0.01 -30"><span class='ocrx_word' id='word_1_432' title='bbox 1813 2662 1977 2729; x_wconf 84' lang='lat' dir='ltr'><strong>Quasi</strong></span> <span class='ocrx_word' id='word_1_433' title='bbox 2008 2664 2151 2719; x_wconf 83' lang='lat' dir='ltr'><strong>dicat</strong></span> <span class='ocrx_word' id='word_1_434' title='bbox 2182 2682 2196 2718; x_wconf 87' lang='lat'><strong>:</strong></span> <span class='ocrx_word' id='word_1_435' title='bbox 2231 2665 2381 2721; x_wconf 89' lang='lat' dir='ltr'><strong>Unde</strong></span> <span class='ocrx_word' id='word_1_436' title='bbox 2418 2680 2573 2722; x_wconf 89' lang='lat' dir='ltr'><strong>erant</strong></span> <span class='ocrx_word' id='word_1_437' title='bbox 2623 2671 2869 2726; x_wconf 85' lang='lat' dir='ltr'><strong>movendi</strong></span> <span class='ocrx_word' id='word_1_438' title='bbox 2897 2672 3097 2741; x_wconf 79' lang='lat' dir='ltr'><strong>pedes?</strong></span> <span class='ocrx_word' id='word_1_439' title='bbox 3121 2674 3255 2741; x_wconf 86' lang='lat' dir='ltr'><strong>Quia</strong></span> <span class='ocrx_word' id='word_1_440' title='bbox 3297 2691 3390 2745; x_wconf 91' lang='lat' dir='ltr'><strong>per</strong></span> 
     </span>
    </p>
   </div>
   <div class='ocr_carea' id='block_1_56' title="bbox 1810 2756 3393 2835">
    <p class='ocr_par' dir='ltr' id='par_1_56' title="bbox 1810 2756 3393 2835">
     <span class='ocr_line' id='line_1_56' title="bbox 1810 2756 3393 2835; baseline 0.008 -27"><span class='ocrx_word' id='word_1_441' title='bbox 1810 2756 2006 2811; x_wconf 88' lang='lat' dir='ltr'><strong>multas</strong></span> <span class='ocrx_word' id='word_1_442' title='bbox 2046 2757 2407 2814; x_wconf 86' lang='lat' dir='ltr'><strong>tribulationes</strong></span> <span class='ocrx_word' id='word_1_443' title='bbox 2450 2762 2701 2816; x_wconf 83' lang='lat' dir='ltr'><strong>introitur</strong></span> <span class='ocrx_word' id='word_1_444' title='bbox 2733 2763 2788 2817; x_wconf 86' lang='lat' dir='ltr'><strong>in</strong></span> <span class='ocrx_word' id='word_1_445' title='bbox 2827 2781 3041 2835; x_wconf 83' lang='lat' dir='ltr'><strong>regnum</strong></span> <span class='ocrx_word' id='word_1_446' title='bbox 3090 2765 3209 2820; x_wconf 88' lang='lat' dir='ltr'><strong>Dei.</strong></span> <span class='ocrx_word' id='word_1_447' title='bbox 3243 2766 3393 2832; x_wconf 81' lang='lat' dir='ltr'><strong>Quo-</strong></span> 
     </span>
    </p>
   </div>
   <div class='ocr_carea' id='block_1_57' title="bbox 1812 2845 3388 2923">
    <p class='ocr_par' dir='ltr' id='par_1_57' title="bbox 1812 2845 3388 2923">
     <span class='ocr_line' id='line_1_57' title="bbox 1812 2845 3388 2923; baseline 0.007 -24"><span class='ocrx_word' id='word_1_448' title='bbox 1812 2845 1954 2899; x_wconf 87' lang='lat' dir='ltr'><strong>niam</strong></span> <span class='ocrx_word' id='word_1_449' title='bbox 2000 2846 2233 2915; x_wconf 87' lang='lat' dir='ltr'><strong>probasti</strong></span> <span class='ocrx_word' id='word_1_450' title='bbox 2277 2864 2393 2913; x_wconf 87' lang='lat' dir='ltr'><strong>nos,</strong></span> <span class='ocrx_word' id='word_1_451' title='bbox 2440 2848 2603 2914; x_wconf 89' lang='lat' dir='ltr'><strong>Deus,</strong></span> <span class='ocrx_word' id='word_1_452' title='bbox 2654 2851 2705 2904; x_wconf 90' lang='lat' dir='ltr'><strong>id</strong></span> <span class='ocrx_word' id='word_1_453' title='bbox 2754 2860 2837 2906; x_wconf 91' lang='lat' dir='ltr'><strong>est</strong></span> <span class='ocrx_word' id='word_1_454' title='bbox 2878 2852 2930 2906; x_wconf 92' lang='lat' dir='ltr'><strong>in</strong></span> <span class='ocrx_word' id='word_1_455' title='bbox 2961 2854 3388 2923; x_wconf 83' lang='lat' dir='ltr'><strong>experimentum</strong></span> 
     </span>
    </p>
   </div>
   <div class='ocr_carea' id='block_1_58' title="bbox 1811 2934 3391 3015">
    <p class='ocr_par' dir='ltr' id='par_1_58' title="bbox 1811 2934 3391 3015">
     <span class='ocr_line' id='line_1_58' title="bbox 1811 2934 3391 3015; baseline 0.008 -26"><span class='ocrx_word' id='word_1_456' title='bbox 1811 2934 2038 3001; x_wconf 84' lang='lat' dir='ltr'><strong>duxisti,</strong></span> <span class='ocrx_word' id='word_1_457' title='bbox 2095 2945 2155 2991; x_wconf 91' lang='lat' dir='ltr'><strong>ut</strong></span> <span class='ocrx_word' id='word_1_458' title='bbox 2194 2953 2289 2994; x_wconf 91' lang='lat' dir='ltr'><strong>cor</strong></span> <span class='ocrx_word' id='word_1_459' title='bbox 2333 2947 2575 2994; x_wconf 90' lang='lat' dir='ltr'><strong>nostrum</strong></span> <span class='ocrx_word' id='word_1_460' title='bbox 2632 2942 3004 3012; x_wconf 90' lang='lat' dir='ltr'><strong>probaremus,</strong></span> <span class='ocrx_word' id='word_1_461' title='bbox 3050 2946 3191 3015; x_wconf 89' lang='lat' dir='ltr'><strong>quod</strong></span> <span class='ocrx_word' id='word_1_462' title='bbox 3232 2947 3391 3003; x_wconf 86' lang='lat' dir='ltr'><strong>nobis</strong></span> 
     </span>
    </p>
   </div>
   <div class='ocr_carea' id='block_1_59' title="bbox 1811 3026 3391 3098">
    <p class='ocr_par' dir='ltr' id='par_1_59' title="bbox 1811 3026 3391 3098">
     <span class='ocr_line' id='line_1_59' title="bbox 1811 3026 3391 3098; baseline 0.009 -20"><span class='ocrx_word' id='word_1_463' title='bbox 1811 3033 1936 3080; x_wconf 89' lang='lat' dir='ltr'><strong>ante</strong></span> <span class='ocrx_word' id='word_1_464' title='bbox 1972 3026 2208 3082; x_wconf 89' lang='lat' dir='ltr'><strong>laborem</strong></span> <span class='ocrx_word' id='word_1_465' title='bbox 2254 3028 2584 3098; x_wconf 89' lang='lat' dir='ltr'><strong>incognitum</strong></span> <span class='ocrx_word' id='word_1_466' title='bbox 2636 3041 2776 3087; x_wconf 86' lang='lat' dir='ltr'><strong>erat.</strong></span> <span class='ocrx_word' id='word_1_467' title='bbox 2802 3032 3102 3090; x_wconf 89' lang='lat' dir='ltr'><strong>Toleranda</strong></span> <span class='ocrx_word' id='word_1_468' title='bbox 3144 3046 3270 3091; x_wconf 89' lang='lat' dir='ltr'><strong>sunt</strong></span> <span class='ocrx_word' id='word_1_469' title='bbox 3297 3033 3391 3092; x_wconf 81' lang='lat' dir='ltr'><strong>lla-</strong></span> 
     </span>
    </p>
   </div>
   <div class='ocr_carea' id='block_1_60' title="bbox 1811 3115 3392 3197">
    <p class='ocr_par' dir='ltr' id='par_1_60' title="bbox 1811 3115 3392 3197">
     <span class='ocr_line' id='line_1_60' title="bbox 1811 3115 3392 3197; baseline 0.008 -28"><span class='ocrx_word' id='word_1_470' title='bbox 1811 3115 1948 3184; x_wconf 87' lang='lat' dir='ltr'><strong>gella</strong></span> <span class='ocrx_word' id='word_1_471' title='bbox 1974 3117 2338 3188; x_wconf 87' lang='lat' dir='ltr'><strong>corripientis,</strong></span> <span class='ocrx_word' id='word_1_472' title='bbox 2376 3130 2435 3173; x_wconf 93' lang='lat' dir='ltr'><strong>ut</strong></span> <span class='ocrx_word' id='word_1_473' title='bbox 2483 3135 2587 3174; x_wconf 91' lang='lat' dir='ltr'><strong>non</strong></span> <span class='ocrx_word' id='word_1_474' title='bbox 2632 3123 2701 3177; x_wconf 88' lang='lat' dir='ltr'><strong>sit</strong></span> <span class='ocrx_word' id='word_1_475' title='bbox 2731 3123 2945 3179; x_wconf 90' lang='lat' dir='ltr'><strong>tandem</strong></span> <span class='ocrx_word' id='word_1_476' title='bbox 2988 3126 3253 3180; x_wconf 89' lang='lat' dir='ltr'><strong>sententia</strong></span> <span class='ocrx_word' id='word_1_477' title='bbox 3292 3142 3392 3197; x_wconf 89' lang='lat' dir='ltr'><strong>pu-</strong></span> 
     </span>
    </p>
   </div>
   <div class='ocr_carea' id='block_1_61' title="bbox 1809 3209 3385 3285">
    <p class='ocr_par' dir='ltr' id='par_1_61' title="bbox 1809 3209 3385 3285">
     <span class='ocr_line' id='line_1_61' title="bbox 1809 3209 3385 3285; baseline 0.007 -23"><span class='ocrx_word' id='word_1_478' title='bbox 1809 3209 2025 3264; x_wconf 90' lang='lat' dir='ltr'><strong>nientis.</strong></span> <span class='ocrx_word' id='word_1_479' title='bbox 2063 3210 2176 3265; x_wconf 82' lang='lat' dir='ltr'><strong>Hoc</strong></span> <span class='ocrx_word' id='word_1_480' title='bbox 2213 3211 2370 3267; x_wconf 89' lang='lat' dir='ltr'><strong>modo</strong></span> <span class='ocrx_word' id='word_1_481' title='bbox 2398 3212 2630 3281; x_wconf 87' lang='lat' dir='ltr'><strong>probasti</strong></span> <span class='ocrx_word' id='word_1_482' title='bbox 2676 3229 2695 3266; x_wconf 90' lang='lat'><em>:</em></span> <span class='ocrx_word' id='word_1_483' title='bbox 2750 3215 2867 3285; x_wconf 86' lang='lat' dir='ltr'><strong>igne</strong></span> <span class='ocrx_word' id='word_1_484' title='bbox 2913 3234 3006 3271; x_wconf 90' lang='lat' dir='ltr'><strong>nos</strong></span> <span class='ocrx_word' id='word_1_485' title='bbox 3053 3218 3385 3284; x_wconf 78' lang='lat' dir='ltr'><strong>examinasti,</strong></span> 
     </span>
    </p>
   </div>
   <div class='ocr_carea' id='block_1_62' title="bbox 111 3277 3389 3371">
    <p class='ocr_par' dir='ltr' id='par_1_62' title="bbox 111 3277 3389 3371">
     <span class='ocr_line' id='line_1_62' title="bbox 111 3277 3389 3371; baseline 0.005 -25"><span class='ocrx_word' id='word_1_486' title='bbox 111 3292 281 3358; x_wconf 89' lang='lat' dir='ltr'><strong>duce,</strong></span> <span class='ocrx_word' id='word_1_487' title='bbox 307 3291 576 3346; x_wconf 88' lang='lat' dir='ltr'><strong>credendo</strong></span> <span class='ocrx_word' id='word_1_488' title='bbox 605 3291 659 3345; x_wconf 92' lang='lat' dir='ltr'><strong>in</strong></span> <span class='ocrx_word' id='word_1_489' title='bbox 682 3305 828 3356; x_wconf 90' lang='lat' dir='ltr'><strong>eum,</strong></span> <span class='ocrx_word' id='word_1_490' title='bbox 868 3290 959 3361; x_wconf 91' lang='lat' dir='ltr'><strong>qui</strong></span> <span class='ocrx_word' id='word_1_491' title='bbox 997 3290 1145 3359; x_wconf 86' lang='lat' dir='ltr'><strong>pede,</strong></span> <span class='ocrx_word' id='word_1_492' title='bbox 1177 3289 1230 3343; x_wconf 91' lang='lat' dir='ltr'><strong>id</strong></span> <span class='ocrx_word' id='word_1_493' title='bbox 1268 3298 1351 3344; x_wconf 88' lang='lat' dir='ltr'><strong>est</strong></span> <span class='ocrx_word' id='word_1_494' title='bbox 1381 3289 1702 3353; x_wconf 67' lang='lat' dir='ltr'><strong>humilitate.</strong></span> <span class='ocrx_word' id='word_1_495' title='bbox 1734 3277 1777 3337; x_wconf 65' lang='grc' dir='ltr'><strong>(ἶ</strong></span> <span class='ocrx_word' id='word_1_496' title='bbox 1811 3299 1932 3370; x_wconf 84' lang='lat' dir='ltr'><strong>igne</strong></span> <span class='ocrx_word' id='word_1_497' title='bbox 1964 3300 2342 3366; x_wconf 89' lang='lat' dir='ltr'><strong>tribulationis,</strong></span> <span class='ocrx_word' id='word_1_498' title='bbox 2368 3277 2473 3357; x_wconf 84' lang='lat' dir='ltr'><strong>non</strong></span> <span class='ocrx_word' id='word_1_499' title='bbox 2513 3314 2571 3358; x_wconf 93' lang='lat' dir='ltr'><strong>ut</strong></span> <span class='ocrx_word' id='word_1_500' title='bbox 2614 3277 2951 3371; x_wconf 69' lang='lat' dir='ltr'><strong>absumeres,</strong></span> <span class='ocrx_word' id='word_1_501' title='bbox 2992 3308 3086 3361; x_wconf 92' lang='lat' dir='ltr'><strong>sed</strong></span> <span class='ocrx_word' id='word_1_502' title='bbox 3114 3315 3173 3361; x_wconf 92' lang='lat' dir='ltr'><strong>ut</strong></span> <span class='ocrx_word' id='word_1_503' title='bbox 3200 3308 3389 3363; x_wconf 88' lang='lat' dir='ltr'><strong>sordes</strong></span> 
     </span>
    </p>
   </div>
   <div class='ocr_carea' id='block_1_63' title="bbox 109 3380 1705 3452">
    <p class='ocr_par' dir='ltr' id='par_1_63' title="bbox 109 3380 1705 3452">
     <span class='ocr_line' id='line_1_63' title="bbox 109 3380 1705 3452; baseline 0 -17"><span class='ocrx_word' id='word_1_504' title='bbox 109 3397 222 3451; x_wconf 85' lang='lat' dir='ltr'><strong>non</strong></span> <span class='ocrx_word' id='word_1_505' title='bbox 275 3397 438 3451; x_wconf 87' lang='lat' dir='ltr'><strong>equo,</strong></span> <span class='ocrx_word' id='word_1_506' title='bbox 483 3382 535 3436; x_wconf 89' lang='lat' dir='ltr'><strong>id</strong></span> <span class='ocrx_word' id='word_1_507' title='bbox 579 3390 684 3447; x_wconf 91' lang='lat' dir='ltr'><strong>est,</strong></span> <span class='ocrx_word' id='word_1_508' title='bbox 728 3380 901 3436; x_wconf 87' lang='lat' dir='ltr'><strong>elatus</strong></span> <span class='ocrx_word' id='word_1_509' title='bbox 948 3380 1218 3452; x_wconf 87' lang='lat' dir='ltr'><strong>superbia,</strong></span> <span class='ocrx_word' id='word_1_510' title='bbox 1263 3381 1515 3435; x_wconf 87' lang='lat' dir='ltr'><strong>transivit</strong></span> <span class='ocrx_word' id='word_1_511' title='bbox 1563 3382 1705 3435; x_wconf 90' lang='lat' dir='ltr'><strong>hunc</strong></span> 
     </span>
    </p>
   </div>
   <div class='ocr_carea' id='block_1_64' title="bbox 111 3472 1708 3543">
    <p class='ocr_par' dir='ltr' id='par_1_64' title="bbox 111 3472 1708 3543">
     <span class='ocr_line' id='line_1_64' title="bbox 111 3472 1708 3543; baseline -0.001 -17"><span class='ocrx_word' id='word_1_512' title='bbox 111 3474 402 3539; x_wconf 85' lang='lat' dir='ltr'><strong>mundum,</strong></span> <span class='ocrx_word' id='word_1_513' title='bbox 438 3474 823 3543; x_wconf 86' lang='lat' dir='ltr'><strong>pertransibunt</strong></span> <span class='ocrx_word' id='word_1_514' title='bbox 870 3474 1087 3541; x_wconf 79' lang='lat' dir='ltr'><strong>ﬂumen,</strong></span> <span class='ocrx_word' id='word_1_515' title='bbox 1127 3472 1180 3525; x_wconf 92' lang='lat' dir='ltr'><strong>id</strong></span> <span class='ocrx_word' id='word_1_516' title='bbox 1228 3480 1334 3538; x_wconf 90' lang='lat' dir='ltr'><strong>est,</strong></span> <span class='ocrx_word' id='word_1_517' title='bbox 1377 3473 1708 3542; x_wconf 75' lang='lat' dir='ltr'><strong>superabunt</strong></span> 
     </span>
    </p>
   </div>
   <div class='ocr_carea' id='block_1_65' title="bbox 110 3564 1706 3629">
    <p class='ocr_par' dir='ltr' id='par_1_65' title="bbox 110 3564 1706 3629">
     <span class='ocr_line' id='line_1_65' title="bbox 110 3564 1706 3629; baseline 0 -10"><span class='ocrx_word' id='word_1_518' title='bbox 110 3564 377 3621; x_wconf 62' lang='lat' dir='ltr'><strong>sseculum</strong></span> <span class='ocrx_word' id='word_1_519' title='bbox 423 3565 585 3620; x_wconf 89' lang='lat' dir='ltr'><strong>istud.</strong></span> <span class='ocrx_word' id='word_1_520' title='bbox 638 3564 745 3629; x_wconf 90' lang='lat' dir='ltr'><strong>Ibi,</strong></span> <span class='ocrx_word' id='word_1_521' title='bbox 786 3564 839 3618; x_wconf 90' lang='lat' dir='ltr'><strong>id</strong></span> <span class='ocrx_word' id='word_1_522' title='bbox 876 3573 981 3629; x_wconf 89' lang='lat' dir='ltr'><strong>est,</strong></span> <span class='ocrx_word' id='word_1_523' title='bbox 1008 3564 1062 3617; x_wconf 92' lang='lat' dir='ltr'><strong>in</strong></span> <span class='ocrx_word' id='word_1_524' title='bbox 1106 3564 1195 3618; x_wconf 91' lang='lat' dir='ltr'><strong>illa</strong></span> <span class='ocrx_word' id='word_1_525' title='bbox 1232 3564 1554 3619; x_wconf 88' lang='lat' dir='ltr'><strong>transitione</strong></span> <span class='ocrx_word' id='word_1_526' title='bbox 1592 3565 1706 3619; x_wconf 81' lang='lat' dir='ltr'><strong>sive</strong></span> 
     </span>
    </p>
   </div>
   <div class='ocr_carea' id='block_1_66' title="bbox 110 3654 1704 3726">
    <p class='ocr_par' dir='ltr' id='par_1_66' title="bbox 110 3654 1704 3726">
     <span class='ocr_line' id='line_1_66' title="bbox 110 3654 1704 3726; baseline 0 -17"><span class='ocrx_word' id='word_1_527' title='bbox 110 3658 163 3709; x_wconf 90' lang='lat' dir='ltr'><strong>iu</strong></span> <span class='ocrx_word' id='word_1_528' title='bbox 193 3656 476 3726; x_wconf 82' lang='lat' dir='ltr'><strong>praesenti,</strong></span> <span class='ocrx_word' id='word_1_529' title='bbox 502 3656 616 3712; x_wconf 83' lang='lat' dir='ltr'><strong>sive</strong></span> <span class='ocrx_word' id='word_1_530' title='bbox 650 3656 705 3710; x_wconf 88' lang='lat' dir='ltr'><strong>in</strong></span> <span class='ocrx_word' id='word_1_531' title='bbox 735 3654 938 3720; x_wconf 84' lang='lat' dir='ltr'><strong>futura,</strong></span> <span class='ocrx_word' id='word_1_532' title='bbox 969 3654 1266 3709; x_wconf 76' lang='lat' dir='ltr'><strong>ltetabimur</strong></span> <span class='ocrx_word' id='word_1_533' title='bbox 1295 3655 1381 3710; x_wconf 92' lang='lat' dir='ltr'><strong>hic</strong></span> <span class='ocrx_word' id='word_1_534' title='bbox 1414 3655 1468 3709; x_wconf 90' lang='lat' dir='ltr'><strong>in</strong></span> <span class='ocrx_word' id='word_1_535' title='bbox 1504 3670 1619 3724; x_wconf 85' lang='lat' dir='ltr'><strong>spe,</strong></span> <span class='ocrx_word' id='word_1_536' title='bbox 1652 3656 1704 3709; x_wconf 91' lang='lat' dir='ltr'><strong>in</strong></span> 
     </span>
    </p>
   </div>
   <div class='ocr_carea' id='block_1_67' title="bbox 110 3744 1702 3815">
    <p class='ocr_par' dir='ltr' id='par_1_67' title="bbox 110 3744 1702 3815">
     <span class='ocr_line' id='line_1_67' title="bbox 110 3744 1702 3815; baseline -0.003 -14"><span class='ocrx_word' id='word_1_537' title='bbox 110 3747 198 3801; x_wconf 90' lang='lat' dir='ltr'><strong>illa</strong></span> <span class='ocrx_word' id='word_1_538' title='bbox 232 3764 296 3802; x_wconf 87' lang='lat' dir='ltr'><strong>re</strong></span> <span class='ocrx_word' id='word_1_539' title='bbox 323 3766 337 3802; x_wconf 90' lang='lat'><strong>:</strong></span> <span class='ocrx_word' id='word_1_540' title='bbox 365 3763 469 3802; x_wconf 90' lang='lat' dir='ltr'><strong>non</strong></span> <span class='ocrx_word' id='word_1_541' title='bbox 494 3748 548 3801; x_wconf 89' lang='lat' dir='ltr'><strong>in</strong></span> <span class='ocrx_word' id='word_1_542' title='bbox 580 3746 786 3801; x_wconf 85' lang='lat' dir='ltr'><strong>meritis</strong></span> <span class='ocrx_word' id='word_1_543' title='bbox 808 3745 1026 3811; x_wconf 81' lang='lat' dir='ltr'><strong>nostris,</strong></span> <span class='ocrx_word' id='word_1_544' title='bbox 1050 3745 1145 3799; x_wconf 91' lang='lat' dir='ltr'><strong>sed</strong></span> <span class='ocrx_word' id='word_1_545' title='bbox 1182 3746 1239 3799; x_wconf 88' lang='lat' dir='ltr'><strong>in</strong></span> <span class='ocrx_word' id='word_1_546' title='bbox 1268 3746 1380 3814; x_wconf 86' lang='lat' dir='ltr'><strong>ipso</strong></span> <span class='ocrx_word' id='word_1_547' title='bbox 1405 3745 1496 3815; x_wconf 90' lang='lat' dir='ltr'><strong>qui</strong></span> <span class='ocrx_word' id='word_1_548' title='bbox 1530 3744 1702 3798; x_wconf 86' lang='lat' dir='ltr'><strong>domi-</strong></span> 
     </span>
    </p>
   </div>
   <div class='ocr_carea' id='block_1_68' title="bbox 110 3834 1702 3907">
    <p class='ocr_par' dir='ltr' id='par_1_68' title="bbox 110 3834 1702 3907">
     <span class='ocr_line' id='line_1_68' title="bbox 110 3834 1702 3907; baseline -0.002 -14"><span class='ocrx_word' id='word_1_549' title='bbox 110 3851 277 3894; x_wconf 86' lang='lat' dir='ltr'><strong>natur</strong></span> <span class='ocrx_word' id='word_1_550' title='bbox 320 3840 376 3894; x_wconf 86' lang='lat' dir='ltr'><strong>in</strong></span> <span class='ocrx_word' id='word_1_551' title='bbox 417 3840 602 3893; x_wconf 84' lang='lat' dir='ltr'><strong>virtute</strong></span> <span class='ocrx_word' id='word_1_552' title='bbox 626 3855 725 3892; x_wconf 88' lang='lat' dir='ltr'><strong>sua</strong></span> <span class='ocrx_word' id='word_1_553' title='bbox 765 3835 1096 3907; x_wconf 82' lang='lat' dir='ltr'><strong>resurgendo</strong></span> <span class='ocrx_word' id='word_1_554' title='bbox 1130 3852 1145 3888; x_wconf 88' lang='lat'><strong>:</strong></span> <span class='ocrx_word' id='word_1_555' title='bbox 1177 3835 1269 3905; x_wconf 89' lang='lat' dir='ltr'><strong>qui</strong></span> <span class='ocrx_word' id='word_1_556' title='bbox 1300 3836 1453 3905; x_wconf 88' lang='lat' dir='ltr'><strong>prius</strong></span> <span class='ocrx_word' id='word_1_557' title='bbox 1482 3834 1702 3890; x_wconf 87' lang='lat' dir='ltr'><strong>servivit</strong></span> 
     </span>
    </p>
   </div>
   <div class='ocr_carea' id='block_1_69' title="bbox 112 3916 1701 3997">
    <p class='ocr_par' dir='ltr' id='par_1_69' title="bbox 112 3916 1701 3997">
     <span class='ocr_line' id='line_1_69' title="bbox 112 3916 1701 3997; baseline -0.003 -15"><span class='ocrx_word' id='word_1_558' title='bbox 112 3930 161 3982; x_wconf 85' lang='lat' dir='ltr'><strong>in</strong></span> <span class='ocrx_word' id='word_1_559' title='bbox 191 3928 554 3983; x_wconf 77' lang='lat' dir='ltr'><strong>inﬁrmitate:</strong></span> <span class='ocrx_word' id='word_1_560' title='bbox 585 3928 641 3981; x_wconf 88' lang='lat' dir='ltr'><strong>in</strong></span> <span class='ocrx_word' id='word_1_561' title='bbox 684 3927 901 3997; x_wconf 88' lang='lat' dir='ltr'><strong>propria</strong></span> <span class='ocrx_word' id='word_1_562' title='bbox 928 3927 1114 3980; x_wconf 83' lang='lat' dir='ltr'><strong>virtute</strong></span> <span class='ocrx_word' id='word_1_563' title='bbox 1152 3916 1487 3991; x_wconf 69' lang='lat' dir='ltr'><strong>dominatur,</strong></span> <span class='ocrx_word' id='word_1_564' title='bbox 1509 3939 1618 3980; x_wconf 89' lang='lat' dir='ltr'><strong>non</strong></span> <span class='ocrx_word' id='word_1_565' title='bbox 1648 3924 1701 3979; x_wconf 89' lang='lat' dir='ltr'><strong>in</strong></span> 
     </span>
    </p>
   </div>
   <div class='ocr_carea' id='block_1_70' title="bbox 110 4014 1698 4086">
    <p class='ocr_par' dir='ltr' id='par_1_70' title="bbox 110 4014 1698 4086">
     <span class='ocr_line' id='line_1_70' title="bbox 110 4014 1698 4086; baseline -0.003 -15"><span class='ocrx_word' id='word_1_566' title='bbox 110 4021 325 4080; x_wconf 75' lang='lat' dir='ltr'><strong>aliena,</strong></span> <span class='ocrx_word' id='word_1_567' title='bbox 358 4026 416 4071; x_wconf 92' lang='lat' dir='ltr'><strong>ut</strong></span> <span class='ocrx_word' id='word_1_568' title='bbox 452 4019 613 4072; x_wconf 89' lang='lat' dir='ltr'><strong>homo</strong></span> <span class='ocrx_word' id='word_1_569' title='bbox 638 4017 730 4086; x_wconf 91' lang='lat' dir='ltr'><strong>qui</strong></span> <span class='ocrx_word' id='word_1_570' title='bbox 767 4017 820 4070; x_wconf 91' lang='lat' dir='ltr'><strong>in</strong></span> <span class='ocrx_word' id='word_1_571' title='bbox 854 4015 1195 4070; x_wconf 87' lang='lat' dir='ltr'><strong>multitudine</strong></span> <span class='ocrx_word' id='word_1_572' title='bbox 1226 4014 1460 4070; x_wconf 89' lang='lat' dir='ltr'><strong>militum</strong></span> <span class='ocrx_word' id='word_1_573' title='bbox 1488 4022 1698 4085; x_wconf 85' lang='lat' dir='ltr'><strong>regnat.</strong></span> 
     </span>
    </p>
   </div>
   <div class='ocr_carea' id='block_1_71' title="bbox 108 4104 1701 4175">
    <p class='ocr_par' dir='ltr' id='par_1_71' title="bbox 108 4104 1701 4175">
     <span class='ocr_line' id='line_1_71' title="bbox 108 4104 1701 4175; baseline -0.002 -13"><span class='ocrx_word' id='word_1_574' title='bbox 108 4107 192 4162; x_wconf 84' lang='lat' dir='ltr'><strong>Ibi</strong></span> <span class='ocrx_word' id='word_1_575' title='bbox 221 4107 526 4163; x_wconf 67' lang='lat' dir='ltr'><strong>(tutabimur</strong></span> <span class='ocrx_word' id='word_1_576' title='bbox 551 4122 655 4161; x_wconf 87' lang='lat' dir='ltr'><strong>nou</strong></span> <span class='ocrx_word' id='word_1_577' title='bbox 683 4105 856 4161; x_wconf 88' lang='lat' dir='ltr'><strong>solum</strong></span> <span class='ocrx_word' id='word_1_578' title='bbox 883 4104 1077 4170; x_wconf 58' lang='lat' dir='ltr'><strong>Judaei,</strong></span> <span class='ocrx_word' id='word_1_579' title='bbox 1108 4106 1201 4161; x_wconf 89' lang='lat' dir='ltr'><strong>sed</strong></span> <span class='ocrx_word' id='word_1_580' title='bbox 1235 4113 1288 4159; x_wconf 92' lang='lat' dir='ltr'><strong>et</strong></span> <span class='ocrx_word' id='word_1_581' title='bbox 1318 4104 1543 4173; x_wconf 80' lang='lat' dir='ltr'><strong>gentes;</strong></span> <span class='ocrx_word' id='word_1_582' title='bbox 1575 4104 1701 4175; x_wconf 89' lang='lat' dir='ltr'><strong>quia</strong></span> 
     </span>
    </p>
   </div>
   <div class='ocr_carea' id='block_1_72' title="bbox 109 4193 1701 4267">
    <p class='ocr_par' dir='ltr' id='par_1_72' title="bbox 109 4193 1701 4267">
     <span class='ocr_line' id='line_1_72' title="bbox 109 4193 1701 4267; baseline -0.002 -15"><span class='ocrx_word' id='word_1_583' title='bbox 109 4198 250 4252; x_wconf 86' lang='lat' dir='ltr'><strong>oculi</strong></span> <span class='ocrx_word' id='word_1_584' title='bbox 280 4197 394 4267; x_wconf 85' lang='lat' dir='ltr'><strong>ejus</strong></span> <span class='ocrx_word' id='word_1_585' title='bbox 415 4213 571 4267; x_wconf 89' lang='lat' dir='ltr'><strong>super</strong></span> <span class='ocrx_word' id='word_1_586' title='bbox 592 4206 765 4267; x_wconf 85' lang='lat' dir='ltr'><strong>gentes</strong></span> <span class='ocrx_word' id='word_1_587' title='bbox 790 4195 1097 4265; x_wconf 72' lang='lat' dir='ltr'><strong>respiciunt,</strong></span> <span class='ocrx_word' id='word_1_588' title='bbox 1125 4193 1179 4248; x_wconf 88' lang='lat' dir='ltr'><strong>id</strong></span> <span class='ocrx_word' id='word_1_589' title='bbox 1206 4202 1307 4259; x_wconf 87' lang='lat' dir='ltr'><strong>est,</strong></span> <span class='ocrx_word' id='word_1_590' title='bbox 1336 4196 1494 4249; x_wconf 83' lang='lat' dir='ltr'><strong>vocat</strong></span> <span class='ocrx_word' id='word_1_591' title='bbox 1516 4202 1701 4265; x_wconf 83' lang='lat' dir='ltr'><strong>gentes</strong></span> 
     </span>
    </p>
   </div>
   <div class='ocr_carea' id='block_1_73' title="bbox 109 4286 1699 4357">
    <p class='ocr_par' dir='ltr' id='par_1_73' title="bbox 109 4286 1699 4357">
     <span class='ocr_line' id='line_1_73' title="bbox 109 4286 1699 4357; baseline -0.001 -14"><span class='ocrx_word' id='word_1_592' title='bbox 109 4292 175 4345; x_wconf 89' lang='lat' dir='ltr'><strong>ad</strong></span> <span class='ocrx_word' id='word_1_593' title='bbox 200 4289 655 4355; x_wconf 88' lang='lat' dir='ltr'><strong>misericordiam,</strong></span> <span class='ocrx_word' id='word_1_594' title='bbox 681 4303 789 4344; x_wconf 91' lang='lat' dir='ltr'><strong>non</strong></span> <span class='ocrx_word' id='word_1_595' title='bbox 812 4287 986 4346; x_wconf 90' lang='lat' dir='ltr'><strong>solum</strong></span> <span class='ocrx_word' id='word_1_596' title='bbox 1013 4286 1247 4352; x_wconf 85' lang='lat' dir='ltr'><strong>Judaeos,</strong></span> <span class='ocrx_word' id='word_1_597' title='bbox 1271 4287 1414 4343; x_wconf 88' lang='lat' dir='ltr'><strong>sicut</strong></span> <span class='ocrx_word' id='word_1_598' title='bbox 1436 4287 1699 4357; x_wconf 86' lang='lat' dir='ltr'><strong>scriptum</strong></span> 
     </span>
    </p>
   </div>
   <div class='ocr_carea' id='block_1_74' title="bbox 1810 3389 3388 3465">
    <p class='ocr_par' dir='ltr' id='par_1_74' title="bbox 1810 3389 3388 3465">
     <span class='ocr_line' id='line_1_74' title="bbox 1810 3389 3388 3465; baseline 0.008 -24"><span class='ocrx_word' id='word_1_599' title='bbox 1810 3389 2069 3445; x_wconf 78' lang='lat' dir='ltr'><strong>auferres.</strong></span> <span class='ocrx_word' id='word_1_600' title='bbox 2111 3391 2259 3446; x_wconf 86' lang='lat' dir='ltr'><strong>Sicut</strong></span> <span class='ocrx_word' id='word_1_601' title='bbox 2314 3394 2649 3447; x_wconf 80' lang='lat' dir='ltr'><strong>examinatur</strong></span> <span class='ocrx_word' id='word_1_602' title='bbox 2682 3407 2975 3465; x_wconf 86' lang='lat' dir='ltr'><strong>argentum.</strong></span> <span class='ocrx_word' id='word_1_603' title='bbox 3016 3396 3131 3452; x_wconf 89' lang='lat' dir='ltr'><strong>Non</strong></span> <span class='ocrx_word' id='word_1_604' title='bbox 3180 3398 3388 3453; x_wconf 86' lang='lat' dir='ltr'><strong>iucine-</strong></span> 
     </span>
    </p>
   </div>
   <div class='ocr_carea' id='block_1_75' title="bbox 1811 3482 3383 3556">
    <p class='ocr_par' dir='ltr' id='par_1_75' title="bbox 1811 3482 3383 3556">
     <span class='ocr_line' id='line_1_75' title="bbox 1811 3482 3383 3556; baseline 0.004 -20"><span class='ocrx_word' id='word_1_605' title='bbox 1811 3482 1941 3536; x_wconf 87' lang='lat' dir='ltr'><strong>rasti</strong></span> <span class='ocrx_word' id='word_1_606' title='bbox 1971 3491 2027 3537; x_wconf 93' lang='lat' dir='ltr'><strong>ut</strong></span> <span class='ocrx_word' id='word_1_607' title='bbox 2054 3482 2286 3554; x_wconf 86' lang='lat' dir='ltr'><strong>paleam,</strong></span> <span class='ocrx_word' id='word_1_608' title='bbox 2320 3485 2415 3538; x_wconf 90' lang='lat' dir='ltr'><strong>sed</strong></span> <span class='ocrx_word' id='word_1_609' title='bbox 2457 3499 2621 3553; x_wconf 91' lang='lat' dir='ltr'><strong>puros</strong></span> <span class='ocrx_word' id='word_1_610' title='bbox 2664 3486 2940 3542; x_wconf 89' lang='lat' dir='ltr'><strong>reddidisti</strong></span> <span class='ocrx_word' id='word_1_611' title='bbox 2991 3495 3051 3541; x_wconf 91' lang='lat' dir='ltr'><strong>ut</strong></span> <span class='ocrx_word' id='word_1_612' title='bbox 3078 3496 3383 3556; x_wconf 88' lang='lat' dir='ltr'><strong>argentum.</strong></span> 
     </span>
    </p>
   </div>
   <div class='ocr_carea' id='block_1_76' title="bbox 1807 3573 3383 3646">
    <p class='ocr_par' dir='ltr' id='par_1_76' title="bbox 1807 3573 3383 3646">
     <span class='ocr_line' id='line_1_76' title="bbox 1807 3573 3383 3646; baseline 0.003 -19"><span class='ocrx_word' id='word_1_613' title='bbox 1807 3573 1920 3630; x_wconf 85' lang='lat' dir='ltr'><strong>Hoc</strong></span> <span class='ocrx_word' id='word_1_614' title='bbox 1951 3575 2112 3630; x_wconf 90' lang='lat' dir='ltr'><strong>modo</strong></span> <span class='ocrx_word' id='word_1_615' title='bbox 2167 3575 2513 3631; x_wconf 78' lang='lat' dir='ltr'><strong>examinasti.</strong></span> <span class='ocrx_word' id='word_1_616' title='bbox 2567 3575 2835 3631; x_wconf 74' lang='lat' dir='ltr'><strong>Induxisti</strong></span> <span class='ocrx_word' id='word_1_617' title='bbox 2881 3593 2975 3632; x_wconf 88' lang='lat' dir='ltr'><strong>nos</strong></span> <span class='ocrx_word' id='word_1_618' title='bbox 3019 3579 3074 3631; x_wconf 87' lang='lat' dir='ltr'><strong>in</strong></span> <span class='ocrx_word' id='word_1_619' title='bbox 3119 3577 3383 3646; x_wconf 85' lang='lat' dir='ltr'><strong>laqueum,</strong></span> 
     </span>
    </p>
   </div>
   <div class='ocr_carea' id='block_1_77' title="bbox 1806 3668 3380 3739">
    <p class='ocr_par' dir='ltr' id='par_1_77' title="bbox 1806 3668 3380 3739">
     <span class='ocr_line' id='line_1_77' title="bbox 1806 3668 3380 3739; baseline 0.002 -18"><span class='ocrx_word' id='word_1_620' title='bbox 1806 3668 2050 3736; x_wconf 85' lang='lat' dir='ltr'><strong>corporis</strong></span> <span class='ocrx_word' id='word_1_621' title='bbox 2100 3683 2205 3721; x_wconf 92' lang='lat' dir='ltr'><strong>non</strong></span> <span class='ocrx_word' id='word_1_622' title='bbox 2243 3668 2476 3722; x_wconf 90' lang='lat' dir='ltr'><strong>mentis:</strong></span> <span class='ocrx_word' id='word_1_623' title='bbox 2510 3669 2601 3738; x_wconf 91' lang='lat' dir='ltr'><strong>qui</strong></span> <span class='ocrx_word' id='word_1_624' title='bbox 2643 3684 2839 3739; x_wconf 90' lang='lat' dir='ltr'><strong>corpus</strong></span> <span class='ocrx_word' id='word_1_625' title='bbox 2876 3669 3091 3739; x_wconf 89' lang='lat' dir='ltr'><strong>quidem</strong></span> <span class='ocrx_word' id='word_1_626' title='bbox 3122 3677 3380 3734; x_wconf 87' lang='lat' dir='ltr'><strong>necteret,</strong></span> 
     </span>
    </p>
   </div>
   <div class='ocr_carea' id='block_1_78' title="bbox 1804 3758 3383 3830">
    <p class='ocr_par' dir='ltr' id='par_1_78' title="bbox 1804 3758 3383 3830">
     <span class='ocr_line' id='line_1_78' title="bbox 1804 3758 3383 3830; baseline 0.003 -19"><span class='ocrx_word' id='word_1_627' title='bbox 1804 3759 1898 3813; x_wconf 85' lang='lat' dir='ltr'><strong>sed</strong></span> <span class='ocrx_word' id='word_1_628' title='bbox 1934 3758 2126 3813; x_wconf 75' lang='lat' dir='ltr'><strong>aninue</strong></span> <span class='ocrx_word' id='word_1_629' title='bbox 2166 3758 2379 3813; x_wconf 87' lang='lat' dir='ltr'><strong>vincula</strong></span> <span class='ocrx_word' id='word_1_630' title='bbox 2411 3759 2647 3815; x_wconf 83' lang='lat' dir='ltr'><strong>solveret</strong></span> <span class='ocrx_word' id='word_1_631' title='bbox 2678 3778 2691 3814; x_wconf 91' lang='lat'><strong>:</strong></span> <span class='ocrx_word' id='word_1_632' title='bbox 2721 3776 2827 3816; x_wconf 91' lang='lat' dir='ltr'><strong>non</strong></span> <span class='ocrx_word' id='word_1_633' title='bbox 2860 3768 2919 3816; x_wconf 90' lang='lat' dir='ltr'><strong>ut</strong></span> <span class='ocrx_word' id='word_1_634' title='bbox 2951 3761 3383 3830; x_wconf 85' lang='lat' dir='ltr'><strong>ahsmneremur,</strong></span> 
     </span>
    </p>
   </div>
   <div class='ocr_carea' id='block_1_79' title="bbox 1803 3847 3386 3921">
    <p class='ocr_par' dir='ltr' id='par_1_79' title="bbox 1803 3847 3386 3921">
     <span class='ocr_line' id='line_1_79' title="bbox 1803 3847 3386 3921; baseline 0.002 -18"><span class='ocrx_word' id='word_1_635' title='bbox 1803 3847 1897 3903; x_wconf 88' lang='lat' dir='ltr'><strong>sed</strong></span> <span class='ocrx_word' id='word_1_636' title='bbox 1924 3855 1982 3901; x_wconf 94' lang='lat' dir='ltr'><strong>ut</strong></span> <span class='ocrx_word' id='word_1_637' title='bbox 2008 3847 2352 3907; x_wconf 84' lang='lat' dir='ltr'><strong>liberatioucs</strong></span> <span class='ocrx_word' id='word_1_638' title='bbox 2377 3858 2495 3906; x_wconf 89' lang='lat' dir='ltr'><strong>tuas</strong></span> <span class='ocrx_word' id='word_1_639' title='bbox 2533 3852 2922 3921; x_wconf 83' lang='lat' dir='ltr'><strong>experiremur.</strong></span> <span class='ocrx_word' id='word_1_640' title='bbox 2955 3851 3191 3906; x_wconf 86' lang='lat' dir='ltr'><strong>Posuisti</strong></span> <span class='ocrx_word' id='word_1_641' title='bbox 3219 3853 3386 3906; x_wconf 87' lang='lat' dir='ltr'><strong>tribu-</strong></span> 
     </span>
    </p>
   </div>
   <div class='ocr_carea' id='block_1_80' title="bbox 1803 3937 3385 4012">
    <p class='ocr_par' dir='ltr' id='par_1_80' title="bbox 1803 3937 3385 4012">
     <span class='ocr_line' id='line_1_80' title="bbox 1803 3937 3385 4012; baseline 0.004 -20"><span class='ocrx_word' id='word_1_642' title='bbox 1803 3937 2022 3993; x_wconf 87' lang='lat' dir='ltr'><strong>lationes</strong></span> <span class='ocrx_word' id='word_1_643' title='bbox 2070 3940 2125 3993; x_wconf 88' lang='lat' dir='ltr'><strong>in</strong></span> <span class='ocrx_word' id='word_1_644' title='bbox 2154 3940 2311 3994; x_wconf 87' lang='lat' dir='ltr'><strong>dorso</strong></span> <span class='ocrx_word' id='word_1_645' title='bbox 2354 3951 2533 3995; x_wconf 87' lang='lat' dir='ltr'><strong>nostra</strong></span> <span class='ocrx_word' id='word_1_646' title='bbox 2579 3942 2720 3998; x_wconf 87' lang='lat' dir='ltr'><strong>male</strong></span> <span class='ocrx_word' id='word_1_647' title='bbox 2756 3942 2905 4012; x_wconf 92' lang='lat' dir='ltr'><strong>prius</strong></span> <span class='ocrx_word' id='word_1_648' title='bbox 2947 3952 3171 3997; x_wconf 88' lang='lat' dir='ltr'><strong>erecto:</strong></span> <span class='ocrx_word' id='word_1_649' title='bbox 3206 3943 3259 3998; x_wconf 93' lang='lat' dir='ltr'><strong>id</strong></span> <span class='ocrx_word' id='word_1_650' title='bbox 3300 3951 3385 3998; x_wconf 92' lang='lat' dir='ltr'><strong>est</strong></span> 
     </span>
    </p>
   </div>
   <div class='ocr_carea' id='block_1_81' title="bbox 1801 4029 3382 4105">
    <p class='ocr_par' dir='ltr' id='par_1_81' title="bbox 1801 4029 3382 4105">
     <span class='ocr_line' id='line_1_81' title="bbox 1801 4029 3382 4105; baseline 0.003 -21"><span class='ocrx_word' id='word_1_651' title='bbox 1801 4029 1977 4085; x_wconf 79' lang='lat' dir='ltr'><strong>fecisti</strong></span> <span class='ocrx_word' id='word_1_652' title='bbox 2012 4045 2109 4087; x_wconf 92' lang='lat' dir='ltr'><strong>nos</strong></span> <span class='ocrx_word' id='word_1_653' title='bbox 2138 4030 2387 4086; x_wconf 87' lang='lat' dir='ltr'><strong>incudem</strong></span> <span class='ocrx_word' id='word_1_654' title='bbox 2422 4041 2589 4087; x_wconf 86' lang='lat' dir='ltr'><strong>tuam.</strong></span> <span class='ocrx_word' id='word_1_655' title='bbox 2623 4034 2801 4090; x_wconf 87' lang='lat' dir='ltr'><strong>Erecti</strong></span> <span class='ocrx_word' id='word_1_656' title='bbox 2828 4048 3043 4090; x_wconf 87' lang='lat' dir='ltr'><strong>eramus</strong></span> <span class='ocrx_word' id='word_1_657' title='bbox 3068 4034 3382 4105; x_wconf 64' lang='lat' dir='ltr'><strong>superbieno</strong></span> 
     </span>
    </p>
   </div>
   <div class='ocr_carea' id='block_1_82' title="bbox 1802 4118 3380 4193">
    <p class='ocr_par' dir='ltr' id='par_1_82' title="bbox 1802 4118 3380 4193">
     <span class='ocr_line' id='line_1_82' title="bbox 1802 4118 3380 4193; baseline 0.003 -20"><span class='ocrx_word' id='word_1_658' title='bbox 1802 4118 1893 4182; x_wconf 90' lang='lat' dir='ltr'><strong>do,</strong></span> <span class='ocrx_word' id='word_1_659' title='bbox 1918 4120 2211 4174; x_wconf 88' lang='lat' dir='ltr'><strong>incurvasti</strong></span> <span class='ocrx_word' id='word_1_660' title='bbox 2265 4134 2364 4176; x_wconf 88' lang='lat' dir='ltr'><strong>nos</strong></span> <span class='ocrx_word' id='word_1_661' title='bbox 2395 4128 2449 4174; x_wconf 92' lang='lat' dir='ltr'><strong>ut</strong></span> <span class='ocrx_word' id='word_1_662' title='bbox 2482 4120 2910 4178; x_wconf 89' lang='lat' dir='ltr'><strong>humiliaremur.</strong></span> <span class='ocrx_word' id='word_1_663' title='bbox 2943 4122 3056 4178; x_wconf 83' lang='lat' dir='ltr'><strong>Hoc</strong></span> <span class='ocrx_word' id='word_1_664' title='bbox 3097 4122 3256 4177; x_wconf 91' lang='lat' dir='ltr'><strong>modo</strong></span> <span class='ocrx_word' id='word_1_665' title='bbox 3280 4138 3380 4193; x_wconf 84' lang='lat' dir='ltr'><strong>po-</strong></span> 
     </span>
    </p>
   </div>
   <div class='ocr_carea' id='block_1_83' title="bbox 1798 4204 3378 4283">
    <p class='ocr_par' dir='ltr' id='par_1_83' title="bbox 1798 4204 3378 4283">
     <span class='ocr_line' id='line_1_83' title="bbox 1798 4204 3378 4283; baseline 0.002 -19"><span class='ocrx_word' id='word_1_666' title='bbox 1798 4210 1955 4264; x_wconf 89' lang='lat' dir='ltr'><strong>suisti</strong></span> <span class='ocrx_word' id='word_1_667' title='bbox 1996 4204 2414 4267; x_wconf 86' lang='lat' dir='ltr'><strong>tribulationes:</strong></span> <span class='ocrx_word' id='word_1_668' title='bbox 2452 4210 2757 4283; x_wconf 89' lang='lat' dir='ltr'><strong>Imposuisti</strong></span> <span class='ocrx_word' id='word_1_669' title='bbox 2810 4214 3044 4268; x_wconf 81' lang='lat' dir='ltr'><strong>homines</strong></span> <span class='ocrx_word' id='word_1_670' title='bbox 3089 4230 3246 4283; x_wconf 89' lang='lat' dir='ltr'><strong>super</strong></span> <span class='ocrx_word' id='word_1_671' title='bbox 3288 4230 3378 4267; x_wconf 87' lang='lat' dir='ltr'><strong>ca-</strong></span> 
     </span>
    </p>
   </div>
   <div class='ocr_carea' id='block_1_84' title="bbox 1798 4288 3445 4374">
    <p class='ocr_par' dir='ltr' id='par_1_84' title="bbox 1798 4288 3445 4374">
     <span class='ocr_line' id='line_1_84' title="bbox 1798 4288 3445 4374; baseline 0.001 -19"><span class='ocrx_word' id='word_1_672' title='bbox 1798 4302 1907 4371; x_wconf 88' lang='lat' dir='ltr'><strong>pita</strong></span> <span class='ocrx_word' id='word_1_673' title='bbox 1935 4311 2133 4356; x_wconf 89' lang='lat' dir='ltr'><strong>nostra.</strong></span> <span class='ocrx_word' id='word_1_674' title='bbox 2164 4288 2409 4358; x_wconf 83' lang='lat' dir='ltr'><strong>Vidimus</strong></span> <span class='ocrx_word' id='word_1_675' title='bbox 2441 4304 2769 4374; x_wconf 90' lang='lat' dir='ltr'><strong>superiores,</strong></span> <span class='ocrx_word' id='word_1_676' title='bbox 2809 4304 2899 4374; x_wconf 92' lang='lat' dir='ltr'><strong>qui</strong></span> <span class='ocrx_word' id='word_1_677' title='bbox 2931 4304 3085 4358; x_wconf 87' lang='lat' dir='ltr'><strong>nobis</strong></span> <span class='ocrx_word' id='word_1_678' title='bbox 3105 4313 3256 4357; x_wconf 87' lang='lat' dir='ltr'><strong>erant</strong></span> <span class='ocrx_word' id='word_1_679' title='bbox 3287 4317 3382 4371; x_wconf 90' lang='lat' dir='ltr'><strong>pc-</strong></span> <span class='ocrx_word' id='word_1_680' title='bbox 3440 4319 3445 4325; x_wconf 90' lang='grc'><strong>·</strong></span> 
     </span>
    </p>
   </div>
   <div class='ocr_carea' id='block_1_85' title="bbox 108 4376 1708 4465">
    <p class='ocr_par' dir='ltr' id='par_1_85' title="bbox 108 4376 1699 4448">
     <span class='ocr_line' id='line_1_85' title="bbox 108 4376 1699 4448; baseline -0.001 -15"><span class='ocrx_word' id='word_1_681' title='bbox 108 4388 225 4437; x_wconf 88' lang='lat' dir='ltr'><strong>est:</strong></span> <span class='ocrx_word' id='word_1_682' title='bbox 268 4376 455 4435; x_wconf 83' lang='lat' dir='ltr'><strong>Gentes</strong></span> <span class='ocrx_word' id='word_1_683' title='bbox 481 4388 654 4433; x_wconf 89' lang='lat' dir='ltr'><strong>autem</strong></span> <span class='ocrx_word' id='word_1_684' title='bbox 678 4394 834 4448; x_wconf 91' lang='lat' dir='ltr'><strong>super</strong></span> <span class='ocrx_word' id='word_1_685' title='bbox 863 4376 1220 4431; x_wconf 86' lang='lat' dir='ltr'><strong>misericordia</strong></span> <span class='ocrx_word' id='word_1_686' title='bbox 1248 4378 1511 4431; x_wconf 88' lang='lat' dir='ltr'><strong>honorare</strong></span> <span class='ocrx_word' id='word_1_687' title='bbox 1533 4376 1699 4432; x_wconf 91' lang='lat' dir='ltr'><strong>Deum</strong></span> 
     </span>
    </p>
   </div>
   <div class='ocr_carea' id='block_1_86' title="bbox 1810 4376 3375 4465">
    <p class='ocr_par' dir='ltr' id='par_1_86' title="bbox 1810 4394 3375 4465">
     <span class='ocr_line' id='line_1_86' title="bbox 1810 4394 3375 4465; baseline 0.001 -19"><span class='ocrx_word' id='word_1_688' title='bbox 1810 4394 1970 4459; x_wconf 62' lang='lat' dir='ltr'><strong>iores;</strong></span> <span class='ocrx_word' id='word_1_689' title='bbox 2008 4395 2101 4449; x_wconf 90' lang='lat' dir='ltr'><strong>sed</strong></span> <span class='ocrx_word' id='word_1_690' title='bbox 2132 4410 2229 4449; x_wconf 89' lang='lat' dir='ltr'><strong>nos</strong></span> <span class='ocrx_word' id='word_1_691' title='bbox 2254 4394 2402 4450; x_wconf 75' lang='lat' dir='ltr'><strong>illaesi</strong></span> <span class='ocrx_word' id='word_1_692' title='bbox 2428 4396 2763 4450; x_wconf 83' lang='lat' dir='ltr'><strong>transivimus</strong></span> <span class='ocrx_word' id='word_1_693' title='bbox 2782 4413 2875 4465; x_wconf 89' lang='lat' dir='ltr'><strong>per</strong></span> <span class='ocrx_word' id='word_1_694' title='bbox 2898 4396 3067 4464; x_wconf 86' lang='lat' dir='ltr'><strong>ignem</strong></span> <span class='ocrx_word' id='word_1_695' title='bbox 3092 4405 3138 4448; x_wconf 87' lang='lat' dir='ltr'><strong>et</strong></span> <span class='ocrx_word' id='word_1_696' title='bbox 3162 4410 3375 4465; x_wconf 88' lang='lat' dir='ltr'><strong>aquam.</strong></span> 
     </span>
    </p>
   </div>
   <div class='ocr_carea' id='block_1_87' title="bbox 110 4468 1695 4540">
    <p class='ocr_par' dir='ltr' id='par_1_87' title="bbox 110 4468 1695 4540">
     <span class='ocr_line' id='line_1_87' title="bbox 110 4468 1695 4540; baseline 0 -17"><span class='ocrx_word' id='word_1_697' title='bbox 110 4469 297 4539; x_wconf 81' lang='lat' dir='ltr'><strong>(Rom.</strong></span> <span class='ocrx_word' id='word_1_698' title='bbox 328 4470 441 4540; x_wconf 82' lang='lat' dir='ltr'><strong>xv).</strong></span> <span class='ocrx_word' id='word_1_699' title='bbox 466 4470 533 4525; x_wconf 87' lang='lat' dir='ltr'><strong>Et</strong></span> <span class='ocrx_word' id='word_1_700' title='bbox 569 4470 689 4526; x_wconf 90' lang='lat' dir='ltr'><strong>ideo</strong></span> <span class='ocrx_word' id='word_1_701' title='bbox 715 4469 841 4540; x_wconf 88' lang='lat' dir='ltr'><strong>quia</strong></span> <span class='ocrx_word' id='word_1_702' title='bbox 877 4483 1064 4524; x_wconf 91' lang='lat' dir='ltr'><strong>omnes</strong></span> <span class='ocrx_word' id='word_1_703' title='bbox 1101 4478 1263 4539; x_wconf 85' lang='lat' dir='ltr'><strong>egent</strong></span> <span class='ocrx_word' id='word_1_704' title='bbox 1302 4468 1695 4536; x_wconf 89' lang='lat' dir='ltr'><strong>misericordia,</strong></span> 
     </span>
    </p>
   </div>
   <div class='ocr_carea' id='block_1_88' title="bbox 111 4561 1697 4632">
    <p class='ocr_par' dir='ltr' id='par_1_88' title="bbox 111 4561 1697 4632">
     <span class='ocr_line' id='line_1_88' title="bbox 111 4561 1697 4632; baseline 0.001 -17"><span class='ocrx_word' id='word_1_705' title='bbox 111 4570 217 4615; x_wconf 85' lang='lat' dir='ltr'><strong>tam</strong></span> <span class='ocrx_word' id='word_1_706' title='bbox 258 4561 429 4617; x_wconf 71' lang='lat' dir='ltr'><strong>Judaei</strong></span> <span class='ocrx_word' id='word_1_707' title='bbox 456 4577 616 4631; x_wconf 90' lang='lat' dir='ltr'><strong>quam</strong></span> <span class='ocrx_word' id='word_1_708' title='bbox 648 4561 895 4632; x_wconf 89' lang='lat' dir='ltr'><strong>gentiles,</strong></span> <span class='ocrx_word' id='word_1_709' title='bbox 919 4562 1008 4631; x_wconf 87' lang='lat' dir='ltr'><strong>qui</strong></span> <span class='ocrx_word' id='word_1_710' title='bbox 1042 4571 1372 4631; x_wconf 70' lang='lat' dir='ltr'><strong>exasperant,</strong></span> <span class='ocrx_word' id='word_1_711' title='bbox 1396 4561 1449 4616; x_wconf 90' lang='lat' dir='ltr'><strong>id</strong></span> <span class='ocrx_word' id='word_1_712' title='bbox 1476 4570 1580 4628; x_wconf 88' lang='lat' dir='ltr'><strong>est,</strong></span> <span class='ocrx_word' id='word_1_713' title='bbox 1605 4562 1697 4632; x_wconf 88' lang='lat' dir='ltr'><strong>qui</strong></span> 
     </span>
    </p>
   </div>
   <div class='ocr_carea' id='block_1_89' title="bbox 1800 4484 3375 4557">
    <p class='ocr_par' dir='ltr' id='par_1_89' title="bbox 1800 4484 3375 4557">
     <span class='ocr_line' id='line_1_89' title="bbox 1800 4484 3375 4557; baseline 0.001 -19"><span class='ocrx_word' id='word_1_714' title='bbox 1800 4484 2109 4541; x_wconf 88' lang='lat' dir='ltr'><strong>Similitudo</strong></span> <span class='ocrx_word' id='word_1_715' title='bbox 2137 4487 2205 4542; x_wconf 91' lang='lat' dir='ltr'><strong>ab</strong></span> <span class='ocrx_word' id='word_1_716' title='bbox 2233 4486 2359 4552; x_wconf 89' lang='lat' dir='ltr'><strong>olla,</strong></span> <span class='ocrx_word' id='word_1_717' title='bbox 2390 4502 2510 4557; x_wconf 65' lang='lat' dir='ltr'><strong>quae</strong></span> <span class='ocrx_word' id='word_1_718' title='bbox 2539 4487 2584 4542; x_wconf 93' lang='lat' dir='ltr'><strong>si</strong></span> <span class='ocrx_word' id='word_1_719' title='bbox 2629 4488 2701 4542; x_wconf 87' lang='lat' dir='ltr'><strong>sit</strong></span> <span class='ocrx_word' id='word_1_720' title='bbox 2740 4488 2874 4542; x_wconf 90' lang='lat' dir='ltr'><strong>bene</strong></span> <span class='ocrx_word' id='word_1_721' title='bbox 2912 4496 3062 4541; x_wconf 84' lang='lat' dir='ltr'><strong>cocta</strong></span> <span class='ocrx_word' id='word_1_722' title='bbox 3094 4487 3236 4555; x_wconf 90' lang='lat' dir='ltr'><strong>igne,</strong></span> <span class='ocrx_word' id='word_1_723' title='bbox 3266 4502 3375 4540; x_wconf 88' lang='lat' dir='ltr'><strong>non</strong></span> 
     </span>
    </p>
   </div>
   <div class='ocr_carea' id='block_1_90' title="bbox 1799 4573 3373 4646">
    <p class='ocr_par' dir='ltr' id='par_1_90' title="bbox 1799 4573 3373 4646">
     <span class='ocr_line' id='line_1_90' title="bbox 1799 4573 3373 4646; baseline 0 -19"><span class='ocrx_word' id='word_1_724' title='bbox 1799 4573 2115 4630; x_wconf 89' lang='lat' dir='ltr'><strong>dissolvitur</strong></span> <span class='ocrx_word' id='word_1_725' title='bbox 2143 4591 2281 4646; x_wconf 87' lang='lat' dir='ltr'><strong>aqua</strong></span> <span class='ocrx_word' id='word_1_726' title='bbox 2314 4594 2327 4629; x_wconf 90' lang='lat'><strong>:</strong></span> <span class='ocrx_word' id='word_1_727' title='bbox 2361 4577 2432 4631; x_wconf 87' lang='lat' dir='ltr'><strong>ita</strong></span> <span class='ocrx_word' id='word_1_728' title='bbox 2459 4586 2513 4631; x_wconf 89' lang='lat' dir='ltr'><strong>ct</strong></span> <span class='ocrx_word' id='word_1_729' title='bbox 2543 4591 2640 4631; x_wconf 90' lang='lat' dir='ltr'><strong>nos</strong></span> <span class='ocrx_word' id='word_1_730' title='bbox 2690 4576 2890 4631; x_wconf 81' lang='lat' dir='ltr'><strong>fuimus</strong></span> <span class='ocrx_word' id='word_1_731' title='bbox 2919 4576 3134 4630; x_wconf 88' lang='lat' dir='ltr'><strong>solidati</strong></span> <span class='ocrx_word' id='word_1_732' title='bbox 3166 4575 3218 4629; x_wconf 92' lang='lat' dir='ltr'><strong>in</strong></span> <span class='ocrx_word' id='word_1_733' title='bbox 3244 4589 3373 4645; x_wconf 87' lang='lat' dir='ltr'><strong>pas-</strong></span> 
     </span>
    </p>
   </div>
   <div class='ocr_carea' id='block_1_91' title="bbox 109 4625 3379 4736">
    <p class='ocr_par' dir='ltr' id='par_1_91' title="bbox 109 4625 3379 4736">
     <span class='ocr_line' id='line_1_91' title="bbox 109 4625 3379 4736; baseline -0.001 -14"><span class='ocrx_word' id='word_1_734' title='bbox 109 4649 323 4723; x_wconf 71' lang='grc' dir='ltr'><strong>ιίιίεειηι</strong></span> <span class='ocrx_word' id='word_1_735' title='bbox 378 4651 717 4721; x_wconf 67' lang='grc' dir='ltr'><strong>ῖηάίϐηθυῑθδ</strong></span> <span class='ocrx_word' id='word_1_736' title='bbox 768 4652 835 4708; x_wconf 73' lang='lat' dir='ltr'><strong>de</strong></span> <span class='ocrx_word' id='word_1_737' title='bbox 882 4651 1164 4707; x_wconf 66' lang='grc' dir='ltr'><strong>νοωιίοηθ</strong></span> <span class='ocrx_word' id='word_1_738' title='bbox 1213 4653 1476 4721; x_wconf 62' lang='lat' dir='ltr'><strong>genuum,</strong></span> <span class='ocrx_word' id='word_1_739' title='bbox 1519 4661 1577 4707; x_wconf 73' lang='grc' dir='ltr'><strong>ει</strong></span> <span class='ocrx_word' id='word_1_740' title='bbox 1618 4653 1697 4707; x_wconf 74' lang='lat' dir='ltr'><strong>Sic</strong></span> <span class='ocrx_word' id='word_1_741' title='bbox 1725 4625 1776 4685; x_wconf 63' lang='grc' dir='ltr'><strong>Β</strong></span> <span class='ocrx_word' id='word_1_742' title='bbox 1800 4664 1972 4729; x_wconf 92' lang='lat' dir='ltr'><strong>sione,</strong></span> <span class='ocrx_word' id='word_1_743' title='bbox 2004 4674 2062 4718; x_wconf 91' lang='lat' dir='ltr'><strong>ut</strong></span> <span class='ocrx_word' id='word_1_744' title='bbox 2089 4625 2365 4719; x_wconf 64' lang='lat' dir='ltr'><strong>blanditiae</strong></span> <span class='ocrx_word' id='word_1_745' title='bbox 2398 4680 2504 4719; x_wconf 91' lang='lat' dir='ltr'><strong>non</strong></span> <span class='ocrx_word' id='word_1_746' title='bbox 2549 4674 2767 4736; x_wconf 88' lang='lat' dir='ltr'><strong>possent</strong></span> <span class='ocrx_word' id='word_1_747' title='bbox 2805 4680 2906 4719; x_wconf 90' lang='lat' dir='ltr'><strong>nos</strong></span> <span class='ocrx_word' id='word_1_748' title='bbox 2946 4625 3287 4720; x_wconf 42' lang='lat' dir='ltr'><strong>dissolveret:</strong></span> <span class='ocrx_word' id='word_1_749' title='bbox 3322 4671 3379 4719; x_wconf 83' lang='lat' dir='ltr'><strong>et</strong></span> 
     </span>
    </p>
   </div>
   <div class='ocr_carea' id='block_1_92' title="bbox 110 4743 1697 4813">
    <p class='ocr_par' dir='ltr' id='par_1_92' title="bbox 110 4743 1697 4813">
     <span class='ocr_line' id='line_1_92' title="bbox 110 4743 1697 4813; baseline -0.001 -15"><span class='ocrx_word' id='word_1_750' title='bbox 110 4743 279 4798; x_wconf 85' lang='lat' dir='ltr'><strong>Deum</strong></span> <span class='ocrx_word' id='word_1_751' title='bbox 323 4743 426 4798; x_wconf 92' lang='lat' dir='ltr'><strong>sibi</strong></span> <span class='ocrx_word' id='word_1_752' title='bbox 463 4752 797 4813; x_wconf 75' lang='lat' dir='ltr'><strong>exasperant,</strong></span> <span class='ocrx_word' id='word_1_753' title='bbox 828 4743 882 4798; x_wconf 90' lang='lat' dir='ltr'><strong>id</strong></span> <span class='ocrx_word' id='word_1_754' title='bbox 914 4750 1019 4809; x_wconf 90' lang='lat' dir='ltr'><strong>est,</strong></span> <span class='ocrx_word' id='word_1_755' title='bbox 1064 4743 1261 4798; x_wconf 87' lang='lat' dir='ltr'><strong>iratum</strong></span> <span class='ocrx_word' id='word_1_756' title='bbox 1305 4743 1558 4809; x_wconf 90' lang='lat' dir='ltr'><strong>reddunt,</strong></span> <span class='ocrx_word' id='word_1_757' title='bbox 1594 4758 1697 4798; x_wconf 88' lang='lat' dir='ltr'><strong>non</strong></span> 
     </span>
    </p>
   </div>
   <div class='ocr_carea' id='block_1_93' title="bbox 112 4832 1695 4905">
    <p class='ocr_par' dir='ltr' id='par_1_93' title="bbox 112 4832 1695 4905">
     <span class='ocr_line' id='line_1_93' title="bbox 112 4832 1695 4905; baseline -0.001 -17"><span class='ocrx_word' id='word_1_758' title='bbox 112 4834 412 4888; x_wconf 73' lang='lat' dir='ltr'><strong>mltentur</strong></span> <span class='ocrx_word' id='word_1_759' title='bbox 454 4835 510 4887; x_wconf 86' lang='lat' dir='ltr'><strong>in</strong></span> <span class='ocrx_word' id='word_1_760' title='bbox 553 4834 869 4905; x_wconf 86' lang='lat' dir='ltr'><strong>semetipsis,</strong></span> <span class='ocrx_word' id='word_1_761' title='bbox 910 4834 961 4889; x_wconf 90' lang='lat' dir='ltr'><strong>id</strong></span> <span class='ocrx_word' id='word_1_762' title='bbox 1004 4843 1107 4899; x_wconf 89' lang='lat' dir='ltr'><strong>est,</strong></span> <span class='ocrx_word' id='word_1_763' title='bbox 1152 4848 1260 4888; x_wconf 88' lang='lat' dir='ltr'><strong>non</strong></span> <span class='ocrx_word' id='word_1_764' title='bbox 1299 4832 1597 4904; x_wconf 85' lang='lat' dir='ltr'><strong>glorientur</strong></span> <span class='ocrx_word' id='word_1_765' title='bbox 1640 4832 1695 4887; x_wconf 91' lang='lat' dir='ltr'><strong>in</strong></span> 
     </span>
    </p>
   </div>
   <div class='ocr_carea' id='block_1_94' title="bbox 115 4923 1696 4990">
    <p class='ocr_par' dir='ltr' id='par_1_94' title="bbox 115 4923 1696 4990">
     <span class='ocr_line' id='line_1_94' title="bbox 115 4923 1696 4990; baseline 0.001 -12"><span class='ocrx_word' id='word_1_766' title='bbox 115 4924 324 4980; x_wconf 87' lang='lat' dir='ltr'><strong>meritis</strong></span> <span class='ocrx_word' id='word_1_767' title='bbox 351 4924 485 4989; x_wconf 91' lang='lat' dir='ltr'><strong>suis,</strong></span> <span class='ocrx_word' id='word_1_768' title='bbox 530 4924 639 4979; x_wconf 90' lang='lat' dir='ltr'><strong>imo</strong></span> <span class='ocrx_word' id='word_1_769' title='bbox 682 4923 1032 4979; x_wconf 87' lang='lat' dir='ltr'><strong>humilieutur</strong></span> <span class='ocrx_word' id='word_1_770' title='bbox 1061 4923 1118 4979; x_wconf 92' lang='lat' dir='ltr'><strong>in</strong></span> <span class='ocrx_word' id='word_1_771' title='bbox 1160 4938 1243 4990; x_wconf 89' lang='lat' dir='ltr'><strong>se,</strong></span> <span class='ocrx_word' id='word_1_772' title='bbox 1270 4924 1592 4980; x_wconf 86' lang='lat' dir='ltr'><strong>conﬁtentes</strong></span> <span class='ocrx_word' id='word_1_773' title='bbox 1636 4938 1696 4979; x_wconf 87' lang='lat' dir='ltr'><strong>se</strong></span> 
     </span>
    </p>
   </div>
   <div class='ocr_carea' id='block_1_95' title="bbox 113 5015 1696 5087">
    <p class='ocr_par' dir='ltr' id='par_1_95' title="bbox 113 5015 1696 5087">
     <span class='ocr_line' id='line_1_95' title="bbox 113 5015 1696 5087; baseline 0 -16"><span class='ocrx_word' id='word_1_774' title='bbox 113 5026 426 5087; x_wconf 85' lang='lat' dir='ltr'><strong>peccatores</strong></span> <span class='ocrx_word' id='word_1_775' title='bbox 454 5026 508 5072; x_wconf 89' lang='lat' dir='ltr'><strong>et</strong></span> <span class='ocrx_word' id='word_1_776' title='bbox 533 5031 693 5087; x_wconf 86' lang='lat' dir='ltr'><strong>egere</strong></span> <span class='ocrx_word' id='word_1_777' title='bbox 720 5016 1110 5082; x_wconf 87' lang='lat' dir='ltr'><strong>misericordia,</strong></span> <span class='ocrx_word' id='word_1_778' title='bbox 1141 5024 1203 5072; x_wconf 92' lang='lat' dir='ltr'><strong>ut</strong></span> <span class='ocrx_word' id='word_1_779' title='bbox 1232 5015 1286 5071; x_wconf 90' lang='lat' dir='ltr'><strong>in</strong></span> <span class='ocrx_word' id='word_1_780' title='bbox 1319 5015 1428 5073; x_wconf 88' lang='lat' dir='ltr'><strong>Deo</strong></span> <span class='ocrx_word' id='word_1_781' title='bbox 1452 5017 1696 5072; x_wconf 77' lang='lat' dir='ltr'><strong>exaltan-</strong></span> 
     </span>
    </p>
   </div>
   <div class='ocr_carea' id='block_1_96' title="bbox 118 5108 1699 5180">
    <p class='ocr_par' dir='ltr' id='par_1_96' title="bbox 118 5108 1699 5180">
     <span class='ocr_line' id='line_1_96' title="bbox 118 5108 1699 5180; baseline 0.002 -20"><span class='ocrx_word' id='word_1_782' title='bbox 118 5116 217 5162; x_wconf 91' lang='lat' dir='ltr'><strong>tur.</strong></span> <span class='ocrx_word' id='word_1_783' title='bbox 236 5108 389 5165; x_wconf 88' lang='lat' dir='ltr'><strong>Unde</strong></span> <span class='ocrx_word' id='word_1_784' title='bbox 412 5111 530 5178; x_wconf 87' lang='lat' dir='ltr'><strong>quia</strong></span> <span class='ocrx_word' id='word_1_785' title='bbox 545 5109 681 5164; x_wconf 87' lang='lat' dir='ltr'><strong>oculi</strong></span> <span class='ocrx_word' id='word_1_786' title='bbox 695 5108 810 5177; x_wconf 87' lang='lat' dir='ltr'><strong>ejus</strong></span> <span class='ocrx_word' id='word_1_787' title='bbox 821 5125 974 5179; x_wconf 89' lang='lat' dir='ltr'><strong>super</strong></span> <span class='ocrx_word' id='word_1_788' title='bbox 985 5118 1157 5179; x_wconf 89' lang='lat' dir='ltr'><strong>gentes</strong></span> <span class='ocrx_word' id='word_1_789' title='bbox 1174 5110 1472 5180; x_wconf 72' lang='lat' dir='ltr'><strong>respiciunt,</strong></span> <span class='ocrx_word' id='word_1_790' title='bbox 1489 5109 1699 5166; x_wconf 88' lang='lat' dir='ltr'><strong>benedi-</strong></span> 
     </span>
    </p>
   </div>
   <div class='ocr_carea' id='block_1_97' title="bbox 113 5201 1696 5273">
    <p class='ocr_par' dir='ltr' id='par_1_97' title="bbox 113 5201 1696 5273">
     <span class='ocr_line' id='line_1_97' title="bbox 113 5201 1696 5273; baseline 0.002 -20"><span class='ocrx_word' id='word_1_791' title='bbox 113 5203 228 5269; x_wconf 83' lang='lat' dir='ltr'><strong>cite,</strong></span> <span class='ocrx_word' id='word_1_792' title='bbox 251 5211 447 5273; x_wconf 86' lang='lat' dir='ltr'><strong>gentes,</strong></span> <span class='ocrx_word' id='word_1_793' title='bbox 473 5202 633 5257; x_wconf 86' lang='lat' dir='ltr'><strong>Deum</strong></span> <span class='ocrx_word' id='word_1_794' title='bbox 657 5210 914 5266; x_wconf 89' lang='lat' dir='ltr'><strong>nostrum,</strong></span> <span class='ocrx_word' id='word_1_795' title='bbox 931 5201 984 5257; x_wconf 91' lang='lat' dir='ltr'><strong>id</strong></span> <span class='ocrx_word' id='word_1_796' title='bbox 1004 5211 1108 5268; x_wconf 91' lang='lat' dir='ltr'><strong>est,</strong></span> <span class='ocrx_word' id='word_1_797' title='bbox 1127 5217 1467 5258; x_wconf 90' lang='lat' dir='ltr'><strong>communem</strong></span> <span class='ocrx_word' id='word_1_798' title='bbox 1486 5201 1696 5258; x_wconf 61' lang='lat' dir='ltr'><strong>Judaeu—</strong></span> 
     </span>
    </p>
   </div>
   <div class='ocr_carea' id='block_1_98' title="bbox 115 5293 1687 5365">
    <p class='ocr_par' dir='ltr' id='par_1_98' title="bbox 115 5293 1687 5365">
     <span class='ocr_line' id='line_1_98' title="bbox 115 5293 1687 5365; baseline 0.002 -20"><span class='ocrx_word' id='word_1_799' title='bbox 115 5308 230 5347; x_wconf 87' lang='lat' dir='ltr'><strong>rum</strong></span> <span class='ocrx_word' id='word_1_800' title='bbox 249 5302 308 5348; x_wconf 91' lang='lat' dir='ltr'><strong>et</strong></span> <span class='ocrx_word' id='word_1_801' title='bbox 326 5294 578 5364; x_wconf 86' lang='lat' dir='ltr'><strong>gentium.</strong></span> <span class='ocrx_word' id='word_1_802' title='bbox 595 5293 768 5351; x_wconf 69' lang='lat' dir='ltr'><strong>Judaei</strong></span> <span class='ocrx_word' id='word_1_803' title='bbox 787 5300 945 5362; x_wconf 85' lang='lat' dir='ltr'><strong>agant</strong></span> <span class='ocrx_word' id='word_1_804' title='bbox 969 5293 1035 5347; x_wconf 92' lang='lat' dir='ltr'><strong>de</strong></span> <span class='ocrx_word' id='word_1_805' title='bbox 1053 5294 1263 5365; x_wconf 88' lang='lat' dir='ltr'><strong>justitia</strong></span> <span class='ocrx_word' id='word_1_806' title='bbox 1288 5311 1413 5362; x_wconf 90' lang='lat' dir='ltr'><strong>sua;</strong></span> <span class='ocrx_word' id='word_1_807' title='bbox 1447 5295 1541 5351; x_wconf 89' lang='lat' dir='ltr'><strong>sed</strong></span> <span class='ocrx_word' id='word_1_808' title='bbox 1572 5308 1687 5360; x_wconf 90' lang='lat' dir='ltr'><strong>vos,</strong></span> 
     </span>
    </p>
   </div>
   <div class='ocr_carea' id='block_1_99' title="bbox 117 5388 1679 5436">
    <p class='ocr_par' dir='ltr' id='par_1_99' title="bbox 117 5388 1679 5436">
     <span class='ocr_line' id='line_1_99' title="bbox 117 5388 1679 5436; baseline 0.003 -10"><span class='ocrx_word' id='word_1_809' title='bbox 117 5399 285 5434; x_wconf 56' lang='lat' dir='ltr'><strong>apulo;</strong></span> <span class='ocrx_word' id='word_1_810' title='bbox 336 5389 610 5436; x_wconf 65' lang='grc' dir='ltr'><strong>Ιιρηιάίνὶιρ</strong></span> <span class='ocrx_word' id='word_1_811' title='bbox 637 5389 803 5430; x_wconf 59' lang='lat' dir='ltr'><strong>&quot;cum</strong></span> <span class='ocrx_word' id='word_1_812' title='bbox 826 5388 891 5426; x_wconf 68' lang='grc' dir='ltr'><strong>ΑΩ</strong></span> <span class='ocrx_word' id='word_1_813' title='bbox 910 5389 1275 5428; x_wconf 67' lang='grc' dir='ltr'><strong>ηιῖαιινῖιηὶιηιῖη</strong></span> <span class='ocrx_word' id='word_1_814' title='bbox 1294 5393 1445 5430; x_wconf 73' lang='lat' dir='ltr'><strong>vnhic</strong></span> <span class='ocrx_word' id='word_1_815' title='bbox 1467 5392 1679 5430; x_wconf 67' lang='lat' dir='ltr'><strong>nnllnla</strong></span> 
     </span>
    </p>
   </div>
   <div class='ocr_carea' id='block_1_100' title="bbox 1798 4756 3381 4827">
    <p class='ocr_par' dir='ltr' id='par_1_100' title="bbox 1798 4756 3381 4827">
     <span class='ocr_line' id='line_1_100' title="bbox 1798 4756 3381 4827; baseline 0.001 -19"><span class='ocrx_word' id='word_1_816' title='bbox 1798 4756 2015 4811; x_wconf 88' lang='lat' dir='ltr'><strong>tandem</strong></span> <span class='ocrx_word' id='word_1_817' title='bbox 2046 4765 2333 4827; x_wconf 87' lang='lat' dir='ltr'><strong>postquam</strong></span> <span class='ocrx_word' id='word_1_818' title='bbox 2367 4773 2463 4811; x_wconf 91' lang='lat' dir='ltr'><strong>nos</strong></span> <span class='ocrx_word' id='word_1_819' title='bbox 2496 4756 2747 4826; x_wconf 89' lang='lat' dir='ltr'><strong>probasti,</strong></span> <span class='ocrx_word' id='word_1_820' title='bbox 2787 4757 3042 4812; x_wconf 71' lang='lat' dir='ltr'><strong>induxisti</strong></span> <span class='ocrx_word' id='word_1_821' title='bbox 3064 4774 3157 4813; x_wconf 89' lang='lat' dir='ltr'><strong>nos</strong></span> <span class='ocrx_word' id='word_1_822' title='bbox 3184 4757 3239 4810; x_wconf 88' lang='lat' dir='ltr'><strong>in</strong></span> <span class='ocrx_word' id='word_1_823' title='bbox 3290 4772 3381 4826; x_wconf 46' lang='lat' dir='ltr'><strong>reg</strong></span> 
     </span>
    </p>
   </div>
   <div class='ocr_carea' id='block_1_101' title="bbox 1802 4844 3378 4918">
    <p class='ocr_par' dir='ltr' id='par_1_101' title="bbox 1802 4844 3378 4918">
     <span class='ocr_line' id='line_1_101' title="bbox 1802 4844 3378 4918; baseline 0.002 -20"><span class='ocrx_word' id='word_1_824' title='bbox 1802 4844 2104 4916; x_wconf 81' lang='lat' dir='ltr'><strong>frigerium;</strong></span> <span class='ocrx_word' id='word_1_825' title='bbox 2134 4845 2409 4918; x_wconf 76' lang='lat' dir='ltr'><strong>subiungit</strong></span> <span class='ocrx_word' id='word_1_826' title='bbox 2440 4865 2456 4903; x_wconf 90' lang='lat'><strong>:</strong></span> <span class='ocrx_word' id='word_1_827' title='bbox 2486 4847 2721 4903; x_wconf 81' lang='lat' dir='ltr'><strong>lntroibo</strong></span> <span class='ocrx_word' id='word_1_828' title='bbox 2742 4848 2798 4903; x_wconf 88' lang='lat' dir='ltr'><strong>in</strong></span> <span class='ocrx_word' id='word_1_829' title='bbox 2835 4848 3047 4903; x_wconf 89' lang='lat' dir='ltr'><strong>domum</strong></span> <span class='ocrx_word' id='word_1_830' title='bbox 3077 4858 3243 4903; x_wconf 85' lang='lat' dir='ltr'><strong>tuam.</strong></span> <span class='ocrx_word' id='word_1_831' title='bbox 3278 4844 3378 4902; x_wconf 80' lang='lat' dir='ltr'><strong>Vel</strong></span> 
     </span>
    </p>
   </div>
   <div class='ocr_carea' id='block_1_102' title="bbox 1799 4926 3374 5011">
    <p class='ocr_par' dir='ltr' id='par_1_102' title="bbox 1799 4926 3374 5011">
     <span class='ocr_line' id='line_1_102' title="bbox 1799 4926 3374 5011; baseline -0.003 -17"><span class='ocrx_word' id='word_1_832' title='bbox 1799 4926 1889 4994; x_wconf 83' lang='lat' dir='ltr'><strong>hic</strong></span> <span class='ocrx_word' id='word_1_833' title='bbox 1926 4937 2156 4993; x_wconf 75' lang='lat' dir='ltr'><strong>eduxisti</strong></span> <span class='ocrx_word' id='word_1_834' title='bbox 2195 4954 2289 4992; x_wconf 88' lang='lat' dir='ltr'><strong>nos</strong></span> <span class='ocrx_word' id='word_1_835' title='bbox 2333 4939 2389 4992; x_wconf 84' lang='lat' dir='ltr'><strong>in</strong></span> <span class='ocrx_word' id='word_1_836' title='bbox 2443 4938 2775 5011; x_wconf 74' lang='lat' dir='ltr'><strong>refrigerium</strong></span> <span class='ocrx_word' id='word_1_837' title='bbox 2819 4940 3034 5003; x_wconf 90' lang='lat' dir='ltr'><strong>mentis,</strong></span> <span class='ocrx_word' id='word_1_838' title='bbox 3087 4947 3374 5009; x_wconf 89' lang='lat' dir='ltr'><strong>postquam</strong></span> 
     </span>
    </p>
   </div>
   <div class='ocr_carea' id='block_1_103' title="bbox 1801 5030 3377 5105">
    <p class='ocr_par' dir='ltr' id='par_1_103' title="bbox 1801 5030 3377 5105">
     <span class='ocr_line' id='line_1_103' title="bbox 1801 5030 3377 5105; baseline -0.001 -22"><span class='ocrx_word' id='word_1_839' title='bbox 1801 5030 2150 5105; x_wconf 87' lang='lat' dir='ltr'><strong>transivimus</strong></span> <span class='ocrx_word' id='word_1_840' title='bbox 2178 5046 2271 5102; x_wconf 83' lang='lat' dir='ltr'><strong>per</strong></span> <span class='ocrx_word' id='word_1_841' title='bbox 2292 5031 2463 5101; x_wconf 83' lang='lat' dir='ltr'><strong>ignem</strong></span> <span class='ocrx_word' id='word_1_842' title='bbox 2489 5040 2536 5087; x_wconf 93' lang='lat' dir='ltr'><strong>et</strong></span> <span class='ocrx_word' id='word_1_843' title='bbox 2554 5046 2770 5101; x_wconf 86' lang='lat' dir='ltr'><strong>aquam,</strong></span> <span class='ocrx_word' id='word_1_844' title='bbox 2794 5046 2901 5088; x_wconf 91' lang='lat' dir='ltr'><strong>non</strong></span> <span class='ocrx_word' id='word_1_845' title='bbox 2918 5040 2976 5085; x_wconf 87' lang='lat' dir='ltr'><strong>ut</strong></span> <span class='ocrx_word' id='word_1_846' title='bbox 3003 5030 3377 5100; x_wconf 80' lang='lat' dir='ltr'><strong>frigescamus,</strong></span> 
     </span>
    </p>
   </div>
   <div class='ocr_carea' id='block_1_104' title="bbox 1796 5116 3386 5193">
    <p class='ocr_par' dir='ltr' id='par_1_104' title="bbox 1796 5116 3386 5193">
     <span class='ocr_line' id='line_1_104' title="bbox 1796 5116 3386 5193; baseline -0.004 -17"><span class='ocrx_word' id='word_1_847' title='bbox 1796 5121 1892 5176; x_wconf 86' lang='lat' dir='ltr'><strong>sed</strong></span> <span class='ocrx_word' id='word_1_848' title='bbox 1923 5130 1983 5177; x_wconf 90' lang='lat' dir='ltr'><strong>ut</strong></span> <span class='ocrx_word' id='word_1_849' title='bbox 2006 5122 2173 5193; x_wconf 88' lang='lat' dir='ltr'><strong>quieti</strong></span> <span class='ocrx_word' id='word_1_850' title='bbox 2217 5121 2388 5192; x_wconf 88' lang='lat' dir='ltr'><strong>magis</strong></span> <span class='ocrx_word' id='word_1_851' title='bbox 2453 5123 2786 5179; x_wconf 86' lang='lat' dir='ltr'><strong>ferveamus.</strong></span> <span class='ocrx_word' id='word_1_852' title='bbox 2826 5120 3060 5175; x_wconf 82' lang='lat' dir='ltr'><strong>Introibo</strong></span> <span class='ocrx_word' id='word_1_853' title='bbox 3081 5120 3134 5171; x_wconf 88' lang='lat' dir='ltr'><strong>in</strong></span> <span class='ocrx_word' id='word_1_854' title='bbox 3161 5116 3386 5169; x_wconf 82' lang='lat' dir='ltr'><strong>domum</strong></span> 
     </span>
    </p>
   </div>
   <div class='ocr_carea' id='block_1_105' title="bbox 1795 5202 3393 5286">
    <p class='ocr_par' dir='ltr' id='par_1_105' title="bbox 1795 5202 3393 5286">
     <span class='ocr_line' id='line_1_105' title="bbox 1795 5202 3393 5286; baseline -0.006 -22"><span class='ocrx_word' id='word_1_855' title='bbox 1795 5222 1943 5268; x_wconf 87' lang='lat' dir='ltr'><strong>tuam</strong></span> <span class='ocrx_word' id='word_1_856' title='bbox 1990 5229 2153 5286; x_wconf 90' lang='lat' dir='ltr'><strong>super</strong></span> <span class='ocrx_word' id='word_1_857' title='bbox 2197 5212 2477 5270; x_wconf 77' lang='lat' dir='ltr'><strong>cmlestem</strong></span> <span class='ocrx_word' id='word_1_858' title='bbox 2527 5210 2854 5275; x_wconf 86' lang='lat' dir='ltr'><strong>Jerusalem,</strong></span> <span class='ocrx_word' id='word_1_859' title='bbox 2901 5219 3248 5279; x_wconf 89' lang='lat' dir='ltr'><strong>supernorum</strong></span> <span class='ocrx_word' id='word_1_860' title='bbox 3299 5202 3393 5256; x_wconf 66' lang='lat' dir='ltr'><strong>ei-</strong></span> 
     </span>
    </p>
   </div>
   <div class='ocr_carea' id='block_1_106' title="bbox 1794 5294 3398 5366">
    <p class='ocr_par' dir='ltr' id='par_1_106' title="bbox 1794 5294 3398 5366">
     <span class='ocr_line' id='line_1_106' title="bbox 1794 5294 3398 5366; baseline -0.006 -11"><span class='ocrx_word' id='word_1_861' title='bbox 1794 5302 1943 5358; x_wconf 77' lang='lat' dir='ltr'><strong>vium</strong></span> <span class='ocrx_word' id='word_1_862' title='bbox 1982 5307 2319 5366; x_wconf 88' lang='lat' dir='ltr'><strong>societatem,</strong></span> <span class='ocrx_word' id='word_1_863' title='bbox 2348 5303 2404 5357; x_wconf 86' lang='lat' dir='ltr'><strong>in</strong></span> <span class='ocrx_word' id='word_1_864' title='bbox 2444 5300 2797 5365; x_wconf 85' lang='lat' dir='ltr'><strong>holocaustis,</strong></span> <span class='ocrx_word' id='word_1_865' title='bbox 2823 5301 2911 5354; x_wconf 88' lang='lat' dir='ltr'><strong>ubi</strong></span> <span class='ocrx_word' id='word_1_866' title='bbox 2940 5315 3025 5355; x_wconf 91' lang='lat' dir='ltr'><strong>me</strong></span> <span class='ocrx_word' id='word_1_867' title='bbox 3047 5294 3265 5352; x_wconf 73' lang='lat' dir='ltr'><strong>offeram</strong></span> <span class='ocrx_word' id='word_1_868' title='bbox 3298 5299 3398 5346; x_wconf 79' lang='lat' dir='ltr'><strong>to-</strong></span> 
     </span>
    </p>
   </div>
   <div class='ocr_carea' id='block_1_107' title="bbox 1794 5394 2521 5446">
    <p class='ocr_par' dir='ltr' id='par_1_107' title="bbox 1794 5394 2521 5446">
     <span class='ocr_line' id='line_1_107' title="bbox 1794 5394 2521 5446; baseline 0.008 -18"><span class='ocrx_word' id='word_1_869' title='bbox 1794 5399 1906 5432; x_wconf 83' lang='lat' dir='ltr'><strong>tum</strong></span> <span class='ocrx_word' id='word_1_870' title='bbox 1939 5395 2282 5446; x_wconf 69' lang='lat' dir='ltr'><strong>nhcnmnlllm</strong></span> <span class='ocrx_word' id='word_1_871' title='bbox 2333 5394 2440 5426; x_wconf 61' lang='grc' dir='ltr'><strong>ἶν’-υ</strong></span> <span class='ocrx_word' id='word_1_872' title='bbox 2506 5397 2521 5414; x_wconf 87' lang='grc'>¹</span> 
     </span>
    </p>
   </div>
  </div>
