3918 6452
513 415 622 474 475

1147 416 1407 473 REMIGII
1443 410 2101 473 ANTISSIODORENSIS
2135 407 2286 468 OPP.
2314 410 2494 468 PARS
2533 410 2572 466 1.
2609 441 2676 454 --
2717 385 3126 465 EXEGETlCA:

3645 405 3740 462 b'lii

516 529 768 584 distincte
805 536 1189 598 separaverunt
1218 543 1246 580 a
1276 543 1381 582 non
1414 527 1687 582 vovendis.
1719 526 1841 580 [late
1888 523 2081 578 distin-
2114 526 2158 580 A
2185 519 2409 574 exaltari
2453 519 2547 574 sub
2573 518 2752 589 lingua
2806 533 2937 571 mea.
2972 515 3105 570 Nam
3145 515 3190 568 si
3225 514 3400 584 aspexi
3432 513 3740 584 iniquitatem

518 624 648 686 ctio,
671 631 730 677 ut
756 632 808 676 te
828 636 1068 686 accuses,
1092 620 1240 676 illum
1269 620 1482 685 laudes;
1508 636 1539 674 a
1565 628 1614 673 te
1645 619 1738 674 tibi
1771 618 1901 673 nihil
1935 617 2084 681 boni,

519 712 588 766 ab
616 712 704 767 illo
725 711 855 766 nihil
882 713 1038 778 mali;
1073 723 1125 768 te
1154 722 1421 785 egentem,
1445 711 1590 766 illum
1622 710 2002 769 sufﬁcientem:
2038 719 2088 765 te

519 812 880 872 pcecatorcm,
919 803 1067 857 illum
1117 804 1565 874 misericordem;~
1588 811 1638 856 te
1660 805 1993 862 mendacem,
2027 800 2088 854 il-

521 895 631 948 lum
672 910 940 949 veraeem.
968 894 1033 947 Et
1062 893 1282 948 offeram
1308 895 1397 948 libi
1427 911 1487 949 ea
1520 910 1638 964 qua;
1683 893 1909 946 locutum
1932 903 2004 948 est
2032 910 2087 946 os

522 1001 713 1049 meum,
764 985 970 1039 scilicet
995 1000 1055 1038 os
1079 985 1259 1066 cordis
1285 985 1401 1040 voci
1435 1000 1750 1054 consonum.
1781 983 1846 1037 In
1872 983 2090 1038 tribula-

522 1079 662 1131 tione
687 1094 820 1140 mea,
850 1077 897 1129 id
925 1085 1000 1130 est
1030 1092 1190 1146 quam
1217 1076 1614 1135 tribulationem
1640 1077 1866 1146 cognovi
1891 1090 2089 1140 meam,

2155 985 2304 1054 .ctas
2349 993 2362 1029 :

2187 613 2241 665 in
2264 613 2418 666 corde
2448 629 2582 676 meo,
2607 626 2729 666 cum
2755 618 2896 666 esset
2917 609 3142 678 aequitas
3173 607 3224 661 in
3252 621 3363 672 ore,
3391 623 3494 660 non
3517 609 3732 662 exaudiet

2185 700 2461 754 Dominus.
2486 699 2766 769 Proprium
2797 698 2898 754 hoc
2921 707 2998 754 est
3030 696 3276 768 corporis
3306 696 3530 750 Christi.
3560 696 3733 766 Depre-

2188 795 2390 850 hensus
2418 793 2600 850 forsan
2631 802 2714 850 est
2747 793 2977 864 aliquis?
3003 792 3160 857 Male,
3190 791 3424 861 inquies,
3456 790 3604 856 fecit,
3634 806 3734 860 per.

2187 898 2342 938 verse
2363 883 2491 938 fecit
2523 903 2535 938 :
2566 893 2622 938 et
2643 884 2784 954 quod
2815 883 2868 937 in
2896 883 3004 938 alio
3026 882 3247 947 clamas,
3270 881 3454 937 forsan
3485 879 3596 952 ipse
3622 880 3731 936 alic-

2408 990 2508 1030 nec
2561 975 2689 1046 quia
2730 974 2876 1040 fecit,
2937 975 3031 1030 sed
3075 974 3200 1044 quia
3237 974 3604 1043 deprehensus
3648 983 3732 1037 est,

2189 1068 2407 1132 clamas,
2439 1068 2490 1122 id
2524 1078 2610 1123 est
2658 1067 2838 1131 facere
2874 1065 3217 1136 disponebas,
3260 1065 3366 1120 nisi
3414 1064 3504 1119 lex
3551 1073 3738 1120 contra-

523 1169 574 1222 id
601 1177 682 1224 est
710 1169 838 1223 mihi
863 1169 1206 1239 ntilem,quia
1227 1169 1494 1224 tribulatio
1517 1170 1832 1238 patientium,
1849 1179 2094 1237 aperatur

2206 1167 2295 1214 ret
2318 1176 2330 1212 :
2356 1158 2580 1214 Dilectio
2599 1167 2779 1213 autem
2804 1158 3124 1227 forasmittit
3150 1157 3387 1214 timorem
3411 1154 3464 1224 (1
3487 1154 3732 1222 Joan.tv).

521 1257 792 1328 (Rom.v).
811 1259 937 1314 llaec
957 1261 1098 1324 vovi,
1116 1260 1228 1315 haec
1243 1260 1472 1313 locutum
1493 1272 1566 1314 est
1589 1277 1645 1314 os
1668 1276 1837 1324 meum
1864 1260 1916 1313 in
1931 1259 2095 1312 tribu—
2192 1253 2308 1308 Non
2339 1260 2423 1308 est
2450 1252 2756 1322 aspicienda
2782 1252 3056 1321 iniquitas,
3088 1250 3178 1305 sed
3200 1249 3563 1319 despicienda.
3595 1248 3736 1318 Digna

522 1348 716 1404 latione
741 1366 876 1404 mea.
898 1349 1221 1405 Holocausta
1248 1350 1533 1405 medullata
1559 1351 1776 1420 oﬂ'eram
1797 1351 1909 1414 tibi,
1938 1351 1989 1410 id
2013 1358 2104 1406 est.

2206 1351 2285 1406 est,
2303 1343 2504 1412 despici
2549 1342 2887 1406 utcalcetnr,
2915 1357 3018 1395 non
3061 1339 3228 1409 aspici
3256 1349 3314 1394 ut
3358 1349 3588 1393 ametur.
3617 1338 3738 1392 Intus

521 1438 892 1494 sacriﬁciatlla
908 1456 1025 1510 qua:
1046 1441 1200 1509 plena
1228 1439 1652 1496 eruntinteriori
1676 1439 1960 1504 charitate,
1988 1456 2096 1495 non
2196 1433 2293 1487 tibi
2347 1447 2507 1488 omne
2546 1448 2859 1504 perversum
2908 1432 3209 1502 displiceat,
3248 1432 3292 1485 si
3331 1431 3544 1501 placere
3586 1431 3657 1484 vis
3681 1430 3738 1483 illi

523 1527 804 1592 exteriori,
835 1527 1192 1584 desiderando
1223 1544 1330 1584 non
1386 1527 1717 1593 transitoria,
1753 1529 1846 1586 sed
1872 1536 2094 1600 aeterna.
2197 1523 2288 1592 qui
2333 1523 2476 1578 intus
2515 1523 2680 1578 videt.
2733 1520 3039 1592 Propterea,
3079 1521 3132 1575 id
3177 1528 3279 1584 est,
3303 1520 3429 1589 quia
3461 1519 3668 1573 clamavi
3693 1529 3748 1587 ut

523 1617 686 1683 Quasi
718 1618 862 1673 dicat
893 1637 906 1672 :
949 1618 1044 1673 Hic
1095 1619 1233 1690 ignis
1265 1618 1630 1673 tribulationis
1672 1618 1834 1673 talem
1865 1618 2106 1687 hostiam,
2197 1617 2540 1680 clamandum
2566 1615 2685 1680 fuit,
2708 1615 2970 1669 exaudivit
2992 1613 3259 1683 Deus.glta
3301 1623 3357 1668 et
3382 1611 3479 1666 vos
3501 1611 3736 1673 exaudiet,

523 1718 699 1777 parat.
733 1706 963 1777 Olfemm
987 1709 1079 1761 tibi
1121 1709 1290 1772 bores,
1324 1707 1375 1761 id
1418 1717 1500 1762 est
1532 1708 1927 1780 contumaciam
1968 1708 2116 1779 legis,
2200 1707 2246 1761 si
2278 1715 2424 1762 recte
2455 1707 2520 1760 ad
2542 1723 2662 1762 eum
2688 1704 3064 1760 clamaveritis.
3089 1705 3296 1759 Revera
3326 1705 3618 1767 exaudivit,
3637 1703 3737 1771 quia

526 1805 885 1853 retractantes
909 1806 962 1852 et
995 1797 1099 1852 leni
1125 1797 1257 1869 jugo
1299 1797 1499 1854 ChriSti
1531 1798 1667 1853 colla
1697 1799 2096 1864 submittentes.
2201 1797 2443 1859 attendit,
2490 1797 2540 1851 id
2581 1805 2683 1860 est,
2725 1797 2848 1867 quia
2880 1805 3144 1851 attentum
3199 1811 3259 1851 se
3299 1795 3540 1851 ostendit
3580 1793 3736 1860 fuisse,

533 1887 666 1942 Cum
690 1890 874 1955 hircis,
907 1890 958 1944 id
982 1900 1065 1944 est
1087 1906 1210 1945 cum
1240 1888 1343 1945 illis
1373 1890 1463 1960 qui
1487 1889 1634 1961 prius
1664 1889 1814 1945 fetidi
1842 1891 2098 1961 peccatis,
2128 1880 2175 1954 Β
2205 1891 2314 1945 voci
2359 1890 2736 1960 deprecationis
2779 1907 2907 1945 mea:
2937 1904 2955 1942 :
2997 1889 3150 1945 facta;
3187 1905 3286 1959 pro
3330 1890 3586 1959 peccatis.
3619 1888 3738 1944 Unde

524 1982 863 2051 postmodum
906 1984 1218 2054 pmnitentia
1247 1991 1302 2038 et
1336 1983 1693 2054 eleemosynis
1734 1998 1796 2039 ea
1841 1984 2114 2041 mundana
2204 1981 2500 2036 benedictus
2545 1980 2709 2046 Deus,
2759 1980 2810 2034 id
2853 1988 2956 2043 est,
3012 1981 3400 2049 multiplicetur
3435 1981 3488 2035 in
3529 1980 3743 2048 suis,qtti

527 2079 628 2137 tes,
653 2072 706 2126 in
736 2071 890 2128 bonis
927 2074 1181 2143 operibus
1209 2081 1581 2142 perseverant.
1622 2071 1748 2129 Haec
1771 2074 1823 2128 in
1853 2089 1984 2129 voce
2010 2071 2104 2137 Ec-
2205 2090 2308 2127 non
2345 2073 2535 2128 amovit
2558 2073 2846 2127 orationem
2878 2089 3046 2126 meam
3070 2071 3266 2127 factam
3297 2087 3400 2142 pro
3427 2085 3738 2142 perseveran-

523 2161 722 2217 elesize.
761 2162 818 2219 Si
849 2173 1028 2220 autem
1070 2167 1124 2222 in
1164 2180 1395 2234 persona
1441 2166 1600 2221 unius
1647 2166 1839 2232 ﬁdelis,
1885 2168 2107 2236 offeram
2205 2162 2300 2227 tia,
2333 2163 2386 2216 id
2433 2170 2536 2227 est,
2569 2178 2673 2216 non
2715 2161 2924 2217 distulit
2961 2163 3091 2217 dare
3143 2163 3284 2233 quod
3334 2163 3507 2217 oravi.
3554 2161 3613 2214 Et
3656 2176 3748 2216 nou

527 2254 618 2307 tibi
657 2253 959 2322 holocausta
989 2255 1303 2320 medullula,
1335 2257 1388 2311 id
1421 2265 1504 2312 est
1529 2258 1746 2328 pinguia
1781 2265 1838 2312 et
1863 2265 2118 2327 acceptae,
2207 2253 2410 2308 amovit
2455 2253 2868 2323 misericordiam
2913 2269 3122 2308 suamla
3166 2271 3268 2320 me,
3298 2269 3408 2331 qua
3449 2261 3616 2317 vocat,
3655 2267 3736 2321 qua

530 2343 656 2398 bilia
685 2359 701 2398 :
728 2361 845 2398 cum
876 2345 1085 2399 incenso
1132 2348 1377 2413 arietum,
1415 2348 1466 2402 id
1518 2357 1604 2403 est
1631 2348 1904 2404 lasciviam
1937 2349 1989 2404 in
2021 2363 2114 2416 me
2200 2343 2479 2428 iustificat.

533 2435 843 2500 mactanda,
871 2436 1087 2504 offeram
1135 2437 1229 2490 tibi
1254 2438 1424 2503 boves,
1462 2439 1767 2508 superbiam
1800 2439 2103 2506 mactando,

531 2539 650 2576 cum
699 2523 857 2578 hircis
889 2526 1193 2581 damnando
1235 2526 1462 2583 fetorem
1507 2529 1782 2584 vitiorum.
1812 2530 1908 2586 Vel
1953 2529 2136 2596 bolos

535 2621 782 2666 caustnm
833 2614 1022 2670 damus
1065 2615 1173 2671 Deo
1221 2618 1469 2687 spiritum
1519 2619 1936 2676 contribulatum
1970 2637 1985 2677 :
2014 2623 2108 2678 sed

532 2711 662 2759 tunc
691 2703 1060 2772 medullatum,
1084 2723 1204 2762 cum
1253 2709 1399 2764 intus
1426 2711 1664 2780 gerimus
1693 2711 1852 2766 fidem
1899 2721 1955 2768 et
1985 2727 2112 2782 ope-

534 2794 819 2851 rationem.
872 2796 967 2852 llis
1017 2799 1224 2855 duabus
1275 2802 1434 2856 rebus
1482 2801 1767 2872 diligenter
1803 2805 2118 2878 completis,

532 2884 805 2956 perfectus
855 2888 1087 2944 efﬁcitur
1138 2891 1497 2948 Christianus.
1546 2895 1615 2950 Et
1661 2895 1777 2951 haec
1802 2897 2110 2952 holocausta

533 2977 748 3047 oﬂeram
799 2996 916 3032 cum
961 2982 1170 3035 incenso
1216 2985 1458 3049 arietum,
1498 2985 1550 3040 id
1587 2997 1672 3041 est
1706 3003 1826 3041 cum
1866 2988 2110 3042 oratione

533 3068 900 3136 prtelatorum.
950 3071 1215 3128 lmitando
1241 3090 1358 3140 eos,
1402 3077 1621 3145 offeram
1669 3079 1760 3132 tibi
1799 3078 1946 3133 boves
1992 3095 2113 3133 cum

537 3155 696 3210 hircis
727 3172 747 3211 :
770 3157 938 3223 bores,
968 3161 1353 3229 prmdicatores
1407 3179 1626 3220 vomere
1656 3165 1804 3220 verbi
1834 3165 1927 3220 Dei
1947 3164 2108 3221 corda

538 3244 813 3301 hominum
854 3249 1125 3306 sulcantes
1159 3268 1173 3304 :
1207 3252 1358 3318 hirci,
1403 3254 1597 3310 hirsuti
1628 3255 1798 3324 spinis
1832 3256 2106 3311 vitiorum.

540 3335 646 3391 Sed
676 3345 732 3394 et
776 3339 873 3394 pos
902 3338 1057 3395 oll‘ert
1085 3342 1324 3396 Ecclesia
1367 3352 1647 3414 postquam
1698 3353 2108 3400 convertuntur.

539 3429 732 3485 llircus
763 3430 863 3484 fuit
897 3430 1051 3496 latro,
1082 3435 1172 3502 qui
1203 3434 1482 3513 confessus
1505 3443 1589 3491 est
1616 3436 1841 3513 Domino
1869 3437 1921 3491 in
1952 3452 2111 3494 cruce

538 3519 688 3588 (Luc.
740 3525 856 3595 xxi)
913 3525 1197 3594 :respcxit
1239 3511 1361 3580 eum
1405 3525 1682 3594 Dominus,
1713 3511 1789 3582 'ct
1835 3527 2007 3582 factus
2029 3537 2113 3584 est

537 3614 636 3668 bos
684 3614 822 3683 ejus,
867 3618 1185 3686 prmdicator
1224 3619 1360 3688 ejus.
1407 3618 1472 3673 Et
1502 3619 1626 3689 quia
1677 3619 1810 3675 mihi
1855 3622 2112 3678 Dominus

538 3715 740 3761 tantam
769 3707 1192 3765 misericordiam
1224 3712 1470 3776 contulit,
1508 3727 1640 3783 ergo
1669 3715 1831 3768 venite
1861 3715 2111 3784 passibus

538 3795 688 3862 ﬁdei,
715 3798 893 3852 audite
936 3815 1066 3855 aure
1107 3802 1372 3868 interiori,
1403 3803 1452 3857 id
1485 3813 1568 3859 est
1608 3804 1891 3875 diligenter
1914 3807 2114 3862 intelli-

538 3889 666 3957 gite,
699 3905 804 3944 non
827 3893 891 3946 de
911 3893 1023 3948 sola
1050 3892 1251 3960 Judzea,
1281 3895 1374 3950 sed
1396 3912 1570 3950 omnes
1592 3897 1681 3966 qui
1707 3897 1894 3952 timetis
1919 3897 2108 3954 Deum.

538 3979 653 4034 Non
674 3983 816 4036 enim
849 3985 1005 4038 datur
1043 3987 1252 4051 audire,
1288 3987 1340 4041 id
1367 3995 1452 4042 est
1479 3987 1780 4060 intelligere
1807 4004 1925 4059 qua:
1955 3989 2111 4044 intel-

537 4069 750 4140 ligenda
772 4080 916 4138 sunt,
961 4075 1063 4128 nisi
1095 4075 1408 4130 timentibus
1448 4077 1613 4131 Deum
1643 4078 1835 4134 timore
1855 4087 2022 4142 casto,
2056 4078 2110 4133 id

535 4170 621 4214 est
658 4178 670 4213 :
704 4161 1048 4232 diligentibus
1083 4165 1240 4218 timor
1273 4165 1363 4219 Dei
1391 4167 1596 4234 aperiat
1617 4181 1797 4234 aures,
1822 4176 1879 4222 ut
1902 4169 1975 4224 sit
2002 4184 2108 4238 qua

537 4250 701 4304 intret
723 4267 843 4321 qua:
870 4250 1184 4308 tiarraturus
1205 4269 1340 4308 sum.
1369 4253 1579 4320 Quanta
1601 4258 1722 4326 fecit
1743 4259 1934 4313 anima:
1951 4275 2100 4313 meaz.

534 4337 658 4392 ldeo
683 4339 886 4406 audite,
915 4349 1053 4395 utet
1080 4352 1271 4398 vestrae
1310 4343 1502 4398 anima:
1527 4347 1715 4400 eadem
1758 4345 1944 4402 faciat.
1985 4347 2110 4404 Hmc
2209 4349 2464 4407 fidelium.
2493 4350 2673 4420 lnquit
2714 4349 3012 4406 Dominus:
3046 4347 3159 4418 Ego
3203 4363 3320 4402 sum
3369 4345 3480 4402 uitis
3517 4355 3634 4397 rem.
3660 4346 3722 4386 τω

533 4438 661 4484 sunt
690 4430 779 4485 illa
808 4431 946 4486 bona
992 4449 1110 4502 quae
1140 4433 1268 4488 mihi
1321 4434 1465 4489 fecit.
1514 4435 1667 4492 Prius
1703 4437 1769 4491 ad
1805 4437 1969 4492 alium
2000 4439 2109 4494 cla-
2208 4442 2471 4512 palmites,
2493 4451 2540 4496 et
2565 4439 2726 4495 Pater
2755 4457 2897 4494 meus
2929 4439 3160 4509 agricola
3191 4449 3264 4493 est
3292 4438 3468 4511 (Joan.
3496 4431 3592 4502 xv).
3619 4423 3732 4491 Οιιίτι-

537 4523 769 4585 mabam,
803 4532 857 4577 et
885 4538 980 4577 ore
1029 4524 1222 4587 alieno,
1265 4541 1370 4579 non
1420 4540 1580 4582 meo:
1608 4530 1700 4583 sed
1731 4529 1843 4597 ipse
1895 4545 1981 4584 me
2008 4529 2106 4584 do-
2134 4564 2185 4622 Ι)
2210 4545 2340 4602 ergo
2380 4547 2577 4601 corpus
2609 4530 2809 4586 Christi
2852 4531 3005 4586 vinea
3047 4530 3140 4586 Dei
3181 4539 3282 4594 est,
3317 4536 3466 4598 rogat
3493 4520 3718 4622 Domi-nul.“

535 4611 647 4677 cuit
676 4611 742 4664 ad
771 4627 930 4680 quem
953 4613 1263 4680 clamarem,
1295 4618 1657 4685 etquomodo.
1686 4617 1768 4671 Ad
1795 4619 1965 4689 ipsum
1993 4619 2108 4674 cla-
2134 4609 2182 4622 ”
2211 4623 2401 4687 vincte,
2430 4631 2488 4677 ut
2513 4638 2633 4677 eam
2675 4623 2818 4677 colat
2859 4630 2915 4678 et
2940 4621 3238 4682 benedicat,
3270 4629 3331 4676 ut
3359 4619 3569 4674 fructum
3592 4609 3717 4680 pluri-

538 4706 694 4771 mavi,
729 4705 782 4759 id
812 4717 895 4761 est
932 4721 1040 4761 non
1085 4717 1308 4778 propter
1331 4709 1475 4764 aliud
1510 4727 1524 4763 :
1555 4711 1698 4780 quod
1728 4711 1965 4767 clamare
2001 4727 2108 4768 non
2211 4731 2357 4770 mum
2397 4715 2607 4770 atterat.
2636 4714 2805 4773 Orant
2854 4713 3018 4768 etiam
3061 4712 3342 4783 primitivi,
3387 4718 3444 4764 ut
3479 4710 3718 4794 conmitti?

533 4801 618 4849 est
641 4803 882 4864 paternae
933 4798 1232 4864 vetustatis,
1265 4798 1359 4853 sed
1401 4800 1650 4869 gratuitae
1696 4801 1986 4858 novitatis:
2019 4819 2110 4858 ore
2210 4812 2396 4858 rentur
2420 4803 2591 4858 multi.
2621 4802 2719 4857 llic
2744 4802 2982 4874 psalmus
3007 4801 3239 4858 refertur
3258 4803 3311 4856 in
3336 4801 3507 4870 ﬁnem,
3527 4793 3570 4847 id
3590 4795 3655 4842 cst
3674 4793 3726 4836 In.

533 4903 666 4949 meo,
698 4902 805 4941 non
838 4888 1036 4952 alieno,
1061 4888 1214 4955 juxta
1245 4890 1396 4955 illud,
1421 4901 1576 4961 prout
1605 4893 1957 4962 ducebamini,
1979 4912 2108 4950 eun—
2207 4895 2614 4967 perfectionem,
2655 4903 2715 4950 ut
2761 4894 3072 4966 perficiatur
3109 4908 3304 4964 corpus
3337 4886 3522 4948 Christi
3553 4887 3633 4937 :et
3654 4882 3714 4928 est

530 4985 608 5031 tes
630 4975 678 5047 (l
708 4976 832 5032 Cor.
861 4978 984 5049 xu).
1015 4978 1172 5036 Prius
1200 4982 1341 5036 enim
1365 4981 1430 5036 ad
1452 4991 1755 5039 creaturam
1786 4987 1928 5041 ibam
1955 5002 2107 5042 more
2208 4987 2552 5058 accipiendus
2575 4987 2630 5042 in
2649 4986 2876 5057 hymnis,
2905 4985 2957 5038 id
2987 4992 3094 5050 est,
3116 4983 3364 5038 laudibus
3391 5000 3402 5035 :
3427 4977 3539 5050 quia
3564 4977 3710 5036 masna

529 5077 770 5138 paterna:
807 5070 1112 5127 traditionis
1141 5089 1155 5127 :
1182 5072 1264 5128 vel
1298 5090 1386 5127 ore
1412 5090 1548 5140 meo,
1587 5074 1639 5129 id
1668 5083 1752 5130 est
1782 5091 1913 5131 voce
1956 5076 2104 5132 cordi
2209 5057 2337 5134 laus,
2352 5079 2446 5134 Dei
2475 5087 2580 5144 est,
2622 5075 2994 5147 multiplicatio
3025 5073 3258 5130 lidelium
3291 5091 3304 5127 :
3339 5081 3391 5127 et
3415 5076 3489 5124 cst
3530 5057 3709 5133 psalmi

528 5173 763 5218 Consona
791 5179 805 5214 :
829 5170 885 5216 et
909 5161 1030 5218 ideo
1044 5179 1179 5229 meo,
1201 5165 1329 5234 quia
1352 5164 1614 5220 exsultavi
1639 5166 1735 5220 sub
1761 5165 1941 5236 lingua
1965 5184 2103 5236 mea,

526 5250 582 5323 id
616 5263 700 5308 est
727 5253 780 5308 in
821 5255 1003 5311 corde.
1043 5255 1100 5311 Si
1141 5255 1286 5310 aliud
1317 5256 1519 5312 clamas
1551 5271 1668 5322 ore,
1713 5257 1857 5312 aliud
1884 5257 2106 5315 affectas

525 5344 707 5407 corde,
747 5359 850 5399 non
877 5344 946 5399 ad
973 5345 1147 5415 ipsum
1173 5345 1375 5403 clamas
1405 5356 1496 5402 tuo
1525 5364 1640 5404 ore.
1675 5349 1730 5403 ln
1760 5365 1849 5405 ore
1871 5365 2001 5420 ergo
2029 5351 2102 5405 ita

524 5432 888 5503 clamandum,
942 5445 1002 5492 ut
1038 5438 1182 5493 nulla
1236 5440 1529 5498 exsultatio
1566 5442 1638 5498 sit
1677 5443 1772 5498 sub
1811 5443 2011 5512 lingua,
2049 5444 2100 5499 id

523 5535 607 5595 est
630 5528 682 5582 in
712 5531 895 5596 corde,
923 5531 1027 5587 nisi
1057 5533 1111 5586 in
1142 5531 1227 5587 his
1261 5532 1352 5602 qui
1403 5534 1539 5590 bene
1563 5543 1759 5591 sonant
1787 5536 1840 5590 in
1877 5549 1972 5591 ore
1999 5552 2014 5592 :
2046 5544 2102 5591 et

523 5627 785 5684 quantum
822 5618 988 5676 donat
1029 5622 1210 5677 divina
1250 5623 1424 5692 gratia
1453 5623 1646 5679 animae
1673 5623 2016 5689 Christianae,
2053 5625 2098 5680 si

524 5705 672 5781 illum
718 5711 889 5765 solum
935 5714 1212 5786 praedicet,
1260 5715 1313 5769 in
1343 5713 1434 5776 illo
1455 5716 1709 5772 exsultet.
1741 5715 1785 5772 Ο
1829 5731 2095 5772 summum

525 5800 747 5882 bonum,
781 5818 942 5876 super
977 5820 1192 5864 onmem
1215 5809 1358 5865 enim
1382 5809 1604 5879 gloriam
1634 5808 1898 5879 protectio
1933 5825 1946 5865 :
1977 5807 2096 5864 idco

2719 2433 3040 2502 PSALMUS
3078 2434 3259 2490 LX-V..

2337 2537 2391 2578 ιιι
2427 2538 2586 2579 "REI
2627 2539 2679 2578 IN
2717 2540 2910 2580 IYINIS
2947 2539 3181 2580 PSALIUS
3215 2540 3432 2581 CANTICI
3471 2540 3635 2580 DAVID.

2285 2631 2304 2664 ε
2341 2611 2508 2678 Deus,
2539 2612 2860 2668 misereatur
2890 2614 3080 2680 nostri,
3109 2623 3165 2668 et
3187 2614 3468 2670 benedicat
3490 2614 3628 2669 nobis
3654 2629 3666 2665 :
3689 2609 3738 2664 il-

2215 2717 2236 2756 ι
2280 2699 2508 2756 inminet
2557 2701 2763 2757 vultum
2803 2717 2959 2758 suum
3003 2718 3166 2772 super
3213 2718 3332 2770 nos,
3369 2701 3435 2759 ἐι
3462 2704 3736 2758 misereatur

2215 2810 2234 2844 ι
2281 2792 2473 2846 nostri.
2505 2790 2577 2847 Ut
2623 2808 3010 2865 cognoscamus
3045 2794 3097 2848 in
3141 2801 3282 2848 terra
3326 2793 3468 2847 viam
3516 2799 3665 2855 tuam,
3696 2789 3736 2842 in

2215 2904 2236 2939 ι
2281 2885 2532 2946 omnibus
2583 2887 2834 2956 gentibus
2888 2885 3127 2942 salutare
3182 2895 3355 2940 tuum.
3417 2884 3734 2940 Conliteantur

2216 2995 2236 3028 ι
2283 2976 2377 3033 tibi
2406 2975 2608 3047 p0puli,
2634 2977 2800 3043 Deus,
2824 2977 3186 3042 confiteantur
3215 2977 3314 3033 tibi
3365 2975 3539 3047 populi
3566 2987 3732 3029 omnes.

2215 3085 2237 3120 ι
2283 3068 2561 3122 Laztentur
2611 3077 2666 3124 et
2703 3067 2983 3132 exsultent
3021 3076 3240 3140 gentes,
3283 3069 3533 3138 quoniam
3568 3065 3736 3137 judicas

2218 3178 2238 3211 ‹
2281 3159 2507 3230 populos
2545 3160 2600 3217 in
2653 3161 2928 3231 aequitate,
2956 3169 3012 3216 et
3066 3169 3260 3233 gentes
3296 3162 3352 3216 in
3401 3172 3541 3217 terra
3567 3155 3733 3226 dirigis.

2216 3265 2237 3301 ι
2280 3247 2652 3304 Confiteantur
2690 3249 2783 3305 tibi
2828 3250 3028 3321 populi,
3074 3251 3236 3317 Deus,
3286 3251 3628 3307 confiteantur
3662 3243 3734 3298 tibi

2219 3358 2237 3391 ι
2280 3340 2459 3409 populi
2491 3356 2720 3397 omnes:
2755 3350 2898 3398 terra
2943 3342 3092 3398 dedit
3134 3341 3372 3399 fructum
3406 3357 3572 3398 suum.
3597 3339 3731 3393 Bene-

2218 3447 2241 3483 (
2286 3430 2431 3486 dicat
2459 3446 2556 3487 nos
2581 3431 2744 3498 Deus,
2766 3433 2910 3488 Deus
2930 3442 3134 3498 noster,
3167 3433 3451 3488 benedicat
3494 3445 3584 3486 nos
3608 3429 3730 3489 Deus,

2219 3539 2238 3572 ι
2284 3530 2337 3576 et
2359 3529 2608 3577 metuant
2631 3537 2756 3577 eum
2785 3537 2974 3578 omnes
2997 3522 3131 3578 fines
3155 3532 3334 3578 terrae.
3375 3542 3394 3574 ι

2768 3611 3222 3668 ENARRATIO.

2283 3703 2380 3760 Hie
2407 3719 2636 3774 sequens
2677 3703 2912 3774 psalmus
2934 3712 3109 3774 potest
3129 3703 3279 3775 jungi
3313 3718 3436 3759 cum
3465 3696 3688 3770 superiori
3717 3711 3727 3747 :

2211 3798 2336 3867 quia
2361 3799 2569 3867 priores
2598 3797 2891 3871 illi,\David
2929 3807 2986 3852 et
3009 3799 3122 3865 alii,
3162 3799 3420 3854 videbant
3455 3790 3638 3852 Domini
3671 3801 3730 3839 reo

2211 3890 2600 3946 surrectionem
2623 3890 2856 3946 futuram
2883 3898 2939 3946 et
2962 3889 3196 3960 gentium
3227 3883 3727 3958 concorporationem.

2210 3995 2369 4040 orant
2391 3994 2452 4040 ut
2474 3984 2810 4040 adducantur
2837 3983 2938 4039 illa:
2965 4000 2978 4036 :
3007 3983 3126 4038 alite
3164 3997 3312 4037 oves.
3340 3983 3438 4037 llic
3477 3976 3638 4033 titulus
3668 3976 3736 4024 est

2211 4077 2506 4133 secundum
2533 4076 2914 4148 Augustinum,
2944 4075 3234 4131 secundum
3261 4074 3620 4143 Hieronymum
3641 4065 3724 4118 ita:

2211 4167 2363 4224 Unus
2389 4166 2488 4222 fuit
2510 4167 2700 4231 David,
2725 4168 2817 4223 sed
2843 4180 2945 4221 non
2973 4180 3187 4235 semper
3207 4181 3347 4221 unus
3371 4166 3420 4219 in
3446 4164 3541 4219 hoc
3560 4153 3727 4213 nomine

2209 4259 2543 4332 intelligitur,
2587 4261 2729 4315 sicut
2769 4260 2822 4314 in
2867 4259 2972 4314 hoc
3018 4258 3225 4329 psalmo
3273 4273 3379 4313 vox
3419 4263 3495 4310 est
3532 4247 3723 4306 omnium

2207 5169 2420 5234 cantici,
2445 5168 2497 5223 id
2523 5180 2628 5232 est,
2653 5166 2894 5238 operatio
2915 5164 3291 5220 exsultationis
3319 5182 3332 5218 :
3362 5162 3478 5232 quia
3503 5157 3599 5210 huic
3615 5157 3708 5214 ορε-

2207 5259 2312 5312 rari
2344 5268 2397 5313 et
2426 5259 2527 5312 hoc
2555 5266 2765 5327 optare,
2794 5270 3046 5326 magnum
3077 5255 3348 5326 gaudium.
3378 5243 3592 5306 Ecclesia

2205 5349 2546 5421 plicationem
2590 5363 2740 5403 suam
2777 5347 3034 5417 dirigens,
3079 5345 3146 5400 ad
3199 5337 3492 5407 necessarii
3526 5332 3706 5385 nomini.S

2204 5441 2368 5496 currit
2393 5439 2672 5504 auxilium,
2695 5438 2880 5493 dicens
2911 5454 2926 5491 :
3381 5485 3386 5492 .
3693 5495 3701 5505 ,

2275 5531 2416 5586 Deus
2458 5532 2764 5586 misereatur
2794 5527 2978 5584 nostri.
3007 5527 3151 5583 Bene
3177 5525 3320 5582 enim
3350 5521 3485 5594 prius
3515 5509 3715 5596 miscief“

2207 5621 2359 5692 petit,
2385 5620 2475 5691 qui
2508 5620 2575 5676 de
2613 5619 2820 5674 meritis
2851 5632 2954 5673 non
2992 5617 3288 5688 praesumit.
3314 5589 3459 5668 Prius
3486 5601 3609 5697 cuitu

2205 5690 2263 5767 ut
2309 5690 2660 5767 misereretur
2705 5709 3035 5772 errantibus,
3065 5718 3118 5764 et
3156 5716 3340 5780 postea
3385 5690 3699 5760 benedictionis

2205 5819 2314 5860 suae
2361 5803 2497 5859 dona
2545 5810 2841 5872 praestaret.
2892 5801 3183 5858 Cantemus
3223 5815 3346 5871 ergo
3387 5797 3494 5858 ista,
3537 5781 3697 5838 οῐθιηυδ
