3918 6422
118 408 210 465 477

1234 403 1768 463 ENARRATIONES
1804 406 1872 461 IN
1911 407 2248 471 PSALMOS.

3256 426 3358 485 478

117 518 222 589 ista,
251 522 598 594 deprecemur
625 524 750 589 ista,
786 540 889 581 nou
915 540 1047 582 voce
1073 526 1237 592 inani,
1271 525 1363 583 sed
1387 525 1549 581 corde
1578 540 1669 581 ve—
1693 527 1746 589 Α
1771 529 1999 599 fructum
2042 549 2214 588 suum.
2259 528 2420 591 Terra
2461 537 2610 607 prius
2655 540 2854 596 sterilis
2894 550 3018 597 ante
3055 542 3355 601 confessio.

117 615 212 669 raci
238 631 257 670 :
289 631 391 670 non
417 631 553 672 voce
581 616 775 680 sterili,
807 617 901 672 sed
929 619 1092 674 corde
1126 618 1316 675 feraci.
1341 618 1482 674 Deus
1512 619 1672 673 mise—

115 711 271 759 reatur
296 706 478 774 nostri,
507 706 559 760 id
588 715 689 773 est,
710 707 973 777 justificet
999 725 1098 765 nos
1121 724 1218 779 per
1242 710 1469 782 gratiam
1495 724 1670 766 suam.

115 795 171 849 Et
206 795 462 858 benedicat
494 798 662 863 nobis,
692 799 743 853 id
773 808 873 865 est,
906 800 1226 871 multiplicet
1248 802 1562 867 virtutibus,
1590 800 1675 854 vel

114 885 401 957 multiplicet
444 904 548 943 nos
585 908 599 943 :
645 890 745 945 hac
787 890 1159 948 benedictione
1194 892 1519 949 benedicat:
1554 890 1677 945 illu-

113 981 247 1035 minet
272 980 465 1035 vttltum
491 999 647 1036 suum
688 1000 843 1054 super
872 1002 986 1039 nos.
1019 984 1322 1052 Quamdam
1352 986 1675 1057 singularem

113 1073 516 1130 benedictionem
548 1078 701 1147 petit,
739 1093 902 1147 quam
947 1078 1043 1133 soli
1075 1079 1201 1135 boni
1231 1087 1443 1149 optant,
1475 1094 1578 1135 non
1622 1079 1676 1134 in

113 1165 212 1219 istis
251 1167 602 1237 temporibus,
644 1184 763 1237 qum
803 1169 970 1224 voluit
1021 1170 1159 1225 Deus
1201 1186 1320 1227 esse
1373 1170 1677 1226 communia

112 1256 245 1329 bonis
279 1266 331 1313 et
360 1258 519 1313 malis
556 1278 568 1312 :
602 1260 728 1329 quia
768 1261 811 1315 si
843 1262 999 1316 bonis
1038 1277 1101 1316 ea
1137 1270 1342 1316 tantum
1373 1262 1547 1325 daret,
1577 1278 1677 1331 pu-

116 1356 267 1401 tarent
313 1348 439 1409 mali
491 1358 783 1419 propterea
839 1359 1040 1405 tantum
1067 1350 1235 1405 Deum
1285 1345 1586 1406 colendum.
1620 1349 1677 1404 Si

116 1445 294 1492 tantum
325 1438 482 1501 malis
511 1440 686 1509 daret,
718 1441 969 1495 timerent
1010 1442 1135 1496 boui
1176 1441 1374 1497 inﬁrmi
1416 1442 1675 1505 converti,

116 1542 171 1583 ue
191 1527 319 1582 forte
348 1527 454 1583 illis
482 1529 585 1585 ista
615 1531 864 1586 deessent
893 1546 907 1584 :
940 1547 1146 1597 rursus,
1172 1532 1216 1585 si
1242 1532 1374 1587 solis
1397 1532 1553 1587 bonis
1575 1531 1679 1585 ista

116 1617 427 1674 auferrentur
464 1620 582 1690 ipsa
614 1619 724 1674 sola
774 1630 1053 1691 putaretur
1089 1636 1246 1690 ptena
1278 1636 1382 1692 qua
1418 1621 1541 1675 mali
1579 1636 1681 1691 pu-

116 1707 346 1764 nii'entur.
375 1709 531 1777 Quod
578 1728 707 1782 ergo
747 1711 889 1766 Deus
925 1713 1016 1766 dat
1056 1727 1120 1767 ea
1155 1713 1335 1777 bonis,
1374 1713 1682 1768 consolatur

118 1800 334 1856 timentes
364 1819 376 1854 :
405 1801 553 1870 quod
585 1803 758 1866 malis,
784 1804 1038 1858 admonet
1060 1803 1229 1859 bonos
1258 1814 1315 1859 ut
1339 1804 1442 1859 alia
1467 1804 1678 1860 deside-

119 1900 234 1945 rent.
256 1892 319 1947 Et
345 1894 470 1962 quia
504 1894 649 1949 hanc
686 1893 1113 1950 benedictionem
1163 1911 1268 1949 non
1310 1895 1463 1965 petit,
1492 1895 1675 1951 audia-
1708 1892 1752 1950 B

119 1997 233 2036 mus.
256 1981 524 2038 Illuminet
553 1983 752 2038 vultum
780 2002 934 2039 suum
963 2002 1121 2055 super
1141 2002 1254 2050 nos,
1284 2002 1388 2042 non
1418 1994 1678 2057 quantum

121 2072 174 2125 ad
212 2088 266 2129 se
307 2074 602 2139 illuminet,
632 2076 755 2146 quia
788 2091 894 2130 non
941 2085 1117 2147 potest
1166 2077 1454 2132 illuminari
1502 2077 1680 2132 lumen

121 2163 273 2217 omnia
296 2164 613 2220 illuminans
642 2180 656 2219 :
691 2167 785 2221 sed
826 2166 1027 2221 vultum
1062 2185 1238 2235 suum,
1271 2169 1321 2223 id
1361 2176 1466 2234 est,
1492 2168 1684 2224 volun-

126 2263 261 2310 tatem
284 2270 442 2325 super
470 2272 577 2312 nos
608 2257 891 2324 illutninet,
916 2260 1092 2314 dando
1116 2260 1269 2315 nobis
1296 2260 1542 2316 notitiam
1572 2276 1684 2316 sua:

124 2347 393 2404 voluntatis.
416 2348 514 2403 Vel
553 2350 871 2421 impressisti
901 2352 1058 2406 nobis
1081 2352 1276 2406 vultum
1305 2361 1475 2418 tuum,
1500 2352 1552 2407 id
1576 2361 1680 2418 est,

126 2437 267 2495 fecisti
291 2456 386 2495 nos
428 2443 495 2495 ad
527 2442 820 2513 imaginem
860 2451 1005 2497 tuam
1056 2458 1217 2513 quam
1248 2443 1680 2499 obscuravimus.

126 2528 246 2584 Mitte
265 2532 465 2586 radium
487 2533 773 2603 sapientia:
794 2541 919 2598 tute,
942 2533 1151 2603 expelle
1175 2536 1425 2590 tenebras
1447 2544 1684 2599 nostras,

126 2631 173 2676 ut
205 2621 388 2695 fulgeat
426 2625 481 2680 in
532 2626 692 2680 nobis
730 2625 907 2698 imago
936 2634 1049 2691 tua,
1078 2627 1130 2682 id
1172 2635 1256 2683 est
1283 2629 1437 2683 ratio.
1466 2628 1534 2681 Et
1563 2636 1685 2698 post

127 2713 540 2771 illuminationem
579 2717 758 2771 vultus
788 2718 869 2772 sui
913 2720 1224 2773 misereatur
1252 2720 1419 2773 nostri
1449 2720 1550 2774 hac
1581 2720 1684 2773 mi-

126 2814 357 2869 seratione
388 2834 399 2869 :
434 2814 922 2885 Ut'cognoseamus
951 2814 1007 2868 in
1034 2825 1174 2868 terra
1210 2815 1347 2869 riam
1383 2825 1549 2881 tuam,
1581 2830 1684 2868 non

130 2902 169 2956 in
200 2919 290 2957 una
327 2912 479 2975 parte
526 2913 761 2971 tantum,
792 2905 884 2959 sed
915 2907 971 2959 in
1009 2904 1250 2957 omnibus
1280 2903 1514 2973 gentibus
1542 2903 1686 2957 salu-

128 3003 217 3047 tare
242 3006 399 3061 tuum,
437 2996 488 3051 id
517 3004 626 3063 est,
666 2996 962 3050 Christum.
1002 2994 1155 3062 Quod
1186 3010 1345 3064 supra
1382 3003 1546 3058 terra,
1586 2994 1689 3048 hoc

132 3085 201 3139 hic
220 3086 263 3139 in
289 3087 543 3142 omnibus
565 3086 811 3158 gentibus
842 3103 854 3139 :
884 3086 1025 3156 quod
1059 3085 1127 3139 ibi
1156 3085 1261 3149 via,
1298 3086 1399 3140 hoc
1430 3084 1517 3139 hic
1546 3083 1688 3138 salu-

132 3176 309 3230 tare.|u
351 3179 451 3233 hac
490 3188 642 3233 terra
684 3176 1027 3231 morientium
1070 3174 1295 3231 ostende
1343 3174 1497 3229 nobis
1520 3174 1682 3239 viam,

132 3284 227 3336 qua:
251 3268 399 3324 ducat
428 3271 497 3325 ad
552 3279 750 3323 terram
795 3268 1091 3322 viventium
1140 3281 1156 3319 :
1204 3268 1345 3320 viam
1388 3265 1534 3319 illam
1567 3280 1686 3335 quae

132 3372 214 3411 non
234 3357 377 3425 fallit,
408 3359 624 3415 scilicet
650 3358 925 3414 Christum
952 3367 1100 3412 tuum
1130 3357 1219 3426 qui
1246 3356 1382 3411 dixit
1405 3374 1417 3409 :
1438 3354 1548 3426 Ego
1570 3372 1686 3410 sum

132 3448 196 3501 ria
230 3459 270 3503 et
298 3452 479 3506 veritas
517 3460 567 3505 et
605 3451 708 3504 vita
735 3449 915 3522 (Joan.
947 3448 1081 3519 xw).
1124 3448 1221 3502 Via
1249 3454 1350 3511 est,
1380 3446 1506 3516 quia
1545 3446 1598 3499 in
1629 3461 1688 3501 se

132 3538 251 3593 ducit
276 3559 287 3594 :
311 3543 532 3606 veritas,
560 3540 689 3611 quia
720 3554 818 3609 per
846 3554 905 3593 se
936 3553 1000 3592 ne
1024 3551 1269 3591 erremus
1294 3554 1306 3590 :
1331 3538 1439 3589 vita
1466 3536 1589 3605 quia
1620 3535 1686 3590 ad

134 3630 343 3699 seducit,
366 3642 421 3687 ut
444 3634 500 3688 in
536 3632 652 3702 ipso
677 3630 1097 3700 requiescamus.
1123 3628 1189 3682 Et
1219 3637 1278 3682 ut
1298 3626 1445 3681 illum
1494 3640 1691 3696 cogno-

136 3732 279 3790 Scant,
307 3727 663 3795 conﬁteantur
683 3724 773 3777 tibi
800 3723 1000 3793 populi,
1024 3722 1184 3786 Deus,
1213 3718 1692 3777 confiteanturini-

134 3816 359 3883 quitatem
384 3833 566 3882 suam,
598 3817 963 3871 confiteantur
990 3815 1219 3886 gratiam
1253 3821 1418 3876 tuam,
1446 3826 1503 3867 se
1532 3826 1692 3865 accu-

134 3920 246 3977 sent,
269 3906 583 3976 te'laudent,
610 3926 668 3965 se
696 3909 1108 3979 reprehendant,
1134 3917 1184 3963 te
1205 3908 1525 3980 glorificent.
1551 3907 1693 3962 Con-

136 4004 354 4074 liteautur
383 4006 478 4062 tibi
529 4004 707 4076 populi
737 4003 965 4069 Judaici,
1009 4004 1356 4072 conﬁteantur
1386 4003 1479 4057 tibi
1515 4019 1691 4057 omnes

133 4096 297 4163 populi.
327 4097 524 4153 Omnes
564 4098 699 4150 enim
730 4104 1067 4165 peccaverunt
1108 4092 1281 4165 (Rom.
1320 4094 1422 4163 ιιι).
1462 4093 1527 4147 Et
1555 4094 1695 4147 hanc

136 4188 499 4245 tonfessionem
548 4188 742 4243 faciam
767 4201 872 4241 non
903 4186 957 4241 in
990 4185 1231 4252 tristitia,
1261 4185 1354 4240 sed
1383 4184 1625 4239 ltetentur
1647 4193 1695 4238 et

136 4277 353 4334 exsultent
396 4288 593 4351 gentes.
638 4276 693 4333 Si
743 4276 956 4346 plorant
1002 4284 1127 4331 ante
1172 4276 1407 4345 iudicem
1458 4273 1693 4329 confessi

139 4362 364 4434 latrones,
406 4368 605 4425 merito
662 4364 1009 4422 exsultabunt
1066 4375 1191 4420 ante
1245 4364 1412 4419 Deum
1461 4363 1695 4419 confessi

140 4456 314 4531 ﬁdeles.
336 4469 390 4518 et
426 4464 532 4518 hoc
563 4461 701 4526 ideo,
728 4460 853 4532 qu'ia
892 4459 1199 4515 misericors
1226 4469 1327 4513 est.
1358 4458 1538 4530 Exigit
1561 4473 1695 4514 cou-

140 4545 418 4620 fessionem,
448 4562 510 4608 ut
555 4552 749 4608 liberet
796 4551 1074 4607 humilem.
1106 4551 1347 4605 Inveniat
1389 4560 1441 4605 te
1484 4550 1700 4622 punito-

141 4656 230 4695 rcm
255 4653 417 4711 tuum,
446 4655 506 4701 ut
540 4646 721 4700 mittat
761 4644 855 4700 tibi
891 4643 1214 4699 salvatorem
1247 4660 1424 4699 suum.
1462 4644 1694 4697 Damnat
1724 4622 1774 4679 D

141 4746 225 4785 non
269 4738 632 4802 confitentem,
664 4736 789 4807 quia
826 4735 1021 4790 merito
1068 4735 1223 4805 punit
1268 4734 1689 4804 superbientem.

142 4818 245 4877 lleo
277 4826 595 4882 confitentes
627 4827 720 4881 tibi
750 4835 805 4880 et
832 4841 893 4880 se
921 4826 1207 4896 punientes
1237 4824 1528 4888 exsultent,
1567 4823 1693 4894 quia

142 4921 247 4970 tunc
279 4921 603 4975 confitentur
626 4920 716 4991 qui
732 4920 945 4990 judieas
974 4919 1189 4995 pOpulos
1224 4920 1277 4991 in
1305 4920 1564 4990 (equitate,
1597 4920 1697 4973 hu-

143 5004 271 5062 miles
307 5011 580 5076 salvando,
630 5012 891 5085 superbos
931 5012 1253 5073 damnando.
1300 5011 1463 5078 Quasi
1500 5011 1696 5081 aliquis

143 5095 302 5155 dicat':
329 5101 443 5158 Non
473 5113 555 5175 est
597 5104 720 5162 inde
765 5102 1052 5180 laetandum
1087 5104 1213 5173 quia
1238 5104 1446 5179 judicat
1474 5104 1700 5175 populos

145 5185 188 5249 ill
216 5194 478 5263 aequitate.
515 5195 594 5249 Ad
616 5196 719 5258 hoc
744 5206 791 5256 et
818 5208 991 5265 gentes
1013 5197 1065 5250 in
1090 5206 1228 5251 terra
1256 5197 1474 5268 diriges,
1500 5197 1701 5268 diriges

146 5277 188 5353 in
217 5290 347 5338 terra
371 5286 737 5350 morientium,
764 5301 821 5340 ut
855 5302 958 5341 non
985 5286 1210 5341 timeant
1239 5304 1359 5342 cum
1378 5284 1699 5355 judicabun-

148 5377 219 5427 tur
256 5374 305 5429 in
341 5385 482 5433 terra
510 5377 822 5450 viventium.
866 5378 1220 5450 Corrigantur
1249 5379 1430 5449 itaque
1470 5380 1521 5434 in
1555 5388 1695 5434 terra

148 5465 481 5534 mtrientium,
528 5448 585 5524 ut.
618 5467 865 5538 iudicati,
908 5484 1011 5523 non
1061 5469 1384 5524 damnentur
1438 5469 1490 5523 in
1555 5477 1697 5524 terra

147 5544 623 5632 viventium.iErgo
686 5563 809 5631 quia
882 5577 980 5631 per
1061 5561 1486 5617 misericordiam
1550 5563 1701 5631 prius

149 5644 309 5717 dirigis
334 5666 487 5720 quam
509 5653 740 5724 judices,
781 5654 1134 5723 conﬁteantur
1163 5653 1254 5706 tibi
1294 5652 1495 5725 populi,
1537 5651 1699 5719 Deus,

150 5738 456 5797 confessione
479 5744 750 5808 laudabili,
775 5762 878 5799 non
901 5745 996 5799 soli
1021 5743 1212 5810 Judaei,
1240 5744 1330 5799 sed
1353 5744 1699 5812 conﬁteantur

154 5828 232 5891 libi
264 5835 430 5905 populi
471 5853 665 5894 omnes.
698 5838 820 5894 ldco
857 5848 906 5894 te
953 5839 1191 5907 laudent,
1223 5840 1347 5911 quia
1386 5850 1522 5895 terra
1556 5840 1695 5921 dedit

1772 635 1918 688 nem,
1947 638 2089 679 nunc
2123 626 2266 681 culta
2301 642 2397 697 per
2446 630 2722 688 dexteram
2765 644 2928 697 tuam,
2967 636 3019 692 id
3067 647 3172 703 est,
3202 638 3358 695 Chri-

1775 720 1936 776 stum,
1960 714 2100 767 dedit
2117 716 2344 785 [ructum
2366 719 2490 775 boni
2510 721 2708 792 operis.
2734 723 2860 781 Haec
2886 726 3105 781 dextera
3132 736 3187 782 et
3212 737 3361 783 tonat

1775 811 1829 857 et
1857 803 2009 873 pluit.
2035 805 2342 864 Timeamus
2366 820 2664 879 tonantem,
2687 817 3022 887 excipiamus
3046 819 3359 889 compluen-

1778 903 1904 950 tem.
1934 895 1999 949 Et
2025 897 2149 966 quia
2187 897 2298 966 jam
2345 903 2614 971 compluta
2663 914 2746 961 est
2793 916 2931 962 terra
2981 908 3047 962 ad
3099 908 3355 975 fructum,

1777 1011 1883 1051 nou
1912 1013 2031 1051 eam
2060 998 2276 1055 deserat
2298 1002 2472 1057 cultor
2497 1019 2626 1060 suus
2652 1006 2704 1059 in
2731 1007 2927 1071 fructu,
2953 1009 3045 1063 sed
3070 1009 3356 1076 benedicat,

1778 1085 1830 1140 id
1873 1097 1975 1155 est,
2022 1090 2342 1159 multiplicet
2388 1111 2480 1148 nos
2530 1094 2671 1150 Deus
2721 1097 2900 1166 Pater,
2939 1101 3221 1155 benedieat
3261 1119 3359 1158 nos

1777 1177 1917 1234 Deus
1950 1191 2124 1235 noster
2153 1182 2343 1248 Filius,
2372 1185 2639 1241 benedicat
2668 1205 2761 1243 nos
2802 1190 2939 1245 Deus
2969 1192 3202 1262 Spiritus
3229 1210 3359 1249 san-

1779 1280 1917 1333 ctus,
1942 1281 1995 1326 et
2017 1272 2095 1328 sic
2114 1274 2452 1343 multiplicet,
2476 1286 2533 1330 ut
2558 1280 2767 1334 tandem
2791 1292 3021 1336 metuant
3044 1300 3160 1336 eum
3184 1301 3359 1339 omnes

1778 1363 1906 1431 ﬁnes
1934 1373 2108 1429 terrm,
2134 1376 2192 1421 ut
2222 1376 2331 1423 tota
2362 1376 2505 1424 terra
2535 1370 2845 1427 Creatorem
2876 1374 3034 1439 colat,
3073 1389 3176 1427 non
3210 1390 3363 1429 crea-

1781 1463 1976 1509 tumm.
2003 1456 2154 1511 Sicut
2179 1458 2331 1513 bonae
2354 1469 2510 1514 terra:
2532 1469 2614 1516 est
2640 1462 2870 1518 fructum
2899 1464 3103 1532 facere,
3130 1465 3203 1519 ita
3229 1464 3359 1520 boni

1780 1546 1920 1598 servi
1969 1544 2251 1602 Dominum
2283 1558 2543 1605 metuere.
2570 1551 2751 1607 Potest
2788 1561 2841 1608 et
2875 1554 2951 1609 sic
2981 1554 3085 1608 dici
3138 1574 3149 1607 :
3197 1553 3362 1607 Terra

1780 1634 1920 1686 dedit
1951 1635 2177 1703 fructum
2200 1654 2374 1692 suum.
2404 1640 2557 1695 Prior
2578 1651 2737 1709 terra,
2766 1644 2816 1698 id
2844 1654 2947 1710 est,
2976 1645 3181 1715 primus
3202 1646 3363 1700 homo

1781 1742 1887 1781 non
1913 1728 2057 1782 dedit
2085 1728 2319 1785 fructum
2351 1747 2508 1786 suum
2540 1750 2555 1787 :
2590 1734 2642 1789 id
2674 1743 2775 1801 est,
2822 1752 2928 1791 non
2961 1737 3204 1792 exhibuit
3230 1738 3362 1792 obe-

1784 1818 2039 1873 dientiam
2087 1835 2245 1890 quam
2292 1822 2519 1878 debebat
2571 1842 2585 1879 :
2629 1827 2887 1881 secundus
2933 1827 3087 1881 homo
3133 1826 3197 1880 de
3239 1827 3364 1882 caelo

1781 1907 2016 1973 caelestis,
2043 1926 2144 1965 non
2172 1912 2410 1980 rapinam
2451 1913 2735 1970 arbitratus
2775 1926 2851 1971 est
2891 1932 3000 1971 esse
3031 1933 3085 1971 se
3114 1916 3366 1986 aequalem

1781 1997 1924 2064 Deo;
1964 2000 2135 2070 factus
2184 2011 2259 2055 est
2307 2002 2547 2058 obediens
2578 2021 2739 2077 usque
2783 2007 2851 2060 ad
2899 2016 3114 2061 mortem
3159 2020 3177 2059 :
3224 2007 3368 2061 dedit

1783 2090 2013 2160 fructum
2033 2109 2183 2147 suum
2202 2093 2367 2165 (Phil.
2397 2095 2479 2161 ll).
2498 2094 2594 2151 Vel
2616 2106 2754 2151 terra
2776 2097 2917 2151 dedit
2939 2098 3165 2167 fructum
3189 2113 3367 2162 suum,

1783 2182 1907 2251 quia
1940 2182 2177 2238 innovati
2210 2185 2409 2240 bonum
2451 2199 2763 2256 operantur,
2800 2204 2909 2244 non
2948 2189 3140 2244 timore
3167 2202 3362 2259 poenae,

1784 2273 1876 2328 sed
1910 2289 2096 2329 amore
2120 2274 2364 2343 justitise.

2295 2366 2615 2424 PSALMUS
2652 2368 2856 2425 LXVII.

2104 2474 2155 2512 ΙΝ
2183 2473 2341 2511 FINEM
2372 2474 2602 2513 PSALMUS
2631 2474 2843 2515 CANTICI
2873 2477 3053 2517 ωνιι).

1862 2568 1880 2601 ‹
1911 2548 2181 2621 Exsurgat
2205 2550 2378 2615 Deus,
2422 2561 2477 2605 et
2522 2552 2852 2622 dissipentur
2890 2553 3092 2611 inimici
3124 2553 3276 2624 ejus:
3319 2562 3375 2610 et

1795 2660 1811 2692 ι
1852 2640 2057 2711 fugiant
2085 2642 2176 2711 qui
2211 2642 2442 2696 oderunt
2470 2658 2589 2697 eum
2609 2684 2622 2709 ,
2652 2660 2682 2697 a
2716 2643 2851 2699 facie
2878 2642 3014 2713 ejus.
3057 2643 3209 2700 Sicut
3243 2644 3376 2701 deli-

1795 2750 1811 2782 ‹
1847 2732 1953 2787 ciet
1979 2730 2179 2798 fumus,
2209 2732 2499 2788 deficiant:
2540 2733 2679 2788 sicut
2716 2749 2841 2790 cera
2871 2751 2900 2789 a
2943 2734 3079 2791 facie
3109 2736 3267 2805 ignis,
3295 2737 3376 2793 sic

1794 2845 1821 2876 «ν
1847 2839 2071 2895 pereant
2106 2835 2422 2896 peccatores
2447 2841 2476 2880 a
2502 2825 2639 2881 facie
2665 2825 2783 2881 Dei.
2814 2826 2882 2881 Et
2914 2826 3046 2897 justi
3090 2827 3375 2897 epulentur

1795 2938 1812 2971 ι
1851 2928 1905 2974 et
1929 2920 2200 2975 exsultent
2230 2921 2282 2974 in
2312 2930 2605 2991 conspectu
2638 2920 2727 2975 Dei
2768 2929 2822 2975 et
2850 2920 3183 2975 delectentur
3207 2920 3258 2973 in
3286 2920 3371 2973 la:-

1797 3032 1812 3063 ι
1854 3013 1991 3066 tilia.
2023 3011 2251 3067 Cantate
2296 3011 2433 3077 Deo,
2475 3011 2740 3082 psalmum
2777 3011 2940 3067 dicite
2983 3009 3185 3065 nomini
3217 3007 3373 3078 ejus:

1798 3119 1815 3151 ι
1851 3101 1954 3156 iter
1988 3099 2147 3155 facite
2168 3100 2216 3155 ei
2238 3101 2327 3170 qui
2360 3102 2603 3155 ascendit
2625 3116 2785 3172 super
2809 3116 3081 3167 occasum,
3116 3099 3380 3154 Dominus

1798 3212 1815 3243 ι
1855 3208 2047 3247 nomen
2077 3193 2171 3248 illi.
2196 3193 2473 3248 Exsultate
2504 3193 2558 3247 in
2583 3204 2875 3264 conspectu
2902 3192 3039 3264 ejus,
3083 3193 3378 3247 turbabun-

1798 3304 1815 3335 ι
1854 3294 1941 3338 tur
1970 3301 2001 3338 a
2026 3283 2164 3339 facie
2188 3284 2303 3354 ejus
2322 3285 2492 3355 patris
2516 3286 2882 3354 orphauorum
2904 3294 2952 3339 et
2972 3284 3171 3353 judicis
3198 3284 3379 3338 vidua-

1798 3394 1816 3427 ι
1857 3392 1993 3431 ι·υιιι.
2042 3377 2183 3430 Deus
2222 3376 2274 3430 in
2314 3374 2433 3431 loco
2469 3384 2657 3431 sancto
2682 3392 2819 3431 suo:
2863 3375 3020 3439 Deus,
3048 3374 3139 3443 qui
3168 3373 3377 3428 inhabi-

1798 3488 1815 3518 ‹
1856 3476 1969 3521 tare
1994 3466 2120 3522 facit
2149 3466 2308 3521 unius
2340 3467 2506 3521 moris
2541 3466 2593 3519 in
2622 3468 2803 3521 domo.
2836 3466 2937 3534 Qui
2968 3465 3147 3520 educit
3170 3465 3381 3519 vinctos

1798 3578 1814 3609 ι
1853 3558 1904 3612 in
1948 3554 2301 3627 fortitudine;
2342 3558 2590 3613 similiter
2617 3575 2712 3615 eos
2756 3560 2848 3630 qui
2896 3567 3248 3629 exasperant,
3287 3556 3379 3627 qui

1799 3668 1815 3700 ‹
1850 3649 2095 3704 habitant
2117 3648 2168 3703 in
2196 3649 2478 3719 sepulcris.
2508 3650 2649 3705 Deus
2670 3667 2790 3705 cum
2817 3649 3154 3721 cgredereris
3177 3649 3228 3701 in
3251 3664 3380 3703 con-

1797 3761 1814 3792 ι
1850 3748 2033 3811 spectu
2082 3740 2261 3811 populi
2327 3741 2425 3807 tui,
2467 3756 2588 3797 cum
2632 3744 2990 3811 pertransires
3041 3741 3094 3795 in
3142 3739 3380 3805 deserto,

1799 3849 1817 3881 ‹
1853 3840 1995 3885 terra
2030 3840 2174 3885 mota
2203 3840 2325 3886 est:
2363 3833 2562 3887 etenim
2594 3833 2713 3887 (ειεΙί
2755 3833 3149 3888 distillaveruut
3184 3847 3214 3885 a
3244 3829 3384 3886 facie

1801 3942 1818 3975 ι
1853 3924 1948 3979 Dei
1976 3922 2147 3988 Sinai,
2180 3939 2210 3977 a
2236 3922 2375 3978 facie
2398 3922 2491 3977 Dei
2530 3923 2712 3979 Israel.
2751 3923 2995 3979 Pluviam
3022 3920 3382 3977 voluntariam

1801 4034 1817 4066 ι
1853 4015 2183 4087 segregabis,
2213 4015 2379 4078 Deus,
2404 4013 2702 4068 haereditati
2739 4024 2872 4080 tuae,
2902 4024 2957 4068 et
2982 4012 3251 4067 infirmata
3278 4018 3384 4075 est,

1800 4127 1818 4157 ι
1862 4115 1916 4160 ιιι
1947 4119 2074 4160 vero
2101 4103 2372 4174 perfecisti
2406 4118 2547 4158 eam.
2572 4103 2839 4158 Animalia
2871 4113 2959 4157 tua
2990 4100 3307 4157 babitabunt
3328 4098 3386 4155 in

1803 4217 1819 4247 ι
1855 4210 1940 4261 ea,
1969 4194 2170 4265 parasti
2196 4194 2250 4249 in
2276 4192 2560 4249 dulcedine
2581 4201 2667 4247 tua
2691 4194 2908 4264 pauperi
2934 4193 3094 4247 Deus.
3123 4189 3385 4244 Dominus

1803 4305 1822 4337 ι
1860 4286 2011 4341 dabit
2042 4285 2266 4341 verbum
2294 4282 2786 4355 evangelizantibus
2824 4282 3019 4335 virtute
3047 4277 3233 4332 multa.
3268 4275 3384 4330 Rex

1804 4399 1821 4430 ε
1860 4379 2119 4433 virtutum
2149 4379 2331 4435 dilecti
2359 4379 2563 4444 dilecti,
2593 4385 2647 4432 et
2675 4374 2874 4446 speciei
2918 4372 3108 4426 domus
3144 4368 3384 4423 dividere

1806 4490 1823 4523 ι
1857 4471 2046 4541 spolia.
2084 4470 2141 4526 Si
2165 4471 2446 4526 dormiatis
2469 4470 2611 4523 inter
2630 4467 2834 4522 medios
2855 4463 3047 4527 cleros,
3076 4474 3265 4530 pennae
3291 4473 3386 4513 co-

1807 4582 1824 4614 ‹
1864 4562 2058 4617 lumbte
2084 4563 2447 4632 deargenlatae
2474 4571 2528 4617 et
2557 4558 2857 4631 posteriora
2882 4554 3027 4610 dorsi
3055 4551 3170 4623 ejus
3197 4552 3249 4605 iu
3273 4550 3384 4619 pal-

1805 4672 1822 4703 (
1862 4653 1974 4707 lore
2005 4653 2144 4707 auri.
2176 4653 2311 4707 Dum
2346 4653 2605 4707 discernit
2634 4648 2871 4705 caelestis
2899 4662 3051 4719 reges
3076 4658 3238 4714 super
3263 4656 3383 4697 eam

1804 4762 1821 4794 ι
1854 4743 1977 4797 nive
2005 4743 2395 4799 dealbabuntur
2441 4743 2494 4796 in
2544 4740 2801 4796 Selmon:
2847 4754 3001 4793 mons
3048 4736 3180 4801 Dei,
3229 4748 3386 4788 mons

1804 4854 1822 4886 ι
1854 4836 2085 4906 pinguis.
2128 4834 2279 4890 Mons
2302 4833 2643 4906 coagulatus,
2677 4847 2831 4887 mons
2873 4829 3124 4901 pinguis:
3161 4834 3220 4880 ut
3257 4824 3384 4895 quid

1802 4948 1819 4980 ι
1858 4928 2209 4999 su5picamini
2250 4937 2461 4982 montes
2491 4926 2844 4999 coagulatos?
2882 4923 3033 4977 Mons
3059 4924 3110 4975 in
3144 4934 3250 4990 quo
3286 4918 3385 4971 bc-

1804 5041 1821 5074 ι
1854 5022 2178 5094 neplacitum
2210 5030 2292 5076 est
2318 5022 2428 5076 Deo
2450 5020 2699 5075 habitare
2738 5018 2792 5072 in
2822 5032 2924 5072 eo:
2966 5013 3164 5070 ctenim
3207 5008 3384 5063 Domi-

1808 5134 1826 5166 ι
1861 5131 1962 5169 nus
1997 5112 2261 5168 habitabit
2290 5113 2341 5167 in
2370 5113 2553 5167 finem.
2588 5112 2792 5167 Currus
2822 5109 2914 5164 Dei
2945 5107 3127 5162 decem
3151 5100 3385 5156 millibus

1808 5225 1824 5255 ι
1865 5203 2167 5274 multiplex,
2211 5203 2379 5257 millia
2416 5202 2754 5258 laetantium:
2796 5197 3053 5253 Dominus
3088 5194 3141 5246 in
3181 5189 3286 5253 eis,
3332 5187 3384 5251 in

1809 5317 1826 5349 ι
1865 5297 2038 5365 Sinai,
2068 5298 2120 5352 in
2143 5305 2351 5351 sancto.
2380 5294 2684 5351 Ascendisti
2716 5294 2767 5347 in
2791 5291 2978 5351 altum,
3006 5281 3192 5353 cepisti
3218 5277 3387 5369 capti:

1808 5405 1825 5436 ι
1866 5387 2107 5450 vitatem,
2145 5384 2401 5456 accepisti
2426 5386 2564 5439 dona
2592 5384 2643 5438 in
2669 5377 2993 5438 hominibus.
3032 5373 3240 5441 Etenim
3277 5383 3385 5423 non

1813 5477 2152 5539 «credentes
2181 5475 2487 5531 inhabitare
2517 5474 2799 5529 Dominum
2837 5470 3024 5524 Deum.
3060 5460 3393 5537 Benedictus

1811 5586 1827 5618 ι
1869 5569 2128 5624 Dominus
2157 5567 2244 5623 die
2268 5566 2528 5637 quotidie,
2553 5578 2867 5635 prosperum
2909 5560 3010 5614 iter
3037 5555 3196 5611 faciet
3230 5553 3391 5623 nobis

1810 5681 1826 5712 ι
1862 5662 2004 5716 Deus
2044 5660 2361 5715 salutarium
2414 5664 2744 5714 nostrorum.
2800 5654 2940 5707 Deus
2986 5656 3198 5711 noster,
3244 5646 3387 5700 Deus

1807 5771 1824 5804 ί
1862 5751 2037 5806 salvos
2081 5749 2340 5813 faciendi,
2384 5755 2438 5802 et
2483 5744 2692 5801 Domini
2726 5740 2933 5799 deini
2972 5739 3145 5795 exitus
3173 5733 3381 5791 mortis.

1809 5840 2236 5913 «Verumtamen
2288 5840 2431 5895 Deus
2476 5837 2777 5907 confringet
2824 5835 2995 5903 capita
3044 5828 3385 5901 inimicorum
