3918 6408
551 401 658 460 479
1185 390 1441 450 REMIGII
1475 385 2130 446 ANTISSIODORENSIS
2166 385 2315 443 OPP.
2355 386 2546 445 PARS
2572 389 2614 446 I.
2651 421 2721 431 -—
2761 391 3191 458 EXEGE'I‘ICA.
3692 397 3784 454 ﬁli

559 536 578 570 ι
615 525 860 577 suorum,
881 508 1142 567 verticem
1169 508 1343 580 capilli
1384 505 1868 579 perambulantium
1918 505 1970 560 in
1998 503 2131 559 deli-
2160 505 2206 565 Α
2237 502 2491 560 subaudis
2537 507 2760 571 remoti,
2793 508 2928 562 sicut
2971 509 3236 578 ﬂuitcera
3263 525 3294 562 a
3329 507 3466 579 facie
3493 509 3652 579 ignis,
3675 513 3782 582 quia

561 627 582 660 ι
616 606 720 662 ctis
757 603 888 659 suis.
937 601 1085 658 Dixi;
1126 601 1405 666 Dominus,
1442 599 1520 654 Ex
1568 596 1739 654 Basan
1785 607 2131 660 convertam,
2236 598 2376 653 sicut
2401 613 2523 654 cera
2551 599 2671 670 igni.
2700 602 2944 672 apposita
2977 617 3083 656 non
3111 607 3289 671 potest
3311 602 3541 666 durare,
3574 603 3646 658 sic
3677 620 3776 675 pee-

563 717 580 750 ι
620 703 934 752 convertam
967 693 1020 750 in
1056 692 1377 764 profundum
1407 691 1594 746 maris.
1622 690 1693 746 Ut
1716 689 2013 760 intingatur
2040 702 2136 759 pes
2235 698 2389 744 cator
2426 699 2551 746 ante
2585 690 2776 746 facient
2807 692 2917 748 Dei.
2948 707 3052 747 non
3088 701 3265 763 potest
3294 707 3641 763 permanere:
3675 697 3771 766 quia

563 805 582 838 ι
625 794 747 842 tuus
771 785 826 840 in
853 783 1135 855 sanguine,
1159 783 1338 854 lingua
1360 796 1552 837 canum
1577 789 1792 836 tuorum
1813 793 1879 834 ex
1903 778 2136 834 inimicis
2236 778 2436 843 dictum
2478 789 2598 835 est:
2637 780 2880 836 Tollatur
2909 781 3106 852 impius
3145 797 3214 837 ne
3241 783 3424 837 videat
3474 783 3680 854 gloriam
3702 785 3773 842 Dei

562 896 580 928 ι
611 876 680 931 ab
707 876 842 946 ipso.
893 873 1151 930 Viderunt
1191 872 1464 944 ingressus
1489 881 1626 937 tuos,
1665 869 1828 934 Deus,
1861 870 2136 940 ingressus
2236 867 2374 938 (Isa.
2398 869 2568 940 xxvt).
2607 870 2675 925 Et
2719 870 2876 925 alibi:
2912 871 3096 925 Panes.
3111 888 3198 926 eos
3229 883 3283 924 ut
3311 872 3772 943 clibanumiguisin

564 985 582 1018 ‹
621 965 714 1020 Dei
741 963 868 1030 mei,
898 964 1040 1035 regis
1072 964 1199 1026 mei,
1229 962 1423 1032 quiest
1446 962 1499 1016 in
1522 969 1730 1015 sancto.
1768 960 2137 1014 Pervenerunt
2237 969 2464 1031 tempore
2499 962 2668 1032 uultus
2715 963 2791 1016 tui
2829 960 3001 1035 (Psal.
3044 961 3158 1032 ss).
3193 961 3262 1016 Et
3293 963 3434 1032 justi
3454 961 3705 1032 epulentttr
3739 977 3779 1019 et

561 1076 580 1108 ι
617 1055 887 1127 principes
907 1054 1173 1124 conjuncti
1203 1052 1573 1124 psallentibus,
1603 1051 1655 1106 in
1683 1051 1859 1106 medio
1869 1050 2137 1118 juvettcu-
2238 1051 2492 1108 exsultent
2517 1054 2570 1108 in
2607 1063 2883 1123 conspectu
2919 1053 3034 1107 Dei.
3069 1053 3375 1116 Peccatores
3398 1064 3603 1124 pereant
3625 1070 3653 1107 a
3673 1053 3776 1123 fecit

563 1165 582 1196 ι
615 1146 783 1200 larum
811 1145 1323 1217 tympanistriarum.
1356 1143 1411 1197 In
1441 1142 1684 1196 ecclesiis
1709 1141 2006 1196 benedicite
2030 1139 2138 1193 Deo
2240 1142 2370 1208 Dei,
2409 1143 2544 1213 justi
2567 1157 2744 1198 autem
2775 1143 3049 1212 epulemur
3073 1155 3120 1198 et
3159 1145 3449 1209 exsultent,
3482 1145 3533 1198 id
3565 1153 3659 1210 est,
3683 1152 3773 1198 tan-

564 1258 583 1290 ε
621 1236 848 1291 Domino
870 1236 934 1291 de
953 1236 1193 1292 fontibus
1213 1234 1396 1290 Israel.
1423 1233 1496 1288 Ibi
1526 1233 1802 1304 Benjamin
1829 1232 2138 1287 atlolescen-
2242 1241 2298 1286 to
2342 1233 2537 1302 gaudio
2584 1233 2841 1288 exsultent
2889 1234 2944 1288 in
2991 1243 3267 1304 conspectu
3312 1233 3445 1300 Dei,
3493 1234 3543 1288 id
3589 1243 3690 1297 est,
3735 1235 3774 1288 iu

564 1347 582 1378 ε
619 1326 760 1382 ιιιΙυε
787 1327 840 1382 in
869 1326 1062 1382 mentis
1098 1341 1343 1381 excessu.
1384 1324 1659 1394 Principes
1695 1323 1829 1379 Juda
1859 1325 2021 1379 duces
2046 1337 2137 1378 eo-
2243 1323 2485 1378 iuteriori
2536 1339 2663 1389 suo,
2709 1323 2798 1378 ubi
2855 1325 2969 1395 ipse
3017 1332 3225 1379 tantum
3273 1324 3570 1396 conspicit,
3615 1333 3774 1394 quanto

566 1437 585 1469 ι
623 1434 763 1484 rum,
787 1418 1059 1489 principes
1095 1418 1330 1474 Zabulon
1367 1426 1422 1474 et
1461 1417 1732 1488 principes
1773 1415 2136 1487 Nephthalim.
2243 1413 2438 1484 gaudio
2465 1413 2638 1470 solent
2664 1415 2934 1471 exsultare
2961 1415 3261 1486 epulantes,
3294 1415 3419 1471 licet
3453 1416 3506 1468 in
3537 1424 3775 1484 conspectu

565 1527 584 1560 ι
618 1507 828 1573 Munda,
851 1507 1014 1575 Deus,
1036 1507 1219 1563 virtuti
1247 1517 1368 1572 tua},
1383 1506 1641 1562 conﬁrma
1664 1507 1785 1572 hoc,
1812 1505 1976 1570 Deus,
1997 1502 2140 1575 quod
2244 1503 2522 1560 hominum
2543 1505 2770 1561 adversa
2801 1507 3111 1577 patiantur:
3150 1516 3206 1562 et
3226 1507 3304 1562 sic
3325 1505 3542 1562 tandem
3564 1505 3775 1560 delectere

567 1615 586 1649 α
618 1607 874 1668 operatus
895 1614 954 1654 es
981 1598 1036 1653 in
1081 1598 1253 1653 nobis.
1294 1598 1341 1653 Α
1373 1596 1570 1667 templo
1615 1605 1705 1651 tuo
1739 1597 1791 1650 in
1840 1593 2138 1650 Jerusalem
2243 1605 2331 1650 tur
2371 1597 2426 1651 in
2479 1596 2702 1662 laetitia,
2752 1598 2842 1654 ubi
2897 1593 3125 1653 intérius
3169 1607 3224 1653 et
3277 1597 3519 1653 exterius
3557 1595 3775 1667 spirituali

567 1707 586 1740 ι
625 1689 718 1744 tibi
743 1689 969 1746 oll'erent
996 1705 1149 1762 reges
1169 1705 1410 1744 munera.
1433 1688 1655 1758 Increpa
1681 1687 1823 1743 feras
1842 1685 2140 1750 arundinis,
2239 1687 2576 1760 iucunditate
2603 1689 2970 1759 replebuntur.
2998 1687 3069 1746 Ut
3089 1697 3269 1744 autem
3289 1688 3652 1752 delectemini,
3678 1705 3775 1742 catt-

569 1795 589 1829 ι
621 1779 964 1850 congregatio
995 1787 1267 1834 taurorum
1299 1777 1350 1832 in
1376 1777 1555 1833 vaccis
1591 1775 1928 1847 populorum,
1959 1782 2018 1828 ut
2046 1788 2142 1829 εκ·
2245 1787 2351 1832 tate
2377 1777 2495 1834 Deo.
2536 1778 2792 1843 interius,
2845 1779 3106 1850 psalmum
3148 1779 3306 1834 dicite
3348 1780 3545 1833 nomini
3577 1779 3702 1849 ejus,
3739 1778 3776 1831 id

569 1886 588 1919 σ
623 1867 842 1923 cludant
865 1883 958 1924 eos
998 1868 1091 1938 qui
1119 1867 1329 1939 probati
1357 1876 1483 1923 sunt
1509 1874 1750 1937 argento.
1773 1865 1985 1935 Dissipa
2014 1879 2142 1936 gen—
2169 1874 2217 1934 Β
2244 1876 2357 1933 εει,
2401 1868 2643 1926 exterius
2664 1867 2744 1924 sic
2771 1868 3101 1940 operamini,
3128 1876 3188 1923 ut
3211 1882 3408 1924 nomen
3439 1866 3554 1938 ejus
3579 1865 3771 1921 laudabi-

567 1974 587 2007 ι
627 1964 707 2012 tes
733 1973 852 2027 quae
893 1956 1033 2012 bella
1064 1957 1268 2024 volunt,
1299 1958 1517 2012 venient
1563 1955 1720 2026 legati
1761 1970 1826 2010 ex
1867 1953 2136 2025 Egypto;
2239 1957 2364 2012 liter
2391 1972 2488 2028 per
2513 1973 2609 2014 vos
2638 1958 2962 2028 divulgetur.
2995 1957 3108 2012 Iter
3148 1957 3304 2026 facile
3347 1957 3398 2011 ei
3412 1997 3427 2023 ,
3471 1966 3530 2011 ut
3575 1971 3661 2028 per
3687 1970 3774 2024 spe-

567 2067 586 2100 ι
622 2047 897 2120 Ᾱῖιιιίορὶει
928 2049 1220 2119 praeveniet
1246 2063 1438 2103 manus
1461 2047 1578 2116 ejus
1595 2048 1726 2102 Deo.
1749 2046 1932 2118 Regna
1959 2054 2139 2109 term,
2239 2049 2417 2105 ciosos
2468 2049 2632 2118 pedes
2682 2048 2988 2105 Judieorum
3046 2047 3569 2120 evangelizantium,
3627 2046 3780 2116 pervia.

567 2159 586 2192 ι
623 2149 838 2196 cantate
879 2143 1019 2205 Deo,
1056 2140 1266 2211 psallite
1309 2139 1555 2194 Domino.
1603 2138 1820 2194 Psallite
1861 2137 2002 2201 Deo,
2048 2136 2140 2207 qui
2241 2140 2375 2194 ﬁant
2399 2140 2560 2195 corda
2592 2140 2948 2196 credentium.
3001 2139 3152 2196 Unde
3202 2140 3371 2196 Isaias
3408 2155 3424 2194 :
3463 2137 3645 2192 Parate
3674 2139 3778 2191 riam

567 2247 588 2280 ι
623 2230 867 2286 ascendit
894 2245 1056 2301 super
1081 2229 1277 2285 coelum
1299 2229 1419 2286 coeli
1443 2228 1507 2283 ad
1528 2229 1811 2284 orientem.
1835 2228 1972 2284 Ecce
1993 2227 2141 2283 dabit
2238 2228 2482 2293 Domini,
2531 2239 2698 2284 rectas
2725 2229 2884 2299 facite
2922 2229 3133 2284 semitas
3171 2227 3272 2283 Dei
3318 2231 3486 2284 nostri
3527 2228 3646 2300 (Isa.
3676 2228 3770 2294 st),

569 2338 588 2370 ο
623 2320 740 2375 voci
764 2335 875 2375 suae
899 2335 1086 2376 vocem
1121 2320 1374 2376 virtutis:
1415 2321 1538 2376 date
1576 2319 1796 2391 gloriam
1833 2319 1942 2374 Deo
1979 2316 2142 2391 super
2239 2317 2340 2371 iter
2360 2316 2517 2386 facite
2539 2319 2587 2372 ei
2599 2334 2619 2383 ;
2646 2318 2694 2372 ei
2727 2317 2882 2384 dico;
2909 2317 3000 2387 qui
3035 2317 3268 2371 ascendit
3298 2333 3458 2388 super
3483 2331 3714 2390 occasum,
3735 2314 3771 2366 id

569 2427 588 2462 ι
625 2408 820 2477 Israel,
851 2410 1246 2481 magnificentia
1288 2408 1403 2480 ejus
1444 2417 1497 2465 et
1523 2409 1696 2465 virtus
1739 2411 1857 2481 ejus
1895 2411 1948 2465 in
1988 2411 2142 2465 nubi-
2239 2416 2354 2472 est,
2387 2405 2540 2477 cujus
2589 2422 2850 2463 ascensus
2875 2416 2958 2462 est
2995 2407 3049 2462 in
3080 2407 3216 2473 illis,
3253 2409 3309 2462 itt
3353 2408 3547 2478 quibus
3573 2405 3774 2461 occubuit

569 2516 589 2559 ε
625 2499 744 2554 bus.
782 2499 1040 2555 Mirabilis
1079 2501 1220 2558 Deus
1267 2501 1319 2556 in
1365 2501 1566 2556 sanctis
1608 2503 1760 2568 suis;
1801 2501 1941 2558 Deus
1979 2502 2142 2558 Israel
2241 2507 2498 2562 vetustas,
2543 2507 2598 2553 et
2637 2498 2848 2554 refulsit
2884 2499 3120 2554 novitas.
3149 2499 3267 2569 Ipse
3312 2500 3463 2555 enim
3491 2497 3770 2554 ascendendo

570 2607 590 2649 ι
625 2590 737 2662 ipse
761 2592 906 2648 dabit
931 2593 1186 2655 virtutem
1226 2602 1281 2651 et
1307 2594 1678 2653 fortitudinem
1705 2594 1848 2666 plebi
1876 2609 2018 2662 suae,
2047 2595 2143 2650 be-
2241 2588 2406 2644 corda
2435 2588 2712 2643 hominum
2746 2603 2844 2660 per
2883 2589 3134 2643 notitiam
3169 2604 3321 2644 suam
3343 2630 3358 2654 ,
3397 2589 3614 2645 destruit
3640 2589 3692 2643 in,
3714 2587 3771 2641 eis

625 2681 871 2738 nedictus
900 2682 1059 2741 Deus.
1097 2701 1118 2736 ι
2240 2687 2477 2736 veterem
2506 2679 2777 2733 hominem
2796 2716 2812 2745 ,
2842 2687 2897 2733 et
2917 2676 3210 2734 viviﬁcavit
3243 2693 3442 2736 novum
3467 2697 3480 2733 :
3511 2678 3588 2734 vel
3613 2680 3688 2749 qui
3709 2693 3773 2731 08°.

1124 2771 1575 2829 ENARRATIO.
2110 2839 2117 2845 _
2241 2771 2413 2828 cendit
2446 2787 2602 2840 super
2640 2786 2910 2835 occasum,
2944 2769 2996 2824 id
3024 2777 3142 2835 est,
3193 2769 3485 2836 mundum,
3513 2784 3656 2839 quem
3680 2769 3776 2838 ipse.

633 2860 899 2936 Propheta
944 2863 997 2918 in
1036 2861 1237 2933 Spiritu
1275 2871 1462 2919 sancto
1508 2863 1809 2934 praevidens
1859 2867 2140 2935 praemium
2241 2863 2371 2920 fecit
2396 2863 2448 2917 in
2473 2878 2724 2918 occasum
2755 2863 2962 2918 devicta
2999 2870 3206 2929 morte;
3253 2863 3337 2918 vel
3361 2864 3452 2934 qui
3480 2863 3686 2917 ascendit
3705 2878 3774 2915 nte

561 2949 702 3020 quod
729 2950 961 3008 habituri
997 2962 1122 3007 sunt
1143 2953 1301 3007 amici
1333 2953 1458 3018 Dei,
1489 2962 1544 3008 et
1566 2969 1779 3023 poenam
1799 2969 1960 3022 quam
1994 2953 2144 3008 habi-
2241 2971 2334 3024 per
2365 2971 2646 3018 occasum,
2680 2953 2730 3007 id
2770 2961 2883 3019 est,
2915 2968 3080 3023 super
3110 2953 3228 3020 illos
3273 2955 3367 3024 qui
3402 2951 3776 3026 desperatissimi.

566 3043 672 3096 turi
723 3052 845 3097 sunt
897 3043 1096 3098 inimici
1153 3053 1207 3098 et
1253 3043 1305 3096 iu
1352 3043 1455 3097 hac
1506 3043 1647 3109 vita,
1701 3053 1756 3098 et
1815 3045 1868 3108 in
1926 3045 2140 3110 futura,
2243 3046 2494 3108 fuerunt,
2524 3055 2579 3102 et
2618 3059 2832 3116 semper
2859 3045 2912 3100 in
2958 3060 3186 3111 occasu;
3239 3046 3363 3115 quia
3396 3045 3691 3115 soljustitia:
3710 3044 3772 3097 eis.

559 3125 941 3202 'praamoustrat
985 3134 1138 3189 nobis
1177 3143 1464 3204 utrumque
1497 3135 1775 3206 [inermium
1813 3145 1867 3192 et
1892 3152 2138 3206 pinnam:
2245 3152 2351 3191 non
2372 3136 2599 3191 refulsit.
2633 3136 2698 3191 Et
2723 3136 2772 3195 ei
2800 3137 2993 3192 merito
3019 3144 3240 3206 paratur
3261 3137 3390 3202 iter,
3417 3137 3536 3206 quia
3563 3135 3766 3189 Dominus

564 3231 628 3282 ut
665 3237 760 3291 per
798 3235 1009 3291 pinnam
1062 3223 1332 3279 deterreat
1386 3224 1590 3294 malos,
1637 3235 1691 3280 et
1716 3241 1813 3297 per
1857 3228 2136 3296 praemium
2164 3217 2212 3281 C
2241 3236 2326 3282 est
2351 3244 2539 3282 nomen
2579 3227 2696 3294 illi;
2733 3243 2838 3284 non
2883 3227 3009 3281 illttd
3051 3227 3194 3296 quod
3240 3226 3413 3290 Judaei
3455 3223 3764 3286 dederuntei,

563 3311 755 3372 invitet
778 3313 966 3368 bonos.
1000 3313 1141 3369 Dicit
1168 3324 1345 3380 autem
1375 3315 1484 3370 sic:
2243 3317 2573 3373 Datmonium
2605 3321 2763 3374 habes
2791 3319 2973 3389 (Joan.
3023 3318 3143 3389 vn).
3183 3317 3250 3372 In
3273 3319 3556 3374 Beelzebub
3587 3315 3766 3385 principe

565 3395 568 3398 ’
641 3406 905 3477 Exsurgat
944 3407 1118 3472 Deus,
1153 3416 1200 3462 et
1227 3408 1542 3477 dissipentur
1572 3409 1770 3464 inimici
1819 3411 1950 3482 ejus.
1977 3413 2138 3479 Quasi
2240 3409 2619 3464 dwmoniorum
2662 3411 2803 3480 ejicit
2851 3410 3110 3473 dwntonia
3159 3407 3312 3478 (Luc.
3358 3404 3764 3480 x1.).Iter_[acile

565 3486 748 3542 dicat:
780 3487 1068 3555 Moriatur,
1118 3488 1436 3556 sepeliatur,
1494 3500 1779 3559 resurgat,
1835 3493 1887 3547 in
1943 3493 2112 3548 cmluu

2239 3504 2320 3558 ei:
2348 3512 2403 3558 et
2439 3504 2490 3557 in
2520 3502 2766 3558 faciendo
2814 3503 3032 3567 itinere,
3066 3501 3192 3557 licet
3217 3503 3268 3557 in
3318 3511 3598 3576 conspectu
3635 3496 3764 3554 homi-

561 3577 845 3642 ascendat,
894 3577 1152 3646 Spiritum
1185 3589 1431 3634 sanctum
1475 3581 1679 3644 mittat,
1710 3591 1765 3637 et
1785 3584 1864 3638 sic
1887 3599 2108 3656 exsurga

2238 3609 2368 3649 num
2392 3593 2556 3648 multa
2587 3594 2866 3664 patiamini
2889 3594 3151 3659 adversa;
3188 3593 3354 3648 nolite
3385 3602 3554 3648 tamen
3585 3589 3763 3648 deﬁcere

561 3667 704 3724 Deus
743 3669 796 3723 in
844 3669 1089 3725 notitiam
1129 3671 1425 3726 hominum.
1468 3669 1538 3726 Et
1582 3673 1898 3744 dissipentur
1940 3677 2138 3730 inimici
2238 3702 2337 3742 nec
2386 3687 2730 3750 contristari,
2777 3687 2871 3742 sed
2913 3701 3126 3756 semper
3157 3686 3416 3749 exsultate
3457 3687 3507 3740 in
3541 3691 3762 3752 conspectu

559 3757 708 3828 ejus,
752 3758 803 3813 id
834 3767 948 3826 est,
989 3770 1329 3816 excaecentur
1365 3762 1466 3817 sibi
1512 3762 1850 3821 inimicantes
1877 3765 2102 3821 interius

2236 3781 2385 3850 ejus,
2413 3781 2466 3834 id
2493 3790 2598 3845 est,
2630 3781 2683 3835 in
2709 3778 2951 3834 interiori
2993 3788 3206 3834 vestro:
3236 3778 3311 3832 Illi
3344 3787 3520 3833 autem
3548 3774 3627 3846 qui
3649 3770 3762 3826 vobis

561 3850 990 3943 "elﬁs‘ll’e’mf'
1016 3853 1284 3918 θυθτίυεν
1315 3861 1374 3943 ul
1395 3853 1564 3943 {W335
1584 3896 1598 3921 ο
1621 3857 1712 3926 qui
1743 3856 1943 3912 amisso
1972 3873 2137 3927 "‘8'lo
2237 3872 2504 3927 resistunt
2525 3871 2874 3926 turbabuntur
2901 3869 3124 3934 remoti,
3149 3885 3181 3922 a
3209 3869 3343 3938 facie
3365 3870 3509 3938 ejus;
3539 3867 3640 3934 ejus
3655 3862 3760 3919 dico.

560 3941 796 4030 undique
821 3941 1064 4016 dissipati
1101 3953 1256 3998 sunt:
1293 3942 1378 3998 vel
1407 3941 1726 4014 dissipentur
1751 3946 1890 4001 bona
1915 3947 2138 4017 dissipa-
2234 3959 2401 4030 ραν-ξε
2435 3959 2824 4027 ονριιιιηοηιηι,
2871 3957 3082 4012 illorum
3131 3957 3415 4022 videlicet,
3450 3956 3536 4026 qui
3563 3969 3646 4025 per
3681 3948 3760 4021 gla-

562 4029 736 4096 tione,
769 4039 827 4090 ιιι
854 4045 922 4098 ex
952 4033 1185 4094 inimicis
1213 4033 1346 4097 ﬁant
1371 4035 1552 4090 amici.
1574 4033 1641 4090 Et
1663 4035 1868 4106 fugiant
1899 4037 1989 4108 qui
2014 4039 2141 4092 ode-
2235 4029 2381 4106 dium
2410 4050 2646 4121 spiritus
2693 4051 2906 4122 pmcisi
2938 4059 3063 4106 sum
3115 4066 3144 4104 α
3195 4066 3290 4121 spe
3338 4049 3566 4104 carnalis
3601 4042 3759 4116 patris,

559 4129 683 4183 runt
729 4138 847 4186 eum
885 4140 918 4176 α
945 4122 1085 4193 facie
1111 4123 1259 4193 ejus;
1302 4125 1538 4189 lueretici
1574 4127 1843 4194 videlicet,
1877 4129 2106 4184 habente

2233 4153 2290 4199 et
2327 4152 2532 4198 tantum
2560 4157 2712 4214 spem
2735 4143 2787 4198 in
2815 4141 2927 4198 Deo
2969 4153 3296 4212 posuerunt;
3327 4151 3374 4196 et
3414 4139 3601 4212 judicis
3619 4133 3759 4189 vidua-

557 4224 683 4305 eum
710 4212 861 4276 odio,
895 4212 1102 4286 fugiant
1128 4231 1159 4270 a
1189 4213 1327 4282 facie
1367 4215 1516 4286 ejus,
1546 4217 1600 4284 id
1625 4225 1742 4285 est,
1765 4234 1795 4273 a
1833 4220 2042 4275 sanetis
2080 4220 2135 4274 in
2236 4253 2372 4293 mm,
2394 4212 2731 4293 Vidua—sunt
2771 4235 2876 4302 illi,
2911 4235 3002 4305 qui
3033 4249 3128 4305 per
3154 4235 3375 4289 verbum
3409 4233 3499 4288 Dei
3531 4246 3558 4285 a
3585 4241 3664 4298 ape
3685 4237 3758 4278 ste-

557 4303 752 4399 (Ιυίδξιε
777 4315 999 4376 apparet
1022 4306 1192 4399 Τδρίβε
1215 4323 1342 4367 sua:
1366 4324 1526 4380 quam
1549 4325 1756 4389 Ρθτθοβ
1782 4311 1861 4366 δίο
1879 4320 2136 4382 Operam"
2233 4329 2436 4386 cularis
2493 4327 2848 4399 copulationis
2889 4303 3300 4398 suntﬁprtccisi,
3348 4333 3406 4381 et
3453 4334 3637 4378 tantum
3673 4329 3758 4369 2111·

557 4393 708 4489 quasi
743 4410 979 4489 Ρντεξέηδ
1025 4398 1263 4489 adsuta
1311 4399 1741 4489 quibusilusianl
1769 4401 1970 4456 ίηίηιίοί
2018 4403 2134 4472 eius
2233 4419 2448 4489 plexum
2492 4393 2604 4484 veri
2646 4418 2828 4488 sponsi
2875 4393 3221 4483 desiderant,
3265 4429 3492 4485 quorum
3531 4409 3756 4482 judexesl

558 4481 824 4552 timendo,
874 4485 1001 4541 licet
1055 4503 1162 4553 non
1205 4487 1438 4548 latendo.
1485 4488 1600 4546 Iloc
1645 4491 1907 4549 tamenin
1953 4491 2102 4546 multi

2233 4481 2493 4568 Dominus
2509 4550 2524 4576 ,
2543 4481 2854 4566 defendens
2893 4523 2988 4567 cos
3013 4510 3081 4563 ab
3103 4481 3248 4564 omni
3277 4481 3651 4578 impugnatione
3670 4495 3755 4552 dir

558 4571 821 4671 vidimus,
857 4576 1090 4644 qualiter
1115 4592 1219 4671 non
1239 4578 1362 4671 ausi
1391 4588 1581 4671 essent
1601 4579 1656 4633 in
1685 4589 1974 4671 conspectu
2005 4596 2128 4636 san-
2161 4567 2431 4657 01,0503.
2474 4567 2541 4655 El
2577 4599 2811 4671 qualiter
2838 4599 2910 4654 si;
2953 4609 3108 4669 paer
3151 4607 3205 4656 ει
3239 4567 3407 4667 Ῑυάέχ
3425 4567 3750 4662 ξυωυηεῑιιπε

554 4669 1082 4764 ειοτυιιξ-ξψρπθςθς
1106 4667 1196 4764 Ave]
1231 4665 1437 4739 ΐυείειιι
1465 4669 1532 4724 ab
1570 4669 1707 4724 ίηῑο
1735 4670 1800 4725 ad
1828 4670 2129 4741 Placawmo
2232 4692 2367 4749 Nam
2399 4694 2513 4764 ipse
2543 4665 2680 4748 Deus
2718 4701 2792 4747 est
2817 4693 2871 4748 in
2899 4665 3013 4747 loco
3051 4665 3348 4747 sanctosuo
3368 4732 3383 4756 ,
3416 4690 3464 4746 id
3502 4694 3605 4750 est,
3630 4684 3673 4738 in
3695 4677 3752 4732 vi-

547 4755 702 4856 j't‘ntta
758 4757 931 4856 illud:
973 4762 1114 4828 Quid
1150 4763 1422 4844 faciemus,
1460 4766 1554 4820 uiri
1597 4766 1786 4835 fratres
1814 4767 1840 4821 .’
1867 4769 2004 4841 (Act.
2066 4784 2094 4824 ι.

2233 4785 2352 4841 duis
2374 4793 2428 4840 et
2453 4784 2738 4856 orphanis,
2772 4783 3016 4840 iaciendo
3034 4797 3128 4839 eos
3147 4783 3323 4840 locum
3345 4792 3579 4839 sanctum
3602 4786 3746 4833 suum;

554 4842 910 4950 Eicut-de/icit
943 4842 1456 4926 fumus,vdeﬁciant.
1505 4856 1642 4914 Nota
1688 4859 1812 4930 quia
1841 4859 2021 4918 fumus
2065 4862 2101 4916 a‘

2231 4885 2286 4938 et
2307 4876 2423 4947 ipse
2456 4842 2599 4931 Deus
2625 4842 2751 4946 facit
2792 4876 3085 4930 inhabitare
3115 4875 3266 4939 illos,
3309 4876 3360 4932 in
3401 4875 3582 4945 quibus
3605 4877 3651 4925 et
3667 4866 3749 4936 ipse

552 4939 676 5044 ‘13"?
704 4939 886 5010 damst
920 4959 1120 5018 (ευθειιο
1148 4949 1265 5026 Plus
1313 4951 1364 5005 Ῑη
1396 4951 1561 5015 altum
1587 4957 1927 5025 elllelldilul‘,
1981 4967 2129 5014 tho
2235 4939 2466 5028 (tab-itat,
2494 4967 2547 5021 in
2579 4939 2766 5031 domo,
2804 4964 2858 5019 id
2878 4975 2985 5030 est,
3026 4965 3078 5018 in
3111 4964 3348 5021 Ecclesia
3375 4939 3488 5028 sua,
3514 4961 3579 5016 ita
3605 4953 3749 5012 utsint

552 5033 716 5094 citius
762 5041 1052 5096 evanescit.
1102 5042 1190 5106 Isti
1238 5059 1451 5114 quoque
1497 5047 1566 5102 ab
1613 5049 1736 5120 igne
1782 5051 2027 5112 odiorum
2075 5051 2125 5105 in
2230 5059 2386 5112 unius
2413 5060 2597 5124 moris,
2625 5058 2677 5112 id
2698 5067 2803 5122 est,
2833 5057 3115 5113 unanimes
3136 5065 3191 5112 et
3213 5058 3353 5113 idem
3376 5052 3745 5119 consentientes;

550 5123 718 5223 ἥιιξηη
762 5129 920 5223 elall.
957 5144 1217 5203 Ponenles
1246 5137 1298 5192 Ῐη
1341 5138 1537 5193 εωιυῐιι
1581 5153 1644 5196 08
1689 5157 1880 5208 suum,
1933 5160 2128 5216 magno
2225 5148 2379 5223 juxta
2423 5147 2586 5203 illud:
2620 5147 2975 5203 Multitudinis
3013 5148 3333 5203 credentium
3361 5157 3469 5203 erat
3509 5159 3590 5198 car
3622 5149 3744 5194 unum

549 5215 760 5310 delectu
785 5219 1128 5281 defecerunt:
1169 5233 1295 5298 quia
1339 5238 1497 5300 capto
1528 5233 1953 5303 insultavcrunt,
1995 5215 2127 5308 pett-
2226 5215 2277 5293 et
2316 5239 2493 5292 anima
2539 5256 2644 5292 una
2689 5238 2828 5310 (Act.
2861 5239 2935 5307 tv)
2963 5256 2976 5293 :
3005 5239 3094 5310 qui
3137 5239 3308 5293 educit
3340 5240 3524 5293 vinctos
3550 5234 3598 5288 in
3626 5225 3742 5296 ἵστα·

550 5309 765 5400 dentem
808 5313 1121 5384 lrriserunt;
1175 5321 1313 5376 unde
1342 5321 1580 5388 victores
1618 5333 1956 5394 tumuerunt,
2000 5345 2124 5384 mox
2226 5328 2422 5384 tudine.
2458 5329 2597 5386 Ecce
2625 5309 2859 5400 qualiter
2879 5309 3023 5398 facit
3047 5343 3142 5385 eos
3177 5329 3476 5392 inhabitare
3512 5327 3559 5381 in
3592 5322 3742 5377 domo,

550 5398 677 5454 victi
717 5416 1074 5466 evanuerunt.
1105 5407 1199 5464 Vel
1237 5411 1482 5482 deﬁciant
1534 5414 1588 5469 in
1632 5416 1872 5473 interiori
1902 5432 2033 5483 suo,
2071 5419 2122 5474 id
2227 5420 2505 5476 educendo
2532 5398 2878 5478 eos—Judzeos
2902 5436 2932 5474 a
2962 5419 3189 5475 vinculis
3218 5427 3566 5490 peccatorum,
3590 5407 3753 5482 quibus.

549 5498 668 5556 εει.
708 5507 1099 5568 recognoscant
1125 5514 1184 5557 se
1223 5518 1344 5560 esse
1381 5505 1657 5574 delectos,
1695 5523 1792 5579 per
1815 5508 2120 5578 superbiam
2225 5511 2467 5582 impediti
2494 5519 2652 5566 erant
2688 5525 2756 5568 ne
2785 5510 3126 5569 ambularent
3149 5509 3204 5565 in
3233 5510 3336 5566 viis
3374 5510 3736 5579 praeceptorum:

551 5595 740 5650 suam,
769 5588 900 5642 sicut
937 5591 1113 5659 deﬁcit
1149 5594 1360 5663 fumus;
1384 5607 1440 5654 et
1477 5600 1554 5656 sic
1582 5601 1905 5657 assumendo
1948 5601 2121 5657 bumi-
2224 5612 2280 5660 et
2307 5603 2412 5660 hoc
2433 5603 2487 5658 in
2508 5602 2823 5664 fortitudine
2845 5617 3076 5658 suanon
3098 5615 3286 5660 eorum
3318 5599 3542 5661 meritis,
3567 5590 3637 5647 vel
3653 5587 3735 5642 lor-

553 5674 758 5730 litatem
779 5718 794 5743 ,
819 5680 1084 5774 deponant
1106 5689 1430 5758 superbiam.
1461 5691 1768 5751 Peccatores
1797 5703 1975 5760 autem
1998 5710 2121 5766 pera
2227 5695 2509 5754 titudinem
2549 5695 2725 5751 dando
2751 5694 2832 5750 eis
2867 5708 3028 5764 quam
3058 5691 3210 5764 prius
3255 5707 3360 5748 non
3408 5685 3674 5774 habebant:
3697 5680 3736 5774 el

551 5776 832 5826 manentes
873 5771 926 5829 in
971 5779 1215 5848 superbia
1261 5797 1353 5836 sua
1374 5823 1387 5850 ,
1437 5784 1512 5838 sic
1538 5794 1748 5852 pereant
1773 5801 1804 5838 a
1829 5784 1963 5854 facie
1989 5783 2116 5853 Dei,
2225 5798 2330 5843 non
2364 5793 2571 5844 tantum
2600 5786 2756 5844 victos
2787 5785 2980 5853 educit,
3005 5783 3100 5842 sed
3121 5781 3364 5844 similiter
3396 5797 3476 5840 eos
3502 5771 3732 5837 educillll‘l
