3918 6452
110 392 193 459 ιιι
547 479 553 481 _
716 474 719 477 _
1118 478 1119 481 γ
1184 386 1718 460 “Eusauartoues
1755 396 1823 455 IN
1861 399 2198 461 essurus.

3226 412 3330 471 482

110 522 410 589 exasperant,
457 479 661 583 i‘d‘est‘,
692 474 885 572 {Deum
917 478 1269 571 'am'ariﬁeant
1315 513 1649 571 defendendo
1676 514 1726 575 Α
1753 526 1850 581 per
1888 513 2258 569 hmreditatem
2314 498 2615 585 apostolos,
2662 514 2869 587 primos
2896 505 3148 576 videlicet
3194 524 3332 590 prte-

108 618 297 682 peccata
322 623 432 664 sua.
465 607 565 675 Qui
601 608 736 664 tales
765 609 1003 663 habitant
1038 608 1094 662 in
1113 607 1386 676 sepulcris,
1432 606 1484 661 id
1531 612 1644 671 εει,

108 703 196 774 jam
221 695 427 754 interius
466 698 662 754 mortui
694 698 899 753 vivunt.
934 698 1011 752 De
1038 695 1235 766 quibus
1284 694 1487 748 dictum
1532 702 1643 749 est:

106 776 460 846 Peccatorcum
483 789 534 842 in
556 787 877 859 profundum
904 786 1122 851 venerit,
1160 784 1438 859 contemnit
1461 781 1645 854 (Prov.

110 885 257 953 mn).
294 881 424 938 Nota
476 897 571 953 per
600 882 815 945 vinctos,
848 880 968 934 illos
993 876 1213 948 quijam
1239 876 1439 931 habent
1461 875 1649 930 volun~

110 986 245 1030 tatem
271 973 583 1043 respiciendi
603 1012 619 1039 ,
649 973 743 1028 sed
772 971 1071 1041 impediunt
1100 984 1194 1025 eos
1218 968 1428 1023 vincula
1457 983 1649 1039 pecca-

109 1075 253 1122 torum
279 1079 342 1119 ue
364 1071 678 1134 resurgant:
712 1079 841 1134 quos
872 1061 1043 1115 educit
1074 1059 1334 1117 Dominus
1357 1060 1411 1114 in
1437 1059 1650 1129 fortitu-

106 1158 229 1221 dine,
274 1140 328 1210 et
361 1155 489 1211 facit
515 1170 610 1210 eos
657 1154 965 1209 inhabitare
1004 1152 1059 1207 in
1090 1152 1251 1207 domo
1290 1166 1407 1205 sna.
1457 1146 1651 1203 Educit‘

108 1250 241 1303 etiam
266 1261 354 1301 eos
390 1246 479 1317 qui
502 1254 629 1300 sunt
670 1245 723 1299 iu
751 1244 1028 1314 sepulcris,
1053 1242 1105 1297 id
1135 1250 1250 1306 est‘,
1295 1241 1412 1296 illos
1449 1241 1539 1310 qui
1593 1241 1648 1295 in

106 1340 301 1409 peccatis
326 1347 625 1399 versantur.
660 1336 856 1391 nullam
885 1336 1144 1391 habentes
1189 1333 1518 1390 voluntatem
1572 1349 1651 1389 re-

109 1432 336 1501 surgendi.
366 1430 488 1485 Haec
516 1430 623 1486 duo
660 1446 857 1502 genera
904 1439 1246 1501 peccatorum
1278 1429 1650 1499 signiﬁcantur

106 1538 180 1593 per
215 1524 473 1579 mulierem
504 1526 710 1580 .deeem
762 1533 816 1579 et
848 1533 974 1579 octo
1003 1525 1160 1578 annis
1206 1540 1235 1578 a
1258 1523 1468 1579 diabolo
1512 1522 1647 1596 liga-

109 1624 223 1679 tam,
261 1626 305 1669 et
360 1616 575 1689 tandem
621 1632 650 1670 a
709 1617 938 1671 Domino
980 1616 1214 1671 solutam
1262 1615 1415 1687 (Luc.
1481 1618 1603 1685 xm)
1631 1656 1647 1683 ,

107 1720 180 1773 per
194 1705 435 1760 Lazarum
458 1707 900 1777 quatriduanum,
924 1718 979 1764 et
1000 1724 1030 1763 a
1062 1708 1287 1764 Domino
1317 1710 1383 1763 de
1403 1708 1647 1779 sepulcro

107 1797 434 1850 resuscitatum
462 1795 646 1869 (Ioan.
699 1798 800 1869 XI).
850 1797 948 1854 llic
971 1799 1111 1854 idem
1138 1799 1392 1854 Dominus
1414 1799 1504 1868 qui
1532 1799 1647 1853 haec

1750 601 2018 658 dicaturos
2049 645 2063 670 ,
2121 605 2317 674 quibus
2374 607 2680 677 specialiter
2737 607 3092 665 saluberrima
3151 606 3331 681 pluvia

1750 691 1851 747 fuit
1892 693 2096 759 divisa,
2164 705 2221 749 ut
2268 696 2401 752 alios
2449 698 2781 767 complueret
2828 699 3183 757 saluberrimo
3223 701 3329 757 im-

1748 783 1845 840 bre
1896 784 2062 840 divini
2113 786 2344 856 eloquii,
2406 788 2457 842 in
2509 782 3073 858 quibus‘habitabunt
3124 792 3319 847 anima-

1750 876 1819 931 lia
1880 878 2133 945 Domini,
2197 879 2381 935 ﬁdeles
2446 881 2696 937 videlicet
2753 898 2851 952 per
2895 899 2989 939 eos
3045 882 3331 951 conversi,

1749 976 1805 1025 et
1870 968 1925 1022 in
1995 970 2074 1024 eis
2141 984 2357 1040 semper
2416 972 2676 1026 habentes
2742 971 2881 1028 unde
2943 968 3190 1031 reﬁciant
3250 991 3331 1032 se.

1750 1060 1959 1114 Dictum
2001 1070 2085 1115 est
2118 1062 2280 1116 istud
2339 1063 2405 1117 ad
2470 1064 2879 1119 similitudinem
2912 1066 3138 1135 alicujus
3189 1082 3329 1137 prae-

1750 1152 2051 1207 ordinantis
2081 1152 2253 1207 locum
2305 1164 2490 1224 aptum
2549 1156 2602 1211 in
2656 1158 2802 1212 curia
2842 1175 2971 1224 sua,
3029 1160 3117 1213 ubi
3168 1166 3331 1217 Donat

1749 1257 2019 1297 annonam
2046 1259 2222 1309 suam,
2261 1254 2315 1299 et
2356 1248 2445 1300 ubi
2486 1256 2672 1318 postea
2712 1258 2877 1319 ponat
2932 1250 3185 1314 animalia
3233 1269 3332 1307 nu-

1752 1333 1996 1388 trienda:
2040 1335 2154 1389 lucc
2208 1337 2590 1406 praeordinavit
2637 1338 2896 1396 Dominus
2943 1341 2996 1395 in
3057 1342 3320 1399 Ecclesia.

1749 1422 2016 1478 Praemisit
2045 1426 2315 1494 apostolos
2343 1427 2544 1483 salubri
2574 1430 2695 1485 cibo
2731 1432 2994 1500 repletos,
3037 1448 3103 1489 ex
3140 1436 3334 1506 quibus

1751 1513 2000 1567 animalia
2029 1532 2123 1569 sua
2158 1528 2434 1571 sumerent
2463 1520 2688 1574 cibaria.
2730 1521 2967 1578 Dicimus
2993 1524 3151 1579 aliter
3179 1542 3338 1597 supe-

1752 1605 1880 1659 rius.
1914 1604 2018 1670 Qui
2057 1607 2228 1661 educit
2260 1610 2455 1664 vinctos
2503 1612 2556 1665 in
2605 1613 2943 1683 fortitudine,
2974 1617 3213 1672 similiter
3248 1635 3335 1672 eos

1748 1699 1838 1768 qui
1861 1715 2188 1768 exasperant,
2219 1703 2310 1771 qui
2336 1704 2570 1759 habitant
2600 1706 2655 1759 in
2678 1705 2948 1776 sepulcris.
2974 1709 3042 1764 Et
3072 1710 3174 1765 hoc
3204 1726 3341 1782 quo-

1750 1789 1954 1843 modo?
1993 1788 2154 1844 Terra
2180 1803 2319 1845 mota
2346 1804 2445 1859 est,
2475 1794 2526 1847 id
2555 1804 2637 1848 est
2657 1835 2671 1858 ,
2706 1798 2905 1851 terreni
2938 1800 3294 1855 movebuntur
3318 1818 3333 1856 :

109 1886 328 1942 mirabilia
373 1900 630 1957 opemms
684 1898 769 1944 ρει
816 1889 871 1945 in
931 1891 1282 1960 corporibus,
1346 1889 1647 1945 mirabilius
1676 1869 1722 1928 Β
1750 1889 1803 1931 ει
1833 1879 1935 1933 hoc
1968 1879 2103 1942 ideo,
2137 1882 2259 1949 quia
2293 1882 2405 1935 caeli
2440 1884 2773 1939 distillabunt
2802 1904 2833 1939 a
2859 1886 2993 1956 facie
3030 1889 3124 1943 Dei
3151 1890 3335 1957 Siuai,

109 1982 319 2043 cperatur
340 1976 579 2045 quotidie
608 1976 659 2030 in
701 1978 967 2034 moribus.
1012 1978 1309 2034 Mirabilius
1359 1980 1504 2034 enim
1533 1990 1645 2044 est,

111 2074 328 2120 mortuam
371 2069 607 2121 animam
640 2069 947 2134 viviﬁcare,
991 2086 1151 2141 quam
1182 2070 1445 2126 Lazarum
1473 2073 1538 2127 de
1564 2087 1648 2128 se-

112 2148 260 2215 pulcro
277 2150 495 2215 vocare,
530 2160 586 2205 et
613 2151 665 2205 in
695 2152 861 2207 vitam
885 2154 1066 2209 carnis
1104 2164 1447 2219 restaurare:
1485 2155 1647 2221 Deus,

108 2256 197 2293 cum
232 2244 533 2313 egredereris
577 2245 631 2296 in
669 2255 943 2314 consiiertu
987 2246 1166 2316 populi
1209 2247 1317 2309 tui,
1376 2264 1491 2299 cum
1532 2265 1649 2317 per-

111 2334 313 2388 transires
362 2336 414 2388 in
462 2335 671 2389 deserto
717 2344 857 2389 terra
907 2347 1047 2390 mota
1086 2346 1182 2392 est.
1234 2337 1374 2392 Ecce
1416 2338 1649 2407 qualiter

111 2426 250 2481 educit
272 2428 467 2482 vinctos
493 2436 549 2481 et
586 2428 636 2482 in
673 2427 921 2497 sepulcro
949 2429 1294 2485 habitantes:
1324 2445 1464 2493 ,nam
1506 2440 1647 2484 terra

110 2526 215 2570 mola
263 2527 361 2582 est,
393 2517 445 2572 id
482 2526 604 2582 est,
659 2518 859 2574 terreni
901 2520 1295 2585 movebuntur,
1330 2535 1451 2575 cum
1505 2528 1582 2585 tu,
1613 2535 1647 2575 ο

108 2593 249 2672 Deus,
292 2607 584 2677 egredieris
637 2608 690 2661 in
725 2618 998 2677 conspectu
1049 2609 1226 2679 papuli
1253 2610 1366 2673 tui,
1423 2610 1471 2662 id
1520 2617 1642 2677 est,

110 2712 200 2749 cum
220 2713 303 2767 per
326 2698 460 2752 bona
519 2713 685 2767 opera
719 2698 1031 2768 intelligeris
1079 2714 1201 2754 esse
1231 2700 1283 2753 in
1316 2700 1506 2755 notitia
1551 2715 1647 2771 po-

108 2786 188 2855 puli
231 2789 311 2842 tui.
346 2788 495 2843 Tune
546 2789 690 2843 enim
734 2790 873 2844 Deus
914 2789 1222 2860 egredietur
1261 2790 1315 2844 in
1340 2798 1643 2859 .conspectu

108 2880 275 2948 populi,
304 2883 515 2952 quando
546 2881 663 2951 ipse
697 2882 922 2952 populus
949 2883 1027 2936 sic
1058 2890 1345 2951 operatur,
1396 2891 1453 2935 ut
1505 2882 1646 2937 Deus

108 2968 202 3024 inde
233 2971 571 3042 glorilicetnr.
622 2971 751 3026 Cum
801 2972 1188 3043 pertransieris
1236 2973 1288 3026 in
1320 2973 1550 3038 deserto,
1594 2973 1644 3027 id

107 3069 192 3125 est,
214 3079 319 3117 cum
350 3065 591 3133 undique
616 3064 667 3117 in
694 3058 937 3118 notitiam
977 3064 1215 3135 gentium
1244 3063 1545 3118 deduccris.
1581 3064 1646 3118 Et

107 3151 182 3205 hoc
200 3156 444 3222 quomodo
480 3154 606 3208 ﬁet?
654 3154 787 3208 Nam
820 3155 949 3209 'caeli
979 3155 1395 3219 distillaveruut,
1434 3155 1484 3209 id
1528 3165 1643 3220 cst,

1749 1986 1781 2023 a
1810 1969 1944 2038 facie
1971 1970 2064 2024 Dei
2092 1970 2283 2026 Israel.
2313 1973 2379 2027 Et
2406 1975 2532 2043 quid
2562 1976 2940 2031 distillahunt?
2978 1977 3220 2035 Pluviam
3251 1999 3339 2037 vo-

1749 2060 2061 2127 luntariam,
2083 2078 2245 2131 (piam
2271 2072 2345 2128 tu,
2374 2064 2532 2130 Deus,
2560 2066 2849 2136 segregabis
2878 2068 3171 2123 ha'r‘editati
3193 2083 3335 2126 tute:

1748 2160 1802 2206 et
1837 2153 1951 2206 haec
1978 2154 2154 2206 omnia
2186 2170 2291 2208 non
2317 2171 2437 2210 esse
2470 2157 2768 2225 repentina,
2802 2159 2896 2214 sed
2928 2159 3056 2214 olim
3088 2161 3336 2233 praeﬁgu-

1749 2253 1883 2296 rata.
1929 2242 2060 2296 Nam
2091 2252 2179 2309 tu,
2220 2245 2394 2312 Dens,
2427 2247 2541 2301 huic
2580 2249 2757 2302 omnia
2791 2252 3175 2320 prteﬁgurasti,
3214 2270 3333 2308 cum

1746 2338 2063 2406 egredereris
2087 2337 2141 2391 in
2168 2350 2441 2408 conspectu
2466 2340 2643 2410 populi
2673 2342 2779 2405 tui,
2819 2341 3025 2397 Judaici
3058 2344 3334 2411 videlicet,

1746 2429 2022 2483 educendo
2072 2429 2246 2499 ipsum
2297 2431 2553 2501 populum
2608 2432 2675 2486 de
2725 2432 2992 2505 Egypto,
3028 2437 3334 2504 prtecedens

1746 2520 1922 2591 ipsum
1963 2521 2017 2574 in
2064 2520 2150 2576 die
2179 2521 2231 2575 in
2265 2522 2513 2578 columna
2542 2525 2730 2590 nubis,
2774 2536 2829 2580 ct
2858 2527 2909 2581 in
2955 2536 3112 2583 nocte
3154 2528 3209 2583 in
3248 2544 3339 2584 co-

1746 2612 1927 2667 lumna
1973 2612 2113 2683 ignis
2160 2612 2359 2681 (Exod.
2402 2632 2532 2680 xm,
2576 2616 2726 2688 xiv):
2764 2618 3077 2689 signiﬁcans
3114 2636 3211 2691 per
3248 2636 3343 2676 co-

1748 2702 1983 2757 lumnam
2014 2704 2201 2771 nubis,
2234 2721 2352 2774 qua:
2378 2705 2431 2759 in
2463 2706 2550 2760 die
2576 2709 2883 2776 praeessit,
2932 2718 2983 2765 te
3025 2706 3209 2767 mitem
3246 2712 3340 2765 ad-

1746 2804 2035 2848 venturam
2069 2794 2121 2847 in
2149 2794 2353 2865 judicio
2384 2796 2489 2852 illis
2518 2798 2609 2867 qui
2638 2807 2761 2852 sunt
2788 2799 2839 2853 in
2872 2800 2977 2866 die,
3007 2801 3055 2854 id
3088 2812 3202 2867 est,
3232 2803 3339 2857 illis

1746 2883 1942 2954 quibus
1966 2883 2175 2939 refulsit
2198 2886 2273 2940 sol
2299 2885 2523 2955 iustitia:
2550 2906 2563 2942 :
2594 2904 2693 2958 per
2712 2889 3014 2944 columnam
3040 2892 3196 2963 ignis,
3217 2909 3339 2963 qua:

1746 2976 1804 3036 iu
1835 2984 1994 3031 nocte
2041 2978 2333 3047 praecessit,
2380 2979 2715 3049 signiﬁcatur
2758 2980 3032 3037 horribilis
3077 2984 3338 3039 adventus

1748 3063 1959 3119 Domini
1987 3066 2052 3119 ad
2087 3066 2224 3132 illus,
2256 3068 2344 3137 qui
2384 3068 2506 3139 plus
2550 3080 2735 3125 amant
2774 3072 3023 3127 tenebras
3066 3088 3227 3143 quam
3257 3073 3339 3129 lu-

1748 3170 1886 3210 cem.
1917 3155 2068 3223 Quod
2094 3157 2356 3211 deductus
2380 3166 2461 3213 est
2484 3159 2712 3229 pOpultts
2733 3175 2829 3229 per
2853 3161 3144 3225 desertum,
3174 3162 3338 3233 signi-

106 3220 287 3313 apostoli
311 3246 645 3302 distillabunt
676 3265 706 3300 a
731 3247 868 3317 [acie
893 3246 988 3302 Dei
1029 3245 1211 3315 Sinni,
1243 3247 1293 3301 id
1341 3256 1456 3315 est,
1487 3264 1515 3302 a
1552 3264 1645 3304 cu-
1671 3220 1717 3284 (ἶ
1749 3220 1958 3303 ῆεθὺίιι
1994 3248 2285 3303 Ecclesiam
2336 3250 2387 3304 in
2431 3220 2791 3315 hoc-mundo,
2840 3253 2995 3321 quasi
3036 3254 3087 3306 in
3124 3220 3338 3308 descrto

105 3337 301 3405 guitioue
348 3339 437 3394 Dei
494 3339 675 3393 dantis
733 3332 903 3409 legem
952 3339 1005 3393 in
1050 3336 1230 3405 Sinai;
1282 3346 1335 3394 et
1382 3339 1519 3402 facie
1546 3339 1643 3392 Dei

106 3420 258 3497 lirael,
284 3448 379 3487 non
409 3431 580 3487 Israel
612 3432 908 3487 secundum
935 3446 1178 3496 carnem,
1205 3431 1297 3487 sed
1322 3431 1432 3486 veri
1455 3430 1639 3496 Israel,

108 3523 368 3592 recipientis
394 3524 633 3597 gratiam
674 3534 861 3579 etnon
907 3524 1288 3593 prmsumentis
1336 3525 1402 3579 de
1438 3524 1639 3579 carnali

106 3613 432 3682 observantia,
474 3616 602 3686 quia
655 3616 915 3685 scriptum
943 3623 1057 3669 est:
1092 3613 1509 3669 Benedictiouem
1549 3614 1645 3669 da-

106 3706 185 3765 bit.
210 3710 288 3778 qui
316 3708 489 3779 legem
540 3707 686 3762 dedit
728 3705 900 3779 (Psal.
934 3705 1188 3777 Lxxstn.)
1226 3704 1327 3773 Qui
1368 3705 1515 3760 dedit
1566 3705 1645 3761 le-

103 3811 195 3865 gem
220 3814 326 3869 quae
367 3808 573 3855 terreat
622 3799 688 3855 de
710 3814 768 3854 se
803 3806 1248 3870 przesumentem,
1300 3797 1448 3853 dabit
1480 3796 1644 3853 bene-

106 3885 378 3963 dictionem,
404 3906 531 3962 qua:
566 3888 762 3944 liberet
803 3890 857 3944 in
912 3904 971 3944 se
1010 3898 1339 3959 sperantem.
1400 3888 1643 3945 Pluviam

107 3978 403 4037 voluntariam
431 3982 761 4053 segregabis,
814 3981 974 4049 Deus,
1012 3982 1308 4038 hmreditati
1351 3993 1475 4041 tuae.
1530 3984 1643 4040 lloc

106 4075 436 4132 distillaverunt
464 4075 613 4131 etrli:
638 4074 865 4145 pluviam
893 4073 1237 4128 voluntariam
1257 4114 1271 4139 ,
1304 4074 1355 4128 id
1399 4085 1509 4136 est.
1545 4075 1642 4128 im-

106 4160 220 4219 brem
252 4166 392 4222 verbi
419 4165 552 4230 Dei,
590 4162 892 4218 voluntarie
923 4169 975 4216 et
1004 4177 1108 4217 non
1132 4176 1230 4232 per
1255 4163 1447 4218 merita
1473 4164 1644 4218 homi-

104 4268 203 4310 num
227 4258 531 4314 attributam
551 4297 566 4322 ,
592 4270 753 4324 quam
776 4252 1010 4324 pluviam
1037 4253 1329 4323 segregabis
1351 4254 1643 4309 fueredisati

104 4352 208 4410 tute;
229 4347 272 4401 id
296 4356 400 4413 est,
432 4346 542 4402 tuis
576 4343 763 4400 electis
797 4351 1005 4397 tantum
1033 4341 1175 4397 illam
1218 4343 1451 4412 pluviam
1491 4359 1642 4397 com-

107 4438 370 4505 mendabis,
402 4438 534 4510 quia
569 4451 677 4491 non
718 4443 804 4490 est
830 4433 1072 4489 omnium
1100 4432 1251 4487 ﬁdes.
1285 4432 1353 4487 Et
1377 4434 1643 4503 inﬁrmata

104 4538 186 4593 en,
207 4530 476 4586 hereditas
523 4528 730 4585 scilicet
758 4539 1145 4597 recognoscens
1169 4532 1387 4594 peccata
1418 4539 1548 4590 sua,
1589 4532 1644 4579 et

1746 3338 2017 3404 habitam;
2046 3348 2175 3394 tunc
2204 3350 2342 3394 terra
2366 3350 2507 3396 mota
2535 3351 2608 3397 est
2640 3343 2955 3408 materialis,
2981 3344 3337 3415 praaﬁgnrans

1747 3436 1954 3483 terram
1981 3430 2315 3499 spiritualem
2348 3447 2446 3501 pro
2474 3442 2699 3501 peccato
2725 3448 2822 3488 suo
2847 3448 2965 3489 esse
2993 3449 3337 3489 commoven-

1746 3520 1890 3575 dam.
1922 3519 2050 3573 Cazli
2085 3522 2386 3577 exteriores
2416 3530 2545 3578 tunc
2589 3522 2968 3579 distillaverunt
2996 3540 3192 3579 manna
3218 3539 3337 3580 om-

1745 3610 1831 3665 nis
1874 3610 2082 3681 saporis
2121 3611 2300 3665 cibum
2321 3652 2335 3676 ,
2365 3621 2419 3667 et
2442 3612 2562 3668 cmli
2598 3622 2718 3683 post
2744 3614 3026 3669 interiores
3052 3613 3325 3670 distillare-

1745 3712 1864 3757 runt
1888 3702 2109 3756 verbum
2137 3703 2401 3770 divinum,
2426 3705 2756 3759 notiﬁcaudo
2783 3705 3054 3761 Christum
3084 3706 3335 3762 incarna-

1748 3801 1894 3859 tum,
1942 3795 2118 3849 omnis
2152 3796 2360 3864 saporis
2400 3796 2581 3850 cibum
2629 3796 3080 3863 saluberrimum,
3120 3798 3185 3853 de
3224 3813 3334 3868 quo

1746 3885 1859 3956 ipse
1885 3894 2152 3941 testatur:
2191 3886 2423 3958 Sanguis
2451 3905 2594 3942 meus
2625 3906 2777 3943 verus
2807 3899 2880 3943 est
2919 3900 3092 3959 potus,
3126 3900 3173 3945 et
3210 3908 3334 3945 caro

1743 3994 1859 4032 mea
1885 3994 2000 4031 vere
2028 3988 2102 4032 est
2127 3978 2272 4032 cibus
2304 3976 2486 4049 (Joan.
2515 3978 2613 4050 vr).
2650 3977 2994 4033 Stillaverunt
3028 3979 3190 4034 etiam
3220 3980 3335 4034 coeli

1744 4070 1957 4143 Moyses
1982 4079 2037 4127 et
2062 4071 2149 4125 alii
2179 4071 2410 4140 pluviam
2444 4071 2825 4136 voluntariam,
2870 4070 3043 4143 legem
3088 4071 3337 4127 videlicet

1744 4162 1799 4216 in
1832 4169 1918 4215 tua
1942 4160 2173 4232 gratuita
2203 4160 2478 4214 voluntate
2509 4160 2711 4214 datam.
2744 4160 2916 4228 Quam
2948 4160 3122 4233 legem
3151 4177 3336 4234 segre-

1744 4254 1880 4326 gasti
1909 4253 2204 4307 Iucreditati
2228 4262 2353 4317 tute,
2378 4251 2602 4308 Judaico
2630 4251 2877 4308 videlicet
2909 4251 3136 4323 populo;
3175 4262 3223 4307 et
3254 4254 3334 4306 in-

1742 4343 1955 4412 firmata
1981 4354 2056 4397 est
2090 4343 2292 4413 pluvia,
2326 4343 2505 4409 idest,
2532 4343 2615 4397 lex
2649 4343 2797 4413 ipsa,
2842 4342 2939 4397 sed
2980 4350 3034 4396 tu
3070 4342 3335 4411 perfeciin

1743 4454 1858 4492 eam
1880 4450 1899 4489 :
1939 4437 2023 4492 lex
2064 4436 2474 4503 inﬁrmabatur,
2506 4437 2723 4507 quando
2751 4435 3130 4491 intellexerunt
3160 4436 3333 4491 homi-

1746 4542 1842 4582 nes
1869 4527 2198 4598 impossibile
2227 4543 2345 4584 esse
2388 4528 2621 4599 aliquem
2665 4526 2861 4582 salvari
2892 4541 2991 4596 per
3016 4525 3190 4596 legem
3213 4542 3335 4583 car-

106 4586 206 4673 nihil
232 4621 322 4677 sibi
376 4619 721 4677 tribuendum
772 4586 1013 4672 sentiens
1048 4586 1186 4687 ipsa-
1207 4611 1481 4669 inﬁrmata
1514 4586 1636 4681 est;
1669 4586 1720 4645 D
1744 4586 2308 4677 naliter'intellectam.
2349 4586 2520 4690 Quam
2557 4619 2852 4691 perfectam
2884 4619 3009 4674 fecit
3039 4619 3330 4686 Dominus,

106 4716 146 4758 tu
165 4727 263 4765 mo
284 4752 297 4777 ,
320 4714 417 4768 hoc
447 4720 534 4767 est
553 4752 568 4777 ,
600 4711 655 4765 in
687 4708 762 4764 rei
803 4708 1058 4773 veritate,
1089 4722 1206 4761 eam
1234 4704 1526 4776 perfectam
1564 4705 1642 4762 fe-

105 4794 214 4852 cisti.
243 4797 385 4855 Unde
430 4798 749 4871 Apostolus:
793 4796 898 4863 Qui
951 4796 1066 4867 fui,
1095 4796 1302 4866 inquit,
1344 4806 1644 4864 persecutor

104 4896 137 4938 et
170 4891 512 4962 blasphemus,
555 4892 647 4948 sed
701 4889 1119 4945 misericordiam
1164 4898 1471 4944 consecutus
1523 4903 1641 4942 sum

106 4977 142 5047 (l
168 4979 282 5036 Tim.
327 4986 389 5055 ι).
437 4983 537 5040 Vel
594 4984 675 5039 sic
718 4982 985 5052 infirmata
1036 4991 1111 5037 est
1169 4982 1447 5037 Iucredilas
1493 4980 1545 5035 in
1582 4995 1641 5037 se

104 5072 339 5133 tolerando
365 5077 769 5141 tribulationes,
813 5086 869 5130 tu
893 5092 1011 5130 vero
1043 5073 1374 5131 conﬁrmasti
1401 5090 1546 5135 eam,
1585 5080 1640 5128 et

102 5161 161 5217 sic
184 5166 460 5234 perfectam
501 5166 778 5222 reddidisti
821 5182 836 5220 :
885 5180 1011 5220 nam
1046 5147 1214 5219 uirtus
1250 5165 1306 5217 in
1336 5162 1640 5231 inﬁrmitate

100 5259 327 5326 perﬁcitur
353 5261 438 5335 (11
478 5259 600 5317 Cor.
632 5261 756 5334 xu).
804 5258 1050 5316 Pluviam
1094 5258 1447 5315 voluntariam
1474 5272 1647 5327 segre-

101 5349 217 5413 9abis
234 5392 249 5417 ,
275 5352 426 5420 Deus,
448 5354 739 5409 hwreditati
773 5362 909 5419 tum,
942 5353 997 5407 in
1030 5365 1134 5422 qua
1156 5348 1470 5405 haereditate
1493 5345 1641 5399 habi-

100 5440 248 5497 tabunt
275 5446 518 5501 animalia
560 5456 680 5512 tua,
720 5461 825 5500 non
852 5444 1081 5513 amplius
1104 5457 1198 5498 sua
1227 5460 1239 5495 :
1276 5440 1370 5495 tibi
1400 5438 1633 5504 subdita,

102 5533 298 5607 nousihi
336 5534 524 5591 libera.
559 5536 627 5590 Et
677 5535 780 5593 hoc
824 5533 1128 5606 quomodo?
1174 5532 1309 5587 Nam
1360 5539 1415 5586 tu
1458 5531 1633 5595 Deus,

101 5626 266 5685 parasti
287 5624 449 5692 illam,
473 5627 727 5683 subaudis
750 5627 1140 5692 haereditatem,
1171 5623 1417 5695 pauperi,
1449 5633 1634 5679 etnon

102 5710 254 5781 diviti;
282 5720 480 5788 egenti,
517 5736 624 5775 non
650 5720 750 5775 sibi
790 5716 1114 5773 sullicienti.’
1146 5716 1328 5770 ethoc
1376 5714 1429 5766 in
1456 5713 1636 5768 dulce-

102 5804 223 5872 dine,
267 5811 446 5876 idest,
492 5815 543 5869 in
575 5822 662 5869 tua
697 5813 901 5885 gratia,
932 5819 985 5867 et
1016 5808 1209 5864 nullius
1246 5806 1460 5862 merito.
1494 5804 1630 5861 Nota

1744 4713 2002 4768 mutando
2021 4729 2140 4768 eam
2166 4728 2233 4768 ex
2260 4711 2459 4768 carnali
2481 4711 2755 4767 intellectu
2783 4711 2836 4765 in
2864 4711 3198 4781 spiritualem
3224 4730 3237 4765 :
3278 4721 3336 4767 et

1743 4805 1820 4859 sic
1849 4804 1992 4874 quod
2019 4803 2255 4860 carnalis
2279 4802 2621 4860 observantia
2651 4817 2756 4856 non
2795 4802 3001 4872 potuit,
3030 4802 3133 4857 hoc
3159 4802 3331 4873 gratia

1744 4894 2028 4966 supplevit.
2068 4894 2343 4964 Perfecisti
2371 4910 2507 4959 eam,
2536 4892 2793 4949 subaudis
2814 4892 3086 4963 pluviam;
3118 4894 3247 4949 etin
3271 4910 3333 4947 ea

1742 4987 1980 5056 perfecta
2029 4984 2335 5039 habitabant
2378 4983 2634 5039 animalia
2676 4995 2788 5041 tua.
2838 4984 2906 5039 Et
2954 4984 3149 5041 merito
3186 4985 3242 5039 in
3271 5001 3332 5039 ea

1740 5076 2066 5132 habitabant.
2098 5075 2234 5130 Nam
2265 5085 2350 5141 tu,
2382 5075 2556 5141 Deus,
2578 5075 2801 5145 parasti,
2836 5075 2886 5130 id
2907 5084 3011 5141 est,
3034 5074 3330 5146 perfectam

1740 5166 1913 5224 fecisti
1947 5167 2118 5238 ipsam
2148 5164 2383 5236 pluviam
2410 5164 2648 5237 pauperi,
2689 5164 2742 5220 id
2779 5172 2883 5231 est,
2928 5164 2997 5220 ad
3039 5180 3173 5234 opus
3198 5181 3332 5235 pau-

1740 5259 1885 5331 peris
1914 5259 2026 5313 tui:
2058 5266 2112 5313 et
2150 5257 2253 5312 hoc
2291 5256 2346 5311 in
2387 5255 2663 5311 dulcedine
2686 5266 2801 5322 tua,
2832 5270 2938 5311 non
2985 5254 3038 5309 in
3077 5255 3331 5323 pauperis

1742 5352 1957 5407 merito.
1990 5350 2057 5405 Et
2080 5350 2186 5404 hoc
2209 5349 2370 5405 modo
2394 5333 2619 5419 parasti.
2652 5346 2930 5413 Dominus,
2965 5344 3151 5412 Pater,
3179 5344 3330 5400 dabit

1741 5443 1951 5498 verbum
1980 5442 2453 5514 euangelizantibus
2478 5442 2664 5496 virtute
2690 5440 2876 5506 multa,
2922 5438 2974 5494 id
3013 5446 3115 5504 est,
3159 5437 3327 5493 multa

1738 5533 2059 5596 constantia,
2116 5531 2298 5588 multis
2334 5520 2542 5603 Signis;
2575 5530 2732 5601 juxta
2778 5529 2941 5585 illud:
2982 5529 3204 5585 Domino
3240 5545 3329 5584 co-

1738 5632 1979 5692 eperante
2007 5633 2053 5678 et
2082 5614 2374 5678 sermonem
2413 5621 2755 5691 con/irritante
2799 5622 3128 5693 sequentibus
3163 5622 3327 5693 signis

1733 5714 1931 5787 (Marc.
1972 5712 2106 5784 xvr).
2137 5700 2286 5768 Nota
2334 5711 2461 5783 quia
2507 5710 2766 5765 Dominus
2808 5711 3057 5780 promisit
3102 5711 3325 5766 verbum

1736 5805 2249 5878 evangelizantibus,
2282 5819 2407 5861 cum
2433 5802 2604 5859 dixit:
2630 5802 2767 5858 Dum
2800 5804 3059 5859 steteritis
3088 5813 3211 5859 ante
3238 5817 3343 5879 rc-l
