3918 6426
596 420 704 479 485
944 440 947 443 ·
1226 408 1486 468 REMIGII
1524 398 2185 465 ANTISSIODORENSIS

2289 388 2373 457 Ψ.
2408 398 2594 467 PARS
2628 399 2671 454 l.
2714 431 2778 441 —
2814 397 3229 456 EXEGETICA.‘
3719 404 3793 460 lsi

598 550 693 609 ges
724 530 916 607 (Marc.
945 526 1088 600 xui),
1118 533 1224 583 etc.
1255 524 1509 580 Dominus
1536 521 1682 576 dabit
1721 521 1927 576 verbum
1966 516 2264 599 evange‘A
2289 513 2412 572 talis
2438 515 2648 586 rapitur
2681 514 2739 609 in
2766 511 2974 609 ﬂuetus
3087 512 3143 568 in
3183 512 3379 609 ﬂagitia
3408 527 3619 609 quaeque
3650 513 3804 575 deside.

597 605 912 684 lizantibus:
941 622 1200 678 Dominus
1225 620 1367 685 dico,
1399 634 1490 672 rex
1512 617 1756 671 virtutum
1777 612 1952 668 dilecti
1981 609 2176 664 dilecti.
2283 608 2476 674 rando,
2503 615 2562 662 ut
2582 606 2861 677 acquirat;
2891 605 2977 661 vel
3020 605 3281 672 timendo,
3304 613 3375 684 ut.
3391 606 3632 663 amittat:
3658 617 3703 664 et
3722 611 3805 667 ideo

598 717 839 788 Quidssit
870 717 968 771 iste
996 712 1223 769 dilectus
1251 708 1483 766 innotuit
1519 715 1739 778 paterna
1789 718 1917 768 vox,
1953 701 2176 757 dicens:
2282 699 2671 772 quiescendum
2706 706 2792 754 est
2815 698 2970 754 vobis
3001 698 3143 753 inter
3176 697 3309 753 duas
3339 697 3697 768 hzereditates,
3717 704 3806 774 quia

599 809 703 865 Hic
731 817 806 864 est
836 804 1007 861 Filius
1030 819 1173 858 meus
1201 799 1419 855 dilectus
1438 839 1453 865 ,
1496 797 1551 852 in
1591 812 1692 868 quo
1728 793 1857 849 mihi
1884 792 2009 847 bene
2038 806 2179 845 com-
2283 793 2327 850 si
2354 791 2433 847 sic
2474 790 2769 855 dormiatis,
2795 788 2947 844 eritis
2993 805 3178 860 penna:
3203 788 3473 855 columine,
3501 804 3612 845 eam
3639 791 3805 848 multa.

596 902 772 974 placui
800 897 1014 970 (Matth.
1048 896 1170 963 m);
1211 891 1441 946 virtutes
1470 888 1629 944 istius
1672 884 1851 941 dilecti
1893 890 2018 938 sunt
2053 894 2183 974 apo-
2280 881 2534 938 videlicet
2577 878 2913 945 exaltantes,
2945 886 3001 934 et
3050 878 3356 935 sublimiter
3390 878 3729 950 pmdicantes.
3759 882 3804 937 Et

597 969 721 1047 stoli
748 969 1038 1057 creterique
1070 983 1478 1056 praedicatores,
1517 979 1653 1034 alios
1690 975 1963 1031 virtuosos
1991 971 2044 1026 in
2078 969 2182 1025 ﬁde
2281 974 2569 1045 posteriora
2617 972 2759 1026 dorsi
2803 971 2916 1042 ejus
2941 1012 2956 1038 ,
2979 971 3031 1027 id
3060 979 3176 1038 est,
3223 971 3549 1042 posteriores
3582 972 3805 1030 subeuntes

599 1083 877 1138 facientes.
905 1075 1174 1149 Repetitio
1200 1072 1455 1137 nominis,
1483 1082 1733 1140 magnam
1761 1063 1919 1121 ﬁdem
1946 1069 2002 1118 et
2019 1061 2182 1116 devo-
2282 1063 2411 1124 illud
2460 1063 2603 1118 idem
2647 1077 2784 1117 onus
2841 1062 3078 1129 Domini,
3128 1064 3269 1131 quod
3316 1062 3522 1132 priores
3560 1063 3803 1149 subierunt,

599 1175 794 1228 tionem
831 1186 960 1241 erga
984 1168 1236 1223 dilectum
1263 1162 1499 1219 ostendit
1521 1155 1910 1232 prophetantis.
1943 1152 2058 1208 Rea:
2081 1152 2186 1206 vir—
2283 1164 2441 1213 erunt
2466 1156 2521 1210 in
2549 1153 2751 1226 pallore
2772 1154 2911 1220 auri,
2942 1154 2993 1210 id
3021 1163 3106 1211 est
3127 1195 3143 1220 ,
3181 1155 3233 1209 in
3264 1154 3529 1211 charitale
3554 1148 3752 1224 perlecta
3770 1165 3805 1212 et

601 1271 771 1315 tutum
796 1258 994 1325 dilecti,
1022 1266 1077 1312 et
1110 1254 1266 1312 electi
1304 1251 1586 1316 subaudis,
1631 1248 1860 1304 diuidere
1887 1244 2088 1315 spolia.
2128 1242 2182 1298 id
2283 1247 2696 1306 conversatione
2742 1247 2886 1303 bona
2934 1265 2948 1303 :
3000 1249 3126 1318 quia
3168 1249 3296 1304 dum
3343 1248 3543 1319 posteri
3583 1247 3806 1304 incitantur

2282 1336 2423 1394 bona
2459 1337 2606 1391 fama
2636 1336 2901 1406 priorum,
2934 1351 3150 1408 semper
3174 1336 3433 1393 Ecclesia:
3455 1336 3697 1392 adduntur
3715 1355 3806 1409 pen-

2284 1444 2368 1485 na:
2396 1428 2594 1501 quibus
2623 1428 2767 1485 volet
2793 1429 2847 1484 in
2879 1429 3072 1496 altum,
3104 1438 3161 1486 et
3187 1430 3384 1502 quibus
3413 1430 3690 1485 sublimiter
3708 1429 3806 1486 exal-

2286 1530 2449 1587 tetur,
2476 1529 2531 1577 et
2551 1521 2784 1592 gloriose
2829 1522 3174 1601 praedicetur,
3202 1524 3288 1608 vel
3327 1524 3409 1581 sic
3436 1542 3450 1579 :
3482 1522 3590 1579 Rea:
3622 1526 3805 1579 virtutum

2284 1613 2484 1681 dilecti;
2509 1614 2709 1681 dilecti,
2736 1623 2783 1668 et
2811 1615 2997 1686 speciei
3020 1616 3206 1671 domus
3224 1616 3455 1672 dividere
3480 1617 3661 1687 spolia;
3682 1618 3806 1688 inqua

598 1365 700 1421 est,
723 1370 891 1425 genus
924 1354 1215 1407 humanum
1241 1364 1270 1402 a
1299 1346 1455 1402 fortis
1483 1343 1678 1400 armati
1708 1339 2021 1411 captivitate
2050 1335 2185 1390 libc-‘

596 1456 794 1500 ratum.
835 1444 902 1499 Et
930 1443 1015 1498 cui
1051 1440 1276 1496 divisit?
1314 1436 1512 1508 Speciei
1537 1436 1743 1497 domus,
1774 1432 1823 1486 id
1847 1439 1965 1496 est,
1994 1429 2060 1484 ad
2085 1428 2181 1483 de-

597 1552 780 1592 corem
806 1533 1060 1589 Ecclesiae
1082 1547 1210 1586 suae.
1238 1529 1507 1595 Quosdam
1531 1526 1674 1581 enim
1721 1523 1850 1578 fecit
1887 1518 2146 1591 apostolos
2165 1559 2180 1585 ,

597 1624 853 1698 quosdam
880 1624 1176 1695 praphetas,
1208 1620 1340 1674 alios
1371 1635 1486 1673 vero
1520 1613 1859 1686 evangelistas
1886 1611 2045 1684 (Eph.
2084 1612 2182 1698 tv),

598 1696 665 1773 ex
699 1718 804 1772 illis
831 1717 883 1771 in
922 1714 1114 1786 quibus
1144 1711 1299 1766 fortis
1337 1716 1576 1763 armatus
1617 1703 1938 1761 conﬁdebat.
1971 1701 2034 1758 Si
2061 1696 2189 1755 dor-
2287 1706 2449 1762 domo
2475 1706 2630 1762 eritis
2658 1721 2781 1773 vos,
2818 1707 2864 1761 si
2891 1706 3169 1763 dormiatis
3198 1708 3334 1763 inter
3372 1708 3566 1764 medios
3601 1707 3751 1774 clerus,
3773 1709 3805 1762 id

597 1810 773 1864 miatis
803 1808 937 1863 inter
964 1806 1158 1861 medios
1184 1801 1368 1857 cleros.
1400 1798 1683 1857 Convertit
1713 1811 1771 1852 se
1793 1795 1860 1850 ad
1891 1794 2183 1856 auditores,
2288 1807 2392 1863 cst,
2420 1796 2466 1851 si
2496 1796 2736 1865 quietem
2780 1796 3042 1867 reputetis
3087 1797 3231 1854 inter
3257 1798 3395 1854 duas
3434 1798 3738 1854 haereditates
3757 1798 3807 1853 sic

597 1908 658 1954 ut
681 1899 866 1955 incitet
888 1911 982 1953 eos
1003 1895 1070 1949 ad
1096 1891 1588 1964 evangelizandum.
1615 1886 1778 1955 Quasi
1800 1886 1975 1940 dicat:
2000 1882 2186 1938 Domi-
2219 1873 2266 1934 Β
2290 1887 2589 1945 consistere
2633 1902 2662 1942 α
2704 1887 3034 1944 cohibiiione
3063 1888 3442 1960 cupiditatum,
3475 1904 3506 1944 ε
3549 1889 3753 1955 temnis,
3772 1897 3809 1944 ει

598 2008 696 2046 nus
725 1989 869 2044 dabit
892 1988 1103 2045 verbum
1124 1981 1616 2055 evmtgelizanlibus,
1649 1977 1919 2050 prioribus
1943 1973 2188 2031 videlicet
2287 1980 2341 2035 in
2390 1989 2487 2049 spe
2538 1987 2759 2034 aeternas
2801 1979 3081 2036 felicitatis
3130 1995 3301 2052 usque
3330 1981 3387 2036 in
3437 1980 3589 2037 tinem
3626 1996 3807 2052 perseve-

2286 2072 2479 2138 rando,
2509 2072 2755 2128 ultimum
2800 2072 2943 2128 diem
2973 2074 3101 2130 vitae
3125 2079 3322 2130 vestra:
3361 2073 3645 2142 claudatis,
3683 2083 3729 2130 ιιι
3757 2073 3806 2129 sic

2287 2170 2384 2230 per
2427 2160 2668 2217 dormire
2689 2202 2704 2227 ,
2738 2170 2970 2217 mortem
3008 2164 3191 2219 carnis
3233 2164 3581 2234 accipiamus.
3610 2162 3675 2219 illi
3711 2163 3806 2219 enim

2283 2249 2424 2307 bene
2444 2251 2767 2317 moriuntur,
2791 2252 2881 2322 qui
2906 2261 3227 2323 praesentem
3252 2254 3615 2311 haereditatem
3633 2263 3808 2310 contem-

2288 2341 2402 2413 ptui
2450 2342 2685 2408 habent,
2720 2343 2846 2397 dum
2894 2350 3073 2398 tamen
3111 2352 3371 2399 alternam
3405 2346 3627 2401 nondum
3652 2354 3808 2400 teneant

600 2083 652 2137 in
678 2080 919 2136 Ecclesia
946 2097 960 2133 :
993 2086 1047 2133 ct
1085 2092 1188 2131 non
1221 2082 1430 2129 tantum
1462 2071 1599 2137 illis,
1632 2070 1723 2125 sed
1753 2068 1914 2124 etiam
1940 2065 2113 2130 vobis,
2143 2064 2189 2119 si

597 2172 872 2226 dormiatis
902 2171 1038 2225 inter
1073 2167 1272 2222 medios
1304 2164 1491 2227 cleros,
1540 2161 1591 2216 id
1644 2170 1759 2225 est,
1808 2159 1853 2214 si
1898 2155 2189 2228 quiescalis

600 2265 740 2317 inter
770 2263 874 2317 duo
904 2268 1254 2322 testamenta,
1296 2271 1403 2311 non
1434 2253 1748 2309 recedentes
1772 2249 1841 2304 ab
1869 2248 2190 2303 auctoritate

600 2352 845 2418 illorum;
876 2351 972 2407 sed
1016 2348 1276 2420 quidquid
1314 2355 1492 2402 ortum
1535 2343 1727 2407 fuerit,
1772 2339 2093 2395 auctoritate
2128 2337 2189 2392 il-

602 2445 775 2500 lorum
818 2444 1046 2498 duorum
1086 2448 1532 2498 testamentorum
1583 2435 1963 2496 conﬁrmetur,
2004 2438 2065 2486 ut
2110 2432 2189 2487 sic

599 2533 776 2588 omnis
806 2531 1083 2588 contentio
1125 2529 1410 2602 tranquilla
1447 2543 1579 2599 pace
1620 2526 1859 2581 ﬁniatur.
1891 2523 2025 2581 Nota
2055 2516 2186 2580 elle-

597 2633 745 2679 ctum
765 2623 852 2677 hic
872 2622 996 2694 poni
1017 2636 1115 2692 pro
1135 2636 1318 2676 causa.
1342 2618 1687 2674 Testamenta
1708 2615 1853 2671 enim
1877 2622 2001 2671 sunt
2023 2629 2188 2670 causa

600 2715 789 2769 dandae
817 2713 1167 2778 luereditatis,
1190 2727 1310 2782 quae
1330 2711 1620 2767 haereditas
1639 2709 1729 2764 hic
1757 2707 2074 2778 intelligitur
2092 2708 2191 2777 per

2286 2522 2562 2589 columbrc,
2594 2523 2648 2579 id
2676 2532 2780 2591 est,
2815 2524 3072 2582 Etclesite
3099 2526 3478 2598 deargentattc,
3500 2529 3550 2584 id
3576 2538 3664 2594 est,
3688 2529 3808 2582 nitore

600 2804 795 2858 clerus.
839 2802 1170 2858 Cleronomia
1207 2801 1351 2857 enim
1378 2799 1604 2866 Graece,
1645 2798 1835 2854 Latine
1867 2797 2188 2851 hwreditas:

600 2892 724 2948 inde
752 2894 1109 2957 cleronomos,
1147 2892 1338 2948 haeres.
1371 2889 1669 2947 Hatredilas
1699 2896 1877 2944 autem
1900 2889 2023 2957 quia
2044 2887 2187 2943 nulla

598 2985 775 3050 datur,
794 2985 895 3041 nisi
918 2999 1078 3056 quem
1103 2992 1423 3039 testamenta
1443 2991 1650 3047 notant,
1667 2980 1787 3037 ideo
1806 2995 1903 3051 per
1921 2980 2097 3036 clerus
2117 2992 2191 3035 te-

600 3084 865 3131 stamenta
894 3074 1293 3145 intelliguntur:
1329 3073 1469 3143 quod
1497 3071 1657 3128 eﬂicit
1675 3080 1730 3127 et
1752 3072 1894 3142 quod
1920 3070 2181 3139 edicitur;
2289 3067 2504 3123 obviam
2531 3066 2750 3142 Christo
2771 3068 2826 3123 in
2855 3084 3005 3135 aera,
3027 3077 3081 3125 et
3108 3070 3415 3141 posteriora
3441 3071 3638 3127 illorum
3661 3070 3732 3141 qui
3750 3068 3808 3122 hic

598 3167 741 3235 quod
765 3165 891 3220 dicit
920 3184 932 3219 :
965 3165 1025 3220 Si
1054 3165 1328 3219 dormiatis
1351 3165 1486 3219 inter
1508 3164 1704 3218 medios
1726 3162 1925 3217 cleros:
1951 3176 2045 3219 vos
2068 3164 2188 3220 dico
2290 3160 2509 3216 luerunt
2533 3160 2754 3215 dorsum
2785 3160 3061 3229 Ecclesia,
3090 3177 3229 3218 onus
3254 3164 3375 3235 ejus
3398 3174 3680 3236 portantes,
3698 3175 3810 3229 erunt

599 3255 897 3321 existentes
924 3271 1108 3326 penna:
1136 3253 1419 3320 columbae,
1449 3252 1504 3309 id
1530 3260 1635 3320 est,
1679 3252 1934 3310 Ecclesia!
1958 3271 2080 3326 qua:
2105 3262 2189 3310 est
2215 3236 2261 3298 (ἶ
2296 3249 2348 3305 in
2385 3249 2671 3321 splendore
2693 3251 2830 3315 auri,
2867 3251 2919 3306 id
2964 3259 3069 3317 est,
3109 3251 3161 3307 in
3191 3253 3337 3325 regia
3366 3262 3654 3324 potestate:
3679 3263 3808 3323 regum

599 3343 865 3410 columba,
910 3344 1033 3415 quia
1085 3343 1314 3398 innocua
1363 3350 1419 3398 et
1457 3343 1576 3400 sine
1618 3342 1744 3400 felle
1774 3343 2189 3410 amaritudinis;
2294 3349 2380 3397 est
2417 3341 2561 3397 enim
2610 3355 2743 3396 auro
2786 3341 3066 3397 adornari.
3116 3341 3178 3398 Si
3204 3342 3481 3399 dormiatis
3515 3344 3638 3398 inter
3671 3339 3808 3395 medios

599 3432 851 3488 Columba:
879 3433 1032 3499 dico,
1062 3433 1421 3505 deargentattr
1442 3474 1456 3500 ,
1486 3441 1710 3504 propter
1747 3434 1978 3490 nitorem
2030 3434 2197 3494 divini
2297 3431 2482 3498 cteros,
2517 3431 2645 3486 dum
2673 3428 2925 3486 discernit
2958 3430 3176 3487 cwlestis
3223 3448 3390 3504 reges,
3438 3433 3490 3489 id
3525 3441 3618 3500 est,
3639 3427 3808 3503 quandiu

2296 3520 2512 3577 ordinat
2538 3528 2595 3575 et
2621 3519 2858 3591 disponit
2900 3520 3120 3576 caelestis
3147 3521 3313 3578 homo
3345 3522 3640 3587 secundus,
3664 3518 3735 3589 qui
3767 3515 3809 3567 de

2297 3611 2439 3667 ctelo
2475 3610 2715 3667 caelestis
2744 3627 2758 3664 :
2795 3610 3042 3666 discernit
3069 3613 3211 3680 dico,
3249 3627 3351 3669 vos
3395 3629 3533 3685 reges
3564 3626 3696 3682 super
3715 3621 3807 3667 eam.

2298 3701 2558 3758 subaudis
2588 3701 2882 3771 regendam
2905 3741 2921 3767 ,
2951 3701 3296 3760 reirenantes
3326 3704 3382 3759 in
3430 3703 3575 3759 vobis
3602 3701 3710 3757 etin
3731 3696 3809 3753 aliis

2298 3794 2470 3866 legem
2500 3794 2702 3860 carnis,
2752 3800 2808 3850 et
2849 3792 3218 3852 confortantes
3263 3795 3440 3870 legem
3484 3795 3691 3859 mentis;
3717 3789 3810 3845 unde

2301 3885 2468 3941 illud:
2511 3885 2744 3942 Carnem
2780 3897 3096 3955 macerant,
3145 3889 3398 3960 spiritum
3442 3890 3691 3946 roborant.
3725 3881 3811 3938 diu

2288 2897 2345 2944 et
2386 2889 2471 2945 sic
2531 2904 2748 2960 semper
2794 2889 3203 2946 cum’Domino
3246 2891 3473 2948 erimus.
3521 2891 3658 2960 Quod
3696 2891 3805 2953 dicit,

600 3522 821 3593 eloquii,
852 3522 939 3578 vel
968 3523 1038 3577 ita
1071 3537 1237 3593 purae,
1287 3529 1346 3577 ut
1386 3537 1493 3577 non
1516 3533 1704 3593 crepet
1728 3524 1830 3578 sub
1861 3522 2068 3580 malleis
2097 3524 2195 3579 tri-

599 3612 928 3668 bulationum
962 3630 977 3665 :
1011 3621 1059 3667 et
1084 3612 1197 3682 ejus
1230 3613 1394 3666 etiam
1423 3610 1685 3667 columba:
1710 3612 1997 3682 posteriora
2031 3611 2194 3677 dorsi,

602 3702 809 3767 idest,
854 3703 1063 3759 humeri
1092 3701 1209 3771 ejus
1250 3709 1378 3757 sunt
1418 3702 1595 3757 idonei
1637 3702 1704 3757 ad
1746 3700 2024 3758 ferendum
2063 3718 2200 3758 onus

603 3793 815 3849 Domini
845 3810 859 3848 :
891 3793 1031 3862 quod
1061 3792 1366 3848 volentibus
1396 3799 1482 3848 est
1516 3805 1683 3847 suave
1703 3833 1717 3857 ,
1757 3791 2065 3849 nolentibus
2095 3791 2197 3848 dil-

602 3883 774 3952 ﬁcile;
818 3885 1003 3940 ethoc
1030 3885 1085 3939 in
1109 3883 1308 3955 pallore
1340 3883 1480 3949 auri,
1509 3884 1563 3939 id
1606 3892 1710 3949 est,
1743 3884 1798 3939 in
1842 3884 2108 3941 charitate
2144 3893 2201 3941 ct

602 3979 866 4048 sapientia
917 3977 1141 4050 perfecti
1185 3978 1271 4034 vel
1314 3979 1631 4048 operatione
1676 3979 1819 4035 bona
1864 3980 2196 4052 designatur-

602 4067 782 4124 Pallor
821 4067 935 4122 auri
968 4075 1051 4123 est
1095 4067 1249 4138 quasi
1271 4068 1462 4125 viror:
1510 4069 1638 4138 quia
1678 4084 1802 4125 cum
1842 4069 2197 4126 rubicundum

602 4158 803 4229 aliquid
824 4157 1010 4228 pallet,
1040 4160 1195 4228 quasi
1222 4159 1393 4215 viride
1420 4168 1662 4231 apparet.
1695 4160 1763 4235 Et
1786 4161 1912 4231 quia
1935 4161 2115 4217 omnia
2145 4161 2198 4216 in

599 4256 866 4311 eliaritate
890 4255 1086 4310 debent
1113 4254 1397 4321 virescere,
1423 4256 1616 4312 merito
1640 4272 1738 4328 per
1758 4256 1991 4312 virorem
2021 4256 2201 4312 chari-

601 4356 684 4402 tas
714 4346 1044 4418 designatur.
1078 4344 1215 4400 Nota
1246 4344 1487 4403 Graecam
1524 4347 1849 4418 positionem
1872 4388 1889 4414 ,
1928 4348 2066 4402 inter
2090 4364 2198 4402 me-

598 4437 714 4492 dios
746 4437 933 4492 cleros.
975 4436 1108 4491 Nam
1141 4436 1239 4508 ipsi
1283 4436 1373 4493 ubi
1418 4453 1518 4494 nos
1545 4438 1783 4494 solemus
1809 4453 2031 4510 ponere,
2062 4438 2201 4495 inter
2301 4437 2442 4505 dico,
2466 4455 2614 4493 mons
2638 4437 2759 4492 Dei.
2794 4436 2949 4494 Unde
2979 4438 3147 4494 Isaias
3175 4458 3188 4495 :
3230 4437 3347 4494 Erit
3376 4443 3431 4496 in
3469 4437 3717 4495 novissimis
3743 4429 3811 4484 dit-

601 4534 688 4583 me
722 4537 776 4583 et
802 4536 855 4584 te
879 4546 893 4582 :
921 4536 1150 4598 ponunt,
1179 4528 1415 4583 medium
1456 4543 1635 4584 meum
1677 4537 1733 4584 et
1757 4538 1926 4584 tuum.
1955 4528 2082 4586 Haec
2111 4546 2200 4602 po-
2224 4579 2276 4602 “
2303 4531 2397 4584 bus
2419 4540 2745 4602 pra'paratus
2790 4547 2940 4585 mons
2977 4531 3163 4586 domus
3191 4530 3406 4587 Domini
3437 4535 3490 4587 in
3528 4530 3688 4587 vertice
3712 4538 3809 4578 non-

2224 4579 2277 4640 D

2299 4179 2444 4246 mon,
2468 4162 2519 4218 id
2544 4170 2647 4227 est,
2673 4162 2725 4216 in
2755 4164 2946 4219 umbra
2977 4163 3351 4236 Christi.,lpse
3392 4166 3532 4221 enim
3568 4178 3651 4219 eos
3681 4160 3810 4214 obum-

2300 4254 2479 4310 brabit
2513 4262 2566 4309 et
2608 4262 2855 4327 proteget
2900 4256 2968 4310 ab
3016 4256 3304 4313 incentivis
3350 4257 3639 4313 vitiorum:
3672 4251 3809 4306 iaciens

2289 2446 2369 2495 re,
2402 2430 2497 2486 sed
2528 2430 2579 2486 in
2610 2446 2725 2502 spe.
2751 2431 2851 2499 Qui
2884 2440 3062 2489 autem
3089 2433 3169 2490 sic
3195 2435 3501 2491 moriuntur
3526 2445 3666 2492 erunt
3683 2450 3809 2506 penult
3866 2504 3867 2507 η

2288 2614 2457 2669 divini
2491 2615 2690 2686 eloquii
2718 2616 2969 2672 eruditae.
2999 2614 3154 2686 Quod
3183 2626 3367 2675 autem
3413 2634 3512 2690 per
3540 2620 3628 2674 has
3662 2633 3807 2690 pennas
3866 2638 3867 2697 ξ

2288 2707 2643 2780 designantur
2686 2706 2872 2764 ﬁdeles
2923 2707 3238 2765 manileStat
3283 2708 3601 2782 Apostolus,
3643 2710 3804 2765 dicens:
3866 2724 3867 2733 η

2290 2798 2463 2854 Simul
2492 2800 2758 2870 rapiemur
2809 2800 3012 2856 obviam
3033 2799 3241 2855 Christo
3268 2802 3322 2855 in
3353 2818 3479 2858 aera
3497 2800 3547 2874 (Ι
3568 2801 3717 2857 Thess.
3741 2800 3805 2866 ιι),
3866 2810 3867 2815 ‘

2287 2993 2471 3049 penna!
2493 2976 2746 3032 columba:
2763 2977 3141 3049 deargentatw,
3168 2980 3433 3037 velociter
3457 2996 3515 3038 se
3541 2981 3809 3051 deportanles
3866 3004 3867 3049 ξ

2284 3977 2686 4033 εάεαιὸαὺιιηιιιν
2713 3981 2770 4033 in
2790 3977 3022 4035 Selmon.
3055 3978 3134 4036 Ne
3153 3980 3346 4052 aliquis
3376 3990 3582 4055 putaret
3606 3980 3810 4045 hosreges
3866 4042 3867 4047 η

2302 4070 2358 4125 in
2389 4085 2448 4125 se
2473 4071 2620 4140 ipsos
2646 4084 2805 4141 posse
2845 4071 3086 4142 purgari,
3117 4071 3266 4138 dicit,
3291 4072 3657 4127 dealbabuntur
3677 4068 3719 4120 in
3736 4060 3810 4122 Sel.
3866 4136 3867 4149 χ

2299 4359 2396 4401 eos
2446 4346 2569 4402 nive
2614 4347 2993 4410 candidiores,
3043 4347 3127 4403 vel
3170 4348 3278 4403 nivi
3318 4346 3702 4420 comparabiles;
3738 4341 3809 4409 ipse
3866 4366 3867 4371 π

600 4618 728 4675 sitio
752 4620 996 4676 maxime
1014 4619 1177 4676 habet
1200 4621 1331 4686 vim,
1356 4621 1445 4676 ubi
1464 4630 1707 4677 extrema
1736 4620 1971 4692 aliquam
1997 4623 2199 4679 habent
2225 4617 2276 4640 "
2302 4621 2432 4675 tium
2453 4620 2588 4692 (Isa.
2622 4621 2704 4693 ιι),
2729 4631 2832 4678 etc.
2866 4622 3020 4678 Mons
3047 4625 3148 4680 iste
3175 4633 3257 4680 est
3278 4641 3427 4679 mons
3452 4617 3809 4696 pinguis,batens
3866 4698 3867 4701 η

600 4709 746 4765 inter
776 4725 834 4765 se
861 4709 1197 4777 afﬁnitatem,
1230 4712 1682 4781 quemadmodum
1712 4711 1880 4770 Vetus
1901 4721 1957 4771 et
1988 4714 2197 4772 Novum
2299 4714 2550 4771 videlicet
2575 4731 2788 4771 omnem
2835 4716 3214 4788 pinguedinem
3260 4718 3402 4775 unde
3431 4717 3519 4789 qui
3565 4710 3699 4769 adulti
3727 4719 3808 4763 sum

602 4800 1042 4865 Testamentum;
1102 4801 1186 4857 vel
1244 4801 1434 4868 aliter;
1478 4801 1737 4858 Dominus
1788 4804 1936 4860 dabit
1987 4805 2197 4860 verbum
2302 4806 2632 4862 reﬁciantur.
2654 4805 2790 4861 Nam
2812 4805 2866 4863 in
2891 4822 2957 4863 eo
2982 4808 3186 4863 invenit
3205 4808 3435 4879 quisque
3462 4793 3808 4878 perlectusunde

600 4893 1077 4964 euangelizantibus
1104 4936 1119 4959 ,
1157 4894 1203 4949 si
1264 4907 1356 4950 vos
1418 4895 1851 4967 evangelizantes
1924 4897 2191 4953 dormiatit

2299 4913 2358 4953 se
2389 4897 2613 4953 reﬁciat.
2642 4897 2759 4968 Ipse
2779 4897 2944 4954 etiam
2965 4914 3113 4953 mons
3130 4892 3458 4970 coagulatus,
3477 4905 3621 4968 aptus
3634 4886 3807 4946 videlicel

602 4994 741 5054 inter
766 4986 965 5040 medios
995 4985 1183 5053 cleros,
1232 4986 1286 5042 id
1331 4995 1435 5053 est,
1480 4987 1623 5043 inter
1659 4987 1795 5043 duas
1825 4989 2195 5054 luereditates,

602 5078 877 5133 carnalem
916 5078 1166 5134 videlicet
1207 5093 1369 5150 quam
1401 5080 1651 5150 promisit
1685 5079 1854 5135 Vetus
1892 5078 2206 5137 Testamen-
2240 5106 2245 5161 ξ
2307 5079 2668 5152 intelligamus
2693 5080 2945 5153 pinguem
2982 5090 3036 5135 et
3075 5081 3434 5154 coagulatum,
3476 5075 3681 5149 repetit:
3709 5080 3807 5122 non:

604 5174 717 5221 tum
764 5168 833 5223 ad
874 5167 1114 5223 litteram
1168 5177 1492 5240 acceptum:
1530 5177 1586 5224 et
1633 5169 1999 5240 spiritualem,
2044 5186 2206 5243 quam
2306 5171 2533 5244 pinguis.
2581 5172 2649 5228 Et
2697 5173 3131 5243 quandoquidem
3186 5173 3288 5229 iste
3341 5188 3493 5229 mons
3543 5175 3714 5224 tantum
3754 5162 3808 5211 εει

601 5269 698 5326 per
732 5257 963 5329 gratiam
991 5257 1044 5312 in
1074 5271 1171 5329 spe
1192 5255 1307 5327 jam
1333 5266 1734 5329 exspectamus.
1775 5260 1866 5316 Sic
1894 5261 2206 5331 quiescatis,
2239 5256 2249 5325 ἴ
2310 5279 2458 5318 mons
2500 5263 2705 5335 pinguis
2733 5272 2781 5318 et
2810 5262 3137 5335 coagulatus,
3172 5273 3227 5317 ut
3255 5263 3381 5336 quid
3405 5277 3528 5334 ergo
3561 5257 3674 5312 alios
3688 5244 3807 5315 supi-

603 5354 664 5401 ut
702 5347 976 5404 carnalem
1007 5363 1113 5405 non
1150 5350 1404 5406 ardenter
1427 5351 1737 5418 assumatis,
1771 5367 1872 5408 nec
1916 5352 2062 5408 illam
2110 5354 2213 5409 im-
2249 5352 2257 5423 ξ
2312 5352 2506 5407 camini
2537 5363 2732 5407 montes
2753 5352 3099 5423 coagulatos?
3120 5351 3233 5407 Atii
3256 5353 3399 5408 enim
3426 5352 3598 5407 dicunt
3619 5343 3806 5400 munt?"

2301 4990 2440 5045 unde
2461 4989 2664 5060 parvuli
2694 4998 2949 5061 tanquam
2977 4990 3117 5047 lacte
3139 4992 3465 5048 nutriantur.
3485 4990 3548 5046 Et
3566 4995 3617 5043 ιιι
3631 4979 3807 5055 eumdem
3866 5064 3867 5071 γ

603 5437 876 5507 patienter
907 5440 1253 5511 exspectetis.
1295 5439 1423 5497 Haec
1466 5441 1610 5498 enim
1639 5414 1893 5500 dormitio
1921 5443 2063 5501 bona
2099 5452 2200 5508 est.
2254 5414 2263 5499 Ἰ
2314 5443 2640 5513 Baptistam,
2674 5443 2766 5497 alii
2802 5414 3011 5510 Eliam,
3039 5431 3132 5498 alii
3159 5443 3476 5508 Jeremiam,
3515 5446 3598 5494 aut
3623 5436 3806 5488 unum“
3866 5474 3867 5485 χ

602 5535 664 5581 ιιι
690 5528 848 5584 istam
879 5539 1292 5587 contemnamus
1338 5532 1393 5586 in
1440 5547 1547 5603 qua
1577 5548 1765 5591 sumus
1808 5535 2200 5601 haereditatem,
2308 5533 2572 5604 prophetis
2618 5530 3003 5604 (Matth-XVI);
3036 5541 3092 5589 ει
3134 5533 3238 5589 hoc
3265 5532 3495 5589 Ῑτυειηιε
3524 5541 3634 5584 "am
3662 5516 3808 5613 igich

602 5625 659 5703 et
687 5616 849 5673 aliam
878 5628 1085 5676 certam
1116 5629 1394 5677 teneamus
1411 5620 1525 5692 jam
1559 5623 1612 5678 in
1654 5637 1769 5696 spe,
1798 5624 1924 5681 licet
1963 5626 2198 5682 nondum
2258 5610 2263 5685 ἕ
2310 5642 2459 5682 mons
2487 5628 2542 5682 in
2572 5643 2674 5697 quo
2720 5625 3098 5705 beneplacitum
3133 5635 3207 5682 est
3248 5624 3358 5682 Deo
3384 5622 3633 5681 habitare,
3659 5610 3702 5705 id
3725 5612 3804 5661 διο
3866 5616 3867 5679 Ῑ

605 5696 658 5762 in
687 5722 764 5763 re.
792 5709 876 5765 Ab
900 5709 991 5767 illo
1018 5720 1196 5768 autem
1227 5714 1379 5771 abest
1408 5731 1594 5784 sonus,
1625 5717 1715 5787 qui
1759 5719 1898 5775 banc
1926 5728 2193 5777 terrenam

602 5799 976 5859 ltzereditatem
1015 5806 1269 5861 ardenter
1294 5818 1349 5863 et
1387 5808 1579 5878 cupide
1627 5812 1870 5869 assumit.
1917 5811 2014 5867 llic
2051 5814 2193 5869 enim
2306 5813 2637 5883 superiorem
2681 5811 2799 5868 aliis
2850 5812 3307 5881 habitationibus,
3347 5804 3600 5878 subiungit
3635 5796 3718 5854 εἰη
3744 5802 3783 5842 τα

2250 5706 2259 5763 ἶ
2309 5721 2361 5776 in
2406 5735 2512 5791 quo
2551 5720 2760 5775 habitat
2800 5703 2941 5775 Deus
2982 5739 2992 5774 :
3030 5728 3085 5775 et
3114 5727 3173 5774 ιιι
3210 5718 3404 5775 habeat
3446 5703 3805 5770 iultaltitatiom’m
3866 5716 3867 5725 ‘
