3884 5724
61 404 146 462 485’

62 518 167 590 quia
201 515 275 570 sic
303 513 600 579 inhabitat,
639 524 696 570 ut
722 514 775 570 in
806 528 872 571 eo
902 515 972 570 sit
1008 514 1183 569 omnis
1212 512 1487 584 plenitudo
1525 512 1608 567 di-

62 606 275 662 vinitatis
307 604 681 675 corporaliter.
724 605 827 675 Ipsi
877 604 1019 661 enim
1062 604 1162 659 soli
1212 604 1330 659 sine
1360 616 1613 658 mensura

62 699 301 756 concessit
340 697 479 754 Deus
518 698 779 769 Spiritum
808 716 1002 755 suum:
1037 699 1159 753 aliis
1198 707 1375 753 autem
1408 697 1459 752 in
1493 696 1617 766 qui-

64 794 147 845 bus
169 789 395 855 habitat,
426 790 491 844 ad
522 806 830 846 mensuram
861 792 1007 847 dedit
1033 809 1044 844 :
1080 791 1203 861 quia
1233 806 1338 845 non
1368 788 1617 845 omnibus

62 881 237 944 omnia,
276 880 369 934 sed
397 881 486 934 alii
517 890 642 936 sunt
669 882 792 936 data
834 896 1035 951 genera
1073 881 1398 950 linguarum,
1428 879 1516 934 alii
1542 878 1618 933 in-

64 971 350 1041 terpretatio
380 985 689 1026 sermonum
720 971 771 1043 (I
799 971 923 1026 Cor.
961 971 1091 1041 xu),
1133 981 1237 1026 etc.
1271 971 1477 1024 Etenim
1512 970 1616 1023 Do-

61 1063 210 1115 minus
237 1053 570 1115 habitabit'in
600 1063 776 1130 finem.
811 1064 972 1130 Quasi
1006 1064 1182 1117 dicat:
1220 1062 1408 1116 Merito
1435 1060 1618 1115 excel-

60 1152 235 1206 lentius
275 1152 328 1205 in
362 1152 463 1206 isto
499 1163 680 1208 monte
728 1155 933 1208 habitat
961 1154 1120 1210 Deus.
1158 1152 1290 1207 Nam
1338 1153 1439 1208 iste
1470 1168 1617 1205 mons

62 1244 273 1298 existens
300 1242 586 1307 Dominus,
611 1244 864 1297 habitabit
893 1245 944 1298 in
972 1245 1091 1299 aliis
1121 1244 1391 1299 montibus
1414 1283 1428 1308 ,
1463 1242 1621 1296 redu-

62 1334 208 1387 cendo
233 1347 327 1388 eos
375 1334 426 1388 in
460 1350 516 1387 se
538 1374 552 1398 ,
586 1334 778 1402 ﬁnem:
806 1345 861 1389 et
887 1350 983 1406 per
1012 1351 1132 1390 eum
1163 1334 1425 1389 inhabitat
1459 1332 1622 1387 Pater

63 1424 175 1478 alios
196 1434 404 1478 montes
430 1441 565 1494 quos
595 1424 892 1491 inhabitat,
919 1426 1009 1494 qui
1049 1435 1259 1480 montes
1285 1432 1411 1478 sunt.
1433 1439 1619 1476 currus

62 1512 172 1577 Dei,
218 1514 343 1582 quia
392 1529 421 1566 a
465 1515 576 1569 Deo
626 1514 772 1569 velut.
822 1516 1049 1585 sapienti
1108 1516 1291 1585 auriga
1342 1524 1619 1586 reguntur.

63 1604 242 1659 Currus
289 1606 394 1659 iste
437 1604 711 1675 multiplex
750 1617 833 1661 est
881 1608 1057 1660 decem
1102 1606 1374 1660 millibus:
1424 1615 1480 1660 et
1515 1621 1620 1660 non

63 1705 240 1749 tantum
271 1696 325 1750 in
366 1696 551 1751 decem
591 1697 827 1752 millibus
854 1698 1298 1769 multiplicamur,
1334 1698 1427 1753 sed
1459 1697 1621 1751 etiam

60 1802 140 1856 per
183 1787 347 1841 millia
386 1788 613 1843 millium
662 1787 987 1855 lwtantium,
1032 1790 1153 1844 ideo
1191 1790 1315 1860 quia
1368 1788 1621 1841 Dominus

1618 472 1634 648 l

1155 394 1685 454 ENARRATIONES
1724 392 1790 449 IN
1825 345 2162 451 PSA-LMOS.

1640 471 1687 643 i

3184 382 3290 451 496

1713 511 2044 565 inimicorum
2081 526 2295 564 suorum
2318 523 2337 562 :
2370 508 2704 564 ininucorum
2732 507 2853 563 dico
2879 549 2893 570 .
2919 508 3293 577 perambulatis

1717 601 1848 654 tium
1877 601 2112 655 uerticem
2144 600 2358 672 capilli,
2400 609 2455 656 et
2483 600 2589 657 hoc
2616 601 2671 654 in
2704 599 2907 655 delictis
2932 602 3063 655 suis.
3091 601 3297 658 Inimici

1716 691 1804 747 hic
1832 692 2168 762 accipiuntur
2194 694 2674 764 aeriiepotestates
2691 734 2704 759 ,
2726 708 2955 763 quarum
2977 693 3153 763 capita
3173 704 3298 749 sunt

1717 783 1817 849 illi,
1883 785 1973 855 qui
2024 786 2468 854 persuasionibus
2534 786 2647 841 suis
2702 795 2861 856 caput
2911 801 3066 841 suum
3105 796 3293 842 contra

1718 872 1884 928 Deum
1933 873 2069 929 male
2098 885 2407 930 erexerunt.
2444 875 2507 929 lli
2551 874 2682 931 tales
2715 875 2942 943 inimici,
2983 877 3109 948 quia
3150 877 3296 932 nullo

1718 980 1877 1021 sensu
1892 967 2135 1036 corporis
2158 967 2364 1037 concipi
2388 976 2633 1038 possunt,
2656 968 3031 1038 perambulare
3050 969 3303 1024 dicuntur

1718 1058 1954 1111 verticem
1986 1057 2186 1127 capilli,
2216 1060 2306 1113 ubi
2339 1074 2530 1115 sensus
2562 1061 2804 1129 corporis
2830 1060 3006 1117 nullus
3033 1070 3153 1116 est:
3197 1062 3301 1133 ipsi

1718 1150 1862 1204 enim
1894 1150 2027 1205 tales
2065 1152 2267 1207 inimici
2300 1153 2378 1207 sic
2406 1162 2691 1207 versantur
2731 1153 2875 1208 circa
2904 1154 3173 1208 hominem
3196 1195 3210 1218 ,
3241 1163 3301 1207 u'.

1719 1256 1825 1295 non
1853 1241 2152 1296 sentiantur
2165 1242 2232 1297 ab
2248 1258 2336 1308 eo,
2351 1245 2521 1299 donec
2542 1244 2608 1298 ab
2619 1244 2698 1299 eis
2712 1245 2778 1299 ad
2795 1245 2976 1299 illicita
2996 1245 3279 1300 trahantur

1719 1331 2104 1387 Perambulant
2126 1335 2180 1387 in
2213 1334 2415 1388 delictis
2446 1337 2574 1399 suis,
2608 1335 2886 1391 suadendo
2916 1336 3165 1391 videlicet
3200 1336 3302 1390 ho-

1722 1426 1959 1480 minibus
1986 1426 2181 1480 delicta
2213 1442 2332 1496 qua:
2359 1442 2455 1481 sua
2484 1437 2633 1490 sunt,
2659 1428 2912 1497 quoniam
2942 1429 3155 1483 tandem
3178 1428 3302 1483 inde

1723 1518 2011 1588 punientur
2035 1532 2157 1572 cum
2184 1517 2427 1573 dicturus
2449 1526 2532 1572 est
2558 1516 2853 1573 Dominus:
2889 1518 2989 1583 Ite,
3012 1518 3304 1583 maledicti,

1722 1608 1779 1662 in
1804 1610 1974 1679 ignem
1998 1616 2251 1663 teternum
2283 1609 2373 1678 qui
2409 1618 2629 1678 paratus
2656 1618 2731 1661 est
2770 1608 2979 1662 diabolo
3021 1619 3067 1662 et
3106 1608 3308 1679 angelis

1724 1699 1838 1767 eius
1856 1698 2074 1770 (Matth.
2094 1700 2246 1771 xxv).
2279 1698 2581 1769 Confringet
2611 1698 2869 1754 Dominus
2887 1699 3310 1769 capitainimico-

1727 1806 1844 1843 rum
1872 1806 2112 1843 suorum.
2152 1788 2286 1843 Nam
2332 1790 2465 1843 dixit
2491 1789 2744 1844 Dominus
2768 1830 2783 1855 ,
2818 1790 2869 1843 id
2900 1799 2984 1845 est
3011 1790 3308 1859 disposuit,

60 1888 127 1932 est
155 1880 203 1931 in
235 1881 330 1933 eis.
361 1880 425 1934 Et
448 1881 715 1949 quomodo
744 1882 798 1935 in
825 1881 936 1935 eis?
965 1881 1017 1934 in
1047 1880 1200 1935 Sinai
1236 1882 1289 1934 in
1316 1889 1493 1934 sancto
1515 1919 1529 1943 ,
1570 1879 1623 1934 id
1654 1866 1699 1926 Β
1730 1882 1872 1938 istud
1895 1882 2468 1947 videlicet,convertam
2489 1880 2700 1950 aliquos
2718 1897 2782 1935 ea:
2802 1883 3008 1946 Basan,
3036 1882 3085 1936 id
3112 1889 3215 1945 est,
3243 1896 3313 1933 ex

60 1977 157 2031 est,
211 1970 259 2022 in
308 1969 670 2039 completione
720 1970 888 2025 sancti
940 1969 1198 2024 mandati.
1252 1970 1318 2024 Et
1358 1967 1627 2038 quomodo

59 2058 184 2114 istud
215 2060 338 2114 fiet?
367 2061 659 2115 Ascendisti
695 2060 744 2114 in
779 2060 945 2115 altum
968 2100 982 2126 ,
1028 2059 1080 2114 id
1119 2068 1203 2115 est
1228 2100 1242 2123 ,
1281 2060 1541 2113 ascendcs
1572 2058 1624 2111 in

59 2153 266 2219 cretum,
297 2163 356 2208 et
380 2153 614 2223 accipies
638 2154 986 2223 captivitatem
1014 2169 1032 2217 ;
1070 2152 1193 2222 quia
1230 2166 1400 2222 genus
1433 2150 1628 2204 huma-

58 2259 171 2299 num
238 2263 265 2299 a
332 2244 545 2302 diabolo
601 2246 750 2315 prius
832 2245 1159 2315 captivatum
1228 2241 1623 2312 recaptivabis:

60 2336 286 2403 accepisti
326 2335 465 2388 dona
502 2336 556 2388 in
604 2335 931 2398 hominibus,
968 2334 1018 2389 id
1062 2345 1180 2395 est,
1218 2333 1359 2405 ipsos
1385 2332 1629 2388 homines

63 2425 273 2494 accipies
303 2426 354 2480 in
398 2425 554 2480 donis
584 2425 708 2480 luis.
742 2424 876 2479 Nam
906 2441 1007 2478 non
1041 2424 1304 2478 credentes
1334 2423 1628 2477 inhabitare

64 2515 329 2571 Dominum
364 2517 528 2571 Deum
561 2518 613 2571 in
644 2517 926 2581 omnibus,
955 2531 1049 2571 eos
1078 2515 1320 2569 vocando
1347 2524 1399 2569 et
1424 2513 1626 2582 justiﬁ-

61 2608 215 2661 cando
241 2649 256 2673 ,
290 2608 464 2662 fecisti
497 2609 635 2662 dona
667 2616 776 2661 tua.
819 2605 913 2661 Vel
948 2606 1189 2675 accepisti
1218 2608 1355 2660 dona
1383 2607 1434 2658 in
1458 2605 1629 2657 homi-

60 2700 193 2753 nibus
217 2700 319 2767 ,,id
342 2709 455 2765 est,
495 2700 629 2754 tales
666 2699 839 2755 fecisti
874 2701 1149 2767 homines,
1190 2708 1248 2753 ut
1273 2700 1470 2753 donum
1498 2696 1628 2751 illud

61 2791 187 2857 quod
228 2798 559 2860 acceperunt
593 2805 621 2843 a
659 2790 819 2845 Patre
843 2830 857 2852 ,
904 2800 961 2844 et
990 2798 1044 2843 tu
1074 2786 1310 2843 videaris
1336 2786 1626 2856 accepisse.

57 2878 177 2935 Nam
211 2898 334 2936 cum
368 2881 467 2951 ipsi
509 2889 836 2955 acceperunt
865 2879 1124 2950 Spiritum
1164 2886 1440 2941 sanctum,
1490 2884 1543 2929 tu
1576 2875 1628 2929 in

55 2971 125 3024 eis
157 2972 410 3042 recepisti
440 2993 452 3025 :
486 2972 609 3042 quia
633 2973 749 3027 sine
771 2980 820 3026 te
863 2971 994 3025 nihil
1024 2979 1263 3042 possunt.
1296 2970 1432 3024 Nota
1475 2968 1632 3024 Chri-

57 3075 189 3117 stum
225 3082 332 3119 non
387 3066 658 3121 immerito
690 3065 937 3135 accipere
975 3065 1114 3119 dona
1150 3064 1201 3119 in
1241 3064 1385 3128 suis,
1408 3063 1531 3134 quia
1562 3078 1629 3117 ex

54 3153 335 3211 aﬂ’ectione
379 3155 542 3210 nimia
572 3156 623 3210 in
650 3157 761 3210 suis
786 3156 989 3225 patitur
1020 3156 1243 3209 adversa
1276 3173 1287 3207 :
1322 3154 1456 3208 dixit
1482 3152 1627 3207 enim

1732 1972 1835 2027 illis
1873 1973 1963 2041 qui
2005 1971 2213 2027 confusi
2240 1980 2365 2026 sunt
2393 1972 2445 2025 in
2486 1971 2731 2027 siccitate
2760 1986 2876 2027 sua.
2920 1971 3312 2041 Interpretatur

1729 2063 1873 2117 enim
1901 2062 2075 2116 Basan
2116 2062 2355 2130 confusio
2376 2060 2457 2115 vel
2496 2061 2723 2115 siccitas.
2756 2059 3064 2116 Conpertum
3080 2062 3309 2131 gratiam

1730 2170 1905 2209 meam
1920 2156 2081 2210 etiam
2103 2157 2157 2209 in
2170 2155 2489 2225 profundum
2517 2155 2701 2221 maris,
2727 2154 2781 2210 id
2804 2156 2989 2222 est,ad
3005 2155 3124 2210 illos
3143 2155 3233 2225 qui
3257 2155 3313 2209 in

1729 2245 2095 2318 prolunditate
2143 2246 2322 2302 saicuIi
2368 2246 2524 2301 istius
2569 2245 2709 2301 male
2753 2246 3085 2309 ﬂuctuantis,
3136 2254 3192 2300 et
3247 2244 3302 2298 in

1731 2339 2148 2394 amaritudinem
2183 2338 2365 2393 omnia
2396 2337 2768 2393 contrahentis
2800 2344 3212 2393 conversantur.
3245 2332 3313 2387 Ut

1728 2433 2023 2504 intingatur
2050 2448 2139 2500 pes
2177 2441 2298 2486 tuus
2324 2431 2378 2485 in
2405 2430 2661 2501 sanguine
2686 2445 2701 2495 ;
2729 2428 2884 2500 quasi
2912 2428 3092 2484 dicat:
3134 2426 3315 2480 lntan-

1732 2532 1879 2587 tum,
1928 2538 1961 2577 ο
1998 2522 2245 2587 Domine,
2280 2528 2567 2576 convertes
2593 2520 2803 2589 aliquos
2840 2535 2907 2574 ex
2942 2518 3118 2573 Basan
3157 2526 3213 2571 et
3250 2518 3316 2571 de

1732 2612 2103 2685 profunditate
2151 2613 2337 2677 maris,
2388 2620 2445 2665 ut
2473 2611 2705 2681 quisque
2745 2625 3039 2666 conversus
3084 2625 3150 2664 ex
3188 2606 3313 2671 illis,

1730 2721 1818 2773 pes
1842 2714 1961 2757 tuus
1992 2703 2167 2759 factus
2190 2742 2205 2767 ,
2231 2703 2527 2771 intingatur
2561 2703 2614 2754 in
2642 2702 2938 2771 sanguine;
2972 2700 3022 2754 id
3056 2708 3177 2763 est,
3208 2713 3313 2753 non

1733 2794 2000 2849 dubitabit
2026 2794 2077 2847 in
2133 2792 2498 2847 testimonium
2541 2790 2695 2846 effusi
2728 2790 3005 2865 sanguinis
3037 2789 3113 2843 tui
3140 2829 3154 2853 ,
3186 2804 3314 2842 san—

1733 2887 1950 2957 guinem
2001 2900 2156 2939 suum
2209 2883 2471 2938 intrudere:
2510 2883 2592 2937 vel
2637 2898 2725 2952 pes
2770 2890 2891 2935 tuus
2931 2866 3222 2950 intingalur
3262 2879 3317 2932 in

1732 2978 2008 3047 sanguine,
2045 2976 2097 3031 id
2123 2985 2229 3042 est,
2259 2984 2317 3030 tu
2344 2975 2457 3044 ipse
2478 2990 2575 3045 pro
2604 2973 2767 3028 nimia
2799 2973 3083 3027 all‘ectione
3107 2972 3158 3026 in
3188 2986 3315 3041 pas-

1732 3068 1885 3124 sione
1917 3066 2130 3121 illorum
2160 3067 2421 3135 patieris;
2473 3064 2617 3120 unde
2644 3063 2814 3119 illud:
2867 3063 3036 3119 Venio
3080 3061 3306 3117 Romam

1734 3160 1926 3214 iterum
1955 3156 2217 3226 cruciﬂgi.
2244 3157 2312 3211 Et
2340 3156 2519 3225 lingua
2545 3171 2736 3209 canum
2766 3164 2977 3206 tuorum
2999 3167 3064 3205 ex
3090 3151 3316 3205 inimic’s

54 3243 249 3300 Petro:
302 3245 463 3299 Venio
512 3244 734 3299 Romam
774 3246 962 3299 iterum
995 3244 1231 3313 σηιεῑῇθὶ
1259 3284 1273 3309 ,
1307 3250 1364 3296 ιιι
1404 3258 1499 3312 per
1527 3242 1630 3296 hoc
1656 3216 1702 3279 (ἶ
1738 3250 1801 3303 ab
1834 3250 1966 3319 ipso,
1992 3249 2042 3303 id
2065 3256 2168 3313 est,
2202 3247 2583 3318 praedicatores
2611 3245 2685 3300 tui
2725 3246 2814 3314 qui
2847 3254 2973 3299 sunt.
3002 3258 3183 3305 canes,
3210 3256 3318 3294 non

51 3352 107 3393 se
139 3338 457 3393 ostenderet
483 3338 534 3391 in
562 3336 723 3392 Petro
748 3337 880 3408 pati.
913 3335 1184 3405 Accepisti
1211 3335 1347 3389 dona
1375 3334 1427 3388 in
1460 3333 1632 3388 homi-

55 3434 206 3488 nibus
232 3476 247 3497 ,
289 3433 413 3503 quia
460 3433 624 3487 etiam
668 3433 722 3487 in
767 3447 871 3487 non
913 3429 1255 3486 credentibus
1306 3427 1633 3483 inhabitabit

52 3520 312 3579 Dominus
359 3524 530 3589 Deus,
577 3524 628 3578 id
661 3530 743 3579 est
770 3563 785 3589 ,
821 3522 874 3576 in
914 3519 1365 3591 desperatissimis
1400 3518 1491 3588 qui
1537 3516 1631 3570 tibi

52 3619 305 3673 dixerunt
346 3635 361 3671 :
406 3616 736 3670 Dmmonium
794 3614 951 3668 habes
991 3612 1195 3678 (Joan.
1247 3610 1384 3679 vn).
1439 3609 1626 3665 Unde:

52 3707 363 3761 Benedictus
394 3705 644 3759 Dominus
675 3705 758 3758 die
790 3706 890 3758 hac
940 3700 1193 3772 praesenti
1224 3708 1279 3754 et
1304 3698 1555 3770 quotidie,
1580 3697 1632 3751 id

49 3804 155 3861 est,
190 3796 339 3851 omni
369 3795 454 3849 die
483 3794 661 3849 futura
688 3811 702 3847 :
732 3793 817 3848 vel
844 3793 984 3847 diem
1009 3790 1249 3861 quotidie
1274 3788 1629 3843 numerando.

50 3886 370 3957 Prosperum
393 3889 492 3940 iter
518 3886 676 3955 faciet
706 3886 893 3949 nobis,
924 3893 983 3939 ut
1009 3899 1131 3940 eum
1162 3891 1446 3952 portemus
1482 3881 1636 3951 cujus

50 3995 249 4033 currus
290 3993 510 4033 sumus:
546 3977 629 4032 vel
672 3990 991 4047 prosperum
1022 3974 1185 4029 faciet
1224 3974 1328 4028 iter
1357 3972 1532 4036 nobis,
1578 3981 1639 4025 ut

51 4078 115 4125 ad
134 4085 264 4126 eum
290 4071 594 4134 veniamus,
625 4069 856 4124 reddens
879 4083 977 4123 nos
1001 4065 1341 4121 invincibiles
1361 4066 1427 4120 ad
1449 4078 1639 4119 omnes

50 4162 431 4217 tribulationes
459 4180 471 4215 :
506 4161 633 4232 quia
663 4160 807 4215 Deus
843 4168 927 4214 est
960 4158 1276 4212 salutarium
1314 4165 1637 4221 nostrorum,

49 4256 99 4308 id
123 4264 248 4319 est,
278 4262 479 4309 nostra:
514 4251 865 4308 salvationis:
908 4258 964 4304 et
989 4249 1131 4303 Deus
1178 4256 1356 4301 noster
1378 4286 1392 4311 ,
1431 4246 1482 4301 id
1514 4254 1595 4300 est
1622 4286 1636 4308 ,

46 4358 259 4402 nostra:
280 4356 501 4407 natum,
531 4348 657 4416 quia
687 4354 743 4400 et
766 4344 904 4397 Deus
932 4342 1160 4414 faciendi
1190 4356 1288 4396 nos
1310 4340 1479 4395 salvos
1504 4356 1522 4394 :
1547 4340 1639 4394 sed

47 4447 241 4492 tamen
269 4438 413 4492 salus
440 4437 529 4491 illa
563 4451 661 4506 per
700 4442 929 4489 mortem
961 4432 1142 4487 carnis
1174 4439 1397 4484 ventura
1433 4439 1553 4497 est,
1588 4438 1642 4483 et

47 4530 179 4583 inde
204 4544 311 4583 non
334 4529 638 4598 indigentur
663 4527 898 4579 humana
927 4521 1185 4584 conditio,
1206 4520 1349 4590 quod
1378 4520 1637 4575 moritura

45 4630 158 4685 est,
184 4622 366 4674 exitus
396 4619 611 4673 Domini
640 4616 875 4679 Domini,
908 4615 958 4669 id
987 4623 1090 4679 est,
1122 4612 1263 4666 illius
1288 4610 1520 4673 Domini,
1548 4611 1637 4679 qui

50 4713 463 4766 antonomatice
498 4711 697 4765 dicitur
733 4708 1023 4769 Dominus,
1056 4706 1120 4759 de
1160 4704 1264 4759 hoc
1301 4703 1500 4757 mundo
1540 4703 1645 4757 erit

44 4807 232 4858 exitus
280 4804 482 4858 mortis.
540 4801 660 4873 Ipse
711 4801 856 4856 enim
902 4808 961 4853 ut
990 4796 1288 4868 potentiam
1316 4810 1426 4850 sua:
1456 4794 1645 4849 salutis

46 4896 402 4960 ostenderet,
449 4894 583 4949 mori
616 4893 820 4947 voluit:
855 4891 950 4946 sed
977 4902 1284 4959 quanquam
1314 4887 1431 4957 ejus
1469 4887 1646 4942 exitus

45 4988 121 5041 sit
155 4988 343 5042 exitus
370 4986 581 5051 mortis,
611 4996 784 5038 tamen
818 4983 958 5036 Deus
991 4997 1095 5035 non
1134 4980 1312 5034 minus
1332 4985 1416 5033 est
1448 4987 1644 5048 potens

41 5093 235 5149 super
265 5077 508 5132 inimicos
530 5091 678 5133 suos.
709 5073 844 5127 Nam
884 5070 1173 5141 confringet
1200 5071 1369 5139 capita
1400 5070 1635 5124 inimico-

43 5187 179 5223 rum
207 5186 436 5233 suorum,
470 5168 522 5223 id
562 5176 667 5233 est,
701 5162 1009 5234 superbiam
1050 5162 1391 5217 inimicorum
1418 5177 1641 5218 suorum

40 5262 366 5329 dissipabit,
433 5260 515 5317 vel
562 5256 769 5315 salubri
811 5252 1163 5321 subiectione,
1212 5253 1296 5308 vel
1349 5254 1643 5310 damnabili

40 5352 459 5407 exsecratione:
484 5348 780 5417 confringet
803 5343 963 5397 etiam
983 5346 1219 5400 verticem
1244 5343 1420 5413 capilli
1440 5362 1646 5415 peram-

38 5438 354 5495 bulantium
384 5442 437 5493 in
466 5437 674 5493 delictis
703 5433 834 5487 suis.
864 5430 967 5486 Per
997 5434 1236 5488 verticem
1263 5433 1437 5502 capilli
1469 5437 1645 5491 adhuc

39 5531 321 5599 majorem
365 5530 678 5602 superbiam
713 5532 889 5588 notat,
938 5539 1097 5592 quam
1134 5541 1233 5596 per
1258 5536 1436 5594 caput.
1481 5528 1645 5583 Notat

37 5625 219 5677 enim
258 5640 499 5696 magnam
536 5615 927 5677 sublimitatem
971 5620 1236 5686 superbia:
1270 5621 1640 5687 perambulan-

1666 4571 1719 4631 D

1735 3339 1809 3393 illi
1847 3352 2013 3393 canes
2042 3338 2108 3393 de
2131 3336 2327 3407 quibus
2348 3337 2551 3392 dictum
2575 3345 2679 3399 est,
2720 3334 2887 3388 Canes
2924 3334 3054 3386 muti
3079 3349 3182 3386 non
3222 3350 3313 3385 va-

1732 3430 1891 3485 lentes
1939 3430 2136 3483 latrare
2164 3428 2297 3499 (lsa.
2355 3428 2496 3499 LVI),
2541 3428 2633 3481 sed
2668 3440 2831 3481 canes
2856 3423 3041 3478 ﬁdeles
3089 3431 3143 3478 et
3169 3423 3317 3478 circa

1734 3522 1951 3577 domum
1983 3521 2195 3575 Dommi
2216 3522 2299 3575 sui
2325 3520 2555 3589 ﬁdeliter
2581 3518 2855 3573 latrantes.
2878 3518 2941 3571 Hi
2963 3532 3129 3572 canes
3156 3527 3318 3571 erunt

1734 3614 1983 3671 conversi
2016 3627 2083 3667 ex
2109 3613 2364 3677 inimicis,
2392 3620 2448 3666 et
2472 3612 2575 3666 hoc
2602 3626 2711 3665 non
2738 3626 2835 3680 per
2869 3625 2947 3675 se,
2977 3610 3069 3663 sed
3106 3610 3172 3663 ab
3200 3610 3318 3678 ipso

1734 3706 1825 3775 qui
1872 3705 2043 3774 gratis
2089 3706 2272 3759 omnia
2295 3702 2580 3772 justiticat.
2615 3703 2683 3758 Et
2724 3704 2825 3758 hoc
2866 3703 3137 3772 quomodo
3176 3702 3265 3756 liet
3290 3702 3315 3754 ?

1747 3794 1999 3849 Viderunt
2033 3796 2298 3865 ingressus
2329 3804 2466 3859 tuos,
2498 3793 2663 3858 Deus,
2713 3793 2765 3847 id
2800 3802 2885 3847 est
2934 3800 3322 3863 recognoscent
3368 3796 3371 3797 ⁷

1738 3891 2019 3961 ingressus
2078 3897 2220 3954 tuos,
2272 3888 2504 3958 qualiter
2568 3901 2665 3957 per
2714 3886 3007 3941 lnnnanam
3067 3893 3319 3938 naturam

1740 3981 1943 4037 mundo
1974 3979 2263 4034 innotuisti
2290 3994 2305 4032 :
2337 3988 2392 4034 et
2412 3994 2518 4033 non
2555 3985 2762 4031 tantum
2789 3986 2909 4031 tuos
2946 3976 3222 4046 ingressus
3248 3975 3328 4029 sic

1738 4082 2155 4142 recognoscent,
2184 4071 2276 4126 sed
2305 4070 2468 4125 etiam
2514 4070 2800 4137 ingressus,
2829 4067 2882 4121 id
2918 4074 3019 4129 est,
3050 4064 3326 4134 apostolos

1741 4171 1831 4242 qui
1884 4178 2013 4225 sunt
2052 4179 2269 4239 gressus
2317 4163 2413 4217 Dei
2446 4162 2569 4226 mei,
2623 4162 2713 4230 qui
2768 4174 2852 4214 me
2902 4161 3107 4213 creavit
3151 4157 3327 4229 prima

1742 4264 2036 4325 creatione,
2072 4258 2224 4328 Regis
2250 4256 2376 4320 mei,
2406 4254 2497 4325 qui
2522 4268 2609 4306 me
2640 4251 2980 4322 regeneravit
3005 4265 3019 4304 :
3051 4251 3140 4320 qui
3168 4259 3243 4303 est
3272 4250 3329 4303 in

1743 4365 1945 4417 sancto,
1989 4353 2040 4406 id
2061 4360 2162 4411 est,
2188 4349 2241 4402 in
2272 4360 2594 4415 unoquoque
2619 4360 2648 4397 a
2673 4358 2731 4398 se
2760 4342 3098 4398 sanctiﬁcan
3124 4358 3138 4394 ε
3167 4340 3250 4393 vel
3271 4341 3325 4392 in

1744 4456 1949 4507 sancto,
1986 4444 2039 4498 in
2063 4441 2314 4504 Christo;
2348 4437 2491 4492 unde
2528 4436 2655 4489 illud
2678 4476 2692 4499 ,
2724 4435 2868 4488 Deus
2891 4444 3001 4488 erat
3038 4435 3092 4487 in
3118 4430 3326 4486 Christo

1746 4535 1999 4589 mundum
2060 4529 2407 4586 reconcilians
2447 4526 2546 4581 sibi
2595 4524 2677 4597 (II
2708 4525 2833 4579 Cor.
2888 4525 2977 4595 v);
3012 4523 3093 4578 vel
3129 4524 3327 4578 aliter:

1747 4628 2053 4698 Intingatur
2075 4641 2162 4695 pes
2191 4636 2309 4677 tuus
2338 4622 2393 4674 in
2423 4618 2700 4689 sanguine,
2733 4626 2788 4672 et
2816 4618 2918 4673 hoc
2941 4626 3032 4671 luo
3057 4616 3328 4685 exemplo.

1748 4718 1882 4773 Nam
1916 4716 2176 4771 videbunt
2222 4726 2438 4784 gressus
2479 4719 2618 4774 tuos,
2664 4709 2859 4778 quibus
2888 4710 2953 4764 de
2996 4710 3099 4764 hoc
3130 4709 3332 4762 mundo

1748 4822 1997 4878 egressus
2021 4822 2081 4861 es
2106 4824 2119 4859 :
2152 4813 2381 4859 mortem
2413 4814 2557 4859 tuam
2591 4800 2862 4865 Videlicet,
2888 4815 3050 4869 quam
3080 4809 3132 4854 tu
3155 4814 3336 4853 exem-

1748 4899 1895 4970 plum
1943 4897 2051 4951 tuis
2105 4895 2389 4965 reliquisti,
2424 4903 2483 4948 ut
2523 4907 2628 4947 non
2663 4892 2975 4946 dubitarent
3010 4890 3329 4960 sanguinem

1750 5005 1849 5062 pro
1898 4998 1950 5045 te
1993 4986 2290 5051 effundere,
2336 4984 2693 5043 saluberrime
2738 4982 2887 5037 verbi
2945 4984 3021 5037 tui
3061 4988 3337 5050 praecepto

1748 5081 1958 5145 moniti,
1975 5081 2052 5136 sic
2078 5099 2090 5134 :
2118 5079 2375 5150 Majorem
2400 5079 2722 5136 charitatem
2751 5091 2901 5128 nemo
2926 5076 3265 5141 habet,quam
3281 5080 3340 5122 ut

1748 5172 1983 5226 animam
2006 5190 2157 5227 suam
2197 5179 2354 5242 ponat
2388 5175 2506 5243 quis
2522 5186 2614 5242 pro
2661 5168 2843 5220 amicis
2874 5169 2987 5221 suis
3028 5162 3341 5231 (Joan.xv),

1750 5263 2030 5333 Ingressus
2058 5264 2154 5319 Dei
2196 5263 2320 5328 mei,
2353 5266 2503 5335 regis
2530 5260 2659 5322 mei,
2690 5259 2782 5327 qui
2827 5266 2902 5309 est
2948 5260 3004 5312 in
3046 5259 3348 5307 sancto:et

1751 5355 1855 5410 hoc
1913 5357 2071 5411 modo
2121 5356 2380 5413 videbunt
2436 5367 2558 5413 tuos
2614 5352 2910 5417 ingressus.
2974 5348 3350 5401 Praevenerunt

1749 5444 2009 5514 principes
2040 5443 2309 5517 conjuncti
2329 5443 2681 5512 psallentibus
2703 5476 2716 5499 ,
2744 5436 2797 5490 id
2823 5444 2934 5498 est,
2970 5429 3359 5505 praedicatores

1749 5535 1909 5605 primi
1954 5536 2222 5606 conjuncti
2263 5533 2645 5604 psallentibus,
2692 5528 2742 5581 id
2774 5535 2879 5590 est,
2930 5518 3185 5581 associati
3234 5519 3359 5573 aliis

1750 5626 1886 5681 bene
1915 5630 2305 5696 operantibus,
2348 5625 2691 5694 praevenient
2735 5625 2797 5670 ut
2842 5626 2967 5669 tuos
2995 5624 3215 5688 gressus
3261 5624 3361 5667 an-
