3884 5446
611 406 718 465 487

610 613 776 670 tiandi
810 621 936 668 sunt
955 627 1174 685 gressus
1201 614 1432 669 Domini.
1465 613 1801 686 Tympanum
1834 614 1893 669 lit
1919 628 1986 670 ex
2030 613 2181 667 corio

609 704 754 760 sicco
781 703 838 757 in'
857 702 1001 774 ligno
1037 715 1293 759 emenso:
1319 706 1460 761 unde
1486 706 1913 777 tympanizantes
1942 713 2068 760 sunt
2089 704 2186 770 illi,

608 795 700 863 qui
730 809 760 847 a
784 794 1094 852 carnalibus
1129 796 1412 852 desideriis
1446 807 1572 853 sunt
1599 796 1883 862 exsiccati,
1913 805 1967 851 et
1996 796 2048 849 in
2081 795 2196 859 vir-3

608 887 1064 953 tntibusextensi;
1090 887 1246 956 iuxta
1278 887 1405 943 illud
1431 903 1446 942 :
1479 888 1703 943 Carnem
1729 886 2187 957 maceranl,spiri=-

605 987 715 1032 tum
736 979 1013 1043 roborant,
1039 981 1091 1033 in
1123 979 1370 1034 Ecclesiis
1393 981 1675 1035 bettedicite
1701 980 1830 1034 Deo.
1860 979 1937 1034 Ne
1963 996 2058 1050 per
2085 980 2185 1033 hoc

602 1073 745 1142 quod
768 1072 1066 1126 nominavit
1091 1070 1412 1141 iuvenculas
1439 1081 1494 1126 et
1526 1071 1958 1144 tympanistrias,
1987 1070 2184 1125 vellent

601 1163 846 1218 conversi
881 1177 949 1218 ex
996 1162 1170 1217 Busan
1219 1164 1272 1217 in
1316 1162 1519 1218 carnali
1565 1161 1920 1218 delectatione
1957 1160 2182 1216 Domino

599 1255 1025 1311 benedicendum
1057 1255 1376 1325 intelligere,
1411 1253 1686 1325 subiungit
1711 1253 1799 1307 ubi
1829 1251 2054 1305 Domino
2086 1251 2180 1304 be-

597 1348 953 1404 nedicendum
979 1349 1068 1403 sit.
1088 1348 1252 1416 Quasi
1284 1349 1460 1404 dicat:
1481 1348 1590 1404 Vos
1613 1344 1856 1401 conversi
1885 1360 1950 1398 ea:
1977 1343 2177 1408 Busan,

595 1440 650 1493 in
679 1439 906 1494 ccclesiis
932 1438 1214 1494 benedicite
1245 1437 1381 1503 Deo,
1407 1439 1470 1492 de
1497 1437 1726 1508 fontibus
1751 1435 1940 1498 Israel,
1963 1435 2174 1501 subau-

594 1531 679 1587 dis
719 1532 992 1598 inebriati,
1026 1530 1106 1585 vel
1135 1531 1198 1586 de
1219 1531 1452 1600 fontibus
1477 1529 1780 1586 conﬁrmati
1809 1537 1865 1583 et
1894 1526 2173 1581 instructi:

593 1635 650 1678 ut
683 1639 954 1694 nunquam
1003 1623 1253 1678 doctrina
1284 1631 1461 1678 vestra
1492 1623 1560 1676 ab
1597 1622 1677 1676 eis
1715 1620 1994 1684 dissonet;
2035 1615 2177 1670 unde

590 1718 715 1773 alibi
746 1714 1028 1771 :‘Narrate
1052 1717 1105 1770 in
1128 1714 1361 1769 turribus
1387 1711 1649 1784 ejusil’s.
1687 1709 1876 1782 XLVII).
1909 1707 1993 1762 Ibi
2039 1706 2176 1760 Ben-

587 1812 754 1882 iamin
785 1809 1224 1865 adolescentulus.
1279 1806 1572 1860 Benedicite
1600 1806 1665 1860 de
1705 1804 1935 1874 fontibus
1966 1795 2135 1854 Israel
2154 1834 2170 1859 ,

1257 407 1524 465 neuneu
1561 368 2217 489 ssrtsstoooanws
2259 408 2407 468 ore.
2451 413 2628 474 rans
2666 418 2706 474 ι.
2743 435 2811 459 ι-
2849 421 3260 485 EXEGETICA.
3697 443 3753 502 ιεε

612 537 749 580 nova
779 527 958 594 gratia
1006 521 1308 589 decoratas,
1346 523 1397 578 in
1440 524 1636 594 quibus
1672 511 1942 580 Ecclesiis'
1974 537 2184 577 annnn-
2210 519 2262 583 Δ
2290 522 2340 578 id
2372 536 2475 593 est,
2513 532 2783 603 principes
2816 535 2936 591 ﬁdei
2961 552 3120 596 erunt
3145 541 3308 599 duces
3331 555 3510 602 eorum
3541 551 3612 621 qui
3629 560 3762 614 suum

2295 615 2572 716 Ecclesia:
2603 632 2656 677 et
2680 627 2936 716 principes
2959 627 3218 698 Zabulon,
3249 635 3299 690 id
3321 647 3422 702 est,
3450 615 3756 716 principcsspei,

2287 717 2342 803 et
2374 710 2644 803 principes
2683 714 3043 786 A’epltthalim,
3075 722 3126 778 id
3155 734 3256 792 est,
3287 727 3564 794 cbaritatis,
3587 710 3760 803 quails

2288 798 2419 865 ritas
2447 801 2644 857 dicitur
2673 804 2935 875 dilatatio,
2967 812 3221 879 quoniam
3252 816 3303 870 in
3344 798 3669 879 charilate'sic
3685 829 3756 896 qui-

2286 893 2407 989 dam
2436 896 2839 989 extenduntur,
2860 911 2916 955 nt
2943 919 3040 972 pro
3066 905 3297 964 inimicis
3317 920 3492 965 orent.
3521 911 3625 968 Nota
3645 893 3760 989 Baiis

2285 985 2394 1036 min
2429 985 2483 1038 in
2510 1002 2722 1040 excessu
2750 991 2956 1056 utentis,
3004 993 3057 1048 id
3083 1005 3186 1060 est,
3221 997 3272 1051 in
3303 998 3619 1067 sublimitate,
3635 985 3760 1064 scilicet

2285 1073 2351 1128 de
2375 1090 2436 1130 se
2463 1076 2628 1146 impio
2661 1078 2713 1131 in
2739 1095 2798 1133 se
2827 1081 2992 1149 pium,
3021 1083 3086 1138 de
3115 1101 3173 1140 se
3199 1087 3417 1143 animali
3452 1090 3501 1146 in
3525 1103 3580 1147 se
3596 1097 3760 1163 spiritua-

2282 1167 2409 1235 lem,
2439 1169 2508 1224 de
2538 1185 2599 1224 se
2649 1170 2866 1227 homine
2898 1174 2948 1228 in
2988 1176 3047 1231 se
3079 1176 3266 1233 Deum.
3301 1179 3517 1247 Mando,
3546 1183 3760 1251 Deus,rir-

2283 1267 2448 1351 tute_m
2490 1269 2654 1314 tuam.
2687 1261 2849 1330 Quasi
2877 1265 3058 1322 dicat:
3093 1267 3163 1323 Ut
3197 1279 3248 1324 te
3275 1271 3579 1330 benedicant
3602 1292 3762 1351 conversi

2283 1363 2350 1404 ex
2376 1349 2550 1405 Basan
2579 1351 2630 1405 in
2674 1351 2950 1420 Ecclesiis,
3001 1358 3220 1422 manda;
3265 1359 3427 1426 Deus,
3456 1362 3612 1429 Pater,
3636 1367 3674 1420 id

2280 1442 2595 1496 commenda
2628 1443 2867 1498 virtutem
2908 1458 3076 1513 tuam,
3113 1450 3163 1505 id
3195 1461 3299 1516 est,
3333 1453 3556 1508 Verbum
3582 1464 3690 1509 tuum
3717 1457 3763 1510 io-

2279 1541 2578 1599 carnatnm,
2613 1535 2754 1603 quod
2782 1535 2951 1593 virtus
2995 1549 3082 1593 tua
3123 1551 3221 1595 est.
3259 1541 3413 1598 Unde
3456 1544 3640 1612 Paulus,
3669 1547 3765 1601 Clui-

2277 1633 2420 1678 stum
2451 1625 2546 1680 Dei
2581 1627 2832 1683 virtutem
2869 1638 2921 1684 et
2963 1630 3054 1685 Dei
3087 1633 3407 1702 sapientiam
3437 1635 3485 1706 (l
3513 1635 3616 1690 Cor.
3638 1638 3682 1707 t).
3706 1637 3761 1692 id

2275 1716 2468 1769 manda
2508 1717 2712 1771 virtutis
2741 1729 2845 1772 tua:
2883 1719 3305 1777 benedictionem
3334 1725 3498 1791 illam,
3540 1736 3590 1780 ut
3613 1741 3684 1796 per
3700 1729 3763 1781 vir-

2279 1814 2444 1862 tntcm
2489 1809 2664 1864 omnis
2718 1810 2808 1864 liat
2856 1811 3190 1881 benedictio;
3234 1815 3318 1871 vel
3365 1819 3551 1873 ntanda
3595 1821 3761 1874 virtutem

3809 149 3811 256 γ

589 1908 732 1961 inter
767 1899 904 1976 quos
944 1903 1120 1959 fontes
1153 1903 1258 1957 erit
1293 1900 1595 1972 Benjamin,
1628 1899 1679 1953 id
1723 1907 1830 1962 est,
1880 1893 2078 1950 Paulus
2114 1891 2181 1944 de
2214 1886 2255 1944 ιι
2286 1908 2450 1962 tuam,
2481 1898 2531 1952 id
2558 1908 2660 1964 est,
2699 1902 3014 1956 cbaritatem
3046 1921 3207 1973 quam
3255 1907 3490 1962 habuisti
3521 1924 3627 1979 erga
3659 1911 3763 1964 ltomi-
3810 1979 3811 1986 γ

586 2000 727 2055 tribu
753 1997 1028 2066 Beniamin
1051 2005 1239 2051 natus:
1265 1992 1706 2058 adolescentulus,
1731 1993 1855 2062 quia
1875 1987 2167 2046 novissime

585 2090 686 2145 fuit
716 2090 952 2145 electus:
986 2090 1039 2142 in
1072 2079 1256 2142 mentis
1295 2102 1526 2141 excessu.
1566 2085 1836 2139 Excessus
1871 2083 2069 2136 mentis
2106 2079 2165 2135 lit

585 2181 637 2237 in
669 2191 888 2253 stupore
937 2180 1019 2235 vel
1050 2180 1100 2233 in
1150 2177 1404 2233 elatione.
1454 2177 1510 2230 lu
1565 2185 1783 2246 stupore
1821 2173 2017 2230 mentis
2066 2170 2167 2227 fuit

582 2273 781 2329 Paulus
802 2315 816 2338 ,
846 2272 1063 2342 quando
1105 2267 1242 2325 adeo
1264 2284 1580 2340 percussus,
1603 2267 1772 2337 iacuit
1794 2282 1889 2338 per
1917 2276 2026 2320 tres
2051 2265 2165 2320 dies

581 2365 700 2420 sine
734 2364 852 2418 visu
892 2372 945 2417 et.
968 2361 1152 2416 auditu
1186 2359 1323 2431 (Act.
1357 2358 1457 2431 Ix).
1491 2358 1616 2413 Fuit
1637 2359 1800 2413 etiam
1829 2357 1882 2411 in
1921 2355 2163 2412 sublimi-

581 2465 691 2510 tate
739 2455 934 2509 mentis
960 2469 1083 2508 cum
1129 2451 1307 2508 dixit:
1361 2450 1483 2506 Scio
1533 2450 1792 2508 hominem
1845 2458 1966 2504 ante
1993 2463 2160 2502 annos

577 2539 973 2618 quatuordecim
1009 2544 1137 2616 (sive
1181 2544 1235 2597 in
1289 2557 1536 2613 corpore,
1583 2542 1686 2596 sive
1740 2551 1888 2596 extra
1937 2555 2158 2609 corpus,

579 2637 769 2700 nescio,
813 2634 953 2688 Deus
985 2633 1102 2703 scit)
1145 2642 1350 2703 raptum
1403 2630 1704 2700 hujusmodi
1734 2646 1894 2701 usque
1938 2629 2006 2682 ad
2053 2637 2158 2682 lcr-

575 2727 706 2781 tium
740 2725 922 2780 caelum
959 2723 1045 2796 (II
1094 2721 1217 2777 Cor.
1261 2723 1382 2792 xu).
1436 2722 1491 2776 ln
1545 2737 1650 2792 qua
1695 2721 1858 2776 etiam
1916 2718 2156 2774 Ecclesia

574 2826 735 2872 erunt
753 2818 1008 2887 principes
1037 2814 1182 2869 Iuda
1211 2815 1369 2868 duces
1397 2829 1598 2877 eorum,
1627 2813 1885 2883 principes
1913 2808 2156 2864 Zabulon

572 2917 622 2961 et
642 2908 898 2978 principes
928 2906 1287 2974 Nephthalim.
1315 2903 1516 2958 Volunt
1539 2903 1757 2974 quidam
1788 2902 1841 2956 in
1865 2901 1968 2958 hoc
1993 2916 2153 2957 versu

573 3014 762 3054 omnes
789 2997 1062 3068 apostolos
1089 2996 1314 3067 intelligi
1347 2995 1415 3050 de
1457 2995 1598 3049 tribu
1632 2995 1859 3050 istorum
1891 3008 2013 3050 esse
2049 3009 2151 3047 na-

574 3099 680 3155 tos,
713 3091 854 3159 quod
878 3104 984 3143 non
1006 3088 1274 3142 habemus
1295 3087 1437 3141 unde
1456 3086 1859 3152 conﬁrmemus,
1883 3086 2022 3141 sicut
2044 3101 2149 3142 non

572 3180 833 3234 habemus
862 3180 1004 3234 unde
1045 3179 1450 3248 improbemus:
1481 3193 1650 3248 quare
1681 3178 1985 3248 quazrendze
2020 3186 2148 3233 sunt

2271 1999 2366 2042 nes
2393 2005 2406 2040 :
2438 1990 2693 2058 quoniam
2729 2007 2847 2044 cum
2880 1992 3052 2047 adhuc
3081 2005 3374 2063 peccatores
3402 2013 3638 2063 essemus,
3671 1997 3761 2052 Citrio
3810 2009 3811 2052 1

2267 2087 2378 2131 stus
2411 2095 2505 2147 pro
2543 2081 2688 2134 nobis
2722 2091 2957 2137 mortuus
2986 2095 3060 2138 est
3089 2085 3269 2158 (Rom.
3305 2087 3381 2158 v).
3431 2087 3664 2157 Conﬁrma
3693 2090 3760 2148 loc.
3810 2071 3811 2084 ἢ

2267 2167 2429 2234 Deus,
2457 2171 2596 2240 quod
2619 2183 2861 2248 operatus
2890 2191 2943 2228 es
2973 2175 3026 2229 in
3054 2153 3218 2242 nabis,
3247 2177 3299 2231 id
3324 2153 3426 2241 est;
3461 2153 3657 2249 gratiam
3675 2179 3764 2232 illam
3810 2161 3811 2210 ἶ

2265 2277 2425 2332 quam
2457 2262 2612 2318 nobis
2641 2247 2892 2331 tribuisti,
2926 2267 3202 2336 con/irata,
3235 2269 3286 2322 id
3312 2280 3416 2334 est,
3448 2270 3648 2326 similem
3670 2271 3763 2324 nol-is

2263 2363 2318 2408 et
2354 2355 2601 2424 gentibus
2641 2355 2849 2428 lirmam
2883 2358 3064 2424 redde,
3111 2358 3420 2429 incipiendo
3458 2380 3489 2414 a
3531 2362 3684 2429 templo
3713 2371 3764 2412 tto

2260 2446 2402 2517 quod
2445 2456 2522 2502 est
2567 2447 2624 2502 in
2658 2448 2990 2514 Jerusalem;
3022 2450 3092 2504 ibi
3129 2452 3274 2505 enim
3305 2454 3457 2522 prius
3500 2452 3682 2508 verbum
3709 2452 3762 2505 Dei

2260 2538 2609 2607 prtedicatnm
2654 2547 2758 2593 est.
2793 2537 2898 2593 Sed
2935 2541 3061 2610 quia
3096 2543 3352 2596 exczecati
3398 2544 3621 2614 recipere
3643 2542 3764 2596 nolue-

2262 2636 2408 2693 runt,
2435 2627 2683 2683 conversi
2711 2637 2838 2683 sunt
2857 2629 3235 2699 praedicatores
3265 2633 3331 2686 ad
3352 2644 3554 2702 gentes.
3580 2630 3762 2699 Conﬁraa
3810 2699 3811 2706 γ

2257 2718 2356 2772 hoc
2385 2718 2524 2788 quod
2554 2728 2799 2788 operatus
2821 2736 2874 2772 es
2896 2720 2949 2774 in
2982 2720 3147 2775 nobis.
3182 2721 3312 2777 Nam
3349 2723 3394 2778 si
3424 2721 3763 2789 conﬁrmamus.

2259 2827 2420 2881 rcges,
2449 2811 2500 2866 id
2525 2820 2609 2867 est
2632 2812 2859 2882 apostoli
2907 2812 3003 2878 tui,
3036 2814 3252 2883 oﬁ‘erent
3294 2815 3387 2868 tibi
3433 2826 3763 2870 ntuneramam
3810 2827 3811 2842 ἢ

2258 2901 2451 2958 Petrus
2509 2902 2701 2959 oll'eret
2769 2904 2864 2958 tibi
2931 2919 3220 2961 conversos
3277 2921 3345 2961 ex
3408 2905 3761 2964 circumcisione;

2253 2991 2452 3049 Paulus
2491 3010 2556 3050 ex
2587 2995 2884 3067 praeputio;
2913 2995 3151 3052 Thomas
3183 2997 3364 3063 Indos,
3389 3008 3445 3053 et
3474 2998 3672 3067 quisque
3688 3006 3765 3048 suos

2253 3083 2450 3154 quibus
2506 3084 2821 3155 praedicavit
2865 3100 2880 3139 :
2926 3086 3009 3142 vel
3054 3087 3229 3155 aliter,
3277 3088 3530 3156 conﬁrma
3568 3087 3649 3139 hoc
3679 3079 3765 3151 qut-tl

2252 3183 2498 3240 operatus
2525 3190 2578 3228 es
2608 3175 2662 3229 in
2712 3175 2878 3230 nobis.
2913 3175 3046 3230 Nam
3088 3176 3132 3232 si
3165 3177 3587 3240 conﬁrmaveris,
3619 3175 3766 3240 olerent

571 3270 846 3324 nominum
877 3269 1371 3338 interpretationes.
1408 3267 1990 3338 Judasintcrpretatur
2015 3284 2142 3324 con-
2172 3237 2219 3302 ο
2252 3263 2347 3320 tibi
2377 3281 2520 3336 reges
2546 3282 2788 3334 munera,
2833 3266 3155 3338 incipientes
3180 3285 3211 3323 a
3239 3267 3433 3338 templo
3463 3278 3571 3332 tuo,
3591 3275 3636 3320 et
3655 3273 3766 3330 usque
3810 3287 3811 3330 ;

567 3359 769 3430 fessio:
801 3357 889 3412 ubi
943 3367 1213 3430 martyres
1247 3357 1634 3428 intelliguntur,
1681 3358 1772 3429 qui
1818 3358 2142 3428 praecipuam

569 3451 727 3506 ﬁdem
750 3451 802 3505 in
825 3449 1064 3506 Ecclesia
1096 3450 1334 3517 habent,
1365 3459 1418 3506 et
1442 3467 1539 3521 pro
1565 3465 1627 3506 ea
1654 3451 1888 3507 maxime
1909 3460 2141 3508 certant.

566 3540 633 3594 Et
659 3539 914 3610 quoniam
941 3541 1274 3595 certantibus
1295 3555 1392 3610 pro
1417 3540 1521 3596 lide
1549 3557 1684 3611 opus
1721 3549 1804 3597 est
1825 3543 2143 3599 corrobora-

567 3632 709 3686 tione
736 3639 792 3686 et
818 3629 1156 3698 fortitudine,
1184 3647 1253 3686 ne
1281 3632 1537 3688 deficiant
1567 3634 1619 3688 in
1646 3635 1942 3690 certamine
1961 3677 1976 3702 ,
2009 3637 2138 3692 sub-

565 3720 838 3791 iungitur.
869 3721 1138 3792 Principes
1177 3720 1438 3777 Zabulon.
1476 3723 1716 3779 Zabnlon
1756 3724 2144 3796 interpretatur

562 3810 920 3865 habitaculum
953 3810 1299 3880 fortitudinis,
1351 3811 1441 3868 ubi
1483 3826 1609 3883 spes
1638 3812 1972 3886 intelligitur,
2022 3830 2142 3886 quae

565 3902 798 3955 maxime
841 3903 1158 3956 corroborat
1202 3908 1468 3971 martyres
1523 3916 1623 3972 pro
1680 3903 1785 3957 [ide
1823 3913 2136 3960 certantes:

561 3992 688 4060 quia
746 3991 871 4046 dum
916 3999 1139 4061 sperant
1181 4000 1404 4058 acterna,
1467 4007 1574 4047 non
1637 4003 1828 4061 gravat
1868 4010 1962 4050 eos
2020 4011 2139 4050 mn-

562 4090 678 4135 tare
740 4081 1072 4149 temporalia.
1137 4077 1407 4149 Principes
1477 4082 1834 4154 Neplttltalim.
1893 4085 2140 4142 Nominis

561 4171 938 4242 interpretatio
984 4182 1069 4227 est
1110 4171 1375 4238 dilatatio,
1437 4174 1528 4230 ubi
1588 4175 1901 4246 intelligitur
1949 4177 2140 4232 dilani-

561 4272 672 4315 tum
729 4261 1051 4331 pratmium,
1131 4261 1275 4332 quod
1351 4264 1618 4333 recepturi
1687 4274 1816 4321 sunt
1885 4267 1976 4337 qui
2051 4268 2140 4322 hic

556 4351 794 4424 legitime
843 4361 1066 4428 certant,
1111 4352 1164 4407 in
1206 4352 1350 4408 ﬁde:
1408 4369 1532 4409 nam
1594 4355 1684 4428 qui
1735 4361 2136 4427 perseveraverit

555 4461 716 4516 usque
761 4446 816 4500 in
861 4445 1056 4515 linem,
1099 4445 1275 4502 salvus
1313 4447 1410 4502 erit
1450 4447 1666 4520 (Matth.
1708 4467 1740 4504 χ
1768 4490 1784 4517 ,
1827 4453 1998 4522 xxiv).
2040 4451 2132 4509 Vel

554 4535 712 4590 aliter
758 4535 885 4590 :Ibi
932 4537 1210 4608 Benjamin
1239 4538 1676 4596 adolescentulus.
1707 4541 1875 4599 Jacob
1917 4544 2135 4601 benedi-

2248 3354 2305 3408 in
2328 3351 2626 3409 Jerusalem
2654 3355 3092 3432 supercmlestem
3123 3357 3522 3428 pervenientes.
3548 3355 3609 3409 Et
3641 3363 3686 3406 ut
3710 3349 3767 3402 tibi
3810 3423 3811 3436 χ

2245 3445 2498 3514 olferant,
2527 3447 2739 3520 increpa
2770 3447 2910 3518 {eras
2937 3449 3234 3516 arundinis;
3267 3449 3319 3504 id
3349 3457 3455 3514 est,
3495 3447 3702 3503 homines
3721 3443 3766 3495 ir-
3810 3447 3811 3518 ᾖ

2246 3537 2646 3594 rationabiliter
2689 3538 2954 3606 viventes,
3000 3549 3056 3594 et
3098 3540 3219 3595 ideo
3249 3539 3378 3610 leris
3423 3534 3765 3609 comparabilts.
3810 3569 3811 3618 ι

2247 3627 2386 3684 Sunt
2411 3628 2574 3684 etiam
2600 3630 2827 3696 arundo,
2857 3631 2984 3700 quia
3014 3629 3476 3687 circumferuntur
3502 3629 3634 3686 omni
3658 3633 3765 3678 vento
3810 3663 3811 3668 η

2246 3722 2528 3778 doctrinae.
2560 3721 2653 3777 Vel
2691 3725 2901 3794 increpa
2945 3724 3086 3794 feras
3129 3723 3500 3795 dissipatriccs
3538 3716 3766 3776 arundinis.

2245 3811 2298 3866 id
2321 3820 2428 3879 est,
2474 3813 2730 3869 doctrina:
2766 3829 2956 3881 sacrae,
2993 3830 3114 3885 qua:
3140 3830 3238 3886 per
3282 3815 3598 3870 arundinem
3633 3804 3768 3864 inulti
3810 3827 3811 3840 ι

2243 3904 2406 3975 gitur,
2439 3906 2695 3976 quoniam
2741 3909 2948 3963 arundo
2995 3907 3203 3963 solebat
3240 3922 3362 3964 esse
3399 3908 3542 3977 apud
3587 3904 3768 3968 antqu
3810 3933 3811 3962 ξ

2242 4009 2404 4053 causa
2454 3996 2754 4065 scripturae.
2802 3996 2952 4053 Unde
2988 3997 3156 4063 alibi,
3202 3997 3384 4068 lingua
3434 4014 3552 4051 mea
3598 3993 3768 4047 caldam
3810 3985 3811 3992 λ

2239 4086 2426 4143 scriba:
2458 4086 2629 4160 (Psal.
2675 4088 2843 4159 κων).
2881 4089 2976 4145 Vel
3015 4090 3268 4144 arundini
3313 4082 3767 4160 comparanturhc-
3810 4085 3811 4138 Τ

2240 4178 2396 4234 retici
2423 4196 2437 4232 :
2468 4179 2594 4248 quia
2624 4178 2766 4235 sicut
2794 4180 3004 4235 arundo
3032 4179 3086 4235 in
3117 4179 3296 4236 lutoso
3328 4181 3448 4236 loco
3476 4180 3582 4234 lixa
3605 4171 3767 4238 est.sic

2243 4270 2530 4326 haereticus
2557 4270 2787 4341 quisque
2827 4270 2881 4325 in
2910 4270 3083 4327 lutoso
3114 4270 3389 4326 intellectu
3424 4286 3484 4326 se
3512 4263 3762 4331 submergil.
3810 4259 3811 4304 ἒ

2239 4359 2577 4432 Congregatis
2603 4372 2877 4416 taurorum
2910 4362 2965 4416 in
3000 4361 3165 4416 vaccis
3188 4361 3526 4432 populorum,
3559 4369 3612 4414 ut
3645 4355 3768 4410 est-’6-

2237 4453 2366 4509 dant
2391 4470 2478 4509 eos
2504 4453 2594 4525 qui
2630 4454 2838 4523 probati
2863 4463 2982 4509 sunt
3018 4462 3253 4524 argento.
3287 4452 3452 4521 Quasi
3491 4453 3663 4507 dicat:
3688 4445 3767 4501 bitu

2237 4544 2358 4601 dico
2400 4553 2459 4599 ut
2498 4544 2746 4616 inerepas
2790 4543 2936 4601 feras
2983 4546 3280 4602 arundinis.
3337 4547 3472 4602 Nam
3519 4545 3683 4600 futura
3715 4546 3767 4591 est
3810 4615 3811 4618 η

553 4640 681 4680 cens
712 4626 834 4682 liliis
858 4628 993 4695 suis,
1015 4604 1152 4684 dixit
1177 4629 1456 4700 Beniamin
1483 4649 1498 4686 :
1532 4633 1652 4687 Fiat
1680 4633 1957 4705 Benjamin
1979 4635 2133 4707 lupus
2158 4604 2214 4672 Β
2241 4637 2569 4708 congregatio
2595 4604 2888 4704 taurorum,
2921 4639 2974 4697 id
3010 4648 3110 4703 est,
3147 4640 3361 4697 illorum
3387 4619 3627 4711 quisunt
3659 4635 3768 4691 indo-

555 4734 743 4788 rapax,
764 4735 915 4774 mane
939 4719 1226 4776 comedens
1239 4722 1494 4792 praedam,
1522 4739 1725 4794 vespere
1746 4725 1994 4786 dividens
2019 4744 2136 4800 spo-

551 4808 624 4862 lia
655 4807 808 4880 (Gen.
839 4813 1006 4882 χιιι).
1039 4811 1094 4866 In
1125 4812 1228 4868 hac
1267 4812 1642 4871 benedictione
1679 4833 1785 4872 non
1834 4819 2140 4889 specialiter

551 4895 749 4952 Paulus
791 4900 965 4954 notari
1008 4908 1204 4969 potest,
1241 4901 1334 4956 sed
1367 4916 1557 4958 omnes
1588 4903 1663 4958 illi
1695 4906 1808 4975 qui,
1855 4922 2015 4964 mane
2045 4924 2140 4964 ex-

550 4987 702 5060 pulsa
747 4987 1076 5046 inﬁdelitatis
1129 4991 1508 5050 tenebrositate
1534 5033 1549 5060 ,
1600 4997 1829 5065 quadam
1882 4999 2140 5056 aviditate

547 5078 702 5147 quasi
729 5079 1056 5135 comedendo
1081 5092 1299 5136 sumunt
1327 5084 1550 5138 verbum
1579 5085 1672 5140 Dei
1696 5100 1712 5141 :
1741 5094 1795 5141 et
1815 5101 2058 5158 vespere,
2080 5089 2135 5145 id

549 5180 631 5220 est
654 5211 670 5220 .
698 5171 774 5220 illi
800 5173 889 5220 αιιί
923 5181 1077 5226 nocte
1105 5173 1420 5228 ignorantia:
1447 5175 1624 5228 adhuc
1655 5167 2019 5230 enascantur.
2049 5179 2131 5230 di-

2244 4727 2389 4782 mitte
2433 4728 2676 4792 cervicis,
2709 4737 2766 4784 et
2807 4729 2928 4785 ideo
2967 4731 3135 4787 tauris
3178 4714 3595 4804 eomparabiles.
3622 4730 3678 4785 Et
3709 4725 3765 4779 ubi

2243 4815 2358 4877 hznc
2384 4817 2728 4888 congregatio
2752 4818 2932 4873 futura
2958 4820 3029 4875 sit
3052 4821 3306 4878 ostendit.
3333 4822 3400 4877 In
3420 4824 3594 4878 vaccis
3608 4817 3768 4891 popula

2243 4925 2380 4974 rum,
2410 4909 2551 4964 inter
2583 4909 2702 4964 illos
2742 4909 3023 4978 videlicet,
3048 4911 3139 4983 qui
3191 4911 3336 4968 inter
3382 4913 3607 4986 populos
3639 4907 3766 4964 vaccis

2243 5011 2370 5058 sunt
2401 5002 2814 5074 eomparabiles.
2853 5003 2990 5058 Nota
3019 5019 3239 5061 vaccam
3289 5014 3504 5062 taurum
3544 5006 3691 5061 libere
3712 5013 3767 5053 se-

2237 5097 2349 5168 qui.
2383 5094 2537 5151 Unde
2558 5095 2768 5152 animas
2793 5096 3140 5154 seductibiles
3158 5114 3279 5170 qua
3318 5098 3512 5154 leviter
3541 5091 3766 5154 sententia

2237 5187 2612 5234 hem-ptimum
2658 5188 3070 5246 subvertunlur.
3115 5188 3352 5261 intellige
3391 5191 3575 5246 vaccis
3604 5198 3768 5253 compa-
3810 5253 3811 5264 ξ

3385 5288 3392 5292 ’
3471 5279 3578 5320 ’⁵ηὸ
3612 5280 3769 5330 inim
3810 5273 3811 5296 λ
