  <div class='ocr_page' id='page_1' title='image "/cluster/home/n/w/nwhite01/storage/ocr_20150623/131/hvd.32044015471725/250.png"; bbox 0 0 3918 6414; ppageno 0'>
   <div class='ocr_carea' id='block_1_1' title="bbox 65 485 190 544">
    <p class='ocr_par' dir='ltr' id='par_1_1' title="bbox 65 485 190 544">
     <span class='ocr_line' id='line_1_1' title="bbox 65 485 190 544; baseline 0 -1"><span class='ocrx_word' id='word_1_1' title='bbox 65 485 190 544; x_wconf 64' lang='grc' dir='ltr'><strong>ι89</strong></span> 
     </span>
    </p>
   </div>
   <div class='ocr_carea' id='block_1_2' title="bbox 66 591 1656 672">
    <p class='ocr_par' dir='ltr' id='par_1_2' title="bbox 66 591 1656 672">
     <span class='ocr_line' id='line_1_2' title="bbox 66 591 1656 672; baseline -0.013 -14"><span class='ocrx_word' id='word_1_2' title='bbox 66 598 347 670; x_wconf 74' lang='lat' dir='ltr'><strong>manifesti</strong></span> <span class='ocrx_word' id='word_1_3' title='bbox 393 596 525 666; x_wconf 78' lang='lat' dir='ltr'><strong>ﬁant</strong></span> <span class='ocrx_word' id='word_1_4' title='bbox 566 594 625 668; x_wconf 91' lang='grc'><strong>(1</strong></span> <span class='ocrx_word' id='word_1_5' title='bbox 677 593 798 649; x_wconf 88' lang='lat' dir='ltr'><strong>Cor.</strong></span> <span class='ocrx_word' id='word_1_6' title='bbox 848 591 975 666; x_wconf 79' lang='lat' dir='ltr'><strong>xt);</strong></span> <span class='ocrx_word' id='word_1_7' title='bbox 1021 591 1101 646; x_wconf 88' lang='lat' dir='ltr'><strong>vel</strong></span> <span class='ocrx_word' id='word_1_8' title='bbox 1149 591 1338 654; x_wconf 87' lang='lat' dir='ltr'><strong>aliter,</strong></span> <span class='ocrx_word' id='word_1_9' title='bbox 1393 597 1448 641; x_wconf 88' lang='lat' dir='ltr'><strong>ut</strong></span> <span class='ocrx_word' id='word_1_10' title='bbox 1482 591 1656 672; x_wconf 42' lang='lat' dir='ltr'><strong>excluf</strong></span> 
     </span>
    </p>
   </div>
   <div class='ocr_carea' id='block_1_3' title="bbox 67 682 1664 761">
    <p class='ocr_par' dir='ltr' id='par_1_3' title="bbox 67 682 1664 761">
     <span class='ocr_line' id='line_1_3' title="bbox 67 682 1664 761; baseline -0.011 -13"><span class='ocrx_word' id='word_1_11' title='bbox 67 695 209 748; x_wconf 81' lang='lat' dir='ltr'><strong>dant</strong></span> <span class='ocrx_word' id='word_1_12' title='bbox 235 706 326 745; x_wconf 85' lang='lat' dir='ltr'><strong>eos</strong></span> <span class='ocrx_word' id='word_1_13' title='bbox 366 690 455 761; x_wconf 81' lang='lat' dir='ltr'><strong>qui</strong></span> <span class='ocrx_word' id='word_1_14' title='bbox 479 688 686 758; x_wconf 81' lang='lat' dir='ltr'><strong>probati</strong></span> <span class='ocrx_word' id='word_1_15' title='bbox 726 696 846 739; x_wconf 89' lang='lat' dir='ltr'><strong>sunt</strong></span> <span class='ocrx_word' id='word_1_16' title='bbox 888 694 1120 755; x_wconf 85' lang='lat' dir='ltr'><strong>argento,</strong></span> <span class='ocrx_word' id='word_1_17' title='bbox 1179 682 1229 736; x_wconf 89' lang='lat' dir='ltr'><strong>id</strong></span> <span class='ocrx_word' id='word_1_18' title='bbox 1282 689 1394 740; x_wconf 89' lang='lat' dir='ltr'><strong>est,</strong></span> <span class='ocrx_word' id='word_1_19' title='bbox 1438 695 1503 733; x_wconf 74' lang='lat' dir='ltr'><strong>ex</strong></span> <span class='ocrx_word' id='word_1_20' title='bbox 1553 686 1664 731; x_wconf 88' lang='lat' dir='ltr'><strong>toto</strong></span> 
     </span>
    </p>
   </div>
   <div class='ocr_carea' id='block_1_4' title="bbox 68 773 1666 858">
    <p class='ocr_par' dir='ltr' id='par_1_4' title="bbox 68 773 1666 858">
     <span class='ocr_line' id='line_1_4' title="bbox 68 773 1666 858; baseline -0.012 -14"><span class='ocrx_word' id='word_1_21' title='bbox 68 793 368 858; x_wconf 74' lang='lat' dir='ltr'><strong>segregent</strong></span> <span class='ocrx_word' id='word_1_22' title='bbox 412 781 682 853; x_wconf 88' lang='lat' dir='ltr'><strong>perfectos</strong></span> <span class='ocrx_word' id='word_1_23' title='bbox 747 781 816 836; x_wconf 90' lang='lat' dir='ltr'><strong>ab</strong></span> <span class='ocrx_word' id='word_1_24' title='bbox 863 777 1196 848; x_wconf 80' lang='lat' dir='ltr'><strong>imperfectis</strong></span> <span class='ocrx_word' id='word_1_25' title='bbox 1223 819 1237 840; x_wconf 87' lang='lat'><strong>,</strong></span> <span class='ocrx_word' id='word_1_26' title='bbox 1294 773 1666 830; x_wconf 70' lang='lat' dir='ltr'><strong>subtrahendo</strong></span> 
     </span>
    </p>
   </div>
   <div class='ocr_carea' id='block_1_5' title="bbox 67 869 1668 948">
    <p class='ocr_par' dir='ltr' id='par_1_5' title="bbox 67 869 1668 948">
     <span class='ocr_line' id='line_1_5' title="bbox 67 869 1668 948; baseline -0.011 -14"><span class='ocrx_word' id='word_1_27' title='bbox 67 878 375 948; x_wconf 77' lang='lat' dir='ltr'><strong>magistros</strong></span> <span class='ocrx_word' id='word_1_28' title='bbox 405 874 702 945; x_wconf 76' lang='lat' dir='ltr'><strong>discipulis,</strong></span> <span class='ocrx_word' id='word_1_29' title='bbox 735 883 789 927; x_wconf 91' lang='lat' dir='ltr'><strong>et</strong></span> <span class='ocrx_word' id='word_1_30' title='bbox 819 873 898 927; x_wconf 88' lang='lat' dir='ltr'><strong>sic</strong></span> <span class='ocrx_word' id='word_1_31' title='bbox 927 887 1021 926; x_wconf 82' lang='lat' dir='ltr'><strong>eos</strong></span> <span class='ocrx_word' id='word_1_32' title='bbox 1068 870 1168 925; x_wconf 88' lang='lat' dir='ltr'><strong>sibi</strong></span> <span class='ocrx_word' id='word_1_33' title='bbox 1201 869 1578 938; x_wconf 89' lang='lat' dir='ltr'><strong>incorporeut;</strong></span> <span class='ocrx_word' id='word_1_34' title='bbox 1613 872 1668 918; x_wconf 88' lang='lat' dir='ltr'><strong>et</strong></span> 
     </span>
    </p>
   </div>
   <div class='ocr_carea' id='block_1_6' title="bbox 69 954 1668 1038">
    <p class='ocr_par' dir='ltr' id='par_1_6' title="bbox 69 954 1668 1038">
     <span class='ocr_line' id='line_1_6' title="bbox 69 954 1668 1038; baseline -0.011 -12"><span class='ocrx_word' id='word_1_35' title='bbox 69 973 205 1026; x_wconf 77' lang='lat' dir='ltr'><strong>ideo</strong></span> <span class='ocrx_word' id='word_1_36' title='bbox 235 971 444 1038; x_wconf 86' lang='lat' dir='ltr'><strong>increpa</strong></span> <span class='ocrx_word' id='word_1_37' title='bbox 467 965 608 1034; x_wconf 88' lang='lat' dir='ltr'><strong>feras</strong></span> <span class='ocrx_word' id='word_1_38' title='bbox 639 964 915 1018; x_wconf 75' lang='lat' dir='ltr'><strong>arundinis</strong></span> <span class='ocrx_word' id='word_1_39' title='bbox 944 963 1045 1017; x_wconf 93' lang='lat' dir='ltr'><strong>hoc</strong></span> <span class='ocrx_word' id='word_1_40' title='bbox 1070 960 1230 1015; x_wconf 88' lang='lat' dir='ltr'><strong>modo</strong></span> <span class='ocrx_word' id='word_1_41' title='bbox 1255 977 1269 1014; x_wconf 89' lang='lat'>:</span> <span class='ocrx_word' id='word_1_42' title='bbox 1306 958 1512 1027; x_wconf 86' lang='lat' dir='ltr'><strong>Dissipa</strong></span> <span class='ocrx_word' id='word_1_43' title='bbox 1537 954 1668 1009; x_wconf 85' lang='lat' dir='ltr'><strong>bella</strong></span> 
     </span>
    </p>
   </div>
   <div class='ocr_carea' id='block_1_7' title="bbox 71 1047 1669 1128">
    <p class='ocr_par' dir='ltr' id='par_1_7' title="bbox 71 1047 1669 1128">
     <span class='ocr_line' id='line_1_7' title="bbox 71 1047 1669 1128; baseline -0.012 -10"><span class='ocrx_word' id='word_1_44' title='bbox 71 1062 346 1117; x_wconf 83' lang='lat' dir='ltr'><strong>interiora</strong></span> <span class='ocrx_word' id='word_1_45' title='bbox 373 1100 387 1124; x_wconf 94' lang='lat'><strong>,</strong></span> <span class='ocrx_word' id='word_1_46' title='bbox 431 1059 558 1128; x_wconf 88' lang='lat' dir='ltr'><strong>quia</strong></span> <span class='ocrx_word' id='word_1_47' title='bbox 601 1056 876 1125; x_wconf 87' lang='lat' dir='ltr'><strong>dissipasti</strong></span> <span class='ocrx_word' id='word_1_48' title='bbox 929 1054 1064 1108; x_wconf 89' lang='lat' dir='ltr'><strong>bella</strong></span> <span class='ocrx_word' id='word_1_49' title='bbox 1111 1052 1403 1107; x_wconf 79' lang='lat' dir='ltr'><strong>exteriora.</strong></span> <span class='ocrx_word' id='word_1_50' title='bbox 1457 1047 1669 1112; x_wconf 78' lang='lat' dir='ltr'><strong>Dissipa</strong></span> 
     </span>
    </p>
   </div>
   <div class='ocr_carea' id='block_1_8' title="bbox 72 1140 1672 1224">
    <p class='ocr_par' dir='ltr' id='par_1_8' title="bbox 72 1140 1672 1224">
     <span class='ocr_line' id='line_1_8' title="bbox 72 1140 1672 1224; baseline -0.009 -18"><span class='ocrx_word' id='word_1_51' title='bbox 72 1163 259 1224; x_wconf 80' lang='lat' dir='ltr'><strong>gentes</strong></span> <span class='ocrx_word' id='word_1_52' title='bbox 284 1166 400 1221; x_wconf 76' lang='lat' dir='ltr'><strong>ante</strong></span> <span class='ocrx_word' id='word_1_53' title='bbox 425 1148 560 1203; x_wconf 84' lang='lat' dir='ltr'><strong>bella</strong></span> <span class='ocrx_word' id='word_1_54' title='bbox 587 1147 786 1210; x_wconf 68' lang='lat' dir='ltr'><strong>volunt,</strong></span> <span class='ocrx_word' id='word_1_55' title='bbox 815 1147 868 1200; x_wconf 90' lang='lat' dir='ltr'><strong>id</strong></span> <span class='ocrx_word' id='word_1_56' title='bbox 895 1155 996 1210; x_wconf 90' lang='lat' dir='ltr'><strong>est,</strong></span> <span class='ocrx_word' id='word_1_57' title='bbox 1025 1145 1312 1200; x_wconf 76' lang='lat' dir='ltr'><strong>lucreticos</strong></span> <span class='ocrx_word' id='word_1_58' title='bbox 1337 1141 1427 1212; x_wconf 91' lang='lat' dir='ltr'><strong>qui</strong></span> <span class='ocrx_word' id='word_1_59' title='bbox 1453 1140 1672 1195; x_wconf 88' lang='lat' dir='ltr'><strong>student</strong></span> 
     </span>
    </p>
   </div>
   <div class='ocr_carea' id='block_1_9' title="bbox 72 1231 1670 1302">
    <p class='ocr_par' dir='ltr' id='par_1_9' title="bbox 72 1231 1670 1302">
     <span class='ocr_line' id='line_1_9' title="bbox 72 1231 1670 1302; baseline -0.009 -7"><span class='ocrx_word' id='word_1_60' title='bbox 72 1240 440 1302; x_wconf 74' lang='lat' dir='ltr'><strong>contentioni,</strong></span> <span class='ocrx_word' id='word_1_61' title='bbox 459 1247 514 1293; x_wconf 88' lang='lat' dir='ltr'><strong>et</strong></span> <span class='ocrx_word' id='word_1_62' title='bbox 535 1252 639 1292; x_wconf 89' lang='lat' dir='ltr'><strong>non</strong></span> <span class='ocrx_word' id='word_1_63' title='bbox 657 1236 1009 1300; x_wconf 74' lang='lat' dir='ltr'><strong>correctioni;</strong></span> <span class='ocrx_word' id='word_1_64' title='bbox 1033 1245 1088 1289; x_wconf 89' lang='lat' dir='ltr'><strong>ct</strong></span> <span class='ocrx_word' id='word_1_65' title='bbox 1107 1231 1481 1296; x_wconf 87' lang='lat' dir='ltr'><strong>destructioni,</strong></span> <span class='ocrx_word' id='word_1_66' title='bbox 1498 1239 1670 1285; x_wconf 91' lang='lat' dir='ltr'><strong>etnon</strong></span> 
     </span>
    </p>
   </div>
   <div class='ocr_carea' id='block_1_10' title="bbox 75 1321 1670 1399">
    <p class='ocr_par' dir='ltr' id='par_1_10' title="bbox 75 1321 1670 1399">
     <span class='ocr_line' id='line_1_10' title="bbox 75 1321 1670 1399; baseline -0.011 -9"><span class='ocrx_word' id='word_1_67' title='bbox 75 1331 452 1389; x_wconf 70' lang='lat' dir='ltr'><strong>azdilicatioui.</strong></span> <span class='ocrx_word' id='word_1_68' title='bbox 487 1325 642 1384; x_wconf 84' lang='lat' dir='ltr'><strong>Unde</strong></span> <span class='ocrx_word' id='word_1_69' title='bbox 668 1329 954 1399; x_wconf 78' lang='lat' dir='ltr'><strong>Apostolus</strong></span> <span class='ocrx_word' id='word_1_70' title='bbox 981 1345 993 1381; x_wconf 91' lang='lat'><strong>:</strong></span> <span class='ocrx_word' id='word_1_71' title='bbox 1032 1326 1098 1380; x_wconf 78' lang='lat' dir='ltr'><strong>In</strong></span> <span class='ocrx_word' id='word_1_72' title='bbox 1131 1324 1448 1388; x_wconf 77' lang='lat' dir='ltr'><strong>novissimis,</strong></span> <span class='ocrx_word' id='word_1_73' title='bbox 1476 1321 1670 1391; x_wconf 79' lang='lat' dir='ltr'><strong>inquit,</strong></span> 
     </span>
    </p>
   </div>
   <div class='ocr_carea' id='block_1_11' title="bbox 76 1416 1669 1494">
    <p class='ocr_par' dir='ltr' id='par_1_11' title="bbox 76 1416 1669 1494">
     <span class='ocr_line' id='line_1_11' title="bbox 76 1416 1669 1494; baseline -0.007 -15"><span class='ocrx_word' id='word_1_74' title='bbox 76 1425 402 1494; x_wconf 77' lang='lat' dir='ltr'><strong>temporibus</strong></span> <span class='ocrx_word' id='word_1_75' title='bbox 431 1422 694 1477; x_wconf 81' lang='lat' dir='ltr'><strong>discedent</strong></span> <span class='ocrx_word' id='word_1_76' title='bbox 725 1422 939 1493; x_wconf 81' lang='lat' dir='ltr'><strong>quidam</strong></span> <span class='ocrx_word' id='word_1_77' title='bbox 975 1439 1006 1474; x_wconf 91' lang='lat' dir='ltr'><strong>a</strong></span> <span class='ocrx_word' id='word_1_78' title='bbox 1033 1420 1156 1490; x_wconf 63' lang='lat' dir='ltr'><strong>ﬁde,</strong></span> <span class='ocrx_word' id='word_1_79' title='bbox 1202 1417 1523 1472; x_wconf 76' lang='lat' dir='ltr'><strong>attendentes</strong></span> <span class='ocrx_word' id='word_1_80' title='bbox 1557 1416 1669 1484; x_wconf 85' lang='lat' dir='ltr'><strong>spi-</strong></span> 
     </span>
    </p>
   </div>
   <div class='ocr_carea' id='block_1_12' title="bbox 84 1507 1674 1578">
    <p class='ocr_par' dir='ltr' id='par_1_12' title="bbox 84 1507 1674 1578">
     <span class='ocr_line' id='line_1_12' title="bbox 84 1507 1674 1578; baseline -0.007 -10"><span class='ocrx_word' id='word_1_81' title='bbox 84 1517 271 1577; x_wconf 59' lang='lat' dir='ltr'><strong>gitibus</strong></span> <span class='ocrx_word' id='word_1_82' title='bbox 316 1515 510 1568; x_wconf 87' lang='lat' dir='ltr'><strong>erroris</strong></span> <span class='ocrx_word' id='word_1_83' title='bbox 540 1523 586 1567; x_wconf 84' lang='lat' dir='ltr'><strong>et</strong></span> <span class='ocrx_word' id='word_1_84' title='bbox 613 1513 862 1566; x_wconf 77' lang='lat' dir='ltr'><strong>doctrinis</strong></span> <span class='ocrx_word' id='word_1_85' title='bbox 895 1511 1274 1565; x_wconf 78' lang='lat' dir='ltr'><strong>dtrmoniorum</strong></span> <span class='ocrx_word' id='word_1_86' title='bbox 1295 1549 1310 1572; x_wconf 92' lang='lat'><strong>,</strong></span> <span class='ocrx_word' id='word_1_87' title='bbox 1354 1507 1674 1578; x_wconf 81' lang='lat' dir='ltr'><strong>loquentium</strong></span> 
     </span>
    </p>
   </div>
   <div class='ocr_carea' id='block_1_13' title="bbox 97 1598 1672 1675">
    <p class='ocr_par' dir='ltr' id='par_1_13' title="bbox 97 1598 1672 1675">
     <span class='ocr_line' id='line_1_13' title="bbox 97 1598 1672 1675; baseline -0.007 -15"><span class='ocrx_word' id='word_1_88' title='bbox 97 1607 426 1662; x_wconf 79' lang='lat' dir='ltr'><strong>mendacium</strong></span> <span class='ocrx_word' id='word_1_89' title='bbox 449 1606 503 1659; x_wconf 88' lang='lat' dir='ltr'><strong>in</strong></span> <span class='ocrx_word' id='word_1_90' title='bbox 527 1604 786 1675; x_wconf 80' lang='lat' dir='ltr'><strong>hypocrisi</strong></span> <span class='ocrx_word' id='word_1_91' title='bbox 805 1602 854 1674; x_wconf 87' lang='grc' dir='ltr'><strong>(Ι</strong></span> <span class='ocrx_word' id='word_1_92' title='bbox 881 1601 1014 1656; x_wconf 87' lang='lat' dir='ltr'><strong>Tim.</strong></span> <span class='ocrx_word' id='word_1_93' title='bbox 1043 1603 1140 1674; x_wconf 89' lang='lat' dir='ltr'><strong>tv);</strong></span> <span class='ocrx_word' id='word_1_94' title='bbox 1173 1601 1268 1654; x_wconf 88' lang='lat' dir='ltr'><strong>hos</strong></span> <span class='ocrx_word' id='word_1_95' title='bbox 1298 1598 1430 1654; x_wconf 95' lang='lat' dir='ltr'><strong>tales</strong></span> <span class='ocrx_word' id='word_1_96' title='bbox 1451 1598 1672 1667; x_wconf 81' lang='lat' dir='ltr'><strong>dissipa.</strong></span> 
     </span>
    </p>
   </div>
   <div class='ocr_carea' id='block_1_14' title="bbox 85 1691 1677 1768">
    <p class='ocr_par' dir='ltr' id='par_1_14' title="bbox 85 1691 1677 1768">
     <span class='ocr_line' id='line_1_14' title="bbox 85 1691 1677 1768; baseline -0.008 -14"><span class='ocrx_word' id='word_1_97' title='bbox 85 1699 154 1754; x_wconf 84' lang='lat' dir='ltr'><strong>Et</strong></span> <span class='ocrx_word' id='word_1_98' title='bbox 183 1715 311 1754; x_wconf 89' lang='lat' dir='ltr'><strong>vere</strong></span> <span class='ocrx_word' id='word_1_99' title='bbox 355 1697 692 1768; x_wconf 90' lang='lat' dir='ltr'><strong>dissipabis,.</strong></span> <span class='ocrx_word' id='word_1_100' title='bbox 717 1697 842 1766; x_wconf 91' lang='lat' dir='ltr'><strong>quia</strong></span> <span class='ocrx_word' id='word_1_101' title='bbox 875 1698 1074 1748; x_wconf 81' lang='lat' dir='ltr'><strong>venient</strong></span> <span class='ocrx_word' id='word_1_102' title='bbox 1105 1693 1261 1764; x_wconf 86' lang='lat' dir='ltr'><strong>legati</strong></span> <span class='ocrx_word' id='word_1_103' title='bbox 1298 1708 1363 1746; x_wconf 74' lang='lat' dir='ltr'><strong>ea:</strong></span> <span class='ocrx_word' id='word_1_104' title='bbox 1410 1691 1677 1761; x_wconf 62' lang='lat' dir='ltr'><strong>zEggpto,</strong></span> 
     </span>
    </p>
   </div>
   <div class='ocr_carea' id='block_1_15' title="bbox 84 1783 1680 1865">
    <p class='ocr_par' dir='ltr' id='par_1_15' title="bbox 84 1783 1680 1865">
     <span class='ocr_line' id='line_1_15' title="bbox 84 1783 1680 1865; baseline -0.007 -18"><span class='ocrx_word' id='word_1_105' title='bbox 84 1808 188 1865; x_wconf 87' lang='lat' dir='ltr'><strong>per</strong></span> <span class='ocrx_word' id='word_1_106' title='bbox 210 1807 346 1862; x_wconf 86' lang='lat' dir='ltr'><strong>quos</strong></span> <span class='ocrx_word' id='word_1_107' title='bbox 375 1789 774 1846; x_wconf 83' lang='lat' dir='ltr'><strong>confundeutur</strong></span> <span class='ocrx_word' id='word_1_108' title='bbox 820 1786 1080 1841; x_wconf 80' lang='lat' dir='ltr'><strong>lueretici.</strong></span> <span class='ocrx_word' id='word_1_109' title='bbox 1121 1784 1388 1856; x_wconf 60' lang='lat' dir='ltr'><strong>Egyptus</strong></span> <span class='ocrx_word' id='word_1_110' title='bbox 1414 1783 1680 1852; x_wconf 84' lang='lat' dir='ltr'><strong>interpre—</strong></span> 
     </span>
    </p>
   </div>
   <div class='ocr_carea' id='block_1_16' title="bbox 84 1875 1682 1949">
    <p class='ocr_par' dir='ltr' id='par_1_16' title="bbox 84 1875 1682 1949">
     <span class='ocr_line' id='line_1_16' title="bbox 84 1875 1682 1949; baseline -0.004 -13"><span class='ocrx_word' id='word_1_111' title='bbox 84 1893 237 1936; x_wconf 80' lang='lat' dir='ltr'><strong>tatur</strong></span> <span class='ocrx_word' id='word_1_112' title='bbox 281 1882 532 1942; x_wconf 66' lang='lat' dir='ltr'><strong>tenebrae,</strong></span> <span class='ocrx_word' id='word_1_113' title='bbox 572 1889 625 1934; x_wconf 89' lang='lat' dir='ltr'><strong>et</strong></span> <span class='ocrx_word' id='word_1_114' title='bbox 663 1877 933 1949; x_wconf 84' lang='lat' dir='ltr'><strong>significat</strong></span> <span class='ocrx_word' id='word_1_115' title='bbox 968 1877 1218 1932; x_wconf 85' lang='lat' dir='ltr'><strong>homines</strong></span> <span class='ocrx_word' id='word_1_116' title='bbox 1258 1877 1309 1930; x_wconf 90' lang='lat' dir='ltr'><strong>in</strong></span> <span class='ocrx_word' id='word_1_117' title='bbox 1338 1875 1501 1930; x_wconf 89' lang='lat' dir='ltr'><strong>corde</strong></span> <span class='ocrx_word' id='word_1_118' title='bbox 1529 1885 1682 1929; x_wconf 83' lang='lat' dir='ltr'><strong>teuc-</strong></span> 
     </span>
    </p>
   </div>
   <div class='ocr_carea' id='block_1_17' title="bbox 1206 461 2231 542">
    <p class='ocr_par' dir='ltr' id='par_1_17' title="bbox 1206 461 2231 542">
     <span class='ocr_line' id='line_1_17' title="bbox 1206 461 2231 542; baseline -0.008 -16"><span class='ocrx_word' id='word_1_119' title='bbox 1206 461 1741 526; x_wconf 62' lang='lat' dir='ltr'><strong>ENARllATlOXES</strong></span> <span class='ocrx_word' id='word_1_120' title='bbox 1779 461 1845 518; x_wconf 59' lang='grc' dir='ltr'>ιχ</span> <span class='ocrx_word' id='word_1_121' title='bbox 1889 462 2231 542; x_wconf 57' lang='lat' dir='ltr'><strong>PSALMOS.</strong></span> 
     </span>
    </p>
   </div>
   <div class='ocr_carea' id='block_1_18' title="bbox 3244 461 3350 520">
    <p class='ocr_par' dir='ltr' id='par_1_18' title="bbox 3244 461 3350 520">
     <span class='ocr_line' id='line_1_18' title="bbox 3244 461 3350 520; baseline -0.019 0"><span class='ocrx_word' id='word_1_122' title='bbox 3244 461 3350 520; x_wconf 74' lang='grc'><strong>490</strong></span> 
     </span>
    </p>
   </div>
   <div class='ocr_carea' id='block_1_19' title="bbox 1021 583 3348 654">
    <p class='ocr_par' dir='ltr' id='par_1_19' title="bbox 1021 583 3348 654">
     <span class='ocr_line' id='line_1_19' title="bbox 1021 583 3348 654; baseline -0.001 -8"><span class='ocrx_word' id='word_1_123' title='bbox 1021 591 1101 646; x_wconf 88' lang='lat' dir='ltr'><strong>vel</strong></span> <span class='ocrx_word' id='word_1_124' title='bbox 1149 590 1338 654; x_wconf 87' lang='lat' dir='ltr'><strong>aliter,</strong></span> <span class='ocrx_word' id='word_1_125' title='bbox 1393 597 1448 641; x_wconf 88' lang='lat' dir='ltr'><strong>ut</strong></span> <span class='ocrx_word' id='word_1_126' title='bbox 1482 585 1659 641; x_wconf 76' lang='lat' dir='ltr'><strong>exclu-</strong></span> <span class='ocrx_word' id='word_1_127' title='bbox 1686 585 1735 645; x_wconf 79' lang='grc' dir='ltr'><strong>Α</strong></span> <span class='ocrx_word' id='word_1_128' title='bbox 1763 583 1998 637; x_wconf 86' lang='lat' dir='ltr'><strong>ceudunt</strong></span> <span class='ocrx_word' id='word_1_129' title='bbox 2024 625 2037 645; x_wconf 93' lang='lat'><strong>,</strong></span> <span class='ocrx_word' id='word_1_130' title='bbox 2087 600 2184 654; x_wconf 91' lang='lat' dir='ltr'><strong>per</strong></span> <span class='ocrx_word' id='word_1_131' title='bbox 2232 583 2378 639; x_wconf 90' lang='lat' dir='ltr'><strong>illum</strong></span> <span class='ocrx_word' id='word_1_132' title='bbox 2419 584 2617 640; x_wconf 83' lang='lat' dir='ltr'><strong>habent</strong></span> <span class='ocrx_word' id='word_1_133' title='bbox 2654 586 2982 651; x_wconf 83' lang='lat' dir='ltr'><strong>ascendere;</strong></span> <span class='ocrx_word' id='word_1_134' title='bbox 3022 588 3104 644; x_wconf 84' lang='lat' dir='ltr'><strong>vel</strong></span> <span class='ocrx_word' id='word_1_135' title='bbox 3153 588 3348 654; x_wconf 80' lang='lat' dir='ltr'><strong>aliter,</strong></span> 
     </span>
    </p>
   </div>
   <div class='ocr_carea' id='block_1_20' title="bbox 1764 673 3352 744">
    <p class='ocr_par' dir='ltr' id='par_1_20' title="bbox 1764 673 3352 744">
     <span class='ocr_line' id='line_1_20' title="bbox 1764 673 3352 744; baseline 0.006 -19"><span class='ocrx_word' id='word_1_136' title='bbox 1764 673 1852 744; x_wconf 86' lang='lat' dir='ltr'><strong>qui</strong></span> <span class='ocrx_word' id='word_1_137' title='bbox 1882 674 2114 728; x_wconf 82' lang='lat' dir='ltr'><strong>ascendit</strong></span> <span class='ocrx_word' id='word_1_138' title='bbox 2149 692 2303 744; x_wconf 82' lang='lat' dir='ltr'><strong>super</strong></span> <span class='ocrx_word' id='word_1_139' title='bbox 2341 674 2523 729; x_wconf 71' lang='lat' dir='ltr'><strong>etclam</strong></span> <span class='ocrx_word' id='word_1_140' title='bbox 2551 676 2684 730; x_wconf 74' lang='lat' dir='ltr'><strong>caeli.</strong></span> <span class='ocrx_word' id='word_1_141' title='bbox 2717 677 2924 732; x_wconf 62' lang='lat' dir='ltr'><strong>Caelum</strong></span> <span class='ocrx_word' id='word_1_142' title='bbox 2970 678 3068 733; x_wconf 87' lang='lat' dir='ltr'><strong>fuit</strong></span> <span class='ocrx_word' id='word_1_143' title='bbox 3115 679 3352 735; x_wconf 85' lang='lat' dir='ltr'><strong>humana</strong></span> 
     </span>
    </p>
   </div>
   <div class='ocr_carea' id='block_1_21' title="bbox 1766 765 3356 843">
    <p class='ocr_par' dir='ltr' id='par_1_21' title="bbox 1766 765 3356 843">
     <span class='ocr_line' id='line_1_21' title="bbox 1766 765 3356 843; baseline 0.006 -25"><span class='ocrx_word' id='word_1_144' title='bbox 1766 773 1988 827; x_wconf 84' lang='lat' dir='ltr'><strong>natura,</strong></span> <span class='ocrx_word' id='word_1_145' title='bbox 2045 765 2208 820; x_wconf 90' lang='lat' dir='ltr'><strong>verbo</strong></span> <span class='ocrx_word' id='word_1_146' title='bbox 2242 765 2419 820; x_wconf 81' lang='lat' dir='ltr'><strong>Patris</strong></span> <span class='ocrx_word' id='word_1_147' title='bbox 2449 769 2810 838; x_wconf 84' lang='lat' dir='ltr'><strong>personaliter</strong></span> <span class='ocrx_word' id='word_1_148' title='bbox 2838 771 3006 833; x_wconf 88' lang='lat' dir='ltr'><strong>unita,</strong></span> <span class='ocrx_word' id='word_1_149' title='bbox 3038 774 3163 843; x_wconf 89' lang='lat' dir='ltr'><strong>quia</strong></span> <span class='ocrx_word' id='word_1_150' title='bbox 3195 773 3356 829; x_wconf 83' lang='lat' dir='ltr'><strong>Chri-</strong></span> 
     </span>
    </p>
   </div>
   <div class='ocr_carea' id='block_1_22' title="bbox 1765 857 3354 938">
    <p class='ocr_par' dir='ltr' id='par_1_22' title="bbox 1765 857 3354 938">
     <span class='ocr_line' id='line_1_22' title="bbox 1765 857 3354 938; baseline 0.007 -27"><span class='ocrx_word' id='word_1_151' title='bbox 1765 867 1882 912; x_wconf 86' lang='lat' dir='ltr'><strong>stus</strong></span> <span class='ocrx_word' id='word_1_152' title='bbox 1915 859 2078 911; x_wconf 78' lang='lat' dir='ltr'><strong>etiam</strong></span> <span class='ocrx_word' id='word_1_153' title='bbox 2131 857 2183 912; x_wconf 90' lang='lat' dir='ltr'><strong>in</strong></span> <span class='ocrx_word' id='word_1_154' title='bbox 2234 860 2466 914; x_wconf 83' lang='lat' dir='ltr'><strong>humana</strong></span> <span class='ocrx_word' id='word_1_155' title='bbox 2514 872 2702 916; x_wconf 83' lang='lat' dir='ltr'><strong>natura</strong></span> <span class='ocrx_word' id='word_1_156' title='bbox 2757 879 2853 919; x_wconf 84' lang='lat' dir='ltr'><strong>sua</strong></span> <span class='ocrx_word' id='word_1_157' title='bbox 2899 867 3158 938; x_wconf 92' lang='lat' dir='ltr'><strong>compluit</strong></span> <span class='ocrx_word' id='word_1_158' title='bbox 3215 865 3354 922; x_wconf 82' lang='lat' dir='ltr'><strong>alios</strong></span> 
     </span>
    </p>
   </div>
   <div class='ocr_carea' id='block_1_23' title="bbox 1768 952 3358 1023">
    <p class='ocr_par' dir='ltr' id='par_1_23' title="bbox 1768 952 3358 1023">
     <span class='ocr_line' id='line_1_23' title="bbox 1768 952 3358 1023; baseline 0.006 -17"><span class='ocrx_word' id='word_1_159' title='bbox 1768 952 1958 1018; x_wconf 67' lang='lat' dir='ltr'><strong>caelos,</strong></span> <span class='ocrx_word' id='word_1_160' title='bbox 2001 954 2274 1023; x_wconf 86' lang='lat' dir='ltr'><strong>apostolos</strong></span> <span class='ocrx_word' id='word_1_161' title='bbox 2302 955 2568 1023; x_wconf 83' lang='lat' dir='ltr'><strong>videlicet,</strong></span> <span class='ocrx_word' id='word_1_162' title='bbox 2603 957 2774 1015; x_wconf 77' lang='lat' dir='ltr'><strong>imbre</strong></span> <span class='ocrx_word' id='word_1_163' title='bbox 2798 961 2945 1016; x_wconf 83' lang='lat' dir='ltr'><strong>verbi</strong></span> <span class='ocrx_word' id='word_1_164' title='bbox 2972 963 3082 1017; x_wconf 84' lang='lat' dir='ltr'><strong>Dei.</strong></span> <span class='ocrx_word' id='word_1_165' title='bbox 3116 962 3358 1016; x_wconf 79' lang='lat' dir='ltr'><strong>Intonuit</strong></span> 
     </span>
    </p>
   </div>
   <div class='ocr_carea' id='block_1_24' title="bbox 1769 1045 3352 1124">
    <p class='ocr_par' dir='ltr' id='par_1_24' title="bbox 1769 1045 3352 1124">
     <span class='ocr_line' id='line_1_24' title="bbox 1769 1045 3352 1124; baseline 0.009 -29"><span class='ocrx_word' id='word_1_166' title='bbox 1769 1053 1946 1097; x_wconf 87' lang='lat' dir='ltr'><strong>autem</strong></span> <span class='ocrx_word' id='word_1_167' title='bbox 1972 1045 2150 1111; x_wconf 90' lang='lat' dir='ltr'><strong>minis,</strong></span> <span class='ocrx_word' id='word_1_168' title='bbox 2178 1050 2484 1104; x_wconf 83' lang='lat' dir='ltr'><strong>coruscavit</strong></span> <span class='ocrx_word' id='word_1_169' title='bbox 2506 1051 2798 1108; x_wconf 89' lang='lat' dir='ltr'><strong>miraculis.</strong></span> <span class='ocrx_word' id='word_1_170' title='bbox 2829 1053 3003 1124; x_wconf 85' lang='lat' dir='ltr'><strong>Super</strong></span> <span class='ocrx_word' id='word_1_171' title='bbox 3027 1057 3127 1110; x_wconf 92' lang='lat' dir='ltr'><strong>hoc</strong></span> <span class='ocrx_word' id='word_1_172' title='bbox 3157 1055 3352 1111; x_wconf 62' lang='lat' dir='ltr'><strong>catlqu</strong></span> 
     </span>
    </p>
   </div>
   <div class='ocr_carea' id='block_1_25' title="bbox 1771 1137 3363 1214">
    <p class='ocr_par' dir='ltr' id='par_1_25' title="bbox 1771 1137 3363 1214">
     <span class='ocr_line' id='line_1_25' title="bbox 1771 1137 3363 1214; baseline 0.007 -24"><span class='ocrx_word' id='word_1_173' title='bbox 1771 1137 2179 1194; x_wconf 63' lang='lat' dir='ltr'><strong>’ascendit&#39;lleus</strong></span> <span class='ocrx_word' id='word_1_174' title='bbox 2208 1140 2397 1207; x_wconf 86' lang='lat' dir='ltr'><strong>Filius,</strong></span> <span class='ocrx_word' id='word_1_175' title='bbox 2424 1145 2638 1214; x_wconf 86' lang='lat' dir='ltr'><strong>quando</strong></span> <span class='ocrx_word' id='word_1_176' title='bbox 2671 1146 2838 1214; x_wconf 85' lang='lat' dir='ltr'><strong>ipsam</strong></span> <span class='ocrx_word' id='word_1_177' title='bbox 2867 1148 3160 1203; x_wconf 89' lang='lat' dir='ltr'><strong>humanam</strong></span> <span class='ocrx_word' id='word_1_178' title='bbox 3202 1159 3363 1204; x_wconf 87' lang='lat' dir='ltr'><strong>natu-</strong></span> 
     </span>
    </p>
   </div>
   <div class='ocr_carea' id='block_1_26' title="bbox 1773 1231 3359 1305">
    <p class='ocr_par' dir='ltr' id='par_1_26' title="bbox 1773 1231 3359 1305">
     <span class='ocr_line' id='line_1_26' title="bbox 1773 1231 3359 1305; baseline 0.008 -25"><span class='ocrx_word' id='word_1_179' title='bbox 1773 1241 1887 1281; x_wconf 88' lang='lat' dir='ltr'><strong>ram</strong></span> <span class='ocrx_word' id='word_1_180' title='bbox 1919 1244 2100 1283; x_wconf 87' lang='lat' dir='ltr'><strong>secum</strong></span> <span class='ocrx_word' id='word_1_181' title='bbox 2134 1231 2424 1298; x_wconf 77' lang='lat' dir='ltr'><strong>exultavit,</strong></span> <span class='ocrx_word' id='word_1_182' title='bbox 2455 1244 2507 1289; x_wconf 91' lang='lat' dir='ltr'><strong>et</strong></span> <span class='ocrx_word' id='word_1_183' title='bbox 2537 1235 2588 1288; x_wconf 91' lang='lat' dir='ltr'><strong>in</strong></span> <span class='ocrx_word' id='word_1_184' title='bbox 2620 1246 2840 1305; x_wconf 84' lang='lat' dir='ltr'><strong>paterna</strong></span> <span class='ocrx_word' id='word_1_185' title='bbox 2873 1237 3213 1294; x_wconf 80' lang='lat' dir='ltr'><strong>confessione</strong></span> <span class='ocrx_word' id='word_1_186' title='bbox 3245 1241 3359 1294; x_wconf 88' lang='lat' dir='ltr'><strong>col-</strong></span> 
     </span>
    </p>
   </div>
   <div class='ocr_carea' id='block_1_27' title="bbox 1775 1317 3363 1398">
    <p class='ocr_par' dir='ltr' id='par_1_27' title="bbox 1775 1317 3363 1398">
     <span class='ocr_line' id='line_1_27' title="bbox 1775 1317 3363 1398; baseline 0.008 -26"><span class='ocrx_word' id='word_1_187' title='bbox 1775 1317 1992 1385; x_wconf 80' lang='lat' dir='ltr'><strong>locavit,</strong></span> <span class='ocrx_word' id='word_1_188' title='bbox 2033 1323 2178 1392; x_wconf 87' lang='lat' dir='ltr'><strong>quod</strong></span> <span class='ocrx_word' id='word_1_189' title='bbox 2205 1324 2375 1390; x_wconf 80' lang='lat' dir='ltr'><strong>dicit,</strong></span> <span class='ocrx_word' id='word_1_190' title='bbox 2415 1326 2622 1395; x_wconf 85' lang='lat' dir='ltr'><strong>psallite</strong></span> <span class='ocrx_word' id='word_1_191' title='bbox 2667 1328 2772 1382; x_wconf 87' lang='lat' dir='ltr'><strong>Deo</strong></span> <span class='ocrx_word' id='word_1_192' title='bbox 2805 1331 2892 1398; x_wconf 81' lang='lat' dir='ltr'><strong>qui</strong></span> <span class='ocrx_word' id='word_1_193' title='bbox 2936 1331 3170 1384; x_wconf 85' lang='lat' dir='ltr'><strong>ascendit</strong></span> <span class='ocrx_word' id='word_1_194' title='bbox 3205 1347 3363 1384; x_wconf 84' lang='lat' dir='ltr'><strong>suver</strong></span> 
     </span>
    </p>
   </div>
   <div class='ocr_carea' id='block_1_28' title="bbox 1776 1413 3358 1490">
    <p class='ocr_par' dir='ltr' id='par_1_28' title="bbox 1776 1413 3358 1490">
     <span class='ocr_line' id='line_1_28' title="bbox 1776 1413 3358 1490; baseline 0.008 -24"><span class='ocrx_word' id='word_1_195' title='bbox 1776 1413 1961 1467; x_wconf 76' lang='lat' dir='ltr'><strong>coelum</strong></span> <span class='ocrx_word' id='word_1_196' title='bbox 2002 1415 2212 1480; x_wconf 73' lang='lat' dir='ltr'><strong>cocli,i.l</strong></span> <span class='ocrx_word' id='word_1_197' title='bbox 2241 1427 2360 1482; x_wconf 89' lang='lat' dir='ltr'><strong>est,</strong></span> <span class='ocrx_word' id='word_1_198' title='bbox 2390 1435 2550 1489; x_wconf 88' lang='lat' dir='ltr'><strong>super</strong></span> <span class='ocrx_word' id='word_1_199' title='bbox 2597 1423 2834 1490; x_wconf 86' lang='lat' dir='ltr'><strong>scipsum</strong></span> <span class='ocrx_word' id='word_1_200' title='bbox 2875 1422 3101 1488; x_wconf 64' lang='lat' dir='ltr'><strong>malum,</strong></span> <span class='ocrx_word' id='word_1_201' title='bbox 3145 1422 3198 1477; x_wconf 89' lang='lat' dir='ltr'><strong>id</strong></span> <span class='ocrx_word' id='word_1_202' title='bbox 3243 1433 3358 1484; x_wconf 88' lang='lat' dir='ltr'><strong>est,</strong></span> 
     </span>
    </p>
   </div>
   <div class='ocr_carea' id='block_1_29' title="bbox 1776 1504 3363 1581">
    <p class='ocr_par' dir='ltr' id='par_1_29' title="bbox 1776 1504 3363 1581">
     <span class='ocr_line' id='line_1_29' title="bbox 1776 1504 3363 1581; baseline 0.006 -22"><span class='ocrx_word' id='word_1_203' title='bbox 1776 1504 2070 1560; x_wconf 81' lang='lat' dir='ltr'><strong>humanam</strong></span> <span class='ocrx_word' id='word_1_204' title='bbox 2120 1519 2368 1563; x_wconf 88' lang='lat' dir='ltr'><strong>naturam</strong></span> <span class='ocrx_word' id='word_1_205' title='bbox 2398 1526 2588 1577; x_wconf 85' lang='lat' dir='ltr'><strong>suam,</strong></span> <span class='ocrx_word' id='word_1_206' title='bbox 2617 1513 2687 1565; x_wconf 81' lang='lat' dir='ltr'><strong>ad</strong></span> <span class='ocrx_word' id='word_1_207' title='bbox 2723 1514 3009 1579; x_wconf 81' lang='lat' dir='ltr'><strong>orientem;</strong></span> <span class='ocrx_word' id='word_1_208' title='bbox 3051 1514 3102 1569; x_wconf 88' lang='lat' dir='ltr'><strong>id</strong></span> <span class='ocrx_word' id='word_1_209' title='bbox 3142 1523 3260 1581; x_wconf 88' lang='lat' dir='ltr'><strong>est,</strong></span> <span class='ocrx_word' id='word_1_210' title='bbox 3295 1515 3363 1568; x_wconf 89' lang='lat' dir='ltr'><strong>ad</strong></span> 
     </span>
    </p>
   </div>
   <div class='ocr_carea' id='block_1_30' title="bbox 1778 1592 3368 1667">
    <p class='ocr_par' dir='ltr' id='par_1_30' title="bbox 1778 1592 3368 1667">
     <span class='ocr_line' id='line_1_30' title="bbox 1778 1592 3368 1667; baseline 0.008 -18"><span class='ocrx_word' id='word_1_211' title='bbox 1778 1592 1956 1650; x_wconf 78' lang='lat' dir='ltr'><strong>Patris</strong></span> <span class='ocrx_word' id='word_1_212' title='bbox 2004 1598 2389 1667; x_wconf 69' lang='lat' dir='ltr'><strong>aequalitatem.</strong></span> <span class='ocrx_word' id='word_1_213' title='bbox 2423 1599 2478 1654; x_wconf 90' lang='lat' dir='ltr'><strong>lu</strong></span> <span class='ocrx_word' id='word_1_214' title='bbox 2529 1603 2629 1658; x_wconf 91' lang='lat' dir='ltr'><strong>hac</strong></span> <span class='ocrx_word' id='word_1_215' title='bbox 2680 1616 2858 1659; x_wconf 85' lang='lat' dir='ltr'><strong>autem</strong></span> <span class='ocrx_word' id='word_1_216' title='bbox 2903 1607 3221 1662; x_wconf 86' lang='lat' dir='ltr'><strong>ascensione</strong></span> <span class='ocrx_word' id='word_1_217' title='bbox 3253 1624 3368 1661; x_wconf 87' lang='lat' dir='ltr'><strong>tua-</strong></span> 
     </span>
    </p>
   </div>
   <div class='ocr_carea' id='block_1_31' title="bbox 1779 1689 3366 1765">
    <p class='ocr_par' dir='ltr' id='par_1_31' title="bbox 1779 1689 3366 1765">
     <span class='ocr_line' id='line_1_31' title="bbox 1779 1689 3366 1765; baseline 0.007 -23"><span class='ocrx_word' id='word_1_218' title='bbox 1779 1689 1922 1744; x_wconf 77' lang='lat' dir='ltr'><strong>xime</strong></span> <span class='ocrx_word' id='word_1_219' title='bbox 1969 1689 2348 1745; x_wconf 76' lang='lat' dir='ltr'><strong>intellexerunt</strong></span> <span class='ocrx_word' id='word_1_220' title='bbox 2401 1693 2650 1765; x_wconf 86' lang='lat' dir='ltr'><strong>discipuli</strong></span> <span class='ocrx_word' id='word_1_221' title='bbox 2702 1695 2786 1750; x_wconf 90' lang='lat' dir='ltr'><strong>sui</strong></span> <span class='ocrx_word' id='word_1_222' title='bbox 2836 1695 2983 1751; x_wconf 91' lang='lat' dir='ltr'><strong>illum</strong></span> <span class='ocrx_word' id='word_1_223' title='bbox 3026 1714 3145 1754; x_wconf 88' lang='lat' dir='ltr'><strong>esse</strong></span> <span class='ocrx_word' id='word_1_224' title='bbox 3178 1716 3366 1754; x_wconf 83' lang='lat' dir='ltr'><strong>verum</strong></span> 
     </span>
    </p>
   </div>
   <div class='ocr_carea' id='block_1_32' title="bbox 1782 1777 3366 1843">
    <p class='ocr_par' dir='ltr' id='par_1_32' title="bbox 1782 1777 3366 1843">
     <span class='ocr_line' id='line_1_32' title="bbox 1782 1777 3366 1843; baseline 0.007 -11"><span class='ocrx_word' id='word_1_225' title='bbox 1782 1777 1948 1834; x_wconf 89' lang='lat' dir='ltr'><strong>Deum</strong></span> <span class='ocrx_word' id='word_1_226' title='bbox 1978 1789 2034 1834; x_wconf 87' lang='lat' dir='ltr'><strong>et</strong></span> <span class='ocrx_word' id='word_1_227' title='bbox 2078 1796 2262 1835; x_wconf 78' lang='lat' dir='ltr'><strong>verum</strong></span> <span class='ocrx_word' id='word_1_228' title='bbox 2297 1783 2590 1838; x_wconf 89' lang='lat' dir='ltr'><strong>hominem.</strong></span> <span class='ocrx_word' id='word_1_229' title='bbox 2624 1781 2760 1840; x_wconf 82' lang='lat' dir='ltr'><strong>Ecce</strong></span> <span class='ocrx_word' id='word_1_230' title='bbox 2787 1787 2932 1840; x_wconf 84' lang='lat' dir='ltr'><strong>dabit</strong></span> <span class='ocrx_word' id='word_1_231' title='bbox 2963 1805 3134 1842; x_wconf 83' lang='lat' dir='ltr'><strong>vocem</strong></span> <span class='ocrx_word' id='word_1_232' title='bbox 3160 1793 3366 1843; x_wconf 76' lang='lat' dir='ltr'><strong>uirtutis</strong></span> 
     </span>
    </p>
   </div>
   <div class='ocr_carea' id='block_1_33' title="bbox 1781 1871 3367 1952">
    <p class='ocr_par' dir='ltr' id='par_1_33' title="bbox 1781 1871 3367 1952">
     <span class='ocr_line' id='line_1_33' title="bbox 1781 1871 3367 1952; baseline 0.008 -29"><span class='ocrx_word' id='word_1_233' title='bbox 1781 1871 1895 1924; x_wconf 85' lang='lat' dir='ltr'><strong>voci</strong></span> <span class='ocrx_word' id='word_1_234' title='bbox 1923 1888 2053 1937; x_wconf 78' lang='lat' dir='ltr'><strong>sua&#39;,</strong></span> <span class='ocrx_word' id='word_1_235' title='bbox 2075 1872 2282 1942; x_wconf 77' lang='lat' dir='ltr'><strong>psallite</strong></span> <span class='ocrx_word' id='word_1_236' title='bbox 2319 1873 2450 1928; x_wconf 87' lang='lat' dir='ltr'><strong>Deo.</strong></span> <span class='ocrx_word' id='word_1_237' title='bbox 2482 1875 2616 1930; x_wconf 80' lang='lat' dir='ltr'><strong>Nam</strong></span> <span class='ocrx_word' id='word_1_238' title='bbox 2645 1892 2780 1946; x_wconf 91' lang='lat' dir='ltr'><strong>opus</strong></span> <span class='ocrx_word' id='word_1_239' title='bbox 2807 1887 2911 1942; x_wconf 90' lang='lat' dir='ltr'><strong>cst,</strong></span> <span class='ocrx_word' id='word_1_240' title='bbox 2943 1880 3067 1948; x_wconf 87' lang='lat' dir='ltr'><strong>quia</strong></span> <span class='ocrx_word' id='word_1_241' title='bbox 3093 1881 3184 1952; x_wconf 92' lang='lat' dir='ltr'><strong>qui</strong></span> <span class='ocrx_word' id='word_1_242' title='bbox 3216 1883 3367 1951; x_wconf 87' lang='lat' dir='ltr'><strong>prius</strong></span> 
     </span>
    </p>
   </div>
   <div class='ocr_carea' id='block_1_34' title="bbox 85 1961 3368 2044">
    <p class='ocr_par' dir='ltr' id='par_1_34' title="bbox 85 1961 3368 2044">
     <span class='ocr_line' id='line_1_34' title="bbox 85 1961 3368 2044; baseline -0.002 -16"><span class='ocrx_word' id='word_1_243' title='bbox 85 1975 300 2039; x_wconf 84' lang='lat' dir='ltr'><strong>hrosos,</strong></span> <span class='ocrx_word' id='word_1_244' title='bbox 328 1989 393 2027; x_wconf 81' lang='lat' dir='ltr'><strong>ex</strong></span> <span class='ocrx_word' id='word_1_245' title='bbox 431 1974 628 2044; x_wconf 88' lang='lat' dir='ltr'><strong>quibus</strong></span> <span class='ocrx_word' id='word_1_246' title='bbox 662 1969 976 2026; x_wconf 86' lang='lat' dir='ltr'><strong>illuminatis</strong></span> <span class='ocrx_word' id='word_1_247' title='bbox 1001 1977 1054 2024; x_wconf 87' lang='lat' dir='ltr'><strong>et</strong></span> <span class='ocrx_word' id='word_1_248' title='bbox 1078 1968 1358 2023; x_wconf 77' lang='lat' dir='ltr'><strong>conversis</strong></span> <span class='ocrx_word' id='word_1_249' title='bbox 1397 1967 1463 2021; x_wconf 90' lang='lat' dir='ltr'><strong>de</strong></span> <span class='ocrx_word' id='word_1_250' title='bbox 1491 1965 1675 2020; x_wconf 81' lang='lat' dir='ltr'><strong>inlide-</strong></span> <span class='ocrx_word' id='word_1_251' title='bbox 1707 1963 1751 2022; x_wconf 87' lang='lat' dir='ltr'><strong>B</strong></span> <span class='ocrx_word' id='word_1_252' title='bbox 1779 1961 1926 2017; x_wconf 75' lang='lat' dir='ltr'><strong>dedit</strong></span> <span class='ocrx_word' id='word_1_253' title='bbox 1952 1979 2140 2018; x_wconf 88' lang='lat' dir='ltr'><strong>vocem</strong></span> <span class='ocrx_word' id='word_1_254' title='bbox 2172 1964 2496 2021; x_wconf 83' lang='lat' dir='ltr'><strong>humilitatis</strong></span> <span class='ocrx_word' id='word_1_255' title='bbox 2518 1983 2642 2021; x_wconf 90' lang='lat' dir='ltr'><strong>cum</strong></span> <span class='ocrx_word' id='word_1_256' title='bbox 2666 1969 2800 2022; x_wconf 82' lang='lat' dir='ltr'><strong>dixit</strong></span> <span class='ocrx_word' id='word_1_257' title='bbox 2825 2009 2840 2032; x_wconf 91' lang='lat'><strong>,</strong></span> <span class='ocrx_word' id='word_1_258' title='bbox 2870 1971 3036 2024; x_wconf 82' lang='lat' dir='ltr'><strong>tristis</strong></span> <span class='ocrx_word' id='word_1_259' title='bbox 3079 1981 3154 2025; x_wconf 87' lang='lat' dir='ltr'><strong>est</strong></span> <span class='ocrx_word' id='word_1_260' title='bbox 3187 1971 3368 2024; x_wconf 85' lang='lat' dir='ltr'><strong>anima</strong></span> 
     </span>
    </p>
   </div>
   <div class='ocr_carea' id='block_1_35' title="bbox 89 2059 1674 2131">
    <p class='ocr_par' dir='ltr' id='par_1_35' title="bbox 89 2059 1674 2131">
     <span class='ocr_line' id='line_1_35' title="bbox 89 2059 1674 2131; baseline -0.005 -11"><span class='ocrx_word' id='word_1_261' title='bbox 89 2069 237 2120; x_wconf 84' lang='lat' dir='ltr'><strong>litate</strong></span> <span class='ocrx_word' id='word_1_262' title='bbox 283 2069 350 2120; x_wconf 88' lang='lat' dir='ltr'><strong>ad</strong></span> <span class='ocrx_word' id='word_1_263' title='bbox 386 2066 564 2128; x_wconf 81' lang='lat' dir='ltr'><strong>fidem,</strong></span> <span class='ocrx_word' id='word_1_264' title='bbox 593 2065 717 2120; x_wconf 84' lang='lat' dir='ltr'><strong>facti</strong></span> <span class='ocrx_word' id='word_1_265' title='bbox 741 2072 862 2119; x_wconf 87' lang='lat' dir='ltr'><strong>sunt</strong></span> <span class='ocrx_word' id='word_1_266' title='bbox 906 2062 1063 2131; x_wconf 80' lang='lat' dir='ltr'><strong>legati</strong></span> <span class='ocrx_word' id='word_1_267' title='bbox 1095 2059 1342 2125; x_wconf 88' lang='lat' dir='ltr'><strong>Domini,</strong></span> <span class='ocrx_word' id='word_1_268' title='bbox 1374 2069 1432 2113; x_wconf 93' lang='lat' dir='ltr'><strong>ut</strong></span> <span class='ocrx_word' id='word_1_269' title='bbox 1461 2073 1558 2129; x_wconf 79' lang='lat' dir='ltr'><strong>per</strong></span> <span class='ocrx_word' id='word_1_270' title='bbox 1580 2072 1674 2112; x_wconf 88' lang='lat' dir='ltr'><strong>eos</strong></span> 
     </span>
    </p>
   </div>
   <div class='ocr_carea' id='block_1_36' title="bbox 93 2151 1678 2224">
    <p class='ocr_par' dir='ltr' id='par_1_36' title="bbox 93 2151 1678 2224">
     <span class='ocr_line' id='line_1_36' title="bbox 93 2151 1678 2224; baseline -0.006 -13"><span class='ocrx_word' id='word_1_271' title='bbox 93 2162 465 2214; x_wconf 83' lang='lat' dir='ltr'><strong>notilicarelur</strong></span> <span class='ocrx_word' id='word_1_272' title='bbox 487 2159 707 2211; x_wconf 86' lang='lat' dir='ltr'><strong>verbum</strong></span> <span class='ocrx_word' id='word_1_273' title='bbox 746 2155 862 2224; x_wconf 85' lang='lat' dir='ltr'><strong>ejus</strong></span> <span class='ocrx_word' id='word_1_274' title='bbox 908 2155 1030 2218; x_wconf 89' lang='lat' dir='ltr'><strong>illis,</strong></span> <span class='ocrx_word' id='word_1_275' title='bbox 1065 2155 1154 2224; x_wconf 89' lang='lat' dir='ltr'><strong>qui</strong></span> <span class='ocrx_word' id='word_1_276' title='bbox 1183 2153 1356 2208; x_wconf 83' lang='lat' dir='ltr'><strong>adhuc</strong></span> <span class='ocrx_word' id='word_1_277' title='bbox 1387 2151 1678 2206; x_wconf 87' lang='lat' dir='ltr'><strong>versaban-</strong></span> 
     </span>
    </p>
   </div>
   <div class='ocr_carea' id='block_1_37' title="bbox 94 2239 1678 2316">
    <p class='ocr_par' dir='ltr' id='par_1_37' title="bbox 94 2239 1678 2316">
     <span class='ocr_line' id='line_1_37' title="bbox 94 2239 1678 2316; baseline -0.006 -14"><span class='ocrx_word' id='word_1_278' title='bbox 94 2261 180 2302; x_wconf 86' lang='lat' dir='ltr'><strong>tur</strong></span> <span class='ocrx_word' id='word_1_279' title='bbox 217 2251 269 2304; x_wconf 89' lang='lat' dir='ltr'><strong>in</strong></span> <span class='ocrx_word' id='word_1_280' title='bbox 303 2248 556 2303; x_wconf 74' lang='lat' dir='ltr'><strong>tenebris.</strong></span> <span class='ocrx_word' id='word_1_281' title='bbox 593 2247 745 2302; x_wconf 86' lang='lat' dir='ltr'><strong>Unde</strong></span> <span class='ocrx_word' id='word_1_282' title='bbox 773 2244 1096 2316; x_wconf 82' lang='lat' dir='ltr'><strong>Apostolus;</strong></span> <span class='ocrx_word' id='word_1_283' title='bbox 1139 2241 1244 2296; x_wconf 87' lang='lat' dir='ltr'><strong>Pro</strong></span> <span class='ocrx_word' id='word_1_284' title='bbox 1291 2240 1498 2296; x_wconf 81' lang='lat' dir='ltr'><strong>Christo</strong></span> <span class='ocrx_word' id='word_1_285' title='bbox 1536 2239 1678 2310; x_wconf 86' lang='lat' dir='ltr'><strong>lega-</strong></span> 
     </span>
    </p>
   </div>
   <div class='ocr_carea' id='block_1_38' title="bbox 101 2329 1678 2416">
    <p class='ocr_par' dir='ltr' id='par_1_38' title="bbox 101 2329 1678 2416">
     <span class='ocr_line' id='line_1_38' title="bbox 101 2329 1678 2416; baseline -0.01 -16"><span class='ocrx_word' id='word_1_286' title='bbox 101 2347 231 2400; x_wconf 86' lang='lat' dir='ltr'><strong>tione</strong></span> <span class='ocrx_word' id='word_1_287' title='bbox 263 2346 555 2416; x_wconf 89' lang='lat' dir='ltr'><strong>fnngimur,</strong></span> <span class='ocrx_word' id='word_1_288' title='bbox 583 2357 831 2416; x_wconf 84' lang='lat' dir='ltr'><strong>tanquam</strong></span> <span class='ocrx_word' id='word_1_289' title='bbox 868 2342 970 2396; x_wconf 85' lang='lat' dir='ltr'><strong>Deo</strong></span> <span class='ocrx_word' id='word_1_290' title='bbox 996 2341 1302 2395; x_wconf 72' lang='lat' dir='ltr'><strong>exhortante</strong></span> <span class='ocrx_word' id='word_1_291' title='bbox 1331 2352 1421 2406; x_wconf 83' lang='lat' dir='ltr'><strong>per</strong></span> <span class='ocrx_word' id='word_1_292' title='bbox 1467 2350 1559 2388; x_wconf 83' lang='lat' dir='ltr'><strong>nos</strong></span> <span class='ocrx_word' id='word_1_293' title='bbox 1591 2329 1678 2402; x_wconf 83' lang='lat' dir='ltr'><strong>(II</strong></span> 
     </span>
    </p>
   </div>
   <div class='ocr_carea' id='block_1_39' title="bbox 103 2424 1678 2505">
    <p class='ocr_par' dir='ltr' id='par_1_39' title="bbox 103 2424 1678 2505">
     <span class='ocr_line' id='line_1_39' title="bbox 103 2424 1678 2505; baseline -0.006 -17"><span class='ocrx_word' id='word_1_294' title='bbox 103 2436 215 2488; x_wconf 84' lang='lat' dir='ltr'><strong>Cor.</strong></span> <span class='ocrx_word' id='word_1_295' title='bbox 243 2439 321 2505; x_wconf 85' lang='lat' dir='ltr'><strong>v).</strong></span> <span class='ocrx_word' id='word_1_296' title='bbox 353 2435 714 2491; x_wconf 83' lang='lat' dir='ltr'><strong>Obsecramus</strong></span> <span class='ocrx_word' id='word_1_297' title='bbox 737 2451 834 2505; x_wconf 87' lang='lat' dir='ltr'><strong>pro</strong></span> <span class='ocrx_word' id='word_1_298' title='bbox 860 2433 1076 2489; x_wconf 85' lang='lat' dir='ltr'><strong>Christo</strong></span> <span class='ocrx_word' id='word_1_299' title='bbox 1101 2427 1520 2486; x_wconf 78' lang='lat' dir='ltr'><strong>reconciliamini</strong></span> <span class='ocrx_word' id='word_1_300' title='bbox 1550 2424 1678 2482; x_wconf 89' lang='lat' dir='ltr'><strong>Deo.</strong></span> 
     </span>
    </p>
   </div>
   <div class='ocr_carea' id='block_1_40' title="bbox 98 2518 1683 2599">
    <p class='ocr_par' dir='ltr' id='par_1_40' title="bbox 98 2518 1683 2599">
     <span class='ocr_line' id='line_1_40' title="bbox 98 2518 1683 2599; baseline -0.006 -16"><span class='ocrx_word' id='word_1_301' title='bbox 98 2529 370 2599; x_wconf 67' lang='lat' dir='ltr'><strong>.fth’Opia</strong></span> <span class='ocrx_word' id='word_1_302' title='bbox 401 2530 674 2599; x_wconf 64' lang='lat' dir='ltr'><strong>pra’veniet</strong></span> <span class='ocrx_word' id='word_1_303' title='bbox 720 2545 906 2581; x_wconf 88' lang='lat' dir='ltr'><strong>manus</strong></span> <span class='ocrx_word' id='word_1_304' title='bbox 937 2527 1052 2597; x_wconf 87' lang='lat' dir='ltr'><strong>ejus</strong></span> <span class='ocrx_word' id='word_1_305' title='bbox 1085 2524 1215 2579; x_wconf 86' lang='lat' dir='ltr'><strong>Deo.</strong></span> <span class='ocrx_word' id='word_1_306' title='bbox 1255 2522 1311 2577; x_wconf 40' lang='lat' dir='ltr'><strong>Pi</strong></span> <span class='ocrx_word' id='word_1_307' title='bbox 1331 2539 1357 2577; x_wconf 91' lang='lat' dir='ltr'><strong>r</strong></span> <span class='ocrx_word' id='word_1_308' title='bbox 1397 2518 1683 2590; x_wconf 58' lang='lat' dir='ltr'><strong>[Ethiopes</strong></span> 
     </span>
    </p>
   </div>
   <div class='ocr_carea' id='block_1_41' title="bbox 100 2607 1685 2695">
    <p class='ocr_par' dir='ltr' id='par_1_41' title="bbox 100 2607 1685 2695">
     <span class='ocr_line' id='line_1_41' title="bbox 100 2607 1685 2695; baseline -0.007 -17"><span class='ocrx_word' id='word_1_309' title='bbox 100 2625 468 2695; x_wconf 83' lang='lat' dir='ltr'><strong>intelliguntur</strong></span> <span class='ocrx_word' id='word_1_310' title='bbox 503 2623 743 2677; x_wconf 85' lang='lat' dir='ltr'><strong>moribus</strong></span> <span class='ocrx_word' id='word_1_311' title='bbox 767 2621 1052 2692; x_wconf 83' lang='lat' dir='ltr'><strong>denigrati,</strong></span> <span class='ocrx_word' id='word_1_312' title='bbox 1081 2607 1171 2690; x_wconf 76' lang='lat' dir='ltr'><strong>qui</strong></span> <span class='ocrx_word' id='word_1_313' title='bbox 1214 2615 1547 2689; x_wconf 71' lang='lat' dir='ltr'><strong>pmvettient</strong></span> <span class='ocrx_word' id='word_1_314' title='bbox 1575 2629 1685 2668; x_wconf 86' lang='lat' dir='ltr'><strong>ma-</strong></span> 
     </span>
    </p>
   </div>
   <div class='ocr_carea' id='block_1_42' title="bbox 101 2709 1686 2781">
    <p class='ocr_par' dir='ltr' id='par_1_42' title="bbox 101 2709 1686 2781">
     <span class='ocr_line' id='line_1_42' title="bbox 101 2709 1686 2781; baseline -0.008 -10"><span class='ocrx_word' id='word_1_315' title='bbox 101 2735 196 2772; x_wconf 77' lang='lat' dir='ltr'><strong>nus</strong></span> <span class='ocrx_word' id='word_1_316' title='bbox 231 2718 475 2781; x_wconf 83' lang='lat' dir='ltr'><strong>Domini,</strong></span> <span class='ocrx_word' id='word_1_317' title='bbox 514 2716 564 2770; x_wconf 88' lang='lat' dir='ltr'><strong>id</strong></span> <span class='ocrx_word' id='word_1_318' title='bbox 603 2727 717 2779; x_wconf 85' lang='lat' dir='ltr'><strong>est,</strong></span> <span class='ocrx_word' id='word_1_319' title='bbox 765 2713 1059 2770; x_wconf 83' lang='lat' dir='ltr'><strong>vindictam</strong></span> <span class='ocrx_word' id='word_1_320' title='bbox 1111 2727 1263 2767; x_wconf 89' lang='lat' dir='ltr'><strong>suam</strong></span> <span class='ocrx_word' id='word_1_321' title='bbox 1291 2751 1306 2775; x_wconf 93' lang='lat'><strong>,</strong></span> <span class='ocrx_word' id='word_1_322' title='bbox 1345 2709 1686 2763; x_wconf 70' lang='lat' dir='ltr'><strong>adltmrentcs</strong></span> 
     </span>
    </p>
   </div>
   <div class='ocr_carea' id='block_1_43' title="bbox 101 2798 1688 2876">
    <p class='ocr_par' dir='ltr' id='par_1_43' title="bbox 101 2798 1688 2876">
     <span class='ocr_line' id='line_1_43' title="bbox 101 2798 1688 2876; baseline -0.007 -14"><span class='ocrx_word' id='word_1_323' title='bbox 101 2809 207 2862; x_wconf 80' lang='lat' dir='ltr'><strong>Deo</strong></span> <span class='ocrx_word' id='word_1_324' title='bbox 232 2850 248 2872; x_wconf 91' lang='lat'><strong>,</strong></span> <span class='ocrx_word' id='word_1_325' title='bbox 301 2807 617 2863; x_wconf 83' lang='lat' dir='ltr'><strong>confitentes</strong></span> <span class='ocrx_word' id='word_1_326' title='bbox 658 2817 879 2876; x_wconf 51' lang='lat' dir='ltr'><strong>peccata</strong></span> <span class='ocrx_word' id='word_1_327' title='bbox 911 2822 1029 2868; x_wconf 89' lang='lat' dir='ltr'><strong>sua,</strong></span> <span class='ocrx_word' id='word_1_328' title='bbox 1061 2812 1114 2858; x_wconf 89' lang='lat' dir='ltr'><strong>et</strong></span> <span class='ocrx_word' id='word_1_329' title='bbox 1148 2798 1231 2856; x_wconf 80' lang='lat' dir='ltr'><strong>hic</strong></span> <span class='ocrx_word' id='word_1_330' title='bbox 1267 2800 1550 2871; x_wconf 88' lang='lat' dir='ltr'><strong>puuieutcs</strong></span> <span class='ocrx_word' id='word_1_331' title='bbox 1572 2839 1586 2861; x_wconf 92' lang='lat'><strong>,</strong></span> <span class='ocrx_word' id='word_1_332' title='bbox 1618 2811 1688 2851; x_wconf 89' lang='lat' dir='ltr'><strong>ne</strong></span> 
     </span>
    </p>
   </div>
   <div class='ocr_carea' id='block_1_44' title="bbox 101 2887 1687 2968">
    <p class='ocr_par' dir='ltr' id='par_1_44' title="bbox 101 2887 1687 2968">
     <span class='ocr_line' id='line_1_44' title="bbox 101 2887 1687 2968; baseline -0.006 -16"><span class='ocrx_word' id='word_1_333' title='bbox 101 2898 363 2953; x_wconf 83' lang='lat' dir='ltr'><strong>Dominus</strong></span> <span class='ocrx_word' id='word_1_334' title='bbox 392 2899 580 2968; x_wconf 88' lang='lat' dir='ltr'><strong>puniat</strong></span> <span class='ocrx_word' id='word_1_335' title='bbox 609 2898 659 2950; x_wconf 94' lang='lat' dir='ltr'><strong>iu</strong></span> <span class='ocrx_word' id='word_1_336' title='bbox 695 2898 895 2961; x_wconf 87' lang='lat' dir='ltr'><strong>futuro,</strong></span> <span class='ocrx_word' id='word_1_337' title='bbox 933 2895 1060 2965; x_wconf 84' lang='lat' dir='ltr'><strong>quia</strong></span> <span class='ocrx_word' id='word_1_338' title='bbox 1091 2908 1317 2964; x_wconf 89' lang='lat' dir='ltr'><strong>quorum</strong></span> <span class='ocrx_word' id='word_1_339' title='bbox 1348 2898 1566 2960; x_wconf 86' lang='lat' dir='ltr'><strong>peccata</strong></span> <span class='ocrx_word' id='word_1_340' title='bbox 1599 2887 1687 2942; x_wconf 90' lang='lat' dir='ltr'><strong>hic</strong></span> 
     </span>
    </p>
   </div>
   <div class='ocr_carea' id='block_1_45' title="bbox 101 2982 1690 3060">
    <p class='ocr_par' dir='ltr' id='par_1_45' title="bbox 101 2982 1690 3060">
     <span class='ocr_line' id='line_1_45' title="bbox 101 2982 1690 3060; baseline -0.005 -18"><span class='ocrx_word' id='word_1_341' title='bbox 101 3004 204 3043; x_wconf 84' lang='lat' dir='ltr'><strong>non</strong></span> <span class='ocrx_word' id='word_1_342' title='bbox 256 2991 577 3060; x_wconf 88' lang='lat' dir='ltr'><strong>puniuntur,</strong></span> <span class='ocrx_word' id='word_1_343' title='bbox 635 3003 664 3041; x_wconf 90' lang='lat' dir='ltr'><strong>a</strong></span> <span class='ocrx_word' id='word_1_344' title='bbox 717 2989 941 3042; x_wconf 84' lang='lat' dir='ltr'><strong>Domino</strong></span> <span class='ocrx_word' id='word_1_345' title='bbox 977 2987 1191 3040; x_wconf 89' lang='lat' dir='ltr'><strong>tandem</strong></span> <span class='ocrx_word' id='word_1_346' title='bbox 1248 2983 1302 3037; x_wconf 90' lang='lat' dir='ltr'><strong>in</strong></span> <span class='ocrx_word' id='word_1_347' title='bbox 1356 2982 1538 3037; x_wconf 90' lang='lat' dir='ltr'><strong>futuro</strong></span> <span class='ocrx_word' id='word_1_348' title='bbox 1588 2994 1690 3051; x_wconf 87' lang='lat' dir='ltr'><strong>pu-</strong></span> 
     </span>
    </p>
   </div>
   <div class='ocr_carea' id='block_1_46' title="bbox 103 3074 1690 3145">
    <p class='ocr_par' dir='ltr' id='par_1_46' title="bbox 103 3074 1690 3145">
     <span class='ocr_line' id='line_1_46' title="bbox 103 3074 1690 3145; baseline -0.006 -11"><span class='ocrx_word' id='word_1_349' title='bbox 103 3081 299 3135; x_wconf 85' lang='lat' dir='ltr'><strong>nienda</strong></span> <span class='ocrx_word' id='word_1_350' title='bbox 328 3088 470 3133; x_wconf 89' lang='lat' dir='ltr'><strong>sunt.</strong></span> <span class='ocrx_word' id='word_1_351' title='bbox 501 3078 680 3145; x_wconf 83' lang='lat' dir='ltr'><strong>Quare</strong></span> <span class='ocrx_word' id='word_1_352' title='bbox 707 3094 773 3132; x_wconf 89' lang='lat' dir='ltr'><strong>ne</strong></span> <span class='ocrx_word' id='word_1_353' title='bbox 807 3091 835 3130; x_wconf 88' lang='lat' dir='ltr'><strong>a</strong></span> <span class='ocrx_word' id='word_1_354' title='bbox 878 3076 1104 3130; x_wconf 86' lang='lat' dir='ltr'><strong>Domino</strong></span> <span class='ocrx_word' id='word_1_355' title='bbox 1149 3074 1456 3145; x_wconf 86' lang='lat' dir='ltr'><strong>puniamur,</strong></span> <span class='ocrx_word' id='word_1_356' title='bbox 1488 3087 1690 3142; x_wconf 72' lang='grc' dir='ltr'>ιιι-(ινσε-</span> 
     </span>
    </p>
   </div>
   <div class='ocr_carea' id='block_1_47' title="bbox 109 3163 1696 3243">
    <p class='ocr_par' dir='ltr' id='par_1_47' title="bbox 109 3163 1696 3243">
     <span class='ocr_line' id='line_1_47' title="bbox 109 3163 1696 3243; baseline -0.005 -18"><span class='ocrx_word' id='word_1_357' title='bbox 109 3189 350 3238; x_wconf 67' lang='lat' dir='ltr'><strong>repensus</strong></span> <span class='ocrx_word' id='word_1_358' title='bbox 372 3172 557 3243; x_wconf 82' lang='lat' dir='ltr'><strong>faciem</strong></span> <span class='ocrx_word' id='word_1_359' title='bbox 582 3172 695 3241; x_wconf 77' lang='lat' dir='ltr'><strong>ejus</strong></span> <span class='ocrx_word' id='word_1_360' title='bbox 717 3171 768 3224; x_wconf 87' lang='lat' dir='ltr'><strong>in</strong></span> <span class='ocrx_word' id='word_1_361' title='bbox 788 3169 1109 3239; x_wconf 74' lang='lat' dir='ltr'><strong>confessione</strong></span> <span class='ocrx_word' id='word_1_362' title='bbox 1132 3166 1301 3239; x_wconf 86' lang='lat' dir='ltr'><strong>(Psal.</strong></span> <span class='ocrx_word' id='word_1_363' title='bbox 1333 3165 1497 3236; x_wconf 75' lang='grc' dir='ltr'><strong>χειν).</strong></span> <span class='ocrx_word' id='word_1_364' title='bbox 1523 3163 1696 3220; x_wconf 78' lang='lat' dir='ltr'><strong>[labet</strong></span> 
     </span>
    </p>
   </div>
   <div class='ocr_carea' id='block_1_48' title="bbox 104 3257 1696 3338">
    <p class='ocr_par' dir='ltr' id='par_1_48' title="bbox 104 3257 1696 3338">
     <span class='ocr_line' id='line_1_48' title="bbox 104 3257 1696 3338; baseline -0.006 -20"><span class='ocrx_word' id='word_1_365' title='bbox 104 3268 200 3320; x_wconf 80' lang='lat' dir='ltr'><strong>alia</strong></span> <span class='ocrx_word' id='word_1_366' title='bbox 259 3265 546 3320; x_wconf 87' lang='lat' dir='ltr'><strong>translatio</strong></span> <span class='ocrx_word' id='word_1_367' title='bbox 590 3281 620 3338; x_wconf 70' lang='grc' dir='ltr'><strong>ς⁴</strong></span> <span class='ocrx_word' id='word_1_368' title='bbox 647 3262 925 3332; x_wconf 73' lang='grc' dir='ltr'><strong>ΛΞιΙιὶορὶα</strong></span> <span class='ocrx_word' id='word_1_369' title='bbox 958 3262 1170 3332; x_wconf 77' lang='lat' dir='ltr'><strong>festinat</strong></span> <span class='ocrx_word' id='word_1_370' title='bbox 1201 3275 1385 3312; x_wconf 88' lang='lat' dir='ltr'><strong>manus</strong></span> <span class='ocrx_word' id='word_1_371' title='bbox 1419 3274 1541 3311; x_wconf 89' lang='lat' dir='ltr'><strong>suas</strong></span> <span class='ocrx_word' id='word_1_372' title='bbox 1569 3257 1696 3309; x_wconf 86' lang='lat' dir='ltr'><strong>dare</strong></span> 
     </span>
    </p>
   </div>
   <div class='ocr_carea' id='block_1_49' title="bbox 1781 2056 3365 2132">
    <p class='ocr_par' dir='ltr' id='par_1_49' title="bbox 1781 2056 3365 2132">
     <span class='ocr_line' id='line_1_49' title="bbox 1781 2056 3365 2132; baseline 0.006 -27"><span class='ocrx_word' id='word_1_373' title='bbox 1781 2069 1896 2106; x_wconf 87' lang='lat' dir='ltr'><strong>mea</strong></span> <span class='ocrx_word' id='word_1_374' title='bbox 1944 2071 2105 2125; x_wconf 82' lang='lat' dir='ltr'><strong>usque</strong></span> <span class='ocrx_word' id='word_1_375' title='bbox 2150 2057 2219 2108; x_wconf 88' lang='lat' dir='ltr'><strong>ad</strong></span> <span class='ocrx_word' id='word_1_376' title='bbox 2269 2068 2486 2110; x_wconf 87' lang='lat' dir='ltr'><strong>mortem</strong></span> <span class='ocrx_word' id='word_1_377' title='bbox 2519 2056 2738 2128; x_wconf 53' lang='lat' dir='ltr'><strong>(Matth.</strong></span> <span class='ocrx_word' id='word_1_378' title='bbox 2783 2060 2953 2132; x_wconf 70' lang='lat' dir='ltr'><strong>xxvi),</strong></span> <span class='ocrx_word' id='word_1_379' title='bbox 3005 2061 3154 2116; x_wconf 85' lang='lat' dir='ltr'><strong>dabit</strong></span> <span class='ocrx_word' id='word_1_380' title='bbox 3178 2078 3365 2117; x_wconf 87' lang='lat' dir='ltr'><strong>vocem</strong></span> 
     </span>
    </p>
   </div>
   <div class='ocr_carea' id='block_1_50' title="bbox 1780 2145 3367 2224">
    <p class='ocr_par' dir='ltr' id='par_1_50' title="bbox 1780 2145 3367 2224">
     <span class='ocr_line' id='line_1_50' title="bbox 1780 2145 3367 2224; baseline 0.007 -27"><span class='ocrx_word' id='word_1_381' title='bbox 1780 2145 2028 2210; x_wconf 84' lang='lat' dir='ltr'><strong>virtutis,</strong></span> <span class='ocrx_word' id='word_1_382' title='bbox 2081 2148 2270 2202; x_wconf 87' lang='lat' dir='ltr'><strong>dicens</strong></span> <span class='ocrx_word' id='word_1_383' title='bbox 2303 2163 2318 2202; x_wconf 91' lang='lat'><strong>:</strong></span> <span class='ocrx_word' id='word_1_384' title='bbox 2353 2149 2452 2214; x_wconf 87' lang='lat' dir='ltr'><strong>lte,</strong></span> <span class='ocrx_word' id='word_1_385' title='bbox 2478 2150 2772 2217; x_wconf 84' lang='lat' dir='ltr'><strong>maledicti,</strong></span> <span class='ocrx_word' id='word_1_386' title='bbox 2815 2153 2868 2206; x_wconf 87' lang='lat' dir='ltr'><strong>in</strong></span> <span class='ocrx_word' id='word_1_387' title='bbox 2906 2170 3076 2224; x_wconf 79' lang='lat' dir='ltr'><strong>ignem</strong></span> <span class='ocrx_word' id='word_1_388' title='bbox 3117 2171 3367 2210; x_wconf 77' lang='lat' dir='ltr'><strong>teternum</strong></span> 
     </span>
    </p>
   </div>
   <div class='ocr_carea' id='block_1_51' title="bbox 1785 2237 3369 2319">
    <p class='ocr_par' dir='ltr' id='par_1_51' title="bbox 1785 2237 3369 2319">
     <span class='ocr_line' id='line_1_51' title="bbox 1785 2237 3369 2319; baseline 0.007 -29"><span class='ocrx_word' id='word_1_389' title='bbox 1785 2237 2000 2307; x_wconf 81' lang='lat' dir='ltr'><strong>(Matth.</strong></span> <span class='ocrx_word' id='word_1_390' title='bbox 2046 2242 2193 2311; x_wconf 68' lang='lat' dir='ltr'><strong>xxv).</strong></span> <span class='ocrx_word' id='word_1_391' title='bbox 2243 2241 2378 2296; x_wconf 85' lang='lat' dir='ltr'><strong>Nam</strong></span> <span class='ocrx_word' id='word_1_392' title='bbox 2427 2244 2518 2315; x_wconf 87' lang='lat' dir='ltr'><strong>qui</strong></span> <span class='ocrx_word' id='word_1_393' title='bbox 2574 2246 2719 2300; x_wconf 88' lang='lat' dir='ltr'><strong>venit</strong></span> <span class='ocrx_word' id='word_1_394' title='bbox 2762 2245 2979 2302; x_wconf 89' lang='lat' dir='ltr'><strong>humilis</strong></span> <span class='ocrx_word' id='word_1_395' title='bbox 3025 2248 3369 2319; x_wconf 86' lang='lat' dir='ltr'><strong>judicandus,</strong></span> 
     </span>
    </p>
   </div>
   <div class='ocr_carea' id='block_1_52' title="bbox 1786 2331 3371 2403">
    <p class='ocr_par' dir='ltr' id='par_1_52' title="bbox 1786 2331 3371 2403">
     <span class='ocr_line' id='line_1_52' title="bbox 1786 2331 3371 2403; baseline 0.006 -19"><span class='ocrx_word' id='word_1_396' title='bbox 1786 2331 1965 2385; x_wconf 85' lang='lat' dir='ltr'><strong>veniet</strong></span> <span class='ocrx_word' id='word_1_397' title='bbox 1999 2331 2050 2388; x_wconf 91' lang='lat' dir='ltr'><strong>iu</strong></span> <span class='ocrx_word' id='word_1_398' title='bbox 2079 2333 2655 2403; x_wconf 80' lang='lat' dir='ltr'><strong>virtutejudicaturus.</strong></span> <span class='ocrx_word' id='word_1_399' title='bbox 2698 2337 2765 2392; x_wconf 82' lang='lat' dir='ltr'><strong>Et</strong></span> <span class='ocrx_word' id='word_1_400' title='bbox 2799 2349 2856 2391; x_wconf 90' lang='lat' dir='ltr'><strong>ut</strong></span> <span class='ocrx_word' id='word_1_401' title='bbox 2887 2356 2990 2394; x_wconf 90' lang='lat' dir='ltr'><strong>non</strong></span> <span class='ocrx_word' id='word_1_402' title='bbox 3019 2341 3256 2396; x_wconf 77' lang='lat' dir='ltr'><strong>timentis</strong></span> <span class='ocrx_word' id='word_1_403' title='bbox 3277 2357 3371 2393; x_wconf 88' lang='lat' dir='ltr'><strong>vo-</strong></span> 
     </span>
    </p>
   </div>
   <div class='ocr_carea' id='block_1_53' title="bbox 1786 2427 3374 2508">
    <p class='ocr_par' dir='ltr' id='par_1_53' title="bbox 1786 2427 3374 2508">
     <span class='ocr_line' id='line_1_53' title="bbox 1786 2427 3374 2508; baseline 0.006 -26"><span class='ocrx_word' id='word_1_404' title='bbox 1786 2439 1904 2483; x_wconf 78' lang='lat' dir='ltr'><strong>cem</strong></span> <span class='ocrx_word' id='word_1_405' title='bbox 1952 2427 2203 2495; x_wconf 81' lang='lat' dir='ltr'><strong>virtutis,</strong></span> <span class='ocrx_word' id='word_1_406' title='bbox 2236 2431 2355 2486; x_wconf 82' lang='lat' dir='ltr'><strong>date</strong></span> <span class='ocrx_word' id='word_1_407' title='bbox 2388 2429 2612 2503; x_wconf 57' lang='lat' dir='ltr'><strong>gloriam</strong></span> <span class='ocrx_word' id='word_1_408' title='bbox 2643 2431 2750 2489; x_wconf 84' lang='lat' dir='ltr'><strong>Deo</strong></span> <span class='ocrx_word' id='word_1_409' title='bbox 2777 2476 2792 2500; x_wconf 94' lang='lat'><strong>,</strong></span> <span class='ocrx_word' id='word_1_410' title='bbox 2826 2433 2956 2490; x_wconf 91' lang='lat' dir='ltr'><strong>nilul</strong></span> <span class='ocrx_word' id='word_1_411' title='bbox 2984 2446 3374 2508; x_wconf 53' lang='lat' dir='ltr'><strong>presumerrres</strong></span> 
     </span>
    </p>
   </div>
   <div class='ocr_carea' id='block_1_54' title="bbox 1788 2519 3373 2600">
    <p class='ocr_par' dir='ltr' id='par_1_54' title="bbox 1788 2519 3373 2600">
     <span class='ocr_line' id='line_1_54' title="bbox 1788 2519 3373 2600; baseline 0.006 -26"><span class='ocrx_word' id='word_1_412' title='bbox 1788 2519 1855 2574; x_wconf 89' lang='lat' dir='ltr'><strong>de</strong></span> <span class='ocrx_word' id='word_1_413' title='bbox 1889 2521 2037 2576; x_wconf 85' lang='lat' dir='ltr'><strong>vobis</strong></span> <span class='ocrx_word' id='word_1_414' title='bbox 2066 2523 2116 2576; x_wconf 94' lang='lat' dir='ltr'><strong>iu</strong></span> <span class='ocrx_word' id='word_1_415' title='bbox 2149 2524 2303 2578; x_wconf 85' lang='lat' dir='ltr'><strong>bouis</strong></span> <span class='ocrx_word' id='word_1_416' title='bbox 2327 2526 2616 2594; x_wconf 81' lang='lat' dir='ltr'><strong>operibus;</strong></span> <span class='ocrx_word' id='word_1_417' title='bbox 2646 2536 2699 2581; x_wconf 91' lang='lat' dir='ltr'><strong>et</strong></span> <span class='ocrx_word' id='word_1_418' title='bbox 2744 2527 2863 2582; x_wconf 88' lang='lat' dir='ltr'><strong>ideo</strong></span> <span class='ocrx_word' id='word_1_419' title='bbox 2892 2528 3033 2593; x_wconf 89' lang='lat' dir='ltr'><strong>dico,</strong></span> <span class='ocrx_word' id='word_1_420' title='bbox 3067 2539 3125 2584; x_wconf 93' lang='lat' dir='ltr'><strong>ut</strong></span> <span class='ocrx_word' id='word_1_421' title='bbox 3145 2530 3373 2600; x_wconf 82' lang='lat' dir='ltr'><strong>gloriam</strong></span> 
     </span>
    </p>
   </div>
   <div class='ocr_carea' id='block_1_55' title="bbox 1788 2610 3374 2684">
    <p class='ocr_par' dir='ltr' id='par_1_55' title="bbox 1788 2610 3374 2684">
     <span class='ocr_line' id='line_1_55' title="bbox 1788 2610 3374 2684; baseline 0.007 -19"><span class='ocrx_word' id='word_1_422' title='bbox 1788 2610 1927 2666; x_wconf 89' lang='lat' dir='ltr'><strong>dctis</strong></span> <span class='ocrx_word' id='word_1_423' title='bbox 1965 2613 2105 2678; x_wconf 81' lang='lat' dir='ltr'><strong>Deo,</strong></span> <span class='ocrx_word' id='word_1_424' title='bbox 2146 2615 2272 2684; x_wconf 89' lang='lat' dir='ltr'><strong>quia</strong></span> <span class='ocrx_word' id='word_1_425' title='bbox 2318 2625 2445 2671; x_wconf 92' lang='lat' dir='ltr'><strong>tunc</strong></span> <span class='ocrx_word' id='word_1_426' title='bbox 2476 2634 2598 2672; x_wconf 89' lang='lat' dir='ltr'><strong>cum</strong></span> <span class='ocrx_word' id='word_1_427' title='bbox 2631 2619 2839 2674; x_wconf 87' lang='lat' dir='ltr'><strong>dederit</strong></span> <span class='ocrx_word' id='word_1_428' title='bbox 2884 2636 3072 2676; x_wconf 84' lang='lat' dir='ltr'><strong>vocent</strong></span> <span class='ocrx_word' id='word_1_429' title='bbox 3123 2623 3336 2676; x_wconf 90' lang='lat' dir='ltr'><strong>virtutis</strong></span> <span class='ocrx_word' id='word_1_430' title='bbox 3360 2664 3374 2684; x_wconf 93' lang='lat'><strong>,</strong></span> 
     </span>
    </p>
   </div>
   <div class='ocr_carea' id='block_1_56' title="bbox 1790 2703 3376 2784">
    <p class='ocr_par' dir='ltr' id='par_1_56' title="bbox 1790 2703 3376 2784">
     <span class='ocr_line' id='line_1_56' title="bbox 1790 2703 3376 2784; baseline 0.006 -27"><span class='ocrx_word' id='word_1_431' title='bbox 1790 2703 1894 2758; x_wconf 90' lang='lat' dir='ltr'><strong>erit</strong></span> <span class='ocrx_word' id='word_1_432' title='bbox 1946 2706 2334 2775; x_wconf 79' lang='lat' dir='ltr'><strong>magnificentia</strong></span> <span class='ocrx_word' id='word_1_433' title='bbox 2378 2708 2492 2776; x_wconf 89' lang='lat' dir='ltr'><strong>ejus</strong></span> <span class='ocrx_word' id='word_1_434' title='bbox 2540 2726 2695 2780; x_wconf 88' lang='lat' dir='ltr'><strong>super</strong></span> <span class='ocrx_word' id='word_1_435' title='bbox 2739 2709 2946 2775; x_wconf 86' lang='lat' dir='ltr'><strong>Israel,</strong></span> <span class='ocrx_word' id='word_1_436' title='bbox 2979 2712 3163 2778; x_wconf 89' lang='lat' dir='ltr'><strong>idest,</strong></span> <span class='ocrx_word' id='word_1_437' title='bbox 3210 2729 3376 2784; x_wconf 88' lang='lat' dir='ltr'><strong>super</strong></span> 
     </span>
    </p>
   </div>
   <div class='ocr_carea' id='block_1_57' title="bbox 1791 2796 3378 2870">
    <p class='ocr_par' dir='ltr' id='par_1_57' title="bbox 1791 2796 3378 2870">
     <span class='ocr_line' id='line_1_57' title="bbox 1791 2796 3378 2870; baseline 0.005 -22"><span class='ocrx_word' id='word_1_438' title='bbox 1791 2807 1981 2850; x_wconf 87' lang='lat' dir='ltr'><strong>Onmes</strong></span> <span class='ocrx_word' id='word_1_439' title='bbox 2013 2797 2257 2851; x_wconf 82' lang='lat' dir='ltr'><strong>videntes</strong></span> <span class='ocrx_word' id='word_1_440' title='bbox 2298 2796 2490 2864; x_wconf 87' lang='lat' dir='ltr'><strong>Deum,</strong></span> <span class='ocrx_word' id='word_1_441' title='bbox 2521 2810 2567 2852; x_wconf 89' lang='lat' dir='ltr'><strong>et</strong></span> <span class='ocrx_word' id='word_1_442' title='bbox 2604 2801 2766 2854; x_wconf 83' lang='lat' dir='ltr'><strong>virtus</strong></span> <span class='ocrx_word' id='word_1_443' title='bbox 2795 2801 2911 2870; x_wconf 84' lang='lat' dir='ltr'><strong>ejus</strong></span> <span class='ocrx_word' id='word_1_444' title='bbox 2945 2801 3000 2855; x_wconf 86' lang='lat' dir='ltr'><strong>in</strong></span> <span class='ocrx_word' id='word_1_445' title='bbox 3032 2803 3273 2857; x_wconf 77' lang='lat' dir='ltr'><strong>nubibus.</strong></span> <span class='ocrx_word' id='word_1_446' title='bbox 3305 2806 3378 2858; x_wconf 85' lang='lat' dir='ltr'><strong>Do</strong></span> 
     </span>
    </p>
   </div>
   <div class='ocr_carea' id='block_1_58' title="bbox 1793 2880 3381 2948">
    <p class='ocr_par' dir='ltr' id='par_1_58' title="bbox 1793 2880 3381 2948">
     <span class='ocr_line' id='line_1_58' title="bbox 1793 2880 3381 2948; baseline 0.003 -6"><span class='ocrx_word' id='word_1_447' title='bbox 1793 2888 2025 2944; x_wconf 87' lang='lat' dir='ltr'><strong>nubibus</strong></span> <span class='ocrx_word' id='word_1_448' title='bbox 2062 2889 2177 2944; x_wconf 90' lang='lat' dir='ltr'><strong>istis</strong></span> <span class='ocrx_word' id='word_1_449' title='bbox 2221 2890 2424 2945; x_wconf 83' lang='lat' dir='ltr'><strong>dictant</strong></span> <span class='ocrx_word' id='word_1_450' title='bbox 2455 2901 2540 2946; x_wconf 84' lang='lat' dir='ltr'><strong>est</strong></span> <span class='ocrx_word' id='word_1_451' title='bbox 2568 2907 2598 2945; x_wconf 91' lang='lat' dir='ltr'><strong>a</strong></span> <span class='ocrx_word' id='word_1_452' title='bbox 2636 2892 2862 2948; x_wconf 89' lang='lat' dir='ltr'><strong>Domino</strong></span> <span class='ocrx_word' id='word_1_453' title='bbox 2889 2911 2901 2946; x_wconf 91' lang='lat'>:</span> <span class='ocrx_word' id='word_1_454' title='bbox 2934 2880 3202 2948; x_wconf 81' lang='lat' dir='ltr'><strong>Mandabo</strong></span> <span class='ocrx_word' id='word_1_455' title='bbox 3229 2895 3381 2947; x_wconf 87' lang='lat' dir='ltr'><strong>nubi-</strong></span> 
     </span>
    </p>
   </div>
   <div class='ocr_carea' id='block_1_59' title="bbox 1795 2981 3376 3060">
    <p class='ocr_par' dir='ltr' id='par_1_59' title="bbox 1795 2981 3376 3060">
     <span class='ocr_line' id='line_1_59' title="bbox 1795 2981 3376 3060; baseline 0.004 -27"><span class='ocrx_word' id='word_1_456' title='bbox 1795 2981 1889 3034; x_wconf 81' lang='lat' dir='ltr'><strong>bus</strong></span> <span class='ocrx_word' id='word_1_457' title='bbox 1919 2983 2068 3049; x_wconf 86' lang='lat' dir='ltr'><strong>meis,</strong></span> <span class='ocrx_word' id='word_1_458' title='bbox 2096 2999 2158 3037; x_wconf 88' lang='lat' dir='ltr'><strong>ne</strong></span> <span class='ocrx_word' id='word_1_459' title='bbox 2186 2982 2370 3053; x_wconf 84' lang='lat' dir='ltr'><strong>pluunt</strong></span> <span class='ocrx_word' id='word_1_460' title='bbox 2392 3003 2549 3056; x_wconf 81' lang='lat' dir='ltr'><strong>super</strong></span> <span class='ocrx_word' id='word_1_461' title='bbox 2577 2988 2924 3043; x_wconf 87' lang='lat' dir='ltr'><strong>meretricem</strong></span> <span class='ocrx_word' id='word_1_462' title='bbox 2957 2988 3104 3043; x_wconf 83' lang='lat' dir='ltr'><strong>illam</strong></span> <span class='ocrx_word' id='word_1_463' title='bbox 3137 2988 3272 3058; x_wconf 90' lang='lat' dir='ltr'><strong>(lsa.</strong></span> <span class='ocrx_word' id='word_1_464' title='bbox 3300 2993 3376 3060; x_wconf 82' lang='lat' dir='ltr'><strong>v).</strong></span> 
     </span>
    </p>
   </div>
   <div class='ocr_carea' id='block_1_60' title="bbox 1797 3074 3376 3145">
    <p class='ocr_par' dir='ltr' id='par_1_60' title="bbox 1797 3074 3376 3145">
     <span class='ocr_line' id='line_1_60' title="bbox 1797 3074 3376 3145; baseline 0.003 -15"><span class='ocrx_word' id='word_1_465' title='bbox 1797 3074 1866 3130; x_wconf 79' lang='lat' dir='ltr'><strong>Et</strong></span> <span class='ocrx_word' id='word_1_466' title='bbox 1888 3075 2016 3131; x_wconf 90' lang='lat' dir='ltr'><strong>illud</strong></span> <span class='ocrx_word' id='word_1_467' title='bbox 2062 3095 2076 3130; x_wconf 88' lang='lat'><strong>:</strong></span> <span class='ocrx_word' id='word_1_468' title='bbox 2121 3078 2286 3132; x_wconf 81' lang='lat' dir='ltr'><strong>Amen</strong></span> <span class='ocrx_word' id='word_1_469' title='bbox 2319 3079 2432 3133; x_wconf 87' lang='lat' dir='ltr'><strong>dico</strong></span> <span class='ocrx_word' id='word_1_470' title='bbox 2470 3081 2634 3145; x_wconf 85' lang='lat' dir='ltr'><strong>vobis,</strong></span> <span class='ocrx_word' id='word_1_471' title='bbox 2677 3081 2868 3136; x_wconf 88' lang='lat' dir='ltr'><strong>amodo</strong></span> <span class='ocrx_word' id='word_1_472' title='bbox 2897 3082 3138 3137; x_wconf 81' lang='lat' dir='ltr'><strong>videbitis</strong></span> <span class='ocrx_word' id='word_1_473' title='bbox 3167 3081 3376 3136; x_wconf 83' lang='lat' dir='ltr'><strong>Filium</strong></span> 
     </span>
    </p>
   </div>
   <div class='ocr_carea' id='block_1_61' title="bbox 1797 3167 3378 3244">
    <p class='ocr_par' dir='ltr' id='par_1_61' title="bbox 1797 3167 3378 3244">
     <span class='ocr_line' id='line_1_61' title="bbox 1797 3167 3378 3244; baseline 0.003 -23"><span class='ocrx_word' id='word_1_474' title='bbox 1797 3167 2025 3222; x_wconf 85' lang='lat' dir='ltr'><strong>hominis</strong></span> <span class='ocrx_word' id='word_1_475' title='bbox 2069 3170 2353 3224; x_wconf 83' lang='lat' dir='ltr'><strong>venientem</strong></span> <span class='ocrx_word' id='word_1_476' title='bbox 2401 3171 2456 3226; x_wconf 86' lang='lat' dir='ltr'><strong>in</strong></span> <span class='ocrx_word' id='word_1_477' title='bbox 2507 3172 2727 3227; x_wconf 84' lang='lat' dir='ltr'><strong>nubibus</strong></span> <span class='ocrx_word' id='word_1_478' title='bbox 2753 3171 2867 3227; x_wconf 75' lang='lat' dir='ltr'><strong>caeli</strong></span> <span class='ocrx_word' id='word_1_479' title='bbox 2921 3172 3136 3244; x_wconf 80' lang='lat' dir='ltr'><strong>(Matth.</strong></span> <span class='ocrx_word' id='word_1_480' title='bbox 3187 3183 3378 3244; x_wconf 74' lang='lat' dir='ltr'><strong>xxvr):</strong></span> 
     </span>
    </p>
   </div>
   <div class='ocr_carea' id='block_1_62' title="bbox 1802 3260 3385 3338">
    <p class='ocr_par' dir='ltr' id='par_1_62' title="bbox 1802 3260 3385 3338">
     <span class='ocr_line' id='line_1_62' title="bbox 1802 3260 3385 3338; baseline 0.003 -22"><span class='ocrx_word' id='word_1_481' title='bbox 1802 3260 1855 3316; x_wconf 89' lang='lat' dir='ltr'><strong>in</strong></span> <span class='ocrx_word' id='word_1_482' title='bbox 1903 3263 2292 3319; x_wconf 79' lang='lat' dir='ltr'><strong>istis‘uubibus</strong></span> <span class='ocrx_word' id='word_1_483' title='bbox 2342 3267 2445 3319; x_wconf 85' lang='lat' dir='ltr'><strong>erit</strong></span> <span class='ocrx_word' id='word_1_484' title='bbox 2491 3267 2661 3322; x_wconf 89' lang='lat' dir='ltr'><strong>virtus</strong></span> <span class='ocrx_word' id='word_1_485' title='bbox 2715 3267 2949 3323; x_wconf 91' lang='lat' dir='ltr'><strong>Domini.</strong></span> <span class='ocrx_word' id='word_1_486' title='bbox 2999 3267 3076 3323; x_wconf 88' lang='lat' dir='ltr'><strong>De</strong></span> <span class='ocrx_word' id='word_1_487' title='bbox 3118 3284 3223 3338; x_wconf 88' lang='lat' dir='ltr'><strong>qua</strong></span> <span class='ocrx_word' id='word_1_488' title='bbox 3275 3269 3385 3322; x_wconf 88' lang='lat' dir='ltr'><strong>vir-</strong></span> 
     </span>
    </p>
   </div>
   <div class='ocr_carea' id='block_1_63' title="bbox 105 3333 3387 3429">
    <p class='ocr_par' dir='ltr' id='par_1_63' title="bbox 105 3333 3387 3429">
     <span class='ocr_line' id='line_1_63' title="bbox 105 3333 3387 3429; baseline 0.001 -21"><span class='ocrx_word' id='word_1_489' title='bbox 105 3355 228 3421; x_wconf 82' lang='lat' dir='ltr'><strong>Deo,</strong></span> <span class='ocrx_word' id='word_1_490' title='bbox 249 3356 318 3411; x_wconf 84' lang='lat' dir='ltr'><strong>&#39;id</strong></span> <span class='ocrx_word' id='word_1_491' title='bbox 354 3365 458 3421; x_wconf 89' lang='lat' dir='ltr'><strong>est,</strong></span> <span class='ocrx_word' id='word_1_492' title='bbox 485 3333 794 3425; x_wconf 11' lang='lat' dir='ltr'><strong>taliaiopcra</strong></span> <span class='ocrx_word' id='word_1_493' title='bbox 825 3354 999 3408; x_wconf 87' lang='lat' dir='ltr'><strong>facere</strong></span> <span class='ocrx_word' id='word_1_494' title='bbox 1022 3367 1141 3422; x_wconf 60' lang='lat' dir='ltr'><strong>quas</strong></span> <span class='ocrx_word' id='word_1_495' title='bbox 1170 3363 1295 3405; x_wconf 89' lang='lat' dir='ltr'><strong>sunt</strong></span> <span class='ocrx_word' id='word_1_496' title='bbox 1322 3350 1427 3404; x_wconf 88' lang='lat' dir='ltr'><strong>Deo</strong></span> <span class='ocrx_word' id='word_1_497' title='bbox 1452 3357 1693 3419; x_wconf 83' lang='lat' dir='ltr'><strong>acceptu-</strong></span> <span class='ocrx_word' id='word_1_498' title='bbox 1721 3333 1765 3396; x_wconf 70' lang='grc' dir='ltr'>Ο</span> <span class='ocrx_word' id='word_1_499' title='bbox 1801 3361 1912 3407; x_wconf 87' lang='grc' dir='ltr'>ιιιιε</span> <span class='ocrx_word' id='word_1_500' title='bbox 1958 3353 2094 3408; x_wconf 74' lang='lat' dir='ltr'><strong>dixit</strong></span> <span class='ocrx_word' id='word_1_501' title='bbox 2138 3353 2334 3408; x_wconf 87' lang='lat' dir='ltr'><strong>Paulus</strong></span> <span class='ocrx_word' id='word_1_502' title='bbox 2362 3369 2380 3406; x_wconf 88' lang='lat'><em>:</em></span> <span class='ocrx_word' id='word_1_503' title='bbox 2412 3355 2609 3410; x_wconf 83' lang='lat' dir='ltr'><strong>Mortui</strong></span> <span class='ocrx_word' id='word_1_504' title='bbox 2661 3367 2926 3429; x_wconf 85' lang='lat' dir='ltr'><strong>resurgent</strong></span> <span class='ocrx_word' id='word_1_505' title='bbox 2985 3333 3279 3429; x_wconf 74' lang='lat' dir='ltr'><strong>incorrupti</strong></span> <span class='ocrx_word' id='word_1_506' title='bbox 3336 3369 3387 3412; x_wconf 88' lang='lat' dir='ltr'><strong>et</strong></span> 
     </span>
    </p>
   </div>
   <div class='ocr_carea' id='block_1_64' title="bbox 104 3443 1691 3518">
    <p class='ocr_par' dir='ltr' id='par_1_64' title="bbox 104 3443 1691 3518">
     <span class='ocr_line' id='line_1_64' title="bbox 104 3443 1691 3518; baseline -0.005 -15"><span class='ocrx_word' id='word_1_507' title='bbox 104 3449 260 3515; x_wconf 88' lang='lat' dir='ltr'><strong>hilia;</strong></span> <span class='ocrx_word' id='word_1_508' title='bbox 319 3449 404 3507; x_wconf 88' lang='lat' dir='ltr'><strong>vel</strong></span> <span class='ocrx_word' id='word_1_509' title='bbox 451 3449 654 3504; x_wconf 81' lang='lat' dir='ltr'><strong>aliter:</strong></span> <span class='ocrx_word' id='word_1_510' title='bbox 696 3447 971 3516; x_wconf 81' lang='lat' dir='ltr'><strong>.-’Etht&#39;opia</strong></span> <span class='ocrx_word' id='word_1_511' title='bbox 1013 3447 1283 3518; x_wconf 68' lang='lat' dir='ltr'><strong>praeveniet</strong></span> <span class='ocrx_word' id='word_1_512' title='bbox 1334 3461 1519 3499; x_wconf 86' lang='lat' dir='ltr'><strong>ntanus</strong></span> <span class='ocrx_word' id='word_1_513' title='bbox 1557 3443 1691 3513; x_wconf 88' lang='lat' dir='ltr'><strong>ejus,</strong></span> 
     </span>
    </p>
   </div>
   <div class='ocr_carea' id='block_1_65' title="bbox 105 3533 1696 3611">
    <p class='ocr_par' dir='ltr' id='par_1_65' title="bbox 105 3533 1696 3611">
     <span class='ocr_line' id='line_1_65' title="bbox 105 3533 1696 3611; baseline -0.005 -15"><span class='ocrx_word' id='word_1_514' title='bbox 105 3541 155 3596; x_wconf 90' lang='lat' dir='ltr'><strong>id</strong></span> <span class='ocrx_word' id='word_1_515' title='bbox 183 3551 298 3608; x_wconf 85' lang='lat' dir='ltr'><strong>est,</strong></span> <span class='ocrx_word' id='word_1_516' title='bbox 326 3556 489 3611; x_wconf 85' lang='lat' dir='ltr'><strong>opera</strong></span> <span class='ocrx_word' id='word_1_517' title='bbox 519 3557 638 3606; x_wconf 84' lang='lat' dir='ltr'><strong>sua,</strong></span> <span class='ocrx_word' id='word_1_518' title='bbox 685 3540 814 3606; x_wconf 67' lang='lat' dir='ltr'><strong>Deo,</strong></span> <span class='ocrx_word' id='word_1_519' title='bbox 844 3539 1101 3594; x_wconf 86' lang='lat' dir='ltr'><strong>subaudis</strong></span> <span class='ocrx_word' id='word_1_520' title='bbox 1133 3537 1436 3592; x_wconf 78' lang='lat' dir='ltr'><strong>adluereus.</strong></span> <span class='ocrx_word' id='word_1_521' title='bbox 1468 3535 1598 3603; x_wconf 78' lang='lat' dir='ltr'><strong>Eius</strong></span> <span class='ocrx_word' id='word_1_522' title='bbox 1629 3533 1696 3589; x_wconf 79' lang='lat' dir='ltr'><strong>ad</strong></span> 
     </span>
    </p>
   </div>
   <div class='ocr_carea' id='block_1_66' title="bbox 105 3628 1698 3706">
    <p class='ocr_par' dir='ltr' id='par_1_66' title="bbox 105 3628 1698 3706">
     <span class='ocr_line' id='line_1_66' title="bbox 105 3628 1698 3706; baseline -0.004 -18"><span class='ocrx_word' id='word_1_523' title='bbox 105 3632 442 3706; x_wconf 62' lang='lat' dir='ltr'><strong>Ethiopiam</strong></span> <span class='ocrx_word' id='word_1_524' title='bbox 473 3632 816 3689; x_wconf 84' lang='lat' dir='ltr'><strong>referendum</strong></span> <span class='ocrx_word' id='word_1_525' title='bbox 848 3641 950 3698; x_wconf 88' lang='lat' dir='ltr'><strong>est,</strong></span> <span class='ocrx_word' id='word_1_526' title='bbox 985 3641 1042 3686; x_wconf 86' lang='lat' dir='ltr'><strong>ut</strong></span> <span class='ocrx_word' id='word_1_527' title='bbox 1071 3641 1280 3685; x_wconf 89' lang='lat' dir='ltr'><strong>tantum</strong></span> <span class='ocrx_word' id='word_1_528' title='bbox 1303 3628 1476 3684; x_wconf 84' lang='lat' dir='ltr'><strong>valeat</strong></span> <span class='ocrx_word' id='word_1_529' title='bbox 1507 3644 1698 3682; x_wconf 89' lang='lat' dir='ltr'><strong>manus</strong></span> 
     </span>
    </p>
   </div>
   <div class='ocr_carea' id='block_1_67' title="bbox 106 3723 1699 3797">
    <p class='ocr_par' dir='ltr' id='par_1_67' title="bbox 106 3723 1699 3797">
     <span class='ocr_line' id='line_1_67' title="bbox 106 3723 1699 3797; baseline -0.003 -17"><span class='ocrx_word' id='word_1_530' title='bbox 106 3727 241 3795; x_wconf 82' lang='lat' dir='ltr'><strong>ejus,</strong></span> <span class='ocrx_word' id='word_1_531' title='bbox 270 3736 528 3797; x_wconf 88' lang='lat' dir='ltr'><strong>quantum</strong></span> <span class='ocrx_word' id='word_1_532' title='bbox 559 3728 602 3781; x_wconf 88' lang='lat' dir='ltr'><strong>si</strong></span> <span class='ocrx_word' id='word_1_533' title='bbox 634 3728 838 3782; x_wconf 84' lang='lat' dir='ltr'><strong>diceret</strong></span> <span class='ocrx_word' id='word_1_534' title='bbox 863 3743 1054 3781; x_wconf 90' lang='lat' dir='ltr'><strong>manus</strong></span> <span class='ocrx_word' id='word_1_535' title='bbox 1076 3742 1219 3780; x_wconf 90' lang='lat' dir='ltr'><strong>suas.</strong></span> <span class='ocrx_word' id='word_1_536' title='bbox 1245 3723 1397 3787; x_wconf 79' lang='lat' dir='ltr'><strong>Nam,</strong></span> <span class='ocrx_word' id='word_1_537' title='bbox 1433 3733 1568 3778; x_wconf 85' lang='lat' dir='ltr'><strong>teste</strong></span> <span class='ocrx_word' id='word_1_538' title='bbox 1591 3724 1699 3776; x_wconf 80' lang='lat' dir='ltr'><strong>Au-</strong></span> 
     </span>
    </p>
   </div>
   <div class='ocr_carea' id='block_1_68' title="bbox 109 3815 1697 3890">
    <p class='ocr_par' dir='ltr' id='par_1_68' title="bbox 109 3815 1697 3890">
     <span class='ocr_line' id='line_1_68' title="bbox 109 3815 1697 3890; baseline -0.005 -15"><span class='ocrx_word' id='word_1_539' title='bbox 109 3821 348 3890; x_wconf 76' lang='lat' dir='ltr'><strong>gustino,</strong></span> <span class='ocrx_word' id='word_1_540' title='bbox 384 3818 435 3871; x_wconf 92' lang='lat' dir='ltr'><strong>in</strong></span> <span class='ocrx_word' id='word_1_541' title='bbox 470 3817 730 3873; x_wconf 86' lang='lat' dir='ltr'><strong>feminino</strong></span> <span class='ocrx_word' id='word_1_542' title='bbox 766 3835 963 3890; x_wconf 82' lang='lat' dir='ltr'><strong>genere</strong></span> <span class='ocrx_word' id='word_1_543' title='bbox 992 3819 1224 3890; x_wconf 76' lang='lat' dir='ltr'><strong>positum</strong></span> <span class='ocrx_word' id='word_1_544' title='bbox 1252 3824 1336 3870; x_wconf 90' lang='lat' dir='ltr'><strong>est</strong></span> <span class='ocrx_word' id='word_1_545' title='bbox 1366 3817 1417 3870; x_wconf 90' lang='lat' dir='ltr'><strong>iu</strong></span> <span class='ocrx_word' id='word_1_546' title='bbox 1448 3815 1697 3870; x_wconf 65' lang='lat' dir='ltr'><strong>Ilebrteo.</strong></span> 
     </span>
    </p>
   </div>
   <div class='ocr_carea' id='block_1_69' title="bbox 115 3903 1700 3980">
    <p class='ocr_par' dir='ltr' id='par_1_69' title="bbox 115 3903 1700 3980">
     <span class='ocr_line' id='line_1_69' title="bbox 115 3903 1700 3980; baseline -0.003 -15"><span class='ocrx_word' id='word_1_547' title='bbox 115 3911 245 3965; x_wconf 74' lang='lat' dir='ltr'><strong>Nota</strong></span> <span class='ocrx_word' id='word_1_548' title='bbox 292 3911 564 3979; x_wconf 83' lang='lat' dir='ltr'><strong>quomodo</strong></span> <span class='ocrx_word' id='word_1_549' title='bbox 595 3907 872 3980; x_wconf 63' lang='lat' dir='ltr'><strong>Ethiopia</strong></span> <span class='ocrx_word' id='word_1_550' title='bbox 911 3908 1202 3980; x_wconf 74' lang='lat' dir='ltr'><strong>pneveuiet</strong></span> <span class='ocrx_word' id='word_1_551' title='bbox 1238 3923 1428 3962; x_wconf 89' lang='lat' dir='ltr'><strong>manus</strong></span> <span class='ocrx_word' id='word_1_552' title='bbox 1455 3921 1612 3970; x_wconf 90' lang='lat' dir='ltr'><strong>suas,</strong></span> <span class='ocrx_word' id='word_1_553' title='bbox 1645 3903 1700 3960; x_wconf 90' lang='lat' dir='ltr'><strong>id</strong></span> 
     </span>
    </p>
   </div>
   <div class='ocr_carea' id='block_1_70' title="bbox 117 3999 1702 4076">
    <p class='ocr_par' dir='ltr' id='par_1_70' title="bbox 117 3999 1702 4076">
     <span class='ocr_line' id='line_1_70' title="bbox 117 3999 1702 4076; baseline -0.004 -16"><span class='ocrx_word' id='word_1_554' title='bbox 117 4014 228 4071; x_wconf 82' lang='lat' dir='ltr'><strong>est,</strong></span> <span class='ocrx_word' id='word_1_555' title='bbox 265 4019 432 4076; x_wconf 89' lang='lat' dir='ltr'><strong>opera</strong></span> <span class='ocrx_word' id='word_1_556' title='bbox 479 4020 594 4058; x_wconf 91' lang='lat' dir='ltr'><strong>sua.</strong></span> <span class='ocrx_word' id='word_1_557' title='bbox 631 4001 901 4057; x_wconf 67' lang='lat' dir='ltr'><strong>Prtecedet</strong></span> <span class='ocrx_word' id='word_1_558' title='bbox 935 4002 1076 4057; x_wconf 89' lang='lat' dir='ltr'><strong>enim</strong></span> <span class='ocrx_word' id='word_1_559' title='bbox 1111 3999 1397 4065; x_wconf 81' lang='lat' dir='ltr'><strong>confessio,</strong></span> <span class='ocrx_word' id='word_1_560' title='bbox 1427 4010 1485 4054; x_wconf 89' lang='lat' dir='ltr'><strong>ut</strong></span> <span class='ocrx_word' id='word_1_561' title='bbox 1515 3999 1702 4053; x_wconf 87' lang='lat' dir='ltr'><strong>subse-</strong></span> 
     </span>
    </p>
   </div>
   <div class='ocr_carea' id='block_1_71' title="bbox 123 4090 1704 4165">
    <p class='ocr_par' dir='ltr' id='par_1_71' title="bbox 123 4090 1704 4165">
     <span class='ocr_line' id='line_1_71' title="bbox 123 4090 1704 4165; baseline -0.003 -17"><span class='ocrx_word' id='word_1_562' title='bbox 123 4106 351 4164; x_wconf 85' lang='lat' dir='ltr'><strong>quantur</strong></span> <span class='ocrx_word' id='word_1_563' title='bbox 395 4109 557 4165; x_wconf 85' lang='lat' dir='ltr'><strong>Opera</strong></span> <span class='ocrx_word' id='word_1_564' title='bbox 579 4137 593 4158; x_wconf 90' lang='lat'><strong>,</strong></span> <span class='ocrx_word' id='word_1_565' title='bbox 623 4095 746 4164; x_wconf 88' lang='lat' dir='ltr'><strong>quia</strong></span> <span class='ocrx_word' id='word_1_566' title='bbox 778 4093 821 4147; x_wconf 87' lang='lat' dir='ltr'><strong>si</strong></span> <span class='ocrx_word' id='word_1_567' title='bbox 854 4093 1003 4163; x_wconf 90' lang='lat' dir='ltr'><strong>prius</strong></span> <span class='ocrx_word' id='word_1_568' title='bbox 1049 4094 1188 4148; x_wconf 87' lang='lat' dir='ltr'><strong>bene</strong></span> <span class='ocrx_word' id='word_1_569' title='bbox 1219 4101 1595 4161; x_wconf 88' lang='lat' dir='ltr'><strong>operarentur,</strong></span> <span class='ocrx_word' id='word_1_570' title='bbox 1625 4090 1704 4143; x_wconf 88' lang='lat' dir='ltr'><strong>vi-</strong></span> 
     </span>
    </p>
   </div>
   <div class='ocr_carea' id='block_1_72' title="bbox 122 4179 1702 4256">
    <p class='ocr_par' dir='ltr' id='par_1_72' title="bbox 122 4179 1702 4256">
     <span class='ocr_line' id='line_1_72' title="bbox 122 4179 1702 4256; baseline -0.004 -16"><span class='ocrx_word' id='word_1_571' title='bbox 122 4188 376 4243; x_wconf 87' lang='lat' dir='ltr'><strong>derentur</strong></span> <span class='ocrx_word' id='word_1_572' title='bbox 420 4194 640 4256; x_wconf 84' lang='lat' dir='ltr'><strong>peccata</strong></span> <span class='ocrx_word' id='word_1_573' title='bbox 691 4200 787 4254; x_wconf 89' lang='lat' dir='ltr'><strong>per</strong></span> <span class='ocrx_word' id='word_1_574' title='bbox 837 4183 1089 4238; x_wconf 85' lang='lat' dir='ltr'><strong>meritum</strong></span> <span class='ocrx_word' id='word_1_575' title='bbox 1149 4181 1463 4238; x_wconf 89' lang='lat' dir='ltr'><strong>condonari.</strong></span> <span class='ocrx_word' id='word_1_576' title='bbox 1520 4179 1702 4250; x_wconf 85' lang='lat' dir='ltr'><strong>Regna</strong></span> 
     </span>
    </p>
   </div>
   <div class='ocr_carea' id='block_1_73' title="bbox 121 4277 1706 4349">
    <p class='ocr_par' dir='ltr' id='par_1_73' title="bbox 121 4277 1706 4349">
     <span class='ocr_line' id='line_1_73' title="bbox 121 4277 1706 4349; baseline 0.001 -18"><span class='ocrx_word' id='word_1_577' title='bbox 121 4289 309 4344; x_wconf 78' lang='lat' dir='ltr'><strong>teme,</strong></span> <span class='ocrx_word' id='word_1_578' title='bbox 370 4289 577 4332; x_wconf 85' lang='lat' dir='ltr'><strong>cantate</strong></span> <span class='ocrx_word' id='word_1_579' title='bbox 627 4277 756 4334; x_wconf 81' lang='lat' dir='ltr'><strong>Deo.</strong></span> <span class='ocrx_word' id='word_1_580' title='bbox 800 4278 1068 4349; x_wconf 86' lang='lat' dir='ltr'><strong>Propheta</strong></span> <span class='ocrx_word' id='word_1_581' title='bbox 1102 4279 1234 4334; x_wconf 82' lang='lat' dir='ltr'><strong>visis</strong></span> <span class='ocrx_word' id='word_1_582' title='bbox 1283 4279 1530 4332; x_wconf 90' lang='lat' dir='ltr'><strong>oumibus</strong></span> <span class='ocrx_word' id='word_1_583' title='bbox 1585 4295 1706 4348; x_wconf 77' lang='lat' dir='ltr'><strong>qua:</strong></span> 
     </span>
    </p>
   </div>
   <div class='ocr_carea' id='block_1_74' title="bbox 123 4371 1704 4443">
    <p class='ocr_par' dir='ltr' id='par_1_74' title="bbox 123 4371 1704 4443">
     <span class='ocr_line' id='line_1_74' title="bbox 123 4371 1704 4443; baseline -0.001 -16"><span class='ocrx_word' id='word_1_584' title='bbox 123 4388 208 4442; x_wconf 82' lang='lat' dir='ltr'><strong>per</strong></span> <span class='ocrx_word' id='word_1_585' title='bbox 253 4371 537 4428; x_wconf 87' lang='lat' dir='ltr'><strong>Christum</strong></span> <span class='ocrx_word' id='word_1_586' title='bbox 583 4382 638 4426; x_wconf 89' lang='lat' dir='ltr'><strong>et</strong></span> <span class='ocrx_word' id='word_1_587' title='bbox 685 4374 1067 4443; x_wconf 72' lang='lat' dir='ltr'><strong>prmdicatores</strong></span> <span class='ocrx_word' id='word_1_588' title='bbox 1105 4390 1230 4428; x_wconf 89' lang='lat' dir='ltr'><strong>suos</strong></span> <span class='ocrx_word' id='word_1_589' title='bbox 1288 4373 1466 4426; x_wconf 86' lang='lat' dir='ltr'><strong>futura</strong></span> <span class='ocrx_word' id='word_1_590' title='bbox 1518 4383 1704 4438; x_wconf 82' lang='lat' dir='ltr'><strong>erant,</strong></span> 
     </span>
    </p>
   </div>
   <div class='ocr_carea' id='block_1_75' title="bbox 121 4464 1708 4540">
    <p class='ocr_par' dir='ltr' id='par_1_75' title="bbox 121 4464 1708 4540">
     <span class='ocr_line' id='line_1_75' title="bbox 121 4464 1708 4540; baseline 0.001 -24"><span class='ocrx_word' id='word_1_591' title='bbox 121 4466 439 4520; x_wconf 71' lang='lat' dir='ltr'><strong>exhortatur</strong></span> <span class='ocrx_word' id='word_1_592' title='bbox 467 4464 585 4519; x_wconf 91' lang='lat' dir='ltr'><strong>illos</strong></span> <span class='ocrx_word' id='word_1_593' title='bbox 609 4465 698 4540; x_wconf 86' lang='lat' dir='ltr'><strong>qui</strong></span> <span class='ocrx_word' id='word_1_594' title='bbox 731 4466 1083 4519; x_wconf 83' lang='lat' dir='ltr'><strong>convertendi</strong></span> <span class='ocrx_word' id='word_1_595' title='bbox 1114 4473 1260 4530; x_wconf 86' lang='lat' dir='ltr'><strong>sunt,</strong></span> <span class='ocrx_word' id='word_1_596' title='bbox 1289 4475 1347 4517; x_wconf 90' lang='lat' dir='ltr'><strong>ut</strong></span> <span class='ocrx_word' id='word_1_597' title='bbox 1370 4465 1421 4518; x_wconf 90' lang='lat' dir='ltr'><strong>in</strong></span> <span class='ocrx_word' id='word_1_598' title='bbox 1452 4465 1567 4535; x_wconf 87' lang='lat' dir='ltr'><strong>ejus</strong></span> <span class='ocrx_word' id='word_1_599' title='bbox 1593 4465 1708 4518; x_wconf 90' lang='lat' dir='ltr'><strong>lau-</strong></span> 
     </span>
    </p>
   </div>
   <div class='ocr_carea' id='block_1_76' title="bbox 124 4558 1709 4630">
    <p class='ocr_par' dir='ltr' id='par_1_76' title="bbox 124 4558 1709 4630">
     <span class='ocr_line' id='line_1_76' title="bbox 124 4558 1709 4630; baseline 0.003 -21"><span class='ocrx_word' id='word_1_600' title='bbox 124 4559 236 4612; x_wconf 88' lang='lat' dir='ltr'><strong>dem</strong></span> <span class='ocrx_word' id='word_1_601' title='bbox 266 4567 643 4630; x_wconf 81' lang='lat' dir='ltr'><strong>prorumpunt.</strong></span> <span class='ocrx_word' id='word_1_602' title='bbox 679 4558 841 4625; x_wconf 84' lang='lat' dir='ltr'><strong>Quasi</strong></span> <span class='ocrx_word' id='word_1_603' title='bbox 866 4558 1008 4612; x_wconf 88' lang='lat' dir='ltr'><strong>dicat</strong></span> <span class='ocrx_word' id='word_1_604' title='bbox 1043 4573 1056 4612; x_wconf 91' lang='lat'>:</span> <span class='ocrx_word' id='word_1_605' title='bbox 1087 4558 1220 4624; x_wconf 80' lang='lat' dir='ltr'><strong>Quia</strong></span> <span class='ocrx_word' id='word_1_606' title='bbox 1254 4561 1366 4613; x_wconf 75' lang='lat' dir='ltr'><strong>haec</strong></span> <span class='ocrx_word' id='word_1_607' title='bbox 1392 4561 1570 4613; x_wconf 89' lang='lat' dir='ltr'><strong>omnia</strong></span> <span class='ocrx_word' id='word_1_608' title='bbox 1611 4575 1709 4629; x_wconf 87' lang='lat' dir='ltr'><strong>pro</strong></span> 
     </span>
    </p>
   </div>
   <div class='ocr_carea' id='block_1_77' title="bbox 125 4647 1706 4718">
    <p class='ocr_par' dir='ltr' id='par_1_77' title="bbox 125 4647 1706 4718">
     <span class='ocr_line' id='line_1_77' title="bbox 125 4647 1706 4718; baseline 0.002 -19"><span class='ocrx_word' id='word_1_609' title='bbox 125 4649 272 4703; x_wconf 84' lang='lat' dir='ltr'><strong>vobis</strong></span> <span class='ocrx_word' id='word_1_610' title='bbox 299 4647 480 4702; x_wconf 86' lang='lat' dir='ltr'><strong>futura</strong></span> <span class='ocrx_word' id='word_1_611' title='bbox 524 4657 672 4713; x_wconf 88' lang='lat' dir='ltr'><strong>sunt,</strong></span> <span class='ocrx_word' id='word_1_612' title='bbox 707 4663 799 4702; x_wconf 88' lang='lat' dir='ltr'><strong>vos</strong></span> <span class='ocrx_word' id='word_1_613' title='bbox 839 4663 985 4718; x_wconf 87' lang='lat' dir='ltr'><strong>ergo,</strong></span> <span class='ocrx_word' id='word_1_614' title='bbox 1020 4664 1175 4718; x_wconf 86' lang='lat' dir='ltr'><strong>regna</strong></span> <span class='ocrx_word' id='word_1_615' title='bbox 1205 4658 1378 4714; x_wconf 68' lang='lat' dir='ltr'><strong>terra’,</strong></span> <span class='ocrx_word' id='word_1_616' title='bbox 1410 4649 1461 4702; x_wconf 87' lang='lat' dir='ltr'><strong>id</strong></span> <span class='ocrx_word' id='word_1_617' title='bbox 1491 4659 1591 4714; x_wconf 89' lang='lat' dir='ltr'><strong>est,</strong></span> <span class='ocrx_word' id='word_1_618' title='bbox 1617 4649 1706 4718; x_wconf 88' lang='lat' dir='ltr'><strong>qui</strong></span> 
     </span>
    </p>
   </div>
   <div class='ocr_carea' id='block_1_78' title="bbox 1799 3445 3388 3517">
    <p class='ocr_par' dir='ltr' id='par_1_78' title="bbox 1799 3445 3388 3517">
     <span class='ocr_line' id='line_1_78' title="bbox 1799 3445 3388 3517; baseline 0.005 -20"><span class='ocrx_word' id='word_1_619' title='bbox 1799 3460 1892 3497; x_wconf 86' lang='lat' dir='ltr'><strong>nos</strong></span> <span class='ocrx_word' id='word_1_620' title='bbox 1948 3445 2345 3499; x_wconf 88' lang='lat' dir='ltr'><strong>immutabimur</strong></span> <span class='ocrx_word' id='word_1_621' title='bbox 2389 3446 2610 3517; x_wconf 83' lang='lat' dir='ltr'><strong>(ICor.</strong></span> <span class='ocrx_word' id='word_1_622' title='bbox 2651 3449 2796 3517; x_wconf 82' lang='lat' dir='ltr'><strong>xv);</strong></span> <span class='ocrx_word' id='word_1_623' title='bbox 2850 3451 2932 3504; x_wconf 89' lang='lat' dir='ltr'><strong>vel</strong></span> <span class='ocrx_word' id='word_1_624' title='bbox 2990 3451 3043 3504; x_wconf 91' lang='lat' dir='ltr'><strong>in</strong></span> <span class='ocrx_word' id='word_1_625' title='bbox 3113 3451 3213 3504; x_wconf 87' lang='lat' dir='ltr'><strong>hac</strong></span> <span class='ocrx_word' id='word_1_626' title='bbox 3278 3450 3388 3505; x_wconf 90' lang='lat' dir='ltr'><strong>vita</strong></span> 
     </span>
    </p>
   </div>
   <div class='ocr_carea' id='block_1_79' title="bbox 1799 3534 3390 3594">
    <p class='ocr_par' dir='ltr' id='par_1_79' title="bbox 1799 3534 3390 3594">
     <span class='ocr_line' id='line_1_79' title="bbox 1799 3534 3390 3594; baseline 0.003 -6"><span class='ocrx_word' id='word_1_627' title='bbox 1799 3534 1949 3588; x_wconf 89' lang='lat' dir='ltr'><strong>dabit</strong></span> <span class='ocrx_word' id='word_1_628' title='bbox 2018 3535 2271 3589; x_wconf 86' lang='lat' dir='ltr'><strong>virtutem</strong></span> <span class='ocrx_word' id='word_1_629' title='bbox 2318 3536 2550 3591; x_wconf 89' lang='lat' dir='ltr'><strong>nubibus</strong></span> <span class='ocrx_word' id='word_1_630' title='bbox 2615 3537 2745 3592; x_wconf 82' lang='lat' dir='ltr'><strong>suis.</strong></span> <span class='ocrx_word' id='word_1_631' title='bbox 2817 3537 2968 3594; x_wconf 86' lang='lat' dir='ltr'><strong>Unde</strong></span> <span class='ocrx_word' id='word_1_632' title='bbox 3039 3541 3180 3594; x_wconf 86' lang='lat' dir='ltr'><strong>idem</strong></span> <span class='ocrx_word' id='word_1_633' title='bbox 3248 3538 3390 3594; x_wconf 88' lang='lat' dir='ltr'><strong>Pau-</strong></span> 
     </span>
    </p>
   </div>
   <div class='ocr_carea' id='block_1_80' title="bbox 1800 3626 3393 3701">
    <p class='ocr_par' dir='ltr' id='par_1_80' title="bbox 1800 3626 3393 3701">
     <span class='ocr_line' id='line_1_80' title="bbox 1800 3626 3393 3701; baseline 0.003 -21"><span class='ocrx_word' id='word_1_634' title='bbox 1800 3626 1884 3680; x_wconf 86' lang='lat' dir='ltr'><strong>lus</strong></span> <span class='ocrx_word' id='word_1_635' title='bbox 1915 3642 1930 3681; x_wconf 88' lang='lat'><strong>:</strong></span> <span class='ocrx_word' id='word_1_636' title='bbox 1963 3627 2252 3692; x_wconf 82' lang='lat' dir='ltr'><strong>Habemus,</strong></span> <span class='ocrx_word' id='word_1_637' title='bbox 2279 3629 2470 3698; x_wconf 88' lang='lat' dir='ltr'><strong>inquit,</strong></span> <span class='ocrx_word' id='word_1_638' title='bbox 2498 3629 2800 3684; x_wconf 81' lang='lat' dir='ltr'><strong>thesaurum</strong></span> <span class='ocrx_word' id='word_1_639' title='bbox 2826 3633 2981 3686; x_wconf 83' lang='lat' dir='ltr'><strong>istaut</strong></span> <span class='ocrx_word' id='word_1_640' title='bbox 3007 3633 3062 3686; x_wconf 82' lang='lat' dir='ltr'><strong>in</strong></span> <span class='ocrx_word' id='word_1_641' title='bbox 3094 3633 3227 3687; x_wconf 84' lang='lat' dir='ltr'><strong>vasis</strong></span> <span class='ocrx_word' id='word_1_642' title='bbox 3253 3631 3393 3701; x_wconf 76' lang='lat' dir='ltr'><strong>ﬁcti-</strong></span> 
     </span>
    </p>
   </div>
   <div class='ocr_carea' id='block_1_81' title="bbox 1801 3719 3391 3790">
    <p class='ocr_par' dir='ltr' id='par_1_81' title="bbox 1801 3719 3391 3790">
     <span class='ocr_line' id='line_1_81' title="bbox 1801 3719 3391 3790; baseline 0.004 -18"><span class='ocrx_word' id='word_1_643' title='bbox 1801 3719 1935 3774; x_wconf 84' lang='lat' dir='ltr'><strong>libus</strong></span> <span class='ocrx_word' id='word_1_644' title='bbox 1975 3720 2058 3788; x_wconf 86' lang='lat' dir='ltr'><strong>(Il</strong></span> <span class='ocrx_word' id='word_1_645' title='bbox 2107 3721 2230 3776; x_wconf 67' lang='lat' dir='ltr'><strong>(lor.</strong></span> <span class='ocrx_word' id='word_1_646' title='bbox 2286 3723 2382 3790; x_wconf 86' lang='lat' dir='ltr'><strong>Iv),</strong></span> <span class='ocrx_word' id='word_1_647' title='bbox 2439 3733 2494 3776; x_wconf 89' lang='lat' dir='ltr'><strong>ut</strong></span> <span class='ocrx_word' id='word_1_648' title='bbox 2531 3724 2836 3780; x_wconf 80' lang='lat' dir='ltr'><strong>sublimitas</strong></span> <span class='ocrx_word' id='word_1_649' title='bbox 2884 3725 2955 3780; x_wconf 90' lang='lat' dir='ltr'><strong>sit</strong></span> <span class='ocrx_word' id='word_1_650' title='bbox 2999 3725 3217 3783; x_wconf 82' lang='lat' dir='ltr'><strong>virtutis</strong></span> <span class='ocrx_word' id='word_1_651' title='bbox 3263 3724 3391 3788; x_wconf 91' lang='lat' dir='ltr'><strong>Dei,</strong></span> 
     </span>
    </p>
   </div>
   <div class='ocr_carea' id='block_1_82' title="bbox 1803 3815 3398 3889">
    <p class='ocr_par' dir='ltr' id='par_1_82' title="bbox 1803 3815 3398 3889">
     <span class='ocr_line' id='line_1_82' title="bbox 1803 3815 3398 3889; baseline 0.003 -21"><span class='ocrx_word' id='word_1_652' title='bbox 1803 3832 1908 3868; x_wconf 90' lang='lat' dir='ltr'><strong>non</strong></span> <span class='ocrx_word' id='word_1_653' title='bbox 1942 3831 2005 3868; x_wconf 77' lang='lat' dir='ltr'><strong>ex</strong></span> <span class='ocrx_word' id='word_1_654' title='bbox 2037 3815 2206 3869; x_wconf 79' lang='lat' dir='ltr'><strong>vobis.</strong></span> <span class='ocrx_word' id='word_1_655' title='bbox 2239 3815 2332 3870; x_wconf 72' lang='lat' dir='ltr'><strong>Vel</strong></span> <span class='ocrx_word' id='word_1_656' title='bbox 2359 3817 2524 3870; x_wconf 87' lang='lat' dir='ltr'><strong>virtus</strong></span> <span class='ocrx_word' id='word_1_657' title='bbox 2547 3816 2660 3886; x_wconf 87' lang='lat' dir='ltr'><strong>ejus</strong></span> <span class='ocrx_word' id='word_1_658' title='bbox 2690 3819 2742 3872; x_wconf 92' lang='lat' dir='ltr'><strong>in</strong></span> <span class='ocrx_word' id='word_1_659' title='bbox 2772 3817 2991 3872; x_wconf 89' lang='lat' dir='ltr'><strong>nubibus</strong></span> <span class='ocrx_word' id='word_1_660' title='bbox 3012 3859 3026 3884; x_wconf 95' lang='lat'><strong>,</strong></span> <span class='ocrx_word' id='word_1_661' title='bbox 3061 3817 3188 3889; x_wconf 85' lang='lat' dir='ltr'><strong>quia</strong></span> <span class='ocrx_word' id='word_1_662' title='bbox 3217 3817 3398 3873; x_wconf 78' lang='lat' dir='ltr'><strong>vettie‘.</strong></span> 
     </span>
    </p>
   </div>
   <div class='ocr_carea' id='block_1_83' title="bbox 1803 3907 3398 3982">
    <p class='ocr_par' dir='ltr' id='par_1_83' title="bbox 1803 3907 3398 3982">
     <span class='ocr_line' id='line_1_83' title="bbox 1803 3907 3398 3982; baseline 0.006 -24"><span class='ocrx_word' id='word_1_663' title='bbox 1803 3921 1926 3958; x_wconf 91' lang='lat' dir='ltr'><strong>cum</strong></span> <span class='ocrx_word' id='word_1_664' title='bbox 1957 3907 2261 3961; x_wconf 87' lang='lat' dir='ltr'><strong>senioribus</strong></span> <span class='ocrx_word' id='word_1_665' title='bbox 2284 3908 2462 3978; x_wconf 86' lang='lat' dir='ltr'><strong>populi</strong></span> <span class='ocrx_word' id='word_1_666' title='bbox 2492 3909 2542 3962; x_wconf 87' lang='lat' dir='ltr'><strong>itt</strong></span> <span class='ocrx_word' id='word_1_667' title='bbox 2577 3910 2777 3965; x_wconf 86' lang='lat' dir='ltr'><strong>virtute</strong></span> <span class='ocrx_word' id='word_1_668' title='bbox 2809 3927 3020 3982; x_wconf 87' lang='lat' dir='ltr'><strong>magna.</strong></span> <span class='ocrx_word' id='word_1_669' title='bbox 3055 3913 3121 3967; x_wconf 85' lang='lat' dir='ltr'><strong>Et</strong></span> <span class='ocrx_word' id='word_1_670' title='bbox 3153 3929 3220 3968; x_wconf 90' lang='lat' dir='ltr'><strong>ne</strong></span> <span class='ocrx_word' id='word_1_671' title='bbox 3251 3913 3398 3968; x_wconf 89' lang='lat' dir='ltr'><strong>aliud</strong></span> 
     </span>
    </p>
   </div>
   <div class='ocr_carea' id='block_1_84' title="bbox 1806 3998 3401 4075">
    <p class='ocr_par' dir='ltr' id='par_1_84' title="bbox 1806 3998 3401 4075">
     <span class='ocr_line' id='line_1_84' title="bbox 1806 3998 3401 4075; baseline 0.006 -27"><span class='ocrx_word' id='word_1_672' title='bbox 1806 4006 2024 4068; x_wconf 86' lang='lat' dir='ltr'><strong>putares</strong></span> <span class='ocrx_word' id='word_1_673' title='bbox 2059 3998 2199 4068; x_wconf 87' lang='lat' dir='ltr'><strong>quod</strong></span> <span class='ocrx_word' id='word_1_674' title='bbox 2238 4000 2528 4068; x_wconf 68' lang='lat' dir='ltr'><strong>prwmisit,</strong></span> <span class='ocrx_word' id='word_1_675' title='bbox 2553 4002 2606 4055; x_wconf 89' lang='lat' dir='ltr'><strong>in</strong></span> <span class='ocrx_word' id='word_1_676' title='bbox 2632 4003 2882 4068; x_wconf 85' lang='lat' dir='ltr'><strong>nubibus,</strong></span> <span class='ocrx_word' id='word_1_677' title='bbox 2915 4005 3195 4075; x_wconf 89' lang='lat' dir='ltr'><strong>sequitur:</strong></span> <span class='ocrx_word' id='word_1_678' title='bbox 3229 4005 3401 4058; x_wconf 61' lang='lat' dir='ltr'><strong>Mira.</strong></span> 
     </span>
    </p>
   </div>
   <div class='ocr_carea' id='block_1_85' title="bbox 1807 4089 3400 4157">
    <p class='ocr_par' dir='ltr' id='par_1_85' title="bbox 1807 4089 3400 4157">
     <span class='ocr_line' id='line_1_85' title="bbox 1807 4089 3400 4157; baseline 0.008 -16"><span class='ocrx_word' id='word_1_679' title='bbox 1807 4090 1923 4143; x_wconf 83' lang='lat' dir='ltr'><strong>bilis</strong></span> <span class='ocrx_word' id='word_1_680' title='bbox 1951 4089 2088 4144; x_wconf 83' lang='lat' dir='ltr'><strong>Deus</strong></span> <span class='ocrx_word' id='word_1_681' title='bbox 2114 4092 2165 4144; x_wconf 90' lang='lat' dir='ltr'><strong>in</strong></span> <span class='ocrx_word' id='word_1_682' title='bbox 2195 4094 2389 4146; x_wconf 82' lang='lat' dir='ltr'><strong>sanctis</strong></span> <span class='ocrx_word' id='word_1_683' title='bbox 2414 4094 2523 4147; x_wconf 83' lang='lat' dir='ltr'><strong>suis</strong></span> <span class='ocrx_word' id='word_1_684' title='bbox 2545 4135 2559 4157; x_wconf 91' lang='lat'><strong>,</strong></span> <span class='ocrx_word' id='word_1_685' title='bbox 2587 4095 2720 4150; x_wconf 85' lang='lat' dir='ltr'><strong>dans</strong></span> <span class='ocrx_word' id='word_1_686' title='bbox 2749 4097 2996 4151; x_wconf 89' lang='lat' dir='ltr'><strong>videlicet</strong></span> <span class='ocrx_word' id='word_1_687' title='bbox 3028 4106 3227 4152; x_wconf 78' lang='lat' dir='ltr'><strong>aeterna</strong></span> <span class='ocrx_word' id='word_1_688' title='bbox 3259 4098 3400 4153; x_wconf 85' lang='lat' dir='ltr'><strong>bona</strong></span> 
     </span>
    </p>
   </div>
   <div class='ocr_carea' id='block_1_86' title="bbox 1809 4181 3399 4256">
    <p class='ocr_par' dir='ltr' id='par_1_86' title="bbox 1809 4181 3399 4256">
     <span class='ocr_line' id='line_1_86' title="bbox 1809 4181 3399 4256; baseline 0.005 -24"><span class='ocrx_word' id='word_1_689' title='bbox 1809 4195 1906 4249; x_wconf 85' lang='lat' dir='ltr'><strong>pro</strong></span> <span class='ocrx_word' id='word_1_690' title='bbox 1945 4181 2220 4252; x_wconf 88' lang='lat' dir='ltr'><strong>temporali</strong></span> <span class='ocrx_word' id='word_1_691' title='bbox 2248 4181 2450 4238; x_wconf 86' lang='lat' dir='ltr'><strong>labore.</strong></span> <span class='ocrx_word' id='word_1_692' title='bbox 2486 4184 2621 4239; x_wconf 85' lang='lat' dir='ltr'><strong>Deus</strong></span> <span class='ocrx_word' id='word_1_693' title='bbox 2650 4184 2820 4241; x_wconf 76' lang='lat' dir='ltr'><strong>Israel</strong></span> <span class='ocrx_word' id='word_1_694' title='bbox 2843 4189 2950 4256; x_wconf 82' lang='lat' dir='ltr'><strong>ipse</strong></span> <span class='ocrx_word' id='word_1_695' title='bbox 2970 4188 3110 4241; x_wconf 86' lang='lat' dir='ltr'><strong>dabit</strong></span> <span class='ocrx_word' id='word_1_696' title='bbox 3138 4189 3399 4252; x_wconf 73' lang='lat' dir='ltr'><strong>virtutem,</strong></span> 
     </span>
    </p>
   </div>
   <div class='ocr_carea' id='block_1_87' title="bbox 1811 4272 3398 4343">
    <p class='ocr_par' dir='ltr' id='par_1_87' title="bbox 1811 4272 3398 4343">
     <span class='ocr_line' id='line_1_87' title="bbox 1811 4272 3398 4343; baseline 0.004 -17"><span class='ocrx_word' id='word_1_697' title='bbox 1811 4272 1862 4326; x_wconf 89' lang='lat' dir='ltr'><strong>id</strong></span> <span class='ocrx_word' id='word_1_698' title='bbox 1895 4283 2008 4338; x_wconf 86' lang='lat' dir='ltr'><strong>est,</strong></span> <span class='ocrx_word' id='word_1_699' title='bbox 2043 4276 2526 4343; x_wconf 86' lang='lat' dir='ltr'><strong>resurrectionem;</strong></span> <span class='ocrx_word' id='word_1_700' title='bbox 2562 4275 2644 4330; x_wconf 88' lang='lat' dir='ltr'><strong>vel</strong></span> <span class='ocrx_word' id='word_1_701' title='bbox 2673 4277 2760 4333; x_wconf 87' lang='lat' dir='ltr'><strong>hic</strong></span> <span class='ocrx_word' id='word_1_702' title='bbox 2787 4277 2930 4332; x_wconf 88' lang='lat' dir='ltr'><strong>dabit</strong></span> <span class='ocrx_word' id='word_1_703' title='bbox 2957 4279 3068 4333; x_wconf 84' lang='lat' dir='ltr'><strong>suis</strong></span> <span class='ocrx_word' id='word_1_704' title='bbox 3119 4280 3358 4334; x_wconf 80' lang='lat' dir='ltr'><strong>virtutem</strong></span> <span class='ocrx_word' id='word_1_705' title='bbox 3382 4319 3398 4342; x_wconf 91' lang='lat'><strong>,</strong></span> 
     </span>
    </p>
   </div>
   <div class='ocr_carea' id='block_1_88' title="bbox 1813 4367 3402 4438">
    <p class='ocr_par' dir='ltr' id='par_1_88' title="bbox 1813 4367 3402 4438">
     <span class='ocr_line' id='line_1_88' title="bbox 1813 4367 3402 4438; baseline 0.004 -21"><span class='ocrx_word' id='word_1_706' title='bbox 1813 4375 1869 4418; x_wconf 86' lang='grc' dir='ltr'><strong>ιιι</strong></span> <span class='ocrx_word' id='word_1_707' title='bbox 1905 4367 2084 4419; x_wconf 90' lang='lat' dir='ltr'><strong>omnia</strong></span> <span class='ocrx_word' id='word_1_708' title='bbox 2117 4370 2320 4436; x_wconf 90' lang='lat' dir='ltr'><strong>possint</strong></span> <span class='ocrx_word' id='word_1_709' title='bbox 2367 4384 2463 4438; x_wconf 82' lang='lat' dir='ltr'><strong>per</strong></span> <span class='ocrx_word' id='word_1_710' title='bbox 2496 4385 2640 4423; x_wconf 89' lang='lat' dir='ltr'><strong>eum.</strong></span> <span class='ocrx_word' id='word_1_711' title='bbox 2692 4369 2845 4425; x_wconf 86' lang='lat' dir='ltr'><strong>Unde</strong></span> <span class='ocrx_word' id='word_1_712' title='bbox 2890 4370 3130 4425; x_wconf 82' lang='lat' dir='ltr'><strong>Paulus:</strong></span> <span class='ocrx_word' id='word_1_713' title='bbox 3174 4368 3402 4435; x_wconf 88' lang='lat' dir='ltr'><strong>Omnia,</strong></span> 
     </span>
    </p>
   </div>
   <div class='ocr_carea' id='block_1_89' title="bbox 1816 4445 3399 4538">
    <p class='ocr_par' dir='ltr' id='par_1_89' title="bbox 1816 4445 3399 4538">
     <span class='ocr_line' id='line_1_89' title="bbox 1816 4445 3399 4538; baseline 0.002 -21"><span class='ocrx_word' id='word_1_714' title='bbox 1816 4463 2011 4533; x_wconf 87' lang='lat' dir='ltr'><strong>inquit,</strong></span> <span class='ocrx_word' id='word_1_715' title='bbox 2037 4480 2250 4534; x_wconf 83' lang='lat' dir='ltr'><strong>possunt</strong></span> <span class='ocrx_word' id='word_1_716' title='bbox 2279 4467 2333 4518; x_wconf 89' lang='lat' dir='ltr'><strong>in</strong></span> <span class='ocrx_word' id='word_1_717' title='bbox 2375 4483 2433 4518; x_wconf 89' lang='lat' dir='ltr'><strong>eo</strong></span> <span class='ocrx_word' id='word_1_718' title='bbox 2455 4468 2542 4537; x_wconf 80' lang='lat' dir='ltr'><strong>qui</strong></span> <span class='ocrx_word' id='word_1_719' title='bbox 2568 4482 2646 4519; x_wconf 90' lang='lat' dir='ltr'><strong>me</strong></span> <span class='ocrx_word' id='word_1_720' title='bbox 2675 4467 2932 4536; x_wconf 89' lang='lat' dir='ltr'><strong>confortat</strong></span> <span class='ocrx_word' id='word_1_721' title='bbox 2961 4445 3200 4520; x_wconf 68' lang='lat' dir='ltr'><strong>Christus</strong></span> <span class='ocrx_word' id='word_1_722' title='bbox 3231 4467 3399 4538; x_wconf 79' lang='lat' dir='ltr'><strong>(Phil.</strong></span> 
     </span>
    </p>
   </div>
   <div class='ocr_carea' id='block_1_90' title="bbox 1815 4556 3406 4631">
    <p class='ocr_par' dir='ltr' id='par_1_90' title="bbox 1815 4556 3406 4631">
     <span class='ocr_line' id='line_1_90' title="bbox 1815 4556 3406 4631; baseline 0.002 -20"><span class='ocrx_word' id='word_1_723' title='bbox 1815 4556 1909 4628; x_wconf 85' lang='lat' dir='ltr'><strong>tv).</strong></span> <span class='ocrx_word' id='word_1_724' title='bbox 1939 4557 2097 4613; x_wconf 85' lang='lat' dir='ltr'><strong>Dabit</strong></span> <span class='ocrx_word' id='word_1_725' title='bbox 2125 4557 2506 4627; x_wconf 83' lang='lat' dir='ltr'><strong>fortitudinem,</strong></span> <span class='ocrx_word' id='word_1_726' title='bbox 2539 4559 2587 4613; x_wconf 91' lang='lat' dir='ltr'><strong>id</strong></span> <span class='ocrx_word' id='word_1_727' title='bbox 2615 4570 2718 4623; x_wconf 87' lang='lat' dir='ltr'><strong>cst,</strong></span> <span class='ocrx_word' id='word_1_728' title='bbox 2750 4560 2931 4614; x_wconf 85' lang='lat' dir='ltr'><strong>carnis</strong></span> <span class='ocrx_word' id='word_1_729' title='bbox 2979 4559 3406 4631; x_wconf 87' lang='lat' dir='ltr'><strong>incorruptibili-</strong></span> 
     </span>
    </p>
   </div>
   <div class='ocr_carea' id='block_1_91' title="bbox 1817 4649 3408 4724">
    <p class='ocr_par' dir='ltr' id='par_1_91' title="bbox 1817 4649 3408 4724">
     <span class='ocr_line' id='line_1_91' title="bbox 1817 4649 3408 4724; baseline 0.001 -23"><span class='ocrx_word' id='word_1_730' title='bbox 1817 4657 2006 4703; x_wconf 87' lang='lat' dir='ltr'><strong>tatcm.</strong></span> <span class='ocrx_word' id='word_1_731' title='bbox 2052 4649 2118 4703; x_wconf 84' lang='lat' dir='ltr'><strong>Et</strong></span> <span class='ocrx_word' id='word_1_732' title='bbox 2149 4650 2234 4702; x_wconf 91' lang='lat' dir='ltr'><strong>cui</strong></span> <span class='ocrx_word' id='word_1_733' title='bbox 2282 4649 2464 4704; x_wconf 88' lang='lat' dir='ltr'><strong>dabit?</strong></span> <span class='ocrx_word' id='word_1_734' title='bbox 2496 4649 2644 4704; x_wconf 81' lang='lat' dir='ltr'><strong>Plebi</strong></span> <span class='ocrx_word' id='word_1_735' title='bbox 2671 4669 2812 4716; x_wconf 60' lang='lat' dir='ltr'><strong>suat,</strong></span> <span class='ocrx_word' id='word_1_736' title='bbox 2847 4667 2987 4706; x_wconf 91' lang='lat' dir='ltr'><strong>nunc</strong></span> <span class='ocrx_word' id='word_1_737' title='bbox 3021 4651 3191 4724; x_wconf 81' lang='lat' dir='ltr'><strong>fragili</strong></span> <span class='ocrx_word' id='word_1_738' title='bbox 3218 4694 3232 4717; x_wconf 90' lang='lat'><strong>,</strong></span> <span class='ocrx_word' id='word_1_739' title='bbox 3264 4666 3408 4705; x_wconf 90' lang='lat' dir='ltr'><strong>nunc</strong></span> 
     </span>
    </p>
   </div>
   <div class='ocr_carea' id='block_1_92' title="bbox 125 4720 3410 4814">
    <p class='ocr_par' dir='ltr' id='par_1_92' title="bbox 125 4720 3410 4814">
     <span class='ocr_line' id='line_1_92' title="bbox 125 4720 3410 4814; baseline 0.001 -19"><span class='ocrx_word' id='word_1_740' title='bbox 125 4757 183 4796; x_wconf 76' lang='lat' dir='ltr'><strong>ex</strong></span> <span class='ocrx_word' id='word_1_741' title='bbox 220 4756 368 4798; x_wconf 73' lang='lat' dir='ltr'><strong>terra</strong></span> <span class='ocrx_word' id='word_1_742' title='bbox 397 4759 616 4813; x_wconf 83' lang='lat' dir='ltr'><strong>regnum</strong></span> <span class='ocrx_word' id='word_1_743' title='bbox 646 4741 738 4796; x_wconf 82' lang='lat' dir='ltr'><strong>Dei</strong></span> <span class='ocrx_word' id='word_1_744' title='bbox 776 4742 900 4797; x_wconf 87' lang='lat' dir='ltr'><strong>facti</strong></span> <span class='ocrx_word' id='word_1_745' title='bbox 949 4743 1111 4808; x_wconf 88' lang='lat' dir='ltr'><strong>estis,</strong></span> <span class='ocrx_word' id='word_1_746' title='bbox 1142 4743 1310 4813; x_wconf 79' lang='lat' dir='ltr'><strong>gratis</strong></span> <span class='ocrx_word' id='word_1_747' title='bbox 1347 4743 1591 4798; x_wconf 81' lang='lat' dir='ltr'><strong>videlicet</strong></span> <span class='ocrx_word' id='word_1_748' title='bbox 1618 4760 1709 4798; x_wconf 87' lang='lat' dir='ltr'><strong>vo-</strong></span> <span class='ocrx_word' id='word_1_749' title='bbox 1732 4720 1788 4782; x_wconf 81' lang='grc' dir='ltr'>Ῑ)</span> <span class='ocrx_word' id='word_1_750' title='bbox 1817 4739 2074 4806; x_wconf 76' lang='lat' dir='ltr'><strong>infiruue,</strong></span> <span class='ocrx_word' id='word_1_751' title='bbox 2105 4756 2248 4794; x_wconf 89' lang='lat' dir='ltr'><strong>nunc</strong></span> <span class='ocrx_word' id='word_1_752' title='bbox 2279 4741 2480 4795; x_wconf 84' lang='lat' dir='ltr'><strong>dicenti</strong></span> <span class='ocrx_word' id='word_1_753' title='bbox 2512 4759 2524 4796; x_wconf 93' lang='lat'>:</span> <span class='ocrx_word' id='word_1_754' title='bbox 2557 4742 2804 4809; x_wconf 84' lang='lat' dir='ltr'><strong>Quaudiu</strong></span> <span class='ocrx_word' id='word_1_755' title='bbox 2832 4759 2949 4799; x_wconf 87' lang='lat' dir='ltr'><strong>sum</strong></span> <span class='ocrx_word' id='word_1_756' title='bbox 2975 4745 3026 4797; x_wconf 90' lang='lat' dir='ltr'><strong>in</strong></span> <span class='ocrx_word' id='word_1_757' title='bbox 3057 4760 3288 4814; x_wconf 87' lang='lat' dir='ltr'><strong>corpore,</strong></span> <span class='ocrx_word' id='word_1_758' title='bbox 3317 4759 3410 4812; x_wconf 84' lang='lat' dir='ltr'><strong>pe-</strong></span> 
     </span>
    </p>
   </div>
   <div class='ocr_carea' id='block_1_93' title="bbox 128 4835 1706 4905">
    <p class='ocr_par' dir='ltr' id='par_1_93' title="bbox 128 4835 1706 4905">
     <span class='ocr_line' id='line_1_93' title="bbox 128 4835 1706 4905; baseline 0.001 -17"><span class='ocrx_word' id='word_1_759' title='bbox 128 4837 248 4900; x_wconf 83' lang='lat' dir='ltr'><strong>cati,</strong></span> <span class='ocrx_word' id='word_1_760' title='bbox 283 4847 492 4889; x_wconf 85' lang='lat' dir='ltr'><strong>cantate</strong></span> <span class='ocrx_word' id='word_1_761' title='bbox 526 4835 631 4889; x_wconf 87' lang='lat' dir='ltr'><strong>Deo</strong></span> <span class='ocrx_word' id='word_1_762' title='bbox 663 4836 911 4901; x_wconf 85' lang='lat' dir='ltr'><strong>interius,</strong></span> <span class='ocrx_word' id='word_1_763' title='bbox 940 4835 1145 4905; x_wconf 82' lang='lat' dir='ltr'><strong>psallite</strong></span> <span class='ocrx_word' id='word_1_764' title='bbox 1176 4837 1396 4890; x_wconf 87' lang='lat' dir='ltr'><strong>Domino</strong></span> <span class='ocrx_word' id='word_1_765' title='bbox 1425 4835 1661 4890; x_wconf 63' lang='lat' dir='ltr'><strong>exterius</strong></span> <span class='ocrx_word' id='word_1_766' title='bbox 1693 4855 1706 4890; x_wconf 89' lang='lat'><strong>:</strong></span> 
     </span>
    </p>
   </div>
   <div class='ocr_carea' id='block_1_94' title="bbox 127 4926 1714 4999">
    <p class='ocr_par' dir='ltr' id='par_1_94' title="bbox 127 4926 1714 4999">
     <span class='ocr_line' id='line_1_94' title="bbox 127 4926 1714 4999; baseline 0.004 -20"><span class='ocrx_word' id='word_1_767' title='bbox 127 4928 329 4996; x_wconf 80' lang='lat' dir='ltr'><strong>psallite</strong></span> <span class='ocrx_word' id='word_1_768' title='bbox 368 4926 501 4990; x_wconf 86' lang='lat' dir='ltr'><strong>Deo,</strong></span> <span class='ocrx_word' id='word_1_769' title='bbox 531 4927 682 4995; x_wconf 87' lang='lat' dir='ltr'><strong>dico,</strong></span> <span class='ocrx_word' id='word_1_770' title='bbox 714 4929 803 4998; x_wconf 84' lang='lat' dir='ltr'><strong>qui</strong></span> <span class='ocrx_word' id='word_1_771' title='bbox 825 4928 1055 4982; x_wconf 86' lang='lat' dir='ltr'><strong>ascendit</strong></span> <span class='ocrx_word' id='word_1_772' title='bbox 1097 4946 1252 4999; x_wconf 87' lang='lat' dir='ltr'><strong>super</strong></span> <span class='ocrx_word' id='word_1_773' title='bbox 1286 4928 1468 4983; x_wconf 76' lang='lat' dir='ltr'><strong>cwlum</strong></span> <span class='ocrx_word' id='word_1_774' title='bbox 1500 4930 1635 4995; x_wconf 69' lang='lat' dir='ltr'><strong>cadi,</strong></span> <span class='ocrx_word' id='word_1_775' title='bbox 1661 4929 1714 4984; x_wconf 90' lang='lat' dir='ltr'><strong>id</strong></span> 
     </span>
    </p>
   </div>
   <div class='ocr_carea' id='block_1_95' title="bbox 129 5020 1714 5090">
    <p class='ocr_par' dir='ltr' id='par_1_95' title="bbox 129 5020 1714 5090">
     <span class='ocr_line' id='line_1_95' title="bbox 129 5020 1714 5090; baseline 0.003 -18"><span class='ocrx_word' id='word_1_776' title='bbox 129 5033 222 5085; x_wconf 82' lang='lat' dir='ltr'><strong>est,</strong></span> <span class='ocrx_word' id='word_1_777' title='bbox 253 5034 417 5090; x_wconf 85' lang='lat' dir='ltr'><strong>super</strong></span> <span class='ocrx_word' id='word_1_778' title='bbox 441 5035 656 5074; x_wconf 88' lang='lat' dir='ltr'><strong>omnem</strong></span> <span class='ocrx_word' id='word_1_779' title='bbox 689 5020 960 5076; x_wconf 66' lang='lat' dir='ltr'><strong>cwlestem</strong></span> <span class='ocrx_word' id='word_1_780' title='bbox 987 5021 1359 5075; x_wconf 77' lang='lat' dir='ltr'><strong>rationabilem</strong></span> <span class='ocrx_word' id='word_1_781' title='bbox 1385 5032 1714 5088; x_wconf 81' lang='lat' dir='ltr'><strong>creaturam,</strong></span> 
     </span>
    </p>
   </div>
   <div class='ocr_carea' id='block_1_96' title="bbox 130 5111 1718 5182">
    <p class='ocr_par' dir='ltr' id='par_1_96' title="bbox 130 5111 1718 5182">
     <span class='ocr_line' id='line_1_96' title="bbox 130 5111 1718 5182; baseline 0.001 -18"><span class='ocrx_word' id='word_1_782' title='bbox 130 5130 242 5182; x_wconf 72' lang='lat' dir='ltr'><strong>qua:</strong></span> <span class='ocrx_word' id='word_1_783' title='bbox 275 5125 362 5167; x_wconf 86' lang='lat' dir='ltr'><strong>est</strong></span> <span class='ocrx_word' id='word_1_784' title='bbox 383 5113 577 5167; x_wconf 75' lang='lat' dir='ltr'><strong>coelum</strong></span> <span class='ocrx_word' id='word_1_785' title='bbox 607 5114 752 5177; x_wconf 74' lang='lat' dir='ltr'><strong>cmli,</strong></span> <span class='ocrx_word' id='word_1_786' title='bbox 778 5114 827 5168; x_wconf 87' lang='lat' dir='ltr'><strong>id</strong></span> <span class='ocrx_word' id='word_1_787' title='bbox 855 5121 964 5176; x_wconf 86' lang='lat' dir='ltr'><strong>est,</strong></span> <span class='ocrx_word' id='word_1_788' title='bbox 996 5111 1151 5180; x_wconf 85' lang='lat' dir='ltr'><strong>hujus</strong></span> <span class='ocrx_word' id='word_1_789' title='bbox 1184 5111 1456 5167; x_wconf 76' lang='lat' dir='ltr'><strong>inferioris</strong></span> <span class='ocrx_word' id='word_1_790' title='bbox 1483 5114 1718 5167; x_wconf 86' lang='lat' dir='ltr'><strong>rationa-</strong></span> 
     </span>
    </p>
   </div>
   <div class='ocr_carea' id='block_1_97' title="bbox 132 5206 1715 5277">
    <p class='ocr_par' dir='ltr' id='par_1_97' title="bbox 132 5206 1715 5277">
     <span class='ocr_line' id='line_1_97' title="bbox 132 5206 1715 5277; baseline 0 -16"><span class='ocrx_word' id='word_1_791' title='bbox 132 5209 254 5264; x_wconf 86' lang='lat' dir='ltr'><strong>bilis</strong></span> <span class='ocrx_word' id='word_1_792' title='bbox 280 5219 575 5270; x_wconf 67' lang='grc' dir='ltr'>ςιειιιιιιιιε,</span> <span class='ocrx_word' id='word_1_793' title='bbox 607 5216 658 5261; x_wconf 92' lang='grc' dir='ltr'><strong>ει</strong></span> <span class='ocrx_word' id='word_1_794' title='bbox 695 5222 863 5275; x_wconf 70' lang='lat' dir='ltr'><strong>usque</strong></span> <span class='ocrx_word' id='word_1_795' title='bbox 909 5207 978 5258; x_wconf 83' lang='lat' dir='ltr'><strong>ad</strong></span> <span class='ocrx_word' id='word_1_796' title='bbox 1002 5208 1267 5269; x_wconf 87' lang='lat' dir='ltr'><strong>orientem,</strong></span> <span class='ocrx_word' id='word_1_797' title='bbox 1310 5206 1362 5260; x_wconf 91' lang='lat' dir='ltr'><strong>id</strong></span> <span class='ocrx_word' id='word_1_798' title='bbox 1410 5216 1514 5270; x_wconf 91' lang='lat' dir='ltr'><strong>est,</strong></span> <span class='ocrx_word' id='word_1_799' title='bbox 1545 5221 1715 5277; x_wconf 90' lang='lat' dir='ltr'><strong>usque</strong></span> 
     </span>
    </p>
   </div>
   <div class='ocr_carea' id='block_1_98' title="bbox 134 5300 1720 5371">
    <p class='ocr_par' dir='ltr' id='par_1_98' title="bbox 134 5300 1720 5371">
     <span class='ocr_line' id='line_1_98' title="bbox 134 5300 1720 5371; baseline 0.002 -17"><span class='ocrx_word' id='word_1_800' title='bbox 134 5304 193 5355; x_wconf 91' lang='lat' dir='ltr'><strong>ad</strong></span> <span class='ocrx_word' id='word_1_801' title='bbox 237 5302 415 5356; x_wconf 68' lang='lat' dir='ltr'><strong>Patris</strong></span> <span class='ocrx_word' id='word_1_802' title='bbox 461 5301 848 5370; x_wconf 69' lang='lat' dir='ltr'><strong>aequalitatem,</strong></span> <span class='ocrx_word' id='word_1_803' title='bbox 892 5300 983 5353; x_wconf 90' lang='lat' dir='ltr'><strong>ubi</strong></span> <span class='ocrx_word' id='word_1_804' title='bbox 1019 5301 1129 5371; x_wconf 84' lang='lat' dir='ltr'><strong>ipse</strong></span> <span class='ocrx_word' id='word_1_805' title='bbox 1173 5316 1384 5355; x_wconf 88' lang='lat' dir='ltr'><strong>semner</strong></span> <span class='ocrx_word' id='word_1_806' title='bbox 1428 5300 1623 5356; x_wconf 89' lang='lat' dir='ltr'><strong>oritur.</strong></span> <span class='ocrx_word' id='word_1_807' title='bbox 1664 5309 1720 5356; x_wconf 92' lang='lat' dir='ltr'><strong>et</strong></span> 
     </span>
    </p>
   </div>
   <div class='ocr_carea' id='block_1_99' title="bbox 135 5378 1716 5459">
    <p class='ocr_par' dir='ltr' id='par_1_99' title="bbox 135 5378 1716 5459">
     <span class='ocr_line' id='line_1_99' title="bbox 135 5378 1716 5459; baseline 0.001 -15"><span class='ocrx_word' id='word_1_808' title='bbox 135 5409 248 5459; x_wconf 79' lang='lat' dir='ltr'><strong>ejus</strong></span> <span class='ocrx_word' id='word_1_809' title='bbox 277 5378 559 5447; x_wconf 75' lang='lat' dir='ltr'><strong>ortusnon</strong></span> <span class='ocrx_word' id='word_1_810' title='bbox 579 5391 679 5444; x_wconf 80' lang='lat' dir='ltr'><strong>fuit</strong></span> <span class='ocrx_word' id='word_1_811' title='bbox 705 5392 935 5452; x_wconf 74' lang='lat' dir='ltr'><strong>initium,</strong></span> <span class='ocrx_word' id='word_1_812' title='bbox 956 5407 1057 5445; x_wconf 88' lang='lat' dir='ltr'><strong>nec</strong></span> <span class='ocrx_word' id='word_1_813' title='bbox 1079 5389 1338 5445; x_wconf 80' lang='lat' dir='ltr'><strong>eritlinzs.</strong></span> <span class='ocrx_word' id='word_1_814' title='bbox 1360 5390 1512 5446; x_wconf 87' lang='lat' dir='ltr'><strong>Unde</strong></span> <span class='ocrx_word' id='word_1_815' title='bbox 1545 5392 1672 5446; x_wconf 88' lang='lat' dir='ltr'><strong>illud</strong></span> <span class='ocrx_word' id='word_1_816' title='bbox 1703 5409 1716 5446; x_wconf 91' lang='lat'>:</span> 
     </span>
    </p>
   </div>
   <div class='ocr_carea' id='block_1_100' title="bbox 146 5483 1724 5556">
    <p class='ocr_par' dir='ltr' id='par_1_100' title="bbox 146 5483 1724 5556">
     <span class='ocr_line' id='line_1_100' title="bbox 146 5483 1724 5556; baseline 0.004 -19"><span class='ocrx_word' id='word_1_817' title='bbox 146 5483 382 5540; x_wconf 76' lang='lat' dir='ltr'><strong>Visitarit</strong></span> <span class='ocrx_word' id='word_1_818' title='bbox 410 5502 502 5539; x_wconf 87' lang='lat' dir='ltr'><strong>nos</strong></span> <span class='ocrx_word' id='word_1_819' title='bbox 543 5486 714 5538; x_wconf 89' lang='lat' dir='ltr'><strong>oriens</strong></span> <span class='ocrx_word' id='word_1_820' title='bbox 737 5501 800 5538; x_wconf 72' lang='lat' dir='ltr'><strong>ex</strong></span> <span class='ocrx_word' id='word_1_821' title='bbox 826 5483 932 5537; x_wconf 90' lang='lat' dir='ltr'><strong>alto</strong></span> <span class='ocrx_word' id='word_1_822' title='bbox 961 5483 1112 5555; x_wconf 81' lang='lat' dir='ltr'><strong>(Luc.</strong></span> <span class='ocrx_word' id='word_1_823' title='bbox 1141 5485 1200 5556; x_wconf 88' lang='lat' dir='ltr'><strong>t).</strong></span> <span class='ocrx_word' id='word_1_824' title='bbox 1235 5485 1298 5539; x_wconf 86' lang='lat' dir='ltr'><strong>Et</strong></span> <span class='ocrx_word' id='word_1_825' title='bbox 1321 5485 1446 5539; x_wconf 88' lang='lat' dir='ltr'><strong>alibi</strong></span> <span class='ocrx_word' id='word_1_826' title='bbox 1481 5505 1494 5540; x_wconf 89' lang='lat'><strong>:</strong></span> <span class='ocrx_word' id='word_1_827' title='bbox 1527 5488 1724 5543; x_wconf 87' lang='lat' dir='ltr'><strong>Oriens</strong></span> 
     </span>
    </p>
   </div>
   <div class='ocr_carea' id='block_1_101' title="bbox 139 5576 1722 5648">
    <p class='ocr_par' dir='ltr' id='par_1_101' title="bbox 139 5576 1722 5648">
     <span class='ocr_line' id='line_1_101' title="bbox 139 5576 1722 5648; baseline 0.003 -18"><span class='ocrx_word' id='word_1_828' title='bbox 139 5588 188 5630; x_wconf 88' lang='lat' dir='ltr'><strong>et</strong></span> <span class='ocrx_word' id='word_1_829' title='bbox 215 5576 471 5647; x_wconf 84' lang='lat' dir='ltr'><strong>splendor</strong></span> <span class='ocrx_word' id='word_1_830' title='bbox 499 5578 629 5630; x_wconf 89' lang='lat' dir='ltr'><strong>lucis</strong></span> <span class='ocrx_word' id='word_1_831' title='bbox 657 5587 863 5630; x_wconf 69' lang='lat' dir='ltr'><strong>(eterna:</strong></span> <span class='ocrx_word' id='word_1_832' title='bbox 890 5577 1038 5647; x_wconf 78' lang='lat' dir='ltr'><strong>(Sep.</strong></span> <span class='ocrx_word' id='word_1_833' title='bbox 1082 5580 1212 5648; x_wconf 83' lang='lat' dir='ltr'><strong>vn);</strong></span> <span class='ocrx_word' id='word_1_834' title='bbox 1245 5578 1328 5632; x_wconf 87' lang='lat' dir='ltr'><strong>vel</strong></span> <span class='ocrx_word' id='word_1_835' title='bbox 1365 5581 1432 5633; x_wconf 86' lang='lat' dir='ltr'><strong>ad</strong></span> <span class='ocrx_word' id='word_1_836' title='bbox 1465 5580 1722 5648; x_wconf 68' lang='lat' dir='ltr'><strong>litteram,</strong></span> 
     </span>
    </p>
   </div>
   <div class='ocr_carea' id='block_1_102' title="bbox 142 5667 1726 5740">
    <p class='ocr_par' dir='ltr' id='par_1_102' title="bbox 142 5667 1726 5740">
     <span class='ocr_line' id='line_1_102' title="bbox 142 5667 1726 5740; baseline 0.003 -17"><span class='ocrx_word' id='word_1_837' title='bbox 142 5671 229 5739; x_wconf 77' lang='lat' dir='ltr'><strong>qui</strong></span> <span class='ocrx_word' id='word_1_838' title='bbox 281 5669 516 5722; x_wconf 83' lang='lat' dir='ltr'><strong>ascendit</strong></span> <span class='ocrx_word' id='word_1_839' title='bbox 561 5685 716 5739; x_wconf 86' lang='lat' dir='ltr'><strong>super</strong></span> <span class='ocrx_word' id='word_1_840' title='bbox 764 5667 948 5722; x_wconf 81' lang='lat' dir='ltr'><strong>cwlum</strong></span> <span class='ocrx_word' id='word_1_841' title='bbox 980 5669 1115 5736; x_wconf 67' lang='lat' dir='ltr'><strong>caeli,</strong></span> <span class='ocrx_word' id='word_1_842' title='bbox 1161 5671 1313 5740; x_wconf 75' lang='lat' dir='ltr'><strong>juxta</strong></span> <span class='ocrx_word' id='word_1_843' title='bbox 1358 5671 1486 5727; x_wconf 89' lang='lat' dir='ltr'><strong>illud</strong></span> <span class='ocrx_word' id='word_1_844' title='bbox 1513 5690 1526 5726; x_wconf 91' lang='lat'><strong>:</strong></span> <span class='ocrx_word' id='word_1_845' title='bbox 1557 5671 1726 5727; x_wconf 85' lang='lat' dir='ltr'><strong>Nemo</strong></span> 
     </span>
    </p>
   </div>
   <div class='ocr_carea' id='block_1_103' title="bbox 144 5762 1727 5832">
    <p class='ocr_par' dir='ltr' id='par_1_103' title="bbox 144 5762 1727 5832">
     <span class='ocr_line' id='line_1_103' title="bbox 144 5762 1727 5832; baseline 0.004 -18"><span class='ocrx_word' id='word_1_846' title='bbox 144 5764 378 5816; x_wconf 85' lang='lat' dir='ltr'><strong>ascendit</strong></span> <span class='ocrx_word' id='word_1_847' title='bbox 415 5765 468 5816; x_wconf 89' lang='lat' dir='ltr'><strong>in</strong></span> <span class='ocrx_word' id='word_1_848' title='bbox 504 5762 708 5827; x_wconf 74' lang='lat' dir='ltr'><strong>aulum,</strong></span> <span class='ocrx_word' id='word_1_849' title='bbox 749 5763 847 5816; x_wconf 85' lang='lat' dir='ltr'><strong>nisi</strong></span> <span class='ocrx_word' id='word_1_850' title='bbox 873 5763 963 5832; x_wconf 86' lang='lat' dir='ltr'><strong>qui</strong></span> <span class='ocrx_word' id='word_1_851' title='bbox 988 5763 1050 5817; x_wconf 90' lang='lat' dir='ltr'><strong>de</strong></span> <span class='ocrx_word' id='word_1_852' title='bbox 1081 5764 1206 5817; x_wconf 73' lang='lat' dir='ltr'><strong>coelo</strong></span> <span class='ocrx_word' id='word_1_853' title='bbox 1239 5765 1521 5830; x_wconf 86' lang='lat' dir='ltr'><strong>descendit,</strong></span> <span class='ocrx_word' id='word_1_854' title='bbox 1554 5763 1727 5820; x_wconf 85' lang='lat' dir='ltr'><strong>Filius</strong></span> 
     </span>
    </p>
   </div>
   <div class='ocr_carea' id='block_1_104' title="bbox 145 5855 1725 5929">
    <p class='ocr_par' dir='ltr' id='par_1_104' title="bbox 145 5855 1725 5929">
     <span class='ocr_line' id='line_1_104' title="bbox 145 5855 1725 5929; baseline 0.004 -21"><span class='ocrx_word' id='word_1_855' title='bbox 145 5856 368 5910; x_wconf 76' lang='lat' dir='ltr'><strong>hominis</strong></span> <span class='ocrx_word' id='word_1_856' title='bbox 396 5861 486 5922; x_wconf 82' lang='lat' dir='ltr'><strong>qui</strong></span> <span class='ocrx_word' id='word_1_857' title='bbox 512 5868 584 5911; x_wconf 89' lang='lat' dir='ltr'><strong>est</strong></span> <span class='ocrx_word' id='word_1_858' title='bbox 610 5858 663 5910; x_wconf 89' lang='lat' dir='ltr'><strong>in</strong></span> <span class='ocrx_word' id='word_1_859' title='bbox 693 5855 819 5909; x_wconf 75' lang='lat' dir='ltr'><strong>melo</strong></span> <span class='ocrx_word' id='word_1_860' title='bbox 843 5855 1025 5925; x_wconf 86' lang='lat' dir='ltr'><strong>(Joan.</strong></span> <span class='ocrx_word' id='word_1_861' title='bbox 1069 5855 1172 5928; x_wconf 92' lang='grc' dir='ltr'>ιιι).</span> <span class='ocrx_word' id='word_1_862' title='bbox 1205 5859 1321 5929; x_wconf 81' lang='lat' dir='ltr'><strong>ipse</strong></span> <span class='ocrx_word' id='word_1_863' title='bbox 1340 5859 1484 5914; x_wconf 89' lang='lat' dir='ltr'><strong>enim</strong></span> <span class='ocrx_word' id='word_1_864' title='bbox 1520 5869 1725 5915; x_wconf 89' lang='lat' dir='ltr'><strong>tantum</strong></span> 
     </span>
    </p>
   </div>
   <div class='ocr_carea' id='block_1_105' title="bbox 146 5949 1726 6029">
    <p class='ocr_par' dir='ltr' id='par_1_105' title="bbox 146 5949 1726 6029">
     <span class='ocr_line' id='line_1_105' title="bbox 146 5949 1726 6029; baseline 0.006 -24"><span class='ocrx_word' id='word_1_865' title='bbox 146 5963 236 6017; x_wconf 81' lang='lat' dir='ltr'><strong>per</strong></span> <span class='ocrx_word' id='word_1_866' title='bbox 266 5965 326 6008; x_wconf 87' lang='lat' dir='ltr'><strong>se</strong></span> <span class='ocrx_word' id='word_1_867' title='bbox 352 5951 612 6029; x_wconf 79' lang='lat' dir='ltr'><strong>ascendit</strong></span> <span class='ocrx_word' id='word_1_868' title='bbox 632 5951 684 6004; x_wconf 89' lang='lat' dir='ltr'><strong>in</strong></span> <span class='ocrx_word' id='word_1_869' title='bbox 713 5949 939 6004; x_wconf 74' lang='lat' dir='ltr'><strong>oculum:</strong></span> <span class='ocrx_word' id='word_1_870' title='bbox 975 5950 1064 6004; x_wconf 90' lang='lat' dir='ltr'><strong>alii</strong></span> <span class='ocrx_word' id='word_1_871' title='bbox 1107 5963 1286 6010; x_wconf 80' lang='lat' dir='ltr'><strong>autem</strong></span> <span class='ocrx_word' id='word_1_872' title='bbox 1310 5970 1498 6012; x_wconf 89' lang='lat' dir='ltr'><strong>omnes</strong></span> <span class='ocrx_word' id='word_1_873' title='bbox 1522 5956 1614 6029; x_wconf 88' lang='lat' dir='ltr'><strong>qui</strong></span> <span class='ocrx_word' id='word_1_874' title='bbox 1636 5972 1726 6016; x_wconf 87' lang='lat' dir='ltr'><strong>as-</strong></span> 
     </span>
    </p>
   </div>
   <div class='ocr_carea' id='block_1_106' title="bbox 599 6027 1230 6112">
    <p class='ocr_par' dir='ltr' id='par_1_106' title="bbox 599 6027 1230 6112">
     <span class='ocr_line' id='line_1_106' title="bbox 599 6027 1230 6112; baseline 0.005 -9"><span class='ocrx_word' id='word_1_875' title='bbox 599 6027 891 6104; x_wconf 64' lang='lat' dir='ltr'><strong>‘t&#39;n-um-</strong></span> <span class='ocrx_word' id='word_1_876' title='bbox 929 6033 1096 6105; x_wconf 78' lang='lat' dir='ltr'><strong>Cxx</strong></span> <span class='ocrx_word' id='word_1_877' title='bbox 1115 6051 1230 6112; x_wconf 60' lang='grc' dir='ltr'><strong>λι.</strong></span> 
     </span>
    </p>
   </div>
   <div class='ocr_carea' id='block_1_107' title="bbox 1818 4833 3409 4908">
    <p class='ocr_par' dir='ltr' id='par_1_107' title="bbox 1818 4833 3409 4908">
     <span class='ocr_line' id='line_1_107' title="bbox 1818 4833 3409 4908; baseline 0.002 -20"><span class='ocrx_word' id='word_1_878' title='bbox 1818 4835 2035 4904; x_wconf 80' lang='lat' dir='ltr'><strong>regrino</strong></span> <span class='ocrx_word' id='word_1_879' title='bbox 2057 4853 2088 4888; x_wconf 87' lang='lat' dir='ltr'><strong>a</strong></span> <span class='ocrx_word' id='word_1_880' title='bbox 2120 4833 2343 4888; x_wconf 90' lang='lat' dir='ltr'><strong>Domino</strong></span> <span class='ocrx_word' id='word_1_881' title='bbox 2374 4834 2457 4906; x_wconf 89' lang='lat' dir='ltr'><strong>(II</strong></span> <span class='ocrx_word' id='word_1_882' title='bbox 2485 4834 2606 4889; x_wconf 87' lang='lat' dir='ltr'><strong>Cor.</strong></span> <span class='ocrx_word' id='word_1_883' title='bbox 2643 4837 2714 4908; x_wconf 90' lang='lat' dir='ltr'><strong>v).</strong></span> <span class='ocrx_word' id='word_1_884' title='bbox 2753 4836 2905 4892; x_wconf 82' lang='lat' dir='ltr'><strong>Unde</strong></span> <span class='ocrx_word' id='word_1_885' title='bbox 2943 4838 3240 4893; x_wconf 77' lang='lat' dir='ltr'><strong>benedictus</strong></span> <span class='ocrx_word' id='word_1_886' title='bbox 3269 4837 3409 4892; x_wconf 83' lang='lat' dir='ltr'><strong>Deus</strong></span> 
     </span>
    </p>
   </div>
   <div class='ocr_carea' id='block_1_108' title="bbox 1817 4928 2844 5001">
    <p class='ocr_par' dir='ltr' id='par_1_108' title="bbox 1817 4928 2844 5001">
     <span class='ocr_line' id='line_1_108' title="bbox 1817 4928 2844 5001; baseline 0.007 -24"><span class='ocrx_word' id='word_1_887' title='bbox 1817 4944 1914 4998; x_wconf 79' lang='lat' dir='ltr'><strong>per</strong></span> <span class='ocrx_word' id='word_1_888' title='bbox 1941 4929 2243 5001; x_wconf 61' lang='lat' dir='ltr'><strong>quietuﬁluec</strong></span> <span class='ocrx_word' id='word_1_889' title='bbox 2272 4929 2454 4983; x_wconf 87' lang='lat' dir='ltr'><strong>omnia</strong></span> <span class='ocrx_word' id='word_1_890' title='bbox 2489 4928 2666 4983; x_wconf 87' lang='lat' dir='ltr'><strong>futura</strong></span> <span class='ocrx_word' id='word_1_891' title='bbox 2698 4943 2844 4984; x_wconf 86' lang='lat' dir='ltr'><strong>sunt.</strong></span> 
     </span>
    </p>
   </div>
   <div class='ocr_carea' id='block_1_109' title="bbox 2321 5020 2910 5076">
    <p class='ocr_par' dir='ltr' id='par_1_109' title="bbox 2321 5020 2910 5076">
     <span class='ocr_line' id='line_1_109' title="bbox 2321 5020 2910 5076; baseline 0.003 -1"><span class='ocrx_word' id='word_1_892' title='bbox 2321 5020 2641 5076; x_wconf 76' lang='lat' dir='ltr'><strong>l‘SALMUS</strong></span> <span class='ocrx_word' id='word_1_893' title='bbox 2679 5021 2910 5076; x_wconf 71' lang='grc' dir='ltr'>ωινιιι.</span> 
     </span>
    </p>
   </div>
   <div class='ocr_carea' id='block_1_110' title="bbox 1822 5130 3413 5183">
    <p class='ocr_par' dir='ltr' id='par_1_110' title="bbox 1822 5130 3413 5183">
     <span class='ocr_line' id='line_1_110' title="bbox 1822 5130 3413 5183; baseline 0.001 -15"><span class='ocrx_word' id='word_1_894' title='bbox 1822 5131 1874 5169; x_wconf 67' lang='lat' dir='ltr'><strong>IN</strong></span> <span class='ocrx_word' id='word_1_895' title='bbox 1934 5132 2094 5171; x_wconf 67' lang='lat' dir='ltr'><strong>l-‘lNl-le</strong></span> <span class='ocrx_word' id='word_1_896' title='bbox 2152 5132 2252 5172; x_wconf 74' lang='lat' dir='ltr'><strong>PRO</strong></span> <span class='ocrx_word' id='word_1_897' title='bbox 2309 5132 2395 5172; x_wconf 75' lang='lat' dir='ltr'><strong>HIS</strong></span> <span class='ocrx_word' id='word_1_898' title='bbox 2452 5133 2540 5183; x_wconf 88' lang='lat' dir='ltr'><strong>QUI</strong></span> <span class='ocrx_word' id='word_1_899' title='bbox 2612 5133 3112 5182; x_wconf 65' lang='lat' dir='ltr'><strong>COJIMUTABUNTUR,</strong></span> <span class='ocrx_word' id='word_1_900' title='bbox 3179 5130 3413 5171; x_wconf 67' lang='lat' dir='ltr'><strong>PSALIUS</strong></span> 
     </span>
    </p>
   </div>
   <div class='ocr_carea' id='block_1_111' title="bbox 2425 5225 2925 5275">
    <p class='ocr_par' dir='ltr' id='par_1_111' title="bbox 2425 5225 2925 5275">
     <span class='ocr_line' id='line_1_111' title="bbox 2425 5225 2925 5275; baseline 0.006 -11"><span class='ocrx_word' id='word_1_901' title='bbox 2425 5225 2591 5266; x_wconf 80' lang='lat' dir='ltr'>IPSIUS</span> <span class='ocrx_word' id='word_1_902' title='bbox 2626 5226 2804 5266; x_wconf 68' lang='lat' dir='ltr'><strong>DAVID.</strong></span> <span class='ocrx_word' id='word_1_903' title='bbox 2923 5273 2925 5275; x_wconf 96' lang='lat'><em>_</em></span> 
     </span>
    </p>
   </div>
   <div class='ocr_carea' id='block_1_112' title="bbox 1904 5299 3414 5371">
    <p class='ocr_par' dir='ltr' id='par_1_112' title="bbox 1904 5299 3414 5371">
     <span class='ocr_line' id='line_1_112' title="bbox 1904 5299 3414 5371; baseline -0.001 -20"><span class='ocrx_word' id='word_1_904' title='bbox 1904 5320 1920 5351; x_wconf 75' lang='grc' dir='ltr'><strong>ι</strong></span> <span class='ocrx_word' id='word_1_905' title='bbox 1960 5299 2178 5354; x_wconf 83' lang='lat' dir='ltr'><strong>Salvum</strong></span> <span class='ocrx_word' id='word_1_906' title='bbox 2245 5316 2331 5356; x_wconf 92' lang='lat' dir='ltr'><strong>me</strong></span> <span class='ocrx_word' id='word_1_907' title='bbox 2375 5300 2480 5368; x_wconf 87' lang='lat' dir='ltr'><strong>fac,</strong></span> <span class='ocrx_word' id='word_1_908' title='bbox 2551 5301 2724 5368; x_wconf 91' lang='lat' dir='ltr'><strong>Deus,</strong></span> <span class='ocrx_word' id='word_1_909' title='bbox 2774 5300 3028 5371; x_wconf 87' lang='lat' dir='ltr'><strong>quoniatn</strong></span> <span class='ocrx_word' id='word_1_910' title='bbox 3077 5299 3414 5354; x_wconf 88' lang='lat' dir='ltr'><strong>intraverunt</strong></span> 
     </span>
    </p>
   </div>
   <div class='ocr_carea' id='block_1_113' title="bbox 1835 5391 3414 5464">
    <p class='ocr_par' dir='ltr' id='par_1_113' title="bbox 1835 5391 3414 5464">
     <span class='ocr_line' id='line_1_113' title="bbox 1835 5391 3414 5464; baseline -0.001 -17"><span class='ocrx_word' id='word_1_911' title='bbox 1835 5412 1852 5446; x_wconf 76' lang='grc' dir='ltr'><strong>ι</strong></span> <span class='ocrx_word' id='word_1_912' title='bbox 1899 5409 2052 5463; x_wconf 64' lang='lat' dir='ltr'><strong>aquae</strong></span> <span class='ocrx_word' id='word_1_913' title='bbox 2078 5409 2246 5464; x_wconf 89' lang='lat' dir='ltr'><strong>usque</strong></span> <span class='ocrx_word' id='word_1_914' title='bbox 2268 5393 2335 5448; x_wconf 90' lang='lat' dir='ltr'><strong>ad</strong></span> <span class='ocrx_word' id='word_1_915' title='bbox 2358 5395 2595 5450; x_wconf 86' lang='lat' dir='ltr'><strong>animam</strong></span> <span class='ocrx_word' id='word_1_916' title='bbox 2618 5411 2816 5448; x_wconf 90' lang='lat' dir='ltr'><strong>meam.</strong></span> <span class='ocrx_word' id='word_1_917' title='bbox 2839 5393 3039 5447; x_wconf 74' lang='lat' dir='ltr'><strong>lnl‘txus</strong></span> <span class='ocrx_word' id='word_1_918' title='bbox 3065 5408 3182 5446; x_wconf 88' lang='lat' dir='ltr'><strong>sum</strong></span> <span class='ocrx_word' id='word_1_919' title='bbox 3209 5392 3262 5446; x_wconf 91' lang='lat' dir='ltr'><strong>in</strong></span> <span class='ocrx_word' id='word_1_920' title='bbox 3285 5391 3414 5446; x_wconf 91' lang='lat' dir='ltr'><strong>limo</strong></span> 
     </span>
    </p>
   </div>
   <div class='ocr_carea' id='block_1_114' title="bbox 1837 5482 3416 5559">
    <p class='ocr_par' dir='ltr' id='par_1_114' title="bbox 1837 5482 3416 5559">
     <span class='ocr_line' id='line_1_114' title="bbox 1837 5482 3416 5559; baseline -0.001 -22"><span class='ocrx_word' id='word_1_921' title='bbox 1837 5506 1855 5537; x_wconf 80' lang='lat' dir='ltr'><strong>s</strong></span> <span class='ocrx_word' id='word_1_922' title='bbox 1899 5487 2150 5559; x_wconf 80' lang='lat' dir='ltr'><strong>profundi</strong></span> <span class='ocrx_word' id='word_1_923' title='bbox 2172 5527 2187 5550; x_wconf 90' lang='lat'><strong>,</strong></span> <span class='ocrx_word' id='word_1_924' title='bbox 2222 5496 2277 5542; x_wconf 90' lang='lat' dir='ltr'><strong>et</strong></span> <span class='ocrx_word' id='word_1_925' title='bbox 2306 5503 2412 5542; x_wconf 90' lang='lat' dir='ltr'><strong>non</strong></span> <span class='ocrx_word' id='word_1_926' title='bbox 2445 5496 2528 5543; x_wconf 92' lang='lat' dir='ltr'><strong>est</strong></span> <span class='ocrx_word' id='word_1_927' title='bbox 2567 5487 2890 5542; x_wconf 88' lang='lat' dir='ltr'><strong>substantia.</strong></span> <span class='ocrx_word' id='word_1_928' title='bbox 2921 5484 3055 5541; x_wconf 74' lang='lat' dir='ltr'><strong>Veni</strong></span> <span class='ocrx_word' id='word_1_929' title='bbox 3088 5486 3142 5540; x_wconf 91' lang='lat' dir='ltr'><strong>in</strong></span> <span class='ocrx_word' id='word_1_930' title='bbox 3176 5482 3416 5539; x_wconf 86' lang='lat' dir='ltr'><strong>altitudi-</strong></span> 
     </span>
    </p>
   </div>
   <div class='ocr_carea' id='block_1_115' title="bbox 1837 5577 3417 5651">
    <p class='ocr_par' dir='ltr' id='par_1_115' title="bbox 1837 5577 3417 5651">
     <span class='ocr_line' id='line_1_115' title="bbox 1837 5577 3417 5651; baseline 0 -19"><span class='ocrx_word' id='word_1_931' title='bbox 1837 5600 1855 5632; x_wconf 77' lang='grc' dir='ltr'><strong>ι</strong></span> <span class='ocrx_word' id='word_1_932' title='bbox 1905 5597 2024 5636; x_wconf 89' lang='lat' dir='ltr'><strong>nem</strong></span> <span class='ocrx_word' id='word_1_933' title='bbox 2077 5582 2278 5648; x_wconf 87' lang='lat' dir='ltr'><strong>maris,</strong></span> <span class='ocrx_word' id='word_1_934' title='bbox 2311 5592 2368 5636; x_wconf 90' lang='lat' dir='ltr'><strong>et</strong></span> <span class='ocrx_word' id='word_1_935' title='bbox 2394 5590 2682 5651; x_wconf 90' lang='lat' dir='ltr'><strong>tempestas</strong></span> <span class='ocrx_word' id='word_1_936' title='bbox 2711 5579 2958 5636; x_wconf 89' lang='lat' dir='ltr'><strong>dimersit</strong></span> <span class='ocrx_word' id='word_1_937' title='bbox 2998 5595 3106 5634; x_wconf 87' lang='lat' dir='ltr'><strong>me.</strong></span> <span class='ocrx_word' id='word_1_938' title='bbox 3151 5577 3417 5633; x_wconf 86' lang='lat' dir='ltr'><strong>Laboravi</strong></span> 
     </span>
    </p>
   </div>
   <div class='ocr_carea' id='block_1_116' title="bbox 1835 5666 3420 5738">
    <p class='ocr_par' dir='ltr' id='par_1_116' title="bbox 1835 5666 3420 5738">
     <span class='ocr_line' id='line_1_116' title="bbox 1835 5666 3420 5738; baseline -0.004 -12"><span class='ocrx_word' id='word_1_939' title='bbox 1835 5691 1855 5725; x_wconf 72' lang='grc' dir='ltr'><strong>ι</strong></span> <span class='ocrx_word' id='word_1_940' title='bbox 1890 5672 2164 5738; x_wconf 88' lang='lat' dir='ltr'><strong>clamans,</strong></span> <span class='ocrx_word' id='word_1_941' title='bbox 2197 5688 2374 5729; x_wconf 75' lang='lat' dir='ltr'><strong>rauca:</strong></span> <span class='ocrx_word' id='word_1_942' title='bbox 2417 5672 2574 5727; x_wconf 62' lang='lat' dir='ltr'><strong>facte</strong></span> <span class='ocrx_word' id='word_1_943' title='bbox 2619 5680 2745 5726; x_wconf 90' lang='lat' dir='ltr'><strong>sunt</strong></span> <span class='ocrx_word' id='word_1_944' title='bbox 2784 5667 2969 5724; x_wconf 89' lang='lat' dir='ltr'><strong>fauces</strong></span> <span class='ocrx_word' id='word_1_945' title='bbox 2993 5683 3130 5724; x_wconf 74' lang='lat' dir='ltr'><strong>mea:</strong></span> <span class='ocrx_word' id='word_1_946' title='bbox 3163 5685 3175 5722; x_wconf 91' lang='lat'><strong>:</strong></span> <span class='ocrx_word' id='word_1_947' title='bbox 3208 5666 3420 5724; x_wconf 86' lang='lat' dir='ltr'><strong>defece-</strong></span> 
     </span>
    </p>
   </div>
   <div class='ocr_carea' id='block_1_117' title="bbox 1811 5752 3422 5834">
    <p class='ocr_par' dir='ltr' id='par_1_117' title="bbox 1811 5752 3422 5834">
     <span class='ocr_line' id='line_1_117' title="bbox 1811 5752 3422 5834; baseline -0.003 -17"><span class='ocrx_word' id='word_1_948' title='bbox 1811 5786 1855 5818; x_wconf 81' lang='grc' dir='ltr'><strong>,ι</strong></span> <span class='ocrx_word' id='word_1_949' title='bbox 1904 5775 2030 5821; x_wconf 85' lang='lat' dir='ltr'><strong>runt</strong></span> <span class='ocrx_word' id='word_1_950' title='bbox 2060 5765 2201 5820; x_wconf 92' lang='lat' dir='ltr'><strong>oculi</strong></span> <span class='ocrx_word' id='word_1_951' title='bbox 2229 5765 2366 5832; x_wconf 89' lang='lat' dir='ltr'><strong>mei,</strong></span> <span class='ocrx_word' id='word_1_952' title='bbox 2396 5765 2521 5818; x_wconf 91' lang='lat' dir='ltr'><strong>dum</strong></span> <span class='ocrx_word' id='word_1_953' title='bbox 2547 5779 2704 5834; x_wconf 89' lang='lat' dir='ltr'><strong>spero</strong></span> <span class='ocrx_word' id='word_1_954' title='bbox 2730 5752 2783 5819; x_wconf 86' lang='lat' dir='ltr'><strong>in</strong></span> <span class='ocrx_word' id='word_1_955' title='bbox 2815 5763 2982 5818; x_wconf 88' lang='lat' dir='ltr'><strong>Deum</strong></span> <span class='ocrx_word' id='word_1_956' title='bbox 3008 5776 3208 5818; x_wconf 89' lang='lat' dir='ltr'><strong>meum.</strong></span> <span class='ocrx_word' id='word_1_957' title='bbox 3240 5759 3422 5814; x_wconf 82' lang='lat' dir='ltr'><strong>Multi-</strong></span> 
     </span>
    </p>
   </div>
   <div class='ocr_carea' id='block_1_118' title="bbox 1836 5849 3422 5930">
    <p class='ocr_par' dir='ltr' id='par_1_118' title="bbox 1836 5849 3422 5930">
     <span class='ocr_line' id='line_1_118' title="bbox 1836 5849 3422 5930; baseline -0.007 -17"><span class='ocrx_word' id='word_1_958' title='bbox 1836 5877 1856 5912; x_wconf 71' lang='grc' dir='ltr'><strong>ι</strong></span> <span class='ocrx_word' id='word_1_959' title='bbox 1902 5857 2084 5930; x_wconf 90' lang='lat' dir='ltr'><strong>plicati</strong></span> <span class='ocrx_word' id='word_1_960' title='bbox 2110 5865 2237 5911; x_wconf 90' lang='lat' dir='ltr'><strong>sunt</strong></span> <span class='ocrx_word' id='word_1_961' title='bbox 2262 5869 2424 5927; x_wconf 90' lang='lat' dir='ltr'><strong>super</strong></span> <span class='ocrx_word' id='word_1_962' title='bbox 2441 5854 2666 5926; x_wconf 88' lang='lat' dir='ltr'><strong>capillos</strong></span> <span class='ocrx_word' id='word_1_963' title='bbox 2694 5854 2890 5926; x_wconf 80' lang='lat' dir='ltr'><strong>capitis</strong></span> <span class='ocrx_word' id='word_1_964' title='bbox 2918 5853 3044 5918; x_wconf 89' lang='lat' dir='ltr'><strong>mei,</strong></span> <span class='ocrx_word' id='word_1_965' title='bbox 3071 5852 3164 5924; x_wconf 91' lang='lat' dir='ltr'><strong>qui</strong></span> <span class='ocrx_word' id='word_1_966' title='bbox 3186 5849 3422 5906; x_wconf 86' lang='lat' dir='ltr'><strong>oderunt</strong></span> 
     </span>
    </p>
   </div>
   <div class='ocr_carea' id='block_1_119' title="bbox 1839 5947 3422 6026">
    <p class='ocr_par' dir='ltr' id='par_1_119' title="bbox 1839 5947 3422 6026">
     <span class='ocr_line' id='line_1_119' title="bbox 1839 5947 3422 6026; baseline -0.008 -17"><span class='ocrx_word' id='word_1_967' title='bbox 1839 5976 1856 6009; x_wconf 79' lang='grc' dir='ltr'><strong>ι</strong></span> <span class='ocrx_word' id='word_1_968' title='bbox 1903 5972 1986 6011; x_wconf 64' lang='lat' dir='ltr'><strong>tuo</strong></span> <span class='ocrx_word' id='word_1_969' title='bbox 2017 5954 2206 6026; x_wconf 83' lang='lat' dir='ltr'><strong>gratis.</strong></span> <span class='ocrx_word' id='word_1_970' title='bbox 2236 5949 2533 6010; x_wconf 85' lang='lat' dir='ltr'><strong>Conforlati</strong></span> <span class='ocrx_word' id='word_1_971' title='bbox 2573 5957 2699 6006; x_wconf 89' lang='lat' dir='ltr'><strong>sunt</strong></span> <span class='ocrx_word' id='word_1_972' title='bbox 2745 5947 2835 6020; x_wconf 88' lang='lat' dir='ltr'><strong>qui</strong></span> <span class='ocrx_word' id='word_1_973' title='bbox 2885 5947 3153 6017; x_wconf 85' lang='lat' dir='ltr'><strong>persecuti</strong></span> <span class='ocrx_word' id='word_1_974' title='bbox 3181 5951 3307 6000; x_wconf 86' lang='lat' dir='ltr'><strong>sunt</strong></span> <span class='ocrx_word' id='word_1_975' title='bbox 3336 5959 3422 5998; x_wconf 88' lang='lat' dir='ltr'><strong>me</strong></span> 
     </span>
    </p>
   </div>
   <div class='ocr_carea' id='block_1_120' title="bbox 2910 6039 2982 6098">
    <p class='ocr_par' dir='ltr' id='par_1_120' title="bbox 2910 6039 2982 6098">
     <span class='ocr_line' id='line_1_120' title="bbox 2910 6039 2982 6098; baseline 0 0"><span class='ocrx_word' id='word_1_976' title='bbox 2910 6039 2982 6098; x_wconf 88' lang='lat'><strong>16</strong></span> 
     </span>
    </p>
   </div>
  </div>
