3884 5374
585 435 685 492 401

588 565 608 598 ι
659 544 860 602 inimici
891 545 996 601 mei
1021 544 1218 618 injuste
1252 563 1265 601 :
1299 562 1418 618 quae
1445 563 1551 602 non
1583 545 1731 617 rapui
1759 554 1886 603 tunc
1919 545 2165 602 cxsolvc-
2196 550 2246 607 A

575 2316 595 2350 ί

655 640 796 692 bam.
827 637 1001 704 Deus,
1050 648 1104 694 tu
1149 639 1254 694 scis
1300 638 1661 709 insipientiam
1695 655 1869 694 meam
1898 647 1954 694 et
1979 638 2171 695 delicta

641 745 773 793 mea
825 745 855 785 a
903 739 953 786 te
984 739 1260 788 non.sunt
1306 731 1636 787 abscondita.
1686 730 1801 787 Non
1847 731 2174 788 erubescant

656 826 710 879 in
757 839 866 890 me,
897 825 986 895 qui
1021 833 1338 896 exspectant
1369 835 1437 891 te,
1475 825 1719 891 Domine,
1753 825 1979 880 Domine
2007 825 2174 879 virtu-

655 923 786 968 tum.
812 914 926 968 Non
951 913 1350 969 confundantur
1375 929 1536 986 super
1563 929 1648 969 me
1667 956 1680 980 ,
1705 914 1794 985 qui
1828 923 2076 985 quaarunt
2098 923 2168 979 te,

652 1008 794 1064 Deus
828 1007 1014 1062 Israel.
1053 1007 1312 1074 Quoniam
1355 1018 1576 1079 propter
1608 1017 1660 1064 te
1707 1007 1937 1062 sustinui
1972 1021 2170 1078 oppro-

640 1100 850 1164 brium,
885 1098 1372 1168 operuitoconfusio
1406 1098 1597 1154 faciem
1635 1113 1829 1154 meam.
1867 1098 2173 1154 Extraneus

653 1193 826 1247 factus
842 1208 958 1246 sum
982 1190 1240 1246 fratribus
1263 1192 1415 1257 meis,
1433 1200 1485 1246 et
1501 1190 1816 1262 peregrinus
1839 1188 1962 1246 filiis
1981 1190 2172 1247 matris

656 1299 809 1340 meae.
839 1284 1104 1352 Quoniam
1145 1283 1292 1339 zelus
1325 1285 1515 1339 domus
1562 1291 1665 1337 tua:
1693 1283 1930 1339 comedit
1973 1296 2090 1347 me,
2118 1289 2173 1337 et

651 1374 938 1446 opprobria
990 1373 1437 1445 exprobrantium
1509 1372 1602 1426 tibi
1651 1372 1962 1427 ceciderunt
2002 1387 2163 1442 super

650 1480 753 1520 me.
788 1463 855 1519 Et
881 1465 1067 1535 operui
1092 1464 1143 1516 in
1162 1462 1367 1534 jejunio
1388 1463 1620 1516 animam
1649 1475 1822 1515 meam
1842 1502 1857 1526 ,
1884 1470 1940 1515 et
1968 1459 2168 1516 factum

649 1568 733 1613 est
781 1558 834 1612 in
882 1557 1225 1628 opprobrium
1277 1554 1428 1609 mihi.
1479 1554 1544 1608 Et
1586 1553 1740 1624 posui
1787 1553 2168 1608 vestimentum

651 1667 831 1706 meum
879 1650 1151 1713 cilicium,
1179 1657 1232 1704 et
1267 1647 1441 1702 factus
1467 1663 1584 1701 smn
1617 1645 1721 1702 illis
1756 1645 1810 1700 in
1837 1645 2164 1717 parabolam.

649 1743 947 1797 Adversum
973 1756 1058 1795 me
1087 1739 1463 1808 loquebantur,
1491 1737 1582 1806 qui
1606 1735 1864 1792 sedebant
1895 1736 1945 1790 in
1973 1744 2125 1806 porta
2152 1751 2165 1787 :

645 1843 699 1889 et
729 1833 779 1887 in
811 1849 896 1887 me
925 1828 1626 1902 psallebant,qnibibebant
1650 1827 1856 1881 viuum.
1888 1825 2000 1896 Ego
2032 1840 2166 1880 vero

645 1930 943 1982 orationem
990 1941 1164 1980 meam
1215 1925 1280 1978 ad
1312 1932 1394 1987 te,
1445 1923 1700 1989 Domine,
1739 1931 1948 1994 tempus
1996 1922 2166 1977 bene-

643 2019 823 2091 placiti
883 2020 1040 2073 Deus.
1098 2017 1154 2072 ln
1207 2016 1552 2072 multitudine
1611 2015 1995 2072 misericordia:
2054 2024 2158 2070 tua:

641 2112 834 2167 exaudi
867 2127 986 2175 me,
1018 2111 1070 2164 in
1101 2109 1328 2164 veritate
1375 2108 1566 2163 salutis
1597 2116 1717 2162 tua}.
1763 2107 1925 2178 Eripe
1965 2122 2052 2162 me
2093 2105 2160 2161 de

649 2206 757 2259 luto
789 2213 847 2259 ut
877 2219 984 2258 non
1025 2201 1242 2274 infigar,
1278 2201 1446 2256 libera
1491 2215 1578 2255 me
1615 2200 1791 2255 abhis
1817 2201 1907 2271 qui
1932 2203 2162 2255 oderunt

641 2313 747 2364 me,
777 2306 831 2352 et
863 2297 928 2352 de
959 2295 1238 2368 profundis
1283 2309 1566 2365 aquarum.
1606 2292 1722 2348 Non
1768 2310 1856 2348 me
1886 2293 2162 2364 demergat

645 2391 935 2459 tempestas
966 2402 1146 2458 aqum,
1179 2401 1353 2456 neque
1383 2385 1670 2441 absorbeat
1698 2401 1783 2440 me
1812 2384 2161 2456 profundum,

644 2497 818 2552 neque
848 2489 1035 2551 urgeat
1081 2495 1244 2551 super
1276 2494 1361 2533 me
1407 2488 1603 2548 puteus
1649 2494 1710 2533 os
1745 2495 1921 2534 suum.
1954 2478 2162 2534 Exaudi

643 2591 760 2641 me,
795 2574 1054 2639 Domine,
1099 2573 1355 2643 quoniam
1393 2571 1622 2644 benigna
1655 2583 1738 2628 cst
1789 2573 2161 2628 misericordia

643 2676 731 2721 tua
769 2685 780 2720 :
814 2665 1109 2721 secundum
1155 2663 1552 2718 multitudinem
1596 2663 2002 2718 miserationum
2036 2673 2160 2718 tua-

644 2773 760 2811 rum
798 2756 1007 2826 respicc
1059 2769 1163 2808 me.
1213 2753 1280 2807 Et
1329 2768 1396 2807 ne
1442 2761 1658 2808 avertas
1721 2751 1911 2806 faciem
1955 2761 2100 2807 tuam
2131 2769 2162 2808 a

573 2865 592 2898 ο
638 2862 806 2918 puero
831 2856 922 2901 tuo
951 2864 963 2900 :
993 2845 1246 2916 quoniam
1273 2843 1523 2908 tribulor,
1549 2842 1806 2898 velociter
1831 2845 2024 2901 exaudi
2056 2860 2159 2900 me.

573 2955 591 2986 ι
637 2935 860 2990 Intende
881 2935 1074 2990 anima:
1093 2949 1223 2989 meae
1239 2941 1293 2988 ct
1313 2933 1482 2990 libera
1507 2948 1649 2999 eam,
1673 2945 1892 3005 propter
1916 2934 2164 2991 inimicos

577 3136 599 3169 1

647 3043 795 3081 meos
827 3029 978 3098 eripe
1011 3042 1114 3082 me.
1161 3027 1242 3082 Tu
1290 3026 1398 3082 scis
1430 3025 1816 3098 improperium
1864 3043 2076 3094 meum,
2112 3037 2166 3084 et

647 3117 1018 3173 confusionem
1067 3132 1282 3184 meam,
1329 3125 1384 3172 et
1436 3117 1796 3172 reverentiam
1860 3133 2052 3172 meam.
2107 3117 2164 3173 ln

580 3233 600 3264 ο
640 3221 934 3282 conspectu
967 3220 1057 3266 tuo
1087 3221 1213 3266 sunt
1243 3225 1434 3266 omnes
1470 3211 1559 3281 qui
1595 3210 1850 3290 tribulant
1887 3225 1973 3267 me
2011 3229 2024 3266 :
2060 3211 2163 3266 im-

641 3300 951 3372 properium
1002 3300 1336 3372 exspectavit
1377 3315 1472 3356 cor
1527 3316 1706 3356 meum
1753 3309 1809 3356 et
1863 3301 2157 3356 miseriam.

573 3413 592 3446 ‹
640 3395 707 3450 Et
734 3394 966 3450 sustinui
1000 3394 1090 3464 qui
1121 3392 1282 3450 simul
1322 3393 1763 3459 contristaretur,
1791 3402 1846 3448 et
1882 3410 1984 3448 non
2018 3393 2114 3448 fuit
2142 3411 2155 3449 :

571 3507 590 3537 ε
637 3497 692 3541 et
717 3487 808 3556 qui
833 3485 1230 3551 consolaretur,
1255 3494 1311 3542 et
1343 3500 1448 3540 non
1481 3485 1682 3542 inveni.
1712 3485 1780 3540 Et
1805 3485 2068 3541 dederunt
2103 3485 2159 3540 in

569 3597 591 3627 ι
639 3593 823 3632 escam
874 3592 1050 3631 meam
1098 3575 1203 3642 fel,
1233 3586 1288 3632 et
1334 3575 1388 3632 in
1427 3576 1518 3632 siti
1562 3590 1681 3630 mea
1726 3585 2044 3648 potavcrunt
2073 3591 2161 3632 me

643 3683 822 3730 aceto.
852 3673 973 3728 Fiat
1003 3690 1188 3729 mensa
1219 3689 1405 3730 eorum
1437 3689 1620 3730 coram
1644 3674 1776 3746 ipsis
1800 3676 1852 3730 in
1882 3676 2159 3747 laqueum,

642 3776 698 3820 et
727 3767 778 3820 in
806 3766 1188 3822 retributiones
1207 3808 1221 3831 ,
1255 3775 1309 3822 et
1339 3769 1393 3823 in
1427 3767 1761 3824 scandalum.
1791 3767 2162 3825 Obscurentur

577 3875 597 3906 ς
639 3855 779 3911 oculi
812 3872 1026 3924 eorum,
1049 3873 1115 3912 ne
1142 3857 1384 3922 videant,
1415 3867 1468 3913 et
1493 3859 1711 3914 dorsum
1731 3875 1918 3914 eorum
1947 3875 2161 3931 semper

577 4156 597 4186 (

642 3951 884 4005 incurva.
919 3949 1144 4004 Etl'unde
1184 3965 1346 4020 super
1382 3964 1477 4005 eos
1523 3951 1659 4006 iram
1707 3960 1885 4018 tuam,
1916 3959 1970 4005 et
2013 3951 2162 4007 furor

643 4045 736 4096 ira:
765 4052 866 4097 tua:
908 4041 1336 4112 comprehendat
1363 4057 1476 4096 cos.
1517 4042 1638 4097 Fiat
1681 4043 1941 4099 habitatio
1969 4061 2160 4100 eorum

647 4136 858 4190 deserta
879 4176 891 4198 ,
921 4142 977 4188 et
1003 4135 1054 4187 in
1089 4133 1447 4189 tabernaculis
1473 4149 1660 4190 corum
1703 4151 1806 4189 non
1851 4137 1920 4190 sit
1951 4137 2042 4208 qui
2080 4137 2164 4192 itt-

643 4227 864 4282 habitct.
897 4224 1160 4292 Quoniam
1193 4240 1353 4295 quem
1405 4232 1460 4279 tu
1509 4226 1855 4296 percussisti,
1892 4228 2161 4298 persecuti

642 4331 797 4387 sunt,
829 4333 884 4376 et
925 4335 1088 4391 super
1113 4317 1353 4374 dolorem
1408 4318 1690 4374 vulnerum
1735 4335 1979 4374 meorum
2010 4322 2160 4376 addi-

641 4417 856 4471 derunt.
912 4416 1135 4484 Appone
1194 4412 1536 4482 iniquitatem
1599 4428 1762 4484 super
1821 4414 2158 4485 iniquitatem

646 4523 870 4572 eorum,
935 4517 990 4562 et
1059 4523 1164 4560 non
1236 4507 1441 4562 intrent
1510 4507 1563 4562 in
1643 4507 1908 4577 justitiam
1989 4518 2164 4574 tuam.

644 4600 934 4654 Deleantur
984 4599 1050 4653 de
1090 4599 1229 4652 libro
1275 4599 1592 4665 viventium,
1637 4607 1691 4653 et
1733 4615 1854 4654 cum
1897 4600 2015 4655 istis
2051 4617 2156 4658 non

1213 430 1472 488 REMlGll
1510 430 2169 490 ANTISSIODORENSIS
2207 433 2356 490 OPP.
2401 433 2601 490 PARS.
2645 433 2683 490 Ι.
2713 462 2788 478 ι-
2826 437 3236 497 EXEGETICA.

3719 447 3790 504 ωε

2840 551 2988 606 ENA
3001 553 3134 608 RRA
3146 554 3290 611 T10.

2344 642 2705 698 Commutatio
2737 643 2795 697 fit
2823 644 3032 700 duobus
3061 647 3234 703 modis
3263 666 3276 702 :
3306 647 3389 704 vel
3415 649 3484 705 de
3507 650 3642 708 bono
3663 654 3706 708 in
3729 669 3790 726 pe-

2269 734 2389 806 jus,
2422 735 2508 790 vel
2535 735 2600 790 de
2631 735 2772 791 bono
2803 738 2854 792 in
2886 738 3109 806 melius;
3138 756 3366 811 quarum
3390 759 3552 798 unam
3580 760 3639 799 ex
3663 749 3792 802 seba-

2273 826 2365 881 bet
2391 826 2576 892 homo,
2598 825 2760 882 aliam
2785 844 2851 882 ex
2877 829 3070 900 gratia.
3096 831 3172 886 Ex
3196 846 3255 887 se
3278 834 3420 888 enim
3445 835 3606 891 habet
3623 837 3793 909 quisque

2273 918 2341 974 de
2377 917 2519 974 bono
2547 923 2692 990 quod
2734 931 3100 977 commutatur
3130 923 3182 978 in
3207 923 3383 996 pejus.
3416 926 3530 983 Hoc
3572 931 3695 985 enim
3720 941 3792 986 tra-

2274 1011 2381 1066 dux
2414 1010 2622 1082 primus
2672 1011 2891 1083 reliquit
2941 1014 3205 1084 posteris,
3259 1032 3382 1072 cum
3417 1034 3517 1090 per
3547 1019 3793 1078 inobediea-

2275 1103 2404 1157 tiam
2431 1117 2461 1157 a
2493 1102 2602 1159 Deo
2632 1105 2863 1173 recessit
2885 1103 3040 1177 (Cen.
3084 1105 3186 1178 ιιι).
3236 1108 3385 1165 llanc
3413 1110 3574 1166 talem
3613 1128 3793 1168 commo-

2274 1195 2536 1251 tationem
2569 1203 2722 1252 notat
2754 1196 2894 1253 idem
2922 1197 3190 1270 Propheta
3228 1200 3394 1268 alibi,
3423 1203 3604 1258 dicens
3634 1203 3791 1274 εδρίήο

2273 1294 2356 1366 tus
2370 1286 2560 1342 vadens
2574 1298 2740 1344 etnon
2758 1287 3155 1360 rediena_(Psal.
3173 1291 3400 1362 Lxxvn).
3418 1291 3660 1350 Salomon
3679 1297 3792 1352 etiam

2272 1388 2427 1433 notat
2448 1379 2587 1435 hanc
2611 1379 2857 1435 eamdem
2902 1382 3382 1438 commutationem
3415 1384 3626 1440 taliter:
3649 1385 3793 1442 Omnis

2271 1471 2435 1527 homo
2465 1471 2554 1542 qui
2583 1471 2942 1527 ambulaverit
2975 1473 3030 1528 in
3079 1473 3386 1544 iniquitate,
3420 1490 3527 1530 non
3557 1487 3792 1532 revertetur

2273 1559 2454 1634 (Prov.
2484 1578 2556 1629 n;
2585 1562 2716 1633 Sap.
2747 1563 2882 1636 xvi).
2906 1563 3010 1620 Per
3039 1579 3126 1630 se,
3155 1565 3561 1637 intelligendum
3585 1574 3674 1620 est.
3703 1566 3791 1620 Nam

2272 1670 2339 1709 ex
2371 1669 2429 1710 se
2456 1655 2617 1710 habet
2657 1655 2889 1727 quisque
2919 1665 2977 1711 ut
3023 1657 3213 1723 cadat,
3261 1672 3291 1712 a
3340 1673 3401 1714 se
3453 1675 3559 1715 non
3592 1659 3725 1714 habet
3756 1670 3791 1713 ut

2272 1755 2540 1817 resurgat.
2559 1745 2732 1802 llabet
2752 1747 2894 1801 enim
2922 1763 2986 1802 ex
3016 1749 3186 1818 gratia
3203 1765 3487 1820 resurgere
3503 1760 3715 1816 tantum;
3735 1755 3790 1806 ubi

2265 1837 2378 1910 jam
2410 1847 2633 1893 notatur
2657 1839 3010 1894 commutatio
3035 1840 3099 1894 de
3120 1839 3262 1895 malo
3286 1841 3336 1896 in
3360 1842 3573 1898 melius.
3603 1843 3666 1898 De
3689 1842 3788 1911 cujus

2270 1928 2712 1984 comntutationis
2741 1944 2901 1983 causa
2937 1929 3174 1999 loquitur
3219 1931 3460 2002 psalmus
3487 1933 3605 1988 iste.
3633 1933 3735 1988 Nam
3756 1936 3788 1990 in

2267 2018 2371 2074 hoc
2416 2018 2626 2090 psalmo
2661 2027 2878 2073 notatur
2905 2035 3007 2074 vox
3037 2019 3236 2075 Christi
3278 2022 3495 2092 agentis
3523 2023 3585 2078 de
3610 2024 3787 2094 passione
3841 2007 3843 2044 Ψ

2263 2125 2390 2174 sua,
2439 2125 2559 2180 quae
2605 2111 3048 2166 commutationis
3096 2111 3162 2166 de
3209 2112 3352 2168 malo
3405 2113 3461 2168 in
3509 2113 3688 2169 bonum
3727 2113 3788 2169 fuit

2263 2215 2444 2257 causa.
2491 2201 2608 2271 lpse
2636 2201 2780 2255 enim
2817 2201 3076 2258 Dominus
3123 2218 3219 2274 per
3260 2205 3573 2274 passionem
3608 2205 3788 2259 transivit

2264 2293 2329 2347 de
2357 2291 2638 2362 temporali
2686 2291 2870 2347 labore
2898 2293 2966 2347 ad
2995 2302 3199 2348 acterna
3247 2293 3389 2349 bona
3410 2336 3426 2360 ,
3462 2310 3559 2351 nos
3582 2307 3725 2350 autem
3756 2297 3787 2346 in
3841 2283 3843 2318 ⁵

2262 2384 2450 2439 eodem
2483 2383 2712 2437 transitu
2747 2383 2800 2438 in
2836 2398 2932 2455 spe
2970 2385 3322 2440 transivimus
3369 2386 3490 2442 hate
3519 2384 3785 2456 temporalia.

2263 2486 2318 2530 et
2348 2476 2780 2546 exspectavimus
2802 2484 3003 2532 aeterna
3023 2517 3038 2542 ,
3072 2493 3193 2548 qua:
3235 2480 3418 2535 omnis
3463 2496 3642 2535 secure
3667 2489 3786 2548 potest

2263 2578 2614 2639 exspectare,
2662 2569 2753 2638 qui
2802 2577 3039 2625 veterem
3070 2571 3342 2628 hominem
3393 2576 3547 2628 exuit
3575 2581 3624 2628 et
3647 2588 3783 2626 novum

2264 2660 2456 2716 induit.
2485 2660 2575 2716 Sic
2599 2662 2742 2716 enim
2766 2663 2993 2732 quisque
3017 2661 3177 2719 debet
3198 2666 3526 2721 commutari
3550 2668 3610 2722 de
3631 2665 3784 2720 malai:

2265 2752 2458 2808 melius
2477 2793 2491 2818 ,
2523 2753 2589 2809 ad
2617 2769 2779 2824 quam
2817 2755 3298 2811 commutationem
3325 2755 3670 2813 admonemur
3699 2770 3783 2809 vote

2265 2846 2564 2912 dominica,
2597 2848 3010 2902 commendante
3046 2847 3200 2902 nobis
3229 2849 3546 2919 passionem
3588 2864 3711 2904 suam
3742 2846 3782 2898 ad

2265 2935 2606 2990 imitandum.
2646 2935 2781 2992 Nota
2810 2937 2972 2991 etiam
3004 2937 3092 2993 hic
3121 2938 3366 3008 quzedam
3413 2949 3577 3010 caput
3609 2947 3783 2994 nostrum

2266 3029 2446 3100 loqui,
2478 3044 2598 3099 qum
2625 3045 2735 3085 sua:
2763 3030 3013 3101 dignitati
3042 3032 3404 3098 conveniunt,
3431 3033 3687 3103 quaedam,
3707 3045 3782 3098 qua
3838 3091 3839 3103 ξ

2267 3131 2463 3175 nostne
2510 3119 2810 3176 infirmitati
2859 3123 3164 3179 necessaria
3203 3131 3348 3178 sunt.
3380 3123 3530 3179 Dicit
3570 3120 3783 3177 autemsic

2264 3211 2438 3283 Caput
2463 3223 2705 3268 nostrum
2739 3231 2753 3268 :

2337 3303 2552 3358 Salvum
2583 3319 2662 3358 me
2687 3302 2774 3374 [ac
2798 3345 2812 3368 ,
2844 3303 2987 3359 Deus
3006 3345 3020 3370 ,
3065 3304 3313 3376 quoniam
3341 3307 3654 3360 intrauerant
3683 3316 3784 3371 aqu

2265 3411 2423 3466 usque
2445 3395 2512 3448 ad
2543 3397 2773 3449 animam
2799 3413 2989 3450 meam.
3025 3397 3078 3452 In
3103 3399 3204 3451 hoc
3233 3412 3397 3452 versu
3431 3405 3542 3452 tam
3562 3411 3650 3467 pro
3671 3408 3782 3447 metu.

2262 3486 2376 3542 bris
2402 3502 2564 3558 quam
2596 3501 2696 3558 pro
2737 3503 2796 3542 se
2843 3487 2958 3558 ipso
2984 3497 3106 3544 orat
3146 3487 3319 3559 Caput
3345 3498 3621 3553 nostrum,
3645 3486 3706 3541 sic
3727 3484 3782 3536 di-

2263 3591 2396 3632 cens
2428 3593 2441 3630 :
2472 3575 2612 3630 Deus
2641 3576 2824 3644 Pater,
2854 3578 3053 3632 salvum
3078 3595 3159 3634 me
3185 3579 3270 3648 {ac
3301 3578 3356 3634 iu
3396 3595 3487 3636 me
3511 3588 3566 3634 et
3590 3578 3638 3633 in
3663 3574 3777 3634 meis.

2265 3677 2323 3724 ut
2344 3670 2471 3724 mihi
2495 3669 2710 3740 quidem
2736 3670 3190 3726 resurrectionem
3215 3670 3488 3726 concedas
3507 3668 3780 3724 exteriorem.
3833 3697 3835 3740 ἰ

2266 3761 2400 3814 meis
2423 3769 2604 3814 autem
2637 3759 2968 3815 interiorem.
3009 3761 3074 3816 Et
3095 3777 3231 3833 opus
3259 3772 3343 3818 est
3386 3772 3448 3818 ut
3486 3762 3678 3825 salves,
3700 3775 3779 3828 qla-

2265 3851 2408 3906 niam
2457 3852 2781 3906 intraverunt
2825 3869 3006 3923 aquae,
3041 3852 3092 3908 id
3136 3863 3254 3920 est,
3285 3854 3444 3910 turba
3485 3853 3711 3910 seditiosa
3732 3849 3782 3900 fa—

2266 3943 2434 3998 rentis
2460 3941 2641 4014 populi
2665 3942 3024 3999 circumdedit
3068 3959 3185 4012 me,
3225 3955 3281 4000 et
3317 3962 3485 4017 usque
3512 3947 3578 3999 ad
3616 3943 3780 3998 animum

2264 4053 2466 4118 meam,
2497 4025 2758 4092 subaudis
2781 4037 3150 4093 auferendam.
3182 4037 3318 4094 Nota
3355 4040 3448 4095 hic
3477 4037 3701 4111 populum
3723 4051 3778 4087 ne

2264 4131 2407 4188 mine
2438 4147 2592 4202 aqua:
2631 4131 2754 4201 jure
2793 4133 3091 4203 designari,
3121 4135 3210 4204 qui
3241 4149 3524 4205 nunquam
3565 4135 3614 4186 in
3651 4129 3779 4184 eodem

2265 4233 2407 4278 statu
2437 4234 2746 4295 permanet,
2777 4227 2870 4280 sed
2897 4242 3044 4280 more
3069 4225 3283 4282 fluentis
3315 4243 3472 4297 aquae
3496 4240 3687 4297 semper
3707 4219 3776 4274 vul-

2265 4315 2429 4382 vitur,
2459 4317 2658 4371 cadens
2703 4317 2768 4370 de
2811 4317 2943 4372 vitio
2979 4317 3030 4370 in
3062 4318 3283 4384 vitium;
3315 4317 3402 4373 vel
3431 4319 3648 4389 populus
3672 4313 3776 4367 etiam
3829 4343 3831 4389 ι

2267 4405 2575 4462 Judteorum
2606 4408 2842 4463 maxime
2888 4409 2941 4463 in
2984 4418 3156 4463 morte
3201 4409 3412 4464 Domini
3441 4406 3776 4464 similitudinem

2265 4513 2418 4569 aqua:
2447 4501 2698 4571 gerebat,
2749 4501 2874 4571 quia
2915 4501 3055 4556 sicut
3097 4515 3234 4571 aqua
3265 4502 3408 4556 circa
3441 4501 3688 4557 hominem
3712 4493 3776 4546 tot

2263 4597 2610 4691 viturAdonec
2639 4612 2762 4691 eum
2795 4597 3106 4691 squergat
3125 4637 3140 4662 ,
3170 4596 3242 4652 ita
3283 4596 3516 4669 populus
3542 4594 3773 4691 Judaomtlt
3827 4641 3829 4691 Ι

576 4714 593 4743 ι
642 4693 967 4748 scribantur.
1011 4691 1122 4761 Ego
1168 4707 1284 4746 sum
1329 4707 1534 4761 panper
1562 4701 1616 4746 et
1649 4691 1866 4758 dolens,
1894 4692 2040 4748 salus
2067 4703 2156 4748 tua
2185 4721 2240 4780 Β
2267 4686 2583 4742 volvebatur
2630 4687 2771 4741 circa
2815 4686 3129 4752 Dominum,
3162 4702 3271 4757 quo
3314 4703 3484 4756 usque
3523 4701 3634 4740 cum
3670 4686 3772 4736 1110tu

645 4785 784 4839 Deus
805 4785 1038 4855 suscepit
1061 4801 1165 4837 me.
1187 4782 1442 4838 Laudabo
1465 4798 1656 4838 nomen
1678 4784 1768 4838 Dei
1790 4801 1911 4840 cum
1926 4787 2157 4854 cantico,

646 4883 699 4929 et
727 4873 1084 4946 magnificabo
1105 4889 1227 4928 eum
1253 4873 1306 4927 in
1331 4872 1502 4927 laude.
1523 4873 1588 4927 Et
1609 4873 1843 4943 placebit
1865 4875 1975 4933 Deo
1996 4893 2160 4948 super

641 4966 861 5022 vitulum
889 4965 1174 5027 novellum,
1201 4979 1400 5018 cornua
1425 4963 1807 5033 producentcm
1828 4975 1881 5021 ct
1907 4968 2152 5038 ungulas.

640 5059 869 5113 Videant
903 5071 1168 5126 pauperes
1191 5063 1245 5108 ct
1275 5053 1524 5107 laetentur
1552 5070 1564 5104 :
1590 5055 1816 5122 qtimrite
1860 5056 2025 5110 Deum
2045 5099 2057 5118 ,
2102 5069 2156 5112 ct

2271 4779 2510 4832 tradidit.
2545 4777 2869 4833 Volvcbatur
2892 4778 3036 4832 enim
3067 4779 3211 4833 circa
3242 4794 3399 4846 eum,
3431 4777 3642 4834 insidias
3661 4774 3772 4839 eiw

2269 4872 2443 4928 nendo
2462 4914 2475 4936 ,
2497 4887 2619 4927 cum
2641 4873 2902 4941 capiendo
2918 4913 2932 4936 ,
2950 4873 3244 4943 judicando
3269 4875 3507 4938 tandem,
3531 4865 3768 4927 occidantu-

2268 4963 2419 5030 Quod
2444 4962 2527 5017 ltic
2554 4971 2790 5027 notatur,
2817 4961 3150 5018 lutrarerunt
3172 4980 3323 5034 aqua
3345 4981 3506 5035 usque
3528 4964 3591 5015 ad
3609 4959 3768 5013 anima

2266 5071 2450 5109 meam.
2481 5055 2544 5108 Et
2575 5056 2842 5125 quomodo
2871 5055 3245 5111 intraverunt?
3269 5055 3474 5125 Inﬁxus
3497 5071 3604 5109 sum
3628 5053 3672 5104 in
3692 5049 3768 5100 (ira

579 5167 597 5199 ‹
643 5149 786 5202 vivet
815 5149 994 5201 anima
1041 5156 1242 5201 vestra.
1277 5144 1542 5211 Quoniam
1576 5147 1851 5200 exaudivit
1894 5163 2158 5220 pauperes
2265 5145 2536 5214 profundi,
2565 5145 2742 5207 idest,
2768 5144 2910 5198 inter
2935 5144 3052 5199 illos
3093 5147 3340 5202 detentus
3389 5162 3505 5201 sum
3545 5143 3626 5214 qui
3645 5140 3768 5193 lim!l

583 5263 597 5281 '
648 5239 904 5289 "nmintts
928 5278 942 5286 .
975 5244 1028 5286 El
1060 5237 1270 5284 νὶηριης
1305 5250 1435 5278 sime
1467 5247 1572 5276 nnn
1605 5234 1844 5272 ﬂuctuavi!
1920 5237 1937 5258 π
2053 5240 2064 5255 ⁶
2145 5248 2152 5253 -

2487 5238 2639 5272 “ne!
2714 5238 3080 5289 tum-anitatem
3107 5255 3258 5293 suam
3295 5240 3625 5298 ηνοῖυιιιιειιιιι
3647 5235 3767 5287 “1‘5"
