3884 5920
46 459 152 514 495

1177 445 1712 506 ENARRATIONES
1749 445 1814 501 IN
1853 443 2189 503 PSALMOS.

3215 441 3324 500 ιρι

45 577 210 631 sunt,
245 565 314 621 de
342 575 483 621 terra
508 563 661 635 quasi
703 579 893 620 aurum
932 561 1221 627 facientes,
1253 577 1375 617 cum
1399 571 1635 618 veterem
1665 563 1713 626 Α
1740 567 1868 615 ante
1897 559 2202 630 passionem
2237 558 2380 630 quod
2417 558 2566 623 dicit,
2599 557 3113 623 laboravictamaus,
3149 576 3324 616 rauca,-

46 658 330 714 hominem
357 666 596 721 exuunt,
642 664 696 711 et
744 671 941 710 novum
983 655 1241 720 induunt;
1270 663 1326 708 et
1353 651 1640 708 animalem

43 752 214 807 vitam
245 757 611 823 postponunt,
644 757 698 804 et
727 747 1064 820 spiritualem
1093 747 1399 802 attendunt.
1435 743 1501 799 Et
1539 751 1639 799 non

42 857 114 900 est
140 845 466 901 substantia.
481 843 653 900 Causa
675 842 993 913 supponitur
1015 856 1186 913 quare
1215 841 1266 895 in
1289 841 1420 897 limo
1446 837 1641 896 inlisus

43 942 144 1003 sit,
173 953 305 993 cum
331 937 464 995 dicit
491 956 503 990 :
534 933 657 990 Non
680 945 754 990 est
777 934 1090 989 substantia.
1122 933 1177 988 lu
1208 933 1509 990 substantia
1533 949 1638 987 non

43 1037 168 1082 sunt
195 1042 396 1084 omnes
418 1027 510 1097 qui
534 1041 564 1081 a
591 1040 719 1080 vero
739 1039 859 1080 esse
881 1023 1118 1078 deviant.
1152 1021 1468 1079 Subsmntia
1495 1023 1637 1077 enim

43 1119 243 1173 dicitur
278 1132 368 1174 res
394 1131 723 1189 permanens
755 1115 807 1170 in
837 1114 1115 1171 creatione
1163 1130 1280 1170 sua.
1325 1113 1425 1183 Qui
1458 1125 1638 1170 autem

42 1227 239 1265 novum
275 1209 552 1265 hominem
581 1207 836 1263 inducere
867 1206 1086 1273 volunt,
1124 1208 1216 1263 sed
1243 1207 1408 1263 veteri
1437 1207 1489 1262 in
1519 1222 1639 1263 om-

44 1310 200 1362 nibus
227 1306 528 1372 obediunt,
553 1305 607 1360 in
633 1303 934 1360 substantia
964 1317 1070 1358 non
1110 1313 1266 1366 sunt,
1293 1303 1416 1373 quia
1451 1317 1637 1358 verum

43 1414 158 1453 esse
185 1398 532 1461 amiserunt,
561 1393 707 1450 velut
755 1393 841 1448 isti
869 1409 900 1447 a
929 1393 1126 1463 quibus
1159 1393 1417 1447 Dominus
1447 1392 1636 1446 deten-

44 1502 121 1543 tus
146 1498 230 1542 est
269 1488 323 1541 in
349 1485 598 1556 passione
625 1502 638 1538 :
669 1483 924 1554 quoniam
964 1484 1008 1538 si
1051 1490 1238 1538 essent
1287 1482 1338 1536 in
1388 1482 1639 1536 substan-

42 1585 132 1643 tia,
198 1579 254 1634 id
315 1587 430 1643 est,
486 1577 537 1631 in
592 1573 948 1646 plasmatione
1000 1574 1120 1639 illa,
1174 1573 1226 1627 in
1275 1588 1436 1644 quam
1498 1571 1639 1626 Dens

43 1672 152 1726 illos
183 1671 430 1733 creavit,
466 1683 573 1724 non
609 1675 754 1722 esset
798 1665 1048 1722 detentus
1073 1666 1141 1719 ab
1171 1664 1250 1720 eis
1290 1681 1447 1735 quem
1499 1665 1639 1719 Deus

41 1762 250 1830 genuit;
291 1759 374 1814 vel
405 1760 563 1814 aliter
595 1774 610 1813 :
641 1756 977 1811 Intraverunt
1025 1771 1177 1827 aqua:
1221 1772 1382 1823 usque
1425 1754 1495 1808 ad
1523 1757 1631 1808 ani-

41 1870 173 1904 mum
203 1866 415 1914 meum;
449 1857 503 1903 et
554 1848 658 1903 hoc
705 1846 856 1911 ideo,
889 1847 1014 1917 quia
1061 1845 1253 1915 inﬁxus
1281 1862 1394 1899 sum
1425 1845 1479 1898 iu
1513 1843 1636 1897 limo

1740 650 1896 722 facta:
1911 664 2030 705 sunt
2053 649 2230 720 fauces
2251 666 2400 714 metu,
2431 650 2482 704 id
2502 659 2603 714 est,
2643 650 2714 705 ita
2762 648 2980 705 sedulus
3023 649 3096 704 fni
3129 649 3182 706 in
3209 652 3322 708 cla-

1741 757 1891 798 more
1929 741 2119 798 salutis
2165 757 2378 805 eorum,
2425 741 2566 797 sicut
2591 741 2680 796 ille
2699 741 2791 811 qui
2821 757 2918 812 pro
2946 749 3199 813 suscepto
3222 758 3322 798 suo

1743 845 1949 892 tantum
1975 837 2183 892 laborat
2207 837 2258 891 in
2289 852 2475 902 causa,
2508 846 2562 891 ul
2587 841 2781 893 raucus
2810 837 2943 890 liat:
2971 837 3112 907 quod
3142 845 3320 892 tamen

1741 929 1846 984 non
1883 929 2104 999 profuit,
2133 929 2256 1000 quia
2285 929 2424 982 oculi
2450 929 2574 993 mei,
2607 928 2658 983 ul
2686 939 2789 993 est,
2814 925 3040 999 apostoli
3073 929 3201 995 mei,
3229 929 3321 984 de-

1741 1022 1970 1092 fecerunt
1995 1021 2046 1076 in
2070 1020 2192 1087 lide,
2215 1021 2340 1074 dum
2368 1037 2464 1092 ego
2486 1031 2665 1075 tamen
2695 1038 2844 1090 spero
2875 1022 2929 1075 in
2951 1021 3114 1075 Deuin
3131 1019 3324 1084 meum,

1743 1109 1792 1168 id
1821 1121 1925 1179 est,
1958 1109 2083 1168 dum
2117 1125 2267 1182 spem
2302 1128 2476 1167 meam
2525 1112 2578 1167 in
2613 1111 2759 1167 nullo
2788 1112 3047 1168 minutam
3091 1127 3214 1168 esse
3244 1113 3322 1166 vi-

1739 1201 1955 1260 derunt.
1987 1203 2313 1260 Defecerunt
2334 1198 2406 1260 illi
2435 1205 2487 1260 in
2513 1205 2638 1269 li:.le,
2661 1205 2856 1276 quibus
2889 1203 3149 1260 Dominus
3171 1203 3325 1275 quasi

1741 1287 2055 1369 peregrinus
2087 1297 2353 1367 apparuit,
2386 1306 2439 1352 et
2466 1296 2774 1353 dicentibus
2807 1315 2820 1351 :
2857 1293 2970 1352 Nos
3013 1297 3324 1368 putabamus

1739 1393 1876 1464 quod
1906 1393 2264 1464 redempturus
2311 1402 2441 1447 esset
2483 1389 2653 1447 Israel
2680 1390 2832 1464 (Luc.
2863 1391 3033 1461 xxr’v).
3069 1383 3326 1462 Multipli-

1739 1485 1842 1537 cati
1893 1494 2011 1538 sunt
2050 1501 2205 1555 super
2256 1483 2472 1556 capillos
2511 1485 2697 1554 capitis
2744 1486 2863 1539 mei.
2912 1483 3074 1552 Quasi
3127 1481 3319 1538 dicat:

1742 1576 2062 1632 Deleccrunt
2089 1579 2226 1633 oculi
2260 1580 2362 1634 mei
2407 1598 2418 1633 ;
2466 1595 2588 1632 nam
2617 1579 2708 1650 qui
2749 1577 2979 1632 oderunt
3031 1592 3116 1631 me
3153 1579 3324 1648 gratis

1741 1668 1881 1722 nulla
1906 1669 2274 1740 praemissione
2300 1671 2469 1741 culp:e
2501 1687 2656 1738 mem,
2683 1669 3014 1738 multiplicati
3042 1675 3165 1724 sunt
3197 1660 3323 1722 laeti

1738 1777 1892 1831 super
1931 1761 2148 1832 capillos
2192 1764 2377 1833 capitis
2407 1763 2527 1826 mei,
2561 1762 2612 1818 id
2649 1771 2752 1828 est,
2793 1761 2971 1833 plures
2997 1762 3328 1834 apparebant

1740 1867 1900 1921 quam
1954 1861 2136 1908 essent
2198 1855 2373 1924 capilli
2429 1855 2622 1926 capitis
2671 1854 2818 1918 mei,
2871 1854 2995 1925 quia
3030 1854 3079 1909 in
3113 1863 3321 1908 tantum

40 1942 324 2012 profundi.
359 1940 410 1995 id
447 1947 564 2003 est.
599 1938 651 1992 ill
692 1946 884 1992 Italut‘a
920 1937 1178 2000 humana,
1219 1951 1338 2006 qua:
1365 1945 1447 1991 est
1479 1934 1631 2006 quasi
1666 1928 1709 1987 Β
1738 1945 2069 2023 augmentati
2099 1955 2225 1999 sunt
2258 1946 2483 2012 inimici,
2514 1955 2571 2000 ut
2602 1946 2766 2001 etiam
2791 1945 3112 2017 discipulum
3142 1961 3320 2000 meum

41 2033 199 2086 anms
225 2029 562 2103 profundus,
594 2028 720 2099 quia
771 2037 855 2083 est
906 2025 1148 2082 mortalis
1177 2036 1232 2082 et
1260 2026 1559 2098 passibilis;
1589 2037 1636 2081 et

42 2125 160 2178 ideo
189 2143 294 2179 non
326 2133 402 2179 est
445 2124 770 2188 substantia,
802 2121 854 2177 id
883 2131 998 2186 est,
1028 2138 1132 2176 non
1163 2137 1397 2192 appar-eo
1426 2136 1546 2176 esse
1582 2121 1632 2175 in

43 2233 160 2271 tera
188 2217 433 2273 essentia
464 2233 614 2282 mea,
639 2217 692 2270 in
718 2231 822 2286 qua
854 2215 1077 2286 aequalis
1103 2213 1251 2270 Patri
1297 2231 1414 2270 sum
1460 2217 1636 2270 ornni-

47 2307 268 2377 potenti.
292 2306 430 2364 Nota
458 2309 584 2379 quia
613 2322 885 2378 nunquam
916 2305 1279 2378 mqualitatcm
1303 2307 1479 2362 Patris
1502 2309 1636 2361 ami-

46 2400 139 2466 sit,
168 2399 222 2452 in
254 2415 367 2469 qua
393 2414 608 2468 semper
634 2397 956 2468 permansit.
986 2396 1092 2452 Sed
1123 2397 1377 2468 quoniam
1403 2397 1631 2452 formam

45 2491 298 2560 pauperis
326 2490 476 2545 visus
511 2499 595 2545 est
621 2489 1011 2559 assumpsisse,
1045 2504 1073 2541 a
1104 2488 1345 2558 pluribus
1373 2489 1632 2560 epinaba-

47 2590 123 2635 tur
145 2597 254 2635 non
285 2580 339 2635 in
366 2580 642 2636 divinitate
667 2595 911 2652 regnare.
942 2575 1066 2634 Veni
1089 2581 1142 2634 in
1167 2579 1498 2636 altitudinem
1524 2599 1634 2635 ma-

43 2677 109 2727 ris
136 2715 150 2741 ,
195 2684 250 2728 et
297 2684 571 2745 tempestas
615 2673 861 2728 demersit
888 2690 988 2728 me.
1031 2672 1204 2730 Priori
1233 2675 1514 2731 sententia:
1556 2677 1635 2731 sic

42 2764 394 2846 contingatur
425 2782 438 2818 :
475 2763 678 2836 lnﬁxus
727 2782 845 2820 sum
883 2766 940 2819 in
969 2763 1092 2819 limo
1131 2765 1402 2836 profundi,
1451 2767 1502 2821 id
1528 2778 1630 2832 est,

41 2861 296 2916 detentus
351 2877 468 2916 sum
526 2861 578 2916 in
614 2860 982 2932 profunditate
1029 2869 1391 2928 terrenorum,
1434 2869 1490 2915 et
1533 2862 1634 2916 huc

41 2968 139 3007 non
175 2968 245 3008 ex
282 2962 550 3024 potestate
571 2953 781 3009 illorum
814 2969 844 3008 a
874 2954 1071 3026 quibus
1098 2953 1346 3009 detentus
1369 2971 1510 3020 sum,
1537 2956 1630 3010 sed

41 3061 133 3116 ego
162 3046 451 3102 voluntate
480 3062 597 3103 mea
631 3048 745 3102 veni
790 3049 843 3102 in
875 3047 1206 3102 altitudinem
1235 3049 1418 3112 maris,
1449 3049 1501 3104 id
1525 3057 1616 3105 est.

43 3137 88 3190 in
133 3137 566 3207 profunditatem
607 3138 947 3195 saecularium
989 3155 1139 3196 more
1174 3141 1339 3196 maris
1370 3139 1631 3197 fluctuan-

40 3231 208 3295 tium,
274 3239 329 3285 et
380 3230 431 3284 in
471 3231 835 3286 amaritudine
884 3231 1324 3287 conversantium
1364 3249 1376 3286 :
1419 3243 1466 3287 et
1509 3233 1628 3290 ideo

39 3330 350 3389 tempestas,
404 3319 456 3374 id
507 3329 622 3386 est,
674 3321 826 3376 furor
863 3321 1101 3378 seditiosi
1139 3321 1351 3392 populi,
1384 3322 1627 3378 demersit
1659 3299 1705 3364 (ἶ

36 3424 134 3474 me,
173 3419 235 3463 ut
275 3411 604 3466 absorberer
632 3427 662 3466 a
699 3423 842 3476 ceto,
873 3422 927 3467 et
953 3413 1106 3468 vivus
1131 3429 1451 3481 evomerer;
1485 3417 1628 3486 quod

38 3502 447 3575 pneliguratum
482 3511 602 3562 erat
640 3505 692 3560 in
735 3505 870 3561 Jona
923 3505 1070 3578 (Jon.
1104 3515 1166 3578 ιι)
1208 3523 1288 3573 re,
1335 3523 1438 3564 non
1477 3525 1627 3566 voce.

36 3591 171 3648 Nota
220 3609 381 3649 mare
412 3594 553 3649 istud
583 3610 706 3652 cum
735 3597 956 3651 deberet
982 3611 1103 3652 esse
1139 3597 1480 3666 rationabile,
1512 3614 1631 3654 om-

41 3681 261 3737 nimoda
313 3686 627 3754 depressum
659 3686 920 3740 eiecitate.
951 3685 1085 3740 Nam
1126 3703 1275 3743 mare
1316 3689 1632 3746 rationabile

36 3791 93 3831 se
122 3777 391 3833 calcabile
417 3779 613 3850 plantis
645 3778 855 3834 Domini
895 3779 1160 3851 prwbuit;
1192 3783 1369 3841 ventis
1396 3799 1634 3841 commo-

39 3875 180 3930 tum,
237 3870 493 3924 cessavit.
534 3868 682 3924 Mare
719 3871 860 3925 istud
890 3871 1258 3929 irrationabile
1285 3889 1391 3930 non
1425 3884 1630 3930 tantum

41 3957 103 4011 ad
132 3959 556 4016 saluberrimam
592 3977 779 4017 vocem
807 3959 922 4031 eius
947 3978 1051 4017 non
1084 3963 1310 4036 quievit,
1347 3967 1439 4023 sed
1465 3968 1630 4024 etiam

41 4047 331 4113 demersit,
375 4050 501 4121 quia
532 4051 690 4106 morti
718 4067 840 4108 eum
873 4051 1108 4108 tradidit.
1164 4052 1336 4111 Aliter
1376 4070 1390 4110 :
1423 4055 1631 4127 Infixus

38 4155 150 4194 suns
173 4141 233 4194 in
267 4141 391 4197 limo
419 4140 690 4213 profundi,
731 4145 781 4198 id
829 4153 944 4210 est,
976 4145 1028 4199 in
1059 4147 1386 4204 mortalitate
1410 4151 1589 4205 carnis
1615 4167 1629 4216 ;

37 4244 81 4285 et
110 4251 219 4288 non
263 4244 339 4288 est
377 4235 694 4302 substantia,
723 4235 775 4292 id
815 4248 899 4293 est
919 4278 934 4303 ,
966 4253 1073 4293 non
1099 4239 1324 4311 apparui
1352 4241 1406 4296 in
1428 4241 1633 4298 divitiis

39 4325 194 4390 meis,
226 4326 358 4396 quia
384 4327 506 4382 veni
542 4327 595 4383 in
627 4327 968 4385 altitudinem
1000 4331 1190 4397 maris,
1221 4329 1273 4385 in
1306 4347 1415 4402 qua
1447 4332 1632 4387 altitu-

36 4415 163 4471 dine
215 4417 454 4474 laboravi
483 4419 751 4488 clamans,
790 4421 931 4477 istud
973 4422 1223 4480 videlicet
1263 4442 1277 4479 :
1322 4423 1411 4480 γω
1437 4427 1634 4483 mundo

40 4525 70 4559 (ι
95 4509 370 4564 scandulis
396 4509 610 4582 (Matth.
641 4513 820 4586 xvru),
850 4521 905 4569 et
946 4517 1141 4570 caetera
1168 4517 1364 4586 quibus
1392 4519 1635 4577 deterre-

41 4615 151 4654 rem
188 4601 443 4658 homines
465 4613 526 4659 nt
551 4611 872 4662 cessarenta
897 4610 1154 4679 peccatis,
1179 4610 1232 4664 et
1255 4611 1392 4666 viam
1424 4613 1633 4670 insiste-

40 4700 160 4746 rent
188 4704 412 4750 :eternze
453 4696 659 4753 salutis.
705 4699 771 4754 Et
809 4701 933 4756 dum
965 4702 1066 4759 hoc
1093 4703 1406 4764 clamarem.
1456 4723 1632 4764 rauca:

39 4783 198 4850 factm
228 4795 353 4840 sunt
389 4788 567 4857 fauces
609 4807 760 4858 mere,
791 4793 840 4847 id
873 4803 989 4861 est,
1038 4797 1418 4867 comparabilis
1458 4798 1632 4855 factus

38 4885 158 4931 sum
192 4878 401 4934 homini
435 4897 653 4938 raucam
693 4900 875 4939 vocem
916 4887 1218 4955 emittenti,
1248 4898 1302 4945 et
1350 4889 1468 4946 ideo
1499 4893 1631 4948 nulli

39 4967 104 5022 ad
139 4969 473 5026 audiendum
517 4973 912 5031 delectabilem.
959 4977 1094 5033 Nam
1147 4995 1282 5050 pene
1326 4981 1503 5041 tmllus
1535 4984 1634 5039 fuit

38 5062 124 5115 cui
163 5077 269 5116 vox
316 5079 431 5118 mea
467 5065 518 5120 in
549 5067 853 5123 imitatione
896 5071 998 5126 mei
1024 5073 1280 5142 placeret.
1316 5073 1382 5129 Et
1415 5077 1630 5134 tandem

36 5149 346 5219 defecerunt
386 5155 521 5210 oculi
557 5157 680 5220 mei,
718 5157 769 5211 id
796 5168 909 5224 est,
954 5163 1020 5218 ad
1050 5173 1277 5220 mortem
1303 5180 1363 5221 se
1400 5183 1629 5237 parave-

41 5249 196 5306 runt,
228 5243 351 5298 dum
380 5262 530 5316 spero
555 5247 611 5300 in
639 5245 808 5300 Deum
837 5266 1028 5317 meum,
1075 5249 1127 5308 id
1155 5263 1268 5319 cst,
1316 5253 1442 5312 dum
1471 5260 1632 5315 aliam

43 5346 269 5389 causam
320 5355 424 5394 non
459 5338 732 5393 baberent
774 5342 962 5398 mortis
1007 5359 1158 5411 mese,
1189 5345 1289 5399 nisi
1327 5349 1454 5416 quia
1496 5367 1582 5406 me
1606 5366 1636 5405 a

43 5435 144 5488 spe
175 5421 266 5480 Dei
299 5430 402 5484 mei
429 5443 654 5484 cessare
693 5434 798 5482 non
843 5431 1108 5488 viderunt.
1140 5435 1348 5490 Aliter:
1379 5435 1638 5496 Laboravi

42 5509 303 5584 clamans,
329 5535 502 5574 rauca:
533 5518 697 5587 facta:
726 5527 844 5572 sunt
872 5521 1050 5592 fauces
1090 5541 1235 5580 mem.
1275 5509 1388 5581 Non
1442 5531 1641 5602 legitur

42 5601 197 5668 quod
235 5604 284 5660 in
322 5610 575 5679 passione
608 5607 869 5665 Dominus
911 5611 1209 5671 laborasset
1255 5615 1308 5669 in
1354 5601 1634 5690 clamore,

41 5692 177 5759 quia
205 5694 390 5755 dicitur
418 5719 431 5755 :
461 5699 614 5756 Sicut
646 5698 758 5753 Ovis
781 5699 852 5753 ad
882 5704 1188 5760 occisionem
1218 5705 1410 5764 ductus’
1437 5713 1540 5779 est,
1586 5725 1634 5768 et

42 5782 198 5837 sicut
241 5805 401 5860 agnus
453 5807 638 5847 coram
671 5792 915 5850 tondente
961 5805 1017 5852 se
1045 5794 1388 5865 Obn‘mtescit',
1417 5801 1500 5860 sic
1527 5805 1632 5861 non

44 5885 100 5894 ..ρ-ν
129 5883 240 5904 μακε

301 5899 342 5920 -τ
370 5901 517 5920 um...
551 5882 672 5920 Hm
745 5885 878 5920 -m\.
915 5905 1082 5920 mm..-
1111 5890 1514 5920 :...,.u:.......r.._.-
1558 5907 1628 5920 η.

1741 2037 1793 2092 iu
1851 2040 2337 2110 augmentationem
2386 2039 2596 2094 numeri
2647 2038 2728 2093 sui
2772 2047 3134 2095 assumerent.
3187 2037 3319 2092 Nota

1737 2146 1834 2200 per
1861 2132 2083 2201 capillos
2125 2141 2288 2203 caput
2337 2131 2611 2194 adornari,
2659 2131 2750 2186 ubi
2808 2131 3180 2201 intelliguntur
3212 2131 3321 2190 illi.

1737 2220 1828 2290 qui
1871 2221 1922 2274 in
1949 2231 2188 2292 tempore
2219 2221 2486 2292 passionis
2512 2239 2539 2274 a
2569 2221 2792 2276 Domino
2822 2237 2926 2276 non
2960 2233 3320 2284 recesserunt;

1739 2311 1833 2368 sed
1856 2314 1979 2384 quia
2030 2315 2185 2384 pauci
2230 2314 2468 2380 fuerunt,
2509 2315 2599 2386 qui
2634 2325 2759 2370 tunc
2799 2316 3055 2385 temporis
3085 2311 3322 2370 adita-.m-

1737 2403 1866 2458 ιιιιιιι
1889 2403 2135 2470 Domino,
2180 2403 2301 2459 ideo
2337 2405 2465 2460 dicit
2493 2425 2504 2459 :
2543 2401 2880 2475 Multiplicati
2907 2407 3024 2460 sunt
3051 2417 3206 2477 Super
3235 2425 3322 2460 cu-

1735 2492 1888 2562 pillos
1919 2495 2106 2565 capitis
2142 2494 2278 2560 mei,
2327 2495 2452 2565 quia
2499 2494 2680 2566 plures
2715 2493 2874 2551 erant
2927 2490 3318 2552 decalvantium

1738 2597 1899 2653 quam
1931 2584 2336 2650 adornantium,
2369 2587 2457 2656 qui
2489 2586 2708 2640 oderunt
2742 2581 2826 2641 'me
2854 2589 3042 2660 gratis,
3073 2590 3197 2660 quia
3229 2608 3322 2643 ne-

1738 2677 1936 2732 minem
1961 2677 2090 2742 laesi,
2122 2680 2211 2750 qui
2239 2695 2336 2749 pro
2367 2679 2538 2735 salute
2564 2681 2805 2736 omnium
2835 2683 2977 2738 veni.
3015 2685 3082 2739 Et
3107 2701 3174 2742 ne
3197 2697 3317 2740 tan-

1737 2776 1846 2822 tum
1875 2768 2056 2829 odium
2083 2769 2814 2844 intelligeremus,subjungit
2843 2792 2855 2828 :
2887 2771 3318 2845 Confortatisunt

1737 2858 1803 2911 ad
1847 2857 2094 2914 ell'ectum
2129 2853 2474 2929 deducendo,
2533 2859 2787 2920 videlicet
2843 2866 2984 2934 quod
3042 2868 3094 2923 in
3141 2881 3321 2926 mente

1736 2962 2114 3022 conceperunt,
2142 2954 2339 3008 inimici
2371 2957 2469 3010 mei
2497 2956 2710 3027 injuste.
2731 2955 2877 3013 Nihil
2904 2959 3046 3014 enim
3075 2960 3322 3031 injustas

1735 3061 1893 3114 quam
1922 3045 2226 3116 Opprimere
2277 3048 2367 3117 qui
2407 3049 2554 3103 venit
2596 3050 2826 3106 salutem
2855 3051 3002 3106 dare.
3041 3052 3174 3119 Qum
3217 3073 3318 3109 non

1737 3139 1910 3209 rapui,
1941 3151 2064 3194 tunc
2099 3139 2444 3196 exsolvebam.
2476 3139 2672 3200 Factus
2705 3153 2789 3200 est
2833 3145 3009 3200 hostia
3057 3157 3157 3217 pro
3196 3167 3321 3218 per-

1737 3240 1878 3295 eato,
1909 3246 2033 3287 cum
2083 3233 2284 3286 mdium
2329 3250 2563 3304 unquam
2611 3245 2975 3308 perpetrasse!
3011 3250 3314 3309 peccatmn.

1737 3322 1936 3394 Rapuit
1961 3323 2182 3395 angelus
2213 3341 2242 3380 a
2275 3326 2384 3382 Deo
2414 3330 2799 3398 apostatando,
2832 3342 2953 3385 cum
2998 3331 3134 3387 dixit
3164 3350 3180 3388 :
3214 3334 3315 3390 Po-

1731 3430 1855 3468 nam
1877 3415 2059 3469 sedem
2090 3431 2262 3470 meam
2281 3417 2346 3471 ad
2377 3418 2723 3488 Aquilonem,
2751 3431 2806 3478 et
2831 3441 2918 3481 ero
2943 3427 3128 3495 similis
3151 3427 3316 3482 Altis-

1730 3505 1861 3560 simo
1885 3503 2168 3577 (lsa.xrv).
2199 3507 2396 3578 Rapuit
2420 3509 2626 3580 primus
2654 3528 2867 3584 parens,
2894 3535 3016 3575 cum
3037 3522 3318 3578 consensit

1732 3595 1944 3651 diabolo
1973 3613 2038 3653 ex
2063 3595 2232 3653 calice
2275 3601 2540 3670 superbiae
2573 3603 2674 3659 sibi
2703 3617 2932 3665 mortem
2982 3612 3315 3682 propinanti.

1733 3685 2010 3773 Tendebat
2044 3689 2187 3744 enim
2227 3701 2287 3746 ut
2319 3685 2461 3748 Deus
2495 3703 2668 3761 esset,
2720 3708 2775 3754 et
2828 3693 2977 3757 venil
3025 3707 3091 3758 ad
3124 3697 3227 3760 hoc
3263 3715 3319 3758 ut

1730 3781 1905 3837 bonus
1933 3798 2038 3839 non
2080 3792 2254 3850 esset;
2283 3784 2384 3842 hoc
2425 3797 2705 3857 peccatum
2737 3779 2895 3849 solvit
2929 3783 3188 3853 Dominus
3211 3813 3316 3852 non

1733 3873 1895 3930 manu
1926 3871 2155 3944 armata,
2192 3877 2286 3933 sed
2307 3878 2462 3934 clavo
2483 3879 2536 3936 in
2567 3893 2727 3939 cruce
2759 3875 2885 3942 lixa.
2921 3887 3085 3954 Deus,
3120 3900 3176 3943 tu
3211 3890 3312 3944 scis

1731 3964 2083 4037 insipientiam
2100 3984 2289 4026 meam.
2309 3968 2386 4027 Ne
2407 3987 2681 4042 quaereres
2698 3991 2916 4034 causam
2943 3995 3113 4052 quare
3137 3983 3318 4037 exsol-

1731 4055 1920 4123 visset,
1947 4073 2070 4113 cum
2097 4071 2202 4114 non
2245 4061 2535 4131 rapuisset,
2565 4063 3026 4141 subjunxitquare
3043 4071 3316 4138 solvisset,

1733 4159 1793 4202 nt
1822 4149 2053 4203 mundus
2081 4163 2574 4222 cognoscereteum
2604 4158 2672 4211 ad
2700 4158 2803 4214 hoc
2835 4163 3055 4219 missum
3083 4180 3221 4229 esse,
3264 4176 3324 4219 nt

1733 4238 1878 4293 Patri
1905 4241 2151 4296 obediret
2171 4260 2182 4294 :
2204 4243 2346 4312 quod
2372 4243 2523 4309 dicit,
2549 4245 2680 4312 Qum
2701 4255 2804 4304 non
2823 4254 2995 4321 rapui,
3018 4265 3140 4307 tunc
3155 4255 3301 4310 exsol

1734 4330 1913 4385 uebam
1945 4345 1962 4383 :
1991 4339 2046 4387 et
2072 4342 2128 4386 tu
2179 4333 2318 4388 Deus
2368 4335 2530 4391 Pater
2573 4341 2704 4403 scis,
2740 4341 2790 4395 id
2840 4351 2922 4397 est
2971 4346 3198 4414 probas,
3244 4349 3308 4401 iu-

1733 4424 2029 4496 sipicutiam
2107 4442 2320 4494 meam,
2379 4429 2503 4498 quia
2573 4431 2673 4500 ipsi
2756 4433 3077 4505 insipientia:
3142 4455 3318 4512 repu-

1737 4524 1872 4570 tant.
1931 4514 1996 4570 Et
2025 4516 2151 4586 quia
2196 4525 2250 4572 tu
2294 4520 2530 4588 probas,
2569 4523 2830 4592 probatur
2868 4542 2976 4582 non
3005 4543 3127 4586 esse
3183 4531 3320 4588 insi—

1736 4606 1937 4678 pientia
1968 4645 1983 4672 ,
2031 4609 2157 4679 quia
2213 4609 2475 4680 quidquid
2524 4628 2554 4667 a
2608 4612 2719 4669 Deo
2759 4617 3022 4686 probatur
3069 4637 3176 4676 non
3237 4634 3326 4679 est

1738 4699 2040 4770 insipientia
2071 4717 2084 4753 :
2112 4695 2266 4766 Quod
2311 4701 2530 4786 stultum
2557 4713 2632 4758 est
2657 4703 2772 4772 Dei,
2798 4709 3088 4782 sapientius
3127 4722 3203 4766 est
3231 4713 3326 4767 lio-

1731 4791 1957 4847 minibus
1989 4791 2036 4864 (I
2067 4792 2189 4848 Cor.
2222 4795 2282 4865 l).
2314 4793 2420 4850 Pro
2471 4797 2779 4868 insipientia
2830 4802 3102 4859 habebant
3150 4805 3328 4861 Judazi

1737 4887 1904 4941 Deum
1939 4887 2029 4957 qui
2057 4895 2116 4943 Se
2141 4888 2321 4942 omnia‘
2342 4887 2504 4960 posse
2536 4890 2772 4960 dicebat,
2806 4899 2946 4967 pati,
2979 4898 3332 4967 colapbizari,

1734 4982 1984 5052 conspui,
2036 4984 2229 5039 occidi.
2268 4982 2441 5052 Quam
2479 4995 2662 5042 autem
2711 4990 3038 5063 insipienter
3078 4992 3191 5046 lucc
3218 5006 3340 5043 om-

1735 5072 1822 5127 nia
1853 5073 2055 5132 ﬁebant
2103 5093 2208 5133 non
2259 5076 2463 5136 latebat
2504 5081 2676 5137 Deum
2717 5062 2989 5156 Patrem,
3041 5084 3163 5154 quia
3207 5082 3346 5134 nihil

1735 5165 2059 5226 commeruit
2088 5185 2186 5241 pro
2229 5185 2336 5241 quo
2366 5173 2482 5240 pati
2527 5171 2722 5229 voluit.
2769 5175 2949 5242 Utlth
2993 5177 3176 5232 Petrus
3224 5167 3361 5238 apu-

1735 5258 1906 5316 stolus
1941 5280 1953 5316 ε
1988 5263 2092 5330 Qui
2117 5273 2384 5335 peccatum
2426 5285 2528 5322 non
2573 5267 2717 5336 feeit,
2757 5286 2864 5326 uec
2902 5276 3138 5336 iuventus
3167 5272 3237 5318 est
3259 5262 3360 5314 do-

1738 5348 1820 5404 lus
1851 5353 1903 5406 in
1935 5371 2022 5410 ore
2056 5357 2169 5428 ejus
2198 5354 2250 5428 (Ι
2279 5354 2425 5412 Petr.
2464 5360 2548 5430 ιι).
2585 5357 2652 5411 Et
2679 5361 2891 5424 delicta
2941 5375 3084 5423 mea,
3127 5369 3242 5424 qua:
3277 5367 3372 5407 se-

1740 5443 1976 5500 cundum
2014 5463 2202 5503 eorum
2247 5447 2565 5518 opinionem
2600 5449 2797 5505 delicta
2848 5455 3111 5518 fuernut,
3134 5463 3165 5500 a
3189 5455 3236 5499 te
3261 5459 3374 5498 non

1739 5544 1863 5588 sunt
1890 5537 2217 5606 abscondita,
2251 5554 2373 5594 cum
2409 5548 2597 5596 tamen
2630 5554 2791 5596 omne
2829 5546 3123 5608 delictum
3159 5551 3189 5590 a
3218 5544 3267 5588 te
3288 5544 3386 5587 est

1736 5627 2138 5702 absconditum,
2177 5650 2280 5689 non
2332 5637 2482 5703 quod
2538 5648 2646 5689 non
2693 5649 3062 5704 cognoscas,
3123 5629 3216 5686 sed
3249 5626 3389 5696 quia

1737 5736 1845 5777 non
1871 5728 2088 5794 probas.
2131 5725 2267 5782 Nota
2294 5725 2491 5782 delicta
2528 5739 2652 5796 quae
2689 5725 3090 5797 impellebant
3133 5718 3394 5784 Domino,

1737 5810 1866 5879 quia
1896 5854 1912 5880 ,
1952 5833 2075 5872 cum
2103 5816 2348 5872 viderent
2380 5829 2511 5872 eum
2547 5813 2784 5873 Sabbato
2819 5819 3144 5887 hominem
3172 5821 3400 5870 curare,

3163 5899 3258 5920 Π--
3309 5890 3403 5920 ιιιαέ
