3884 5766
550 445 657 504 895

1180 445 1439 504 REMlGll
1477 440 2131 517 ANTISSIODORENSIS
2169 440 2322 501 OPP.
2354 438 2562 497 PARS.
2598 435 2641 495 l.
2682 467 2753 481 -—
2790 434 3203 495 EXEGETICA.
3701 427 3779 485 £96

550 536 841 594 Sabbatum
864 552 969 592 non
996 538 1220 594 custodit
1240 538 1426 612 (Joan.
1465 539 1565 610 ιε).
1592 537 1716 594 flare
1742 547 1799 593 et
1834 537 1918 593 bis
1939 535 2136 593 similia
2166 541 2210 598 Α
2239 535 2460 591 omnino
2506 533 2750 604 perversi
2792 531 3025 588 fuerunt.
3073 531 3153 586 Ad
3202 544 3288 585 me
3331 539 3621 583 convenas
3653 524 3779 580 resti-

549 643 646 699 pro
680 628 889 683 delictis
912 630 1185 685 habebant
1203 628 1391 693 Judmi,
1430 647 1552 686 cum
1578 639 1757 684 tamen
1784 639 1968 684 essent
1996 624 2138 682 facta

551 736 710 785 nona,
739 721 882 791 quod
905 720 1035 775 dicit
1069 738 1081 774 :
1108 720 1315 776 Delicta
1354 739 1468 777 mea
1505 739 1537 775 a
1559 733 1607 776 te
1634 738 1739 776 non
1766 732 1886 775 sunt
1918 720 2139 775 abscon-

549 810 682 874 dita,
710 817 764 864 et
790 809 911 866 ideo
939 828 1041 865 non
1077 812 1380 866 erubescant
1428 813 1481 866 in
1508 830 1610 877 me,
1636 812 1893 868 subaudis
1921 828 2025 867 non
2058 827 2141 867 re-

549 902 828 965 suscitato,
857 902 946 973 qui
974 914 1044 967 te,
1071 902 1313 970 Domine,
1338 913 1795 959 remuneratorcm
1818 912 2137 974 exspectant,

547 1001 603 1047 te
633 991 775 1057 dico,
806 995 897 1061 qui
938 1007 997 1047 cs
1029 991 1286 1048 Dominus
1320 996 1595 1061 virtutum,
1631 994 1681 1050 id
1720 1002 1803 1050 est
1837 994 2140 1049 caalcstiutn

546 1083 918 1151 exercituum,
975 1084 1118 1156 quod
1172 1085 1399 1141 minime
1454 1087 1746 1157 opinantur
1792 1085 1961 1142 stulti.
2015 1083 2139 1140 Non

546 1173 943 1244 confundantur
967 1192 1124 1247 super
1150 1193 1232 1231 me
1263 1192 1368 1234 non
1411 1178 1735 1233 resuscitato
1770 1178 1859 1251 qui
1896 1187 2138 1250 quierunt

546 1274 616 1329 te,
645 1263 785 1319 Deus
812 1263 1006 1331 Israel,
1036 1265 1190 1321 bonis
1222 1267 1480 1338 operibus
1508 1284 1604 1339 per
1636 1282 1722 1323 me
1763 1269 2137 1336 mediatoretn,

543 1358 793 1428 quoniam
822 1369 1031 1431 propter
1054 1370 1102 1414 te
1129 1360 1352 1415 sustinui
1380 1361 1736 1432 opprobrium.
1767 1359 1918 1434 Rogo
1943 1370 2001 1416 ιιι
2032 1378 2138 1417 non

544 1448 947 1505 confundantur
978 1452 1103 1516 mei,
1132 1467 1218 1508 me
1256 1468 1358 1507 non
1398 1453 1739 1509 resuscitato.
1770 1453 1839 1509 Et
1876 1470 2001 1510 vere
2032 1471 2138 1510 non

544 1539 968 1608 confundentur,
995 1544 1243 1614 quoniam
1288 1561 1379 1616 ego
1420 1554 1630 1617 propter
1657 1556 1705 1601 te
1741 1553 1949 1601 tantum
1979 1546 2137 1601 susti-

545 1633 637 1686 nui
663 1634 1020 1704 opprobrium,
1048 1635 1100 1691 id
1127 1646 1211 1692 est
1240 1638 1483 1694 convicia
1515 1638 1647 1693 mihi
1679 1637 1845 1705 illata,
1881 1653 1946 1694 ex
1978 1640 2137 1709 culpa

544 1742 667 1781 utea
697 1743 799 1782 non
828 1729 1078 1796 sustinui,
1104 1731 1198 1785 sed
1230 1738 1286 1785 ut
1314 1731 1407 1786 tibi
1449 1740 1658 1787 tantunt
1692 1732 1988 1789 obedirem.
2022 1731 2137 1789 Hoc

545 1817 725 1873 nullus
751 1820 1026 1875 hominum
1055 1822 1121 1876 de
1148 1838 1206 1878 se
1228 1831 1404 1893 potest
1432 1824 1633 1892 dicere,
1656 1824 1779 1896 quia
1811 1824 1908 1880 etsi
1937 1825 2135 1897 aliquis

544 1910 617 1964 sit
645 1911 734 1981 qui
756 1909 1032 1981 judicatur
1060 1913 1126 1969 de
1158 1914 1324 1981 furto,
1354 1924 1409 1970 et
1440 1933 1545 1973 non
1574 1916 1645 1973 sit
1675 1932 1800 1973 reus
1830 1916 1983 1984 fttrti,
2007 1933 2135 1990 per-
2166 1900 2211 1961 Β
2240 1909 2498 1967 subaudis
2526 1909 2697 1964 direxi
2722 1949 2738 1974 ,
2775 1908 2959 1964 dicens
2986 1925 3001 1963 :
3043 1918 3243 1978 tempus
3268 1915 3353 1962 est
3394 1904 3694 1977 beneplh'citi
3710 1904 3780 1966 lui.

539 2001 771 2072 petravit
816 2012 995 2058 tamen
1045 2003 1186 2059 aliud
1235 2004 1440 2076 aliquid
1481 2006 1623 2061 unde
1654 2004 1883 2075 iudicari
1924 2023 2138 2079 prome—

539 2093 692 2149 ru-it:
726 2091 945 2163 Operuit
991 2096 1229 2166 confusio
1273 2097 1463 2168 faciem
1507 2114 1707 2166 meam,
1750 2098 1999 2155 confusio
2027 2109 2133 2167 est,

537 2200 703 2256 quam
755 2187 1087 2242 conscientia
1144 2190 1358 2244 mordet
1406 2190 1664 2258 interius;
1722 2205 1842 2263 qttte
1891 2191 2135 2249 confusio

538 2278 756 2347 operuit
788 2278 978 2334 faciem
1010 2278 1241 2345 Domini,
1273 2290 1533 2352 quantum
1576 2283 1645 2339 ad
1681 2282 1989 2339 Judmorum
2019 2277 2135 2357 opi-

539 2372 778 2438 nionem,
803 2374 929 2443 quia
958 2388 1078 2429 eum
1113 2375 1276 2431 totius
1299 2375 1477 2433 delicti
1507 2392 1656 2433 reum
1684 2377 1965 2449 putabant,
1991 2378 2135 2449 quod

539 2464 715 2520 dicit:
750 2462 965 2535 Operuit
1014 2465 1255 2536 confusio
1290 2466 1479 2536 facient
1527 2484 1715 2523 meam.
1764 2466 1917 2525 Unde
1960 2479 2135 2523 extra-

540 2571 668 2608 neus
699 2554 871 2625 factus
905 2571 1022 2609 sum
1072 2555 1333 2626 fratribus
1377 2559 1527 2625 meis,
1570 2567 1617 2614 et
1657 2560 1961 2631 peregrinus
2007 2559 2133 2630 ﬁliis

538 2648 725 2701 matris
775 2663 921 2702 mete.
969 2647 1191 2704 Fratres
1232 2659 1422 2716 vocat,
1470 2650 1560 2721 qui
1608 2650 1662 2706 in
1714 2651 1819 2708 fide
1865 2651 2135 2709 firmiores

539 2738 789 2805 fuerunt,
831 2749 889 2794 ttt
934 2742 1184 2812 apostoli,
1224 2743 1421 2814 quibus
1464 2753 1755 2800 extraneas
1801 2744 1979 2802 factus
2026 2756 2129 2813 est,

538 2833 663 2904 quia
695 2833 886 2889 relicto
911 2848 976 2889 eo
1006 2830 1279 2907 fugerunt.
1313 2834 1435 2891 Filii
1468 2837 1659 2893 matris
1689 2835 1906 2894 fuerunt
1935 2838 2029 2904 illi,
2064 2852 2130 2894 ex

532 2924 733 2996 quibus
770 2926 1062 2981 secundum
1094 2942 1311 2982 carnem
1346 2929 1508 2983 na'tus
1548 2928 1689 2983 fuit:
1719 2928 1915 3000 quibus
1957 2929 2132 2986 factus

536 3026 623 3074 est
652 3019 992 3089 peregrinus,
1021 3018 1145 3088 quia
1175 3020 1274 3074 etsi
1308 3019 1502 3090 aliquis
1529 3019 1629 3075 fttit
1654 3021 1743 3091 qui
1777 3021 1979 3091 recepit
2007 3036 2131 3075 eum

538 3125 646 3163 non
680 3109 886 3180 recepit
912 3124 1038 3165 eum
1065 3118 1125 3164 ttt
1160 3109 1406 3178 fratrem,
1438 3111 1531 3166 sed
1561 3111 1714 3182 quasi
1758 3112 2128 3184 peregrinum,

534 3196 728 3271 parum
762 3200 985 3256 ltouoris
1014 3200 1264 3257 videlicet
1293 3203 1394 3257 sibi
1434 3203 1777 3273 impendens;
1809 3204 1949 3274 quod
1979 3204 2128 3270 dicit,

533 3305 583 3350 et
609 3296 913 3367 peregrinus
937 3293 1063 3364 ﬁliis
1085 3295 1268 3350 matris
1294 3310 1457 3358 metr;
1481 3302 1535 3350 et
1559 3295 1661 3350 ltoc
1688 3273 1837 3360 ideo;
1867 3293 2130 3361 Quoniam
2159 3273 2202 3336 C
2236 3294 2346 3361 fiat,
2376 3273 2665 3356 liberrime.
2702 3292 2755 3348 id
2784 3301 2868 3349 est
2898 3308 3066 3360 meos,
3091 3293 3157 3347 ab
3185 3294 3265 3348 Itis
3291 3294 3384 3365 qui
3415 3294 3632 3348 oderant
3660 3304 3783 3346 meos

535 3386 679 3443 zelus
711 3389 897 3444 domus
928 3388 1033 3443 tua:
1062 3389 1284 3443 comedit
1340 3405 1437 3449 me.
1471 3388 1521 3443 id
1554 3400 1658 3451 est,
1695 3388 1992 3460 indignatio
2034 3388 2130 3443 do-

540 3496 662 3534 mus
688 3486 811 3545 tute,
837 3478 1087 3535 videlicet
1116 3478 1258 3550 quod
1308 3496 1411 3535 uon
1457 3478 1724 3549 patienter
1756 3478 1848 3533 tttli
1882 3478 2001 3533 illos
2041 3477 2133 3548 qui

536 3572 754 3625 dmnum
805 3581 953 3627 tuam
1001 3571 1454 3639 dehonestabant,
1498 3587 1557 3628 se
1591 3572 1840 3627 videlicet
1884 3569 2134 3627 faciendo

537 3664 756 3719 domum
804 3664 1032 3720 luxuriae
1069 3664 1342 3737 totiusque
1375 3665 1740 3736 turpitudinis,
1778 3680 1903 3721 eum
1945 3679 2005 3721 se
2042 3664 2134 3721 de-

535 3755 729 3813 berent
760 3756 941 3814 facere
972 3757 1193 3813 domum
1236 3766 1409 3825 tuam,
1444 3758 1662 3813 domutn
1692 3755 1943 3813 videlicet
1973 3756 2133 3812 casti-

537 3848 682 3911 tatis,
711 3848 1143 3904 mansuctudinis
1170 3857 1224 3904 et
1250 3848 1487 3920 pietatis.
1533 3848 1601 3904 Et
1641 3848 1711 3903 ob
1750 3849 1850 3905 ltoc
1889 3847 2055 3914 zelus,
2081 3847 2135 3903 id

536 3949 642 4004 est,
689 3940 1126 4012 indiguatio'ltzcc
1155 3940 1220 3996 de
1252 3950 1341 3995 tua
1372 3941 1531 3996 domo
1564 3940 1784 3995 comedit
1814 3956 1914 4006 me,
1953 3938 2004 3994 id
2028 3946 2130 4004 est,

538 4030 767 4087 interius
794 4032 1083 4088 momordit
1115 4046 1221 4097 me,
1252 4041 1300 4085 et
1330 4042 1550 4103 propter
1587 4032 1689 4087 hoc
1731 4031 2008 4103 opprobria
2042 4049 2139 4105 (λιε-¹

440 4147 444 4152 ι
534 4123 895 4193 probrantium
923 4121 1018 4176 tibi
1051 4138 1149 4192 per
1177 4138 1293 4187 tne;
1322 4124 1447 4192 quia
1473 4122 1564 4193 qui
1591 4122 1909 4178 Itonorilicat
1936 4121 2131 4177 Filium

538 4211 863 4267 ltouorilieat
888 4210 1135 4278 Patrem,
1166 4221 1220 4266 et
1248 4211 1338 4281 qui
1381 4211 1703 4283 ituproperia
1735 4212 1866 4268 dicit
1888 4212 2025 4268 Filio
2053 4211 2133 4267 di-

537 4305 612 4359 cit
652 4315 708 4359 et
750 4303 894 4360 Patri
935 4304 1120 4377 (Joan.
1168 4308 1223 4375 v)
1256 4324 1268 4359 :
1302 4305 1445 4376 qttod
1496 4304 1654 4371 dicit,
1680 4304 2132 4377 exprobrantium

539 4395 632 4450 tibi
666 4395 963 4451 ceciderunt
1004 4413 1164 4467 super
1190 4412 1290 4450 me.
1339 4393 1408 4448 Et
1458 4411 1557 4467 ego
1604 4404 1783 4452 tamen
1830 4395 1955 4452 licet
1999 4397 2130 4452 tttihi

536 4487 1016 4557 impropctassent,
1051 4487 1286 4544 sitiendo
1330 4486 1561 4543 Salutem
1600 4487 1815 4543 illorum
1860 4488 2042 4559 operui
2076 4488 2131 4544 in

526 4577 736 4648 jejunio
780 4578 1013 4633 animam
1053 4596 1245 4647 meam,
1279 4578 1330 4634 id
1372 4588 1477 4647 est,
1501 4579 1666 4634 multa
1703 4580 1873 4637 macie
1905 4579 2129 4637 affectus

535 4686 654 4725 sum
684 4670 805 4739 quia
846 4671 1077 4742 populus
1100 4671 1193 4727 ille
1222 4688 1381 4744 quem
1426 4672 1733 4729 esuriebam
1771 4687 1857 4729 me
1898 4674 1950 4729 in
1986 4690 2131 4729 mor-

537 4770 646 4814 tem
675 4758 972 4827 tledit,'vel,
1004 4763 1205 4834 Operuit
1248 4764 1301 4816 in
1338 4763 1547 4834 jejunio
1583 4764 1817 4820 animant
1859 4783 2047 4832 meam,
2078 4766 2131 4821 id

537 4864 641 4921 est,
661 4855 1058 4911 animositatem
1081 4871 1255 4912 meam
1282 4856 1334 4912 itt
1361 4858 1476 4929 ipso
1495 4856 1702 4929 jejunio
1724 4861 1980 4931 repressi,
2005 4863 2132 4932 quia

545 4948 613 5004 ad
644 4958 885 5021 apertam
922 4950 1214 5007 vindictam
1258 4968 1365 5008 non
1414 4953 1624 5008 surrexi
1658 4971 1671 5009 :
1700 4962 1755 5011 ct
1789 4955 1892 5011 ltoc
1928 4955 2128 5025 factum

539 5052 617 5098 est
647 5044 776 5097 mihi
804 5044 859 5098 in
886 5045 1243 5116 opprobrium,
1273 5045 1397 5115 quia
1442 5046 1574 5101 mi'lti
1615 5046 1869 5103 dixerunt
1897 5066 1910 5102 :
1940 5040 2134 5103 Nonne

541 5139 664 5193 bene
705 5139 930 5191 dicimus
972 5138 1097 5205 quia
1139 5137 1514 5193 Samaritanus
1545 5157 1597 5194 es
1636 5151 1693 5194 tu
1732 5151 1779 5195 et
1812 5140 2130 5195 dtrmonium

540 5227 737 5281 habes?
774 5227 957 5298 (Joan.
1006 5226 1148 5297 vrtt.)
1192 5227 1304 5296 Ego
1338 5212 1531 5282 autem
1575 5231 1728 5299 posui
1772 5232 2130 5286 vestimentum

540 5332 713 5371 meum
763 5319 1022 5383 cilicium,
1068 5320 1121 5374 id
1172 5330 1255 5374 est
1308 5334 1396 5374 me
1445 5321 1498 5375 in
1553 5322 1904 5379 similitudine
1949 5325 2130 5382 miseri

543 5410 777 5474 Ostendi,
813 5411 935 5480 quia
998 5426 1201 5465 :arnent
1255 5427 1449 5476 meam,
1494 5426 1613 5479 qum
1654 5429 1752 5483 pro
1784 5425 2004 5484 peccato
2034 5417 2132 5471 ho-

543 5498 751 5554 minum
800 5500 1047 5555 mortalis
1100 5500 1241 5554 facta
1287 5511 1401 5566 est,
1441 5488 1682 5571 inquam
1714 5505 1986 5569 saevirent,
2028 5506 2130 5561 illis

544 5589 767 5657 opposui
798 5591 1070 5646 occultata
1111 5591 1394 5646 divinitate
1441 5608 1576 5647 mea.
1613 5593 1731 5659 Vel,
1768 5595 1834 5650 ad
1880 5596 2131 5651 similitu-

546 5678 727 5733 dinem
760 5681 990 5752 legatur,
1021 5693 1079 5738 ιιι
1109 5684 1269 5739 sicuti
1310 5684 1543 5739 cilicium
1594 5694 1647 5740 ct
1694 5686 2126 5742 perturbaturum

2240 635 2479 682 mentum
2518 625 2694 697 posui,
2741 624 3003 680 latronem
3047 622 3296 678 videlicet
3331 629 3389 675 et
3429 618 3777 675 centurionem.

2239 715 2307 771 Et
2344 717 2517 788 factus
2544 731 2661 771 sum
2683 716 2789 769 illis
2810 715 2863 769 in
2902 712 3231 785 parabolam,
3265 715 3322 766 id
3347 720 3455 776 est,
3489 710 3543 764 in
3574 709 3779 763 similitu-

2238 810 2417 867 dinem
2472 808 2811 882 in-properii,
2866 822 3028 878 quam
3079 822 3203 862 cum
3256 804 3513 860 volebant
3559 801 3671 856 aliis
3707 801 3783 855 itu-

2238 916 2565 974 properare,
2622 917 2707 956 me
2758 901 2812 955 in
2866 899 3265 954 similitudieem
3328 896 3684 958 induxerunt,
3720 893 3780 947 dt-

2238 1004 2425 1051 centes
2464 1013 2476 1048 :
2524 992 2616 1049 Sic
2662 992 2916 1048 moriaris
2970 1000 3062 1057 tu,
3120 990 3262 1046 sicut
3315 989 3404 1043 ille
3431 995 3671 1042 mortuus
3705 996 3780 1041 est.

2238 1083 2530 1139 Adversum
2585 1099 2668 1136 me
2714 1080 3064 1151 loquebantur
3107 1081 3199 1152 qui
3249 1077 3501 1133 sedebant
3544 1077 3601 1129 in
3648 1086 3780 1145 porta,

2236 1185 2288 1234 et
2332 1178 2388 1232 in
2433 1193 2514 1231 me
2553 1174 2842 1247 psallebant
2871 1174 2959 1245 qui
2992 1172 3229 1228 bibebant
3254 1172 3457 1234 uinum,
3486 1169 3541 1224 id
3579 1177 3677 1233 est,
3707 1182 3783 1221 non

2239 1276 2447 1323 tantum
2470 1278 2747 1322 extraneas
2764 1265 2936 1335 factus
2956 1281 3071 1319 sum
3098 1250 3349 1335 fratribus
3366 1262 3516 1324 meis,
3552 1262 3641 1317 sed
3660 1262 3782 1315 etiam

2237 1357 2343 1415 illis
2369 1360 2457 1431 qui
2478 1358 2722 1413 sedebant
2757 1360 2810 1412 in
2835 1367 3007 1428 porta,
3031 1356 3243 1427 judiees
3276 1353 3557 1418 videlicet,
3600 1366 3783 1422 quorum

2237 1452 2394 1508 sedes
2424 1451 2523 1505 fttit
2554 1452 2605 1505 in
2631 1459 2784 1521 porta
2814 1458 2873 1505 ttt
2904 1450 3048 1522 justc
3067 1449 3393 1521 iudicarent,
3419 1446 3688 1501 adversum
3710 1460 3783 1508 ιιι,

2238 1542 2493 1601 subaudis
2519 1541 2948 1614 opprimendum,
2978 1540 3341 1612 loquebantur.
3370 1537 3437 1592 Et
3453 1538 3511 1592 in
3534 1553 3619 1590 me
3638 1536 3783 1605 pulle-

2237 1636 2361 1691 bant
2382 1633 2477 1706 qui
2507 1634 2745 1689 bibebant
2770 1633 2965 1698 uinum,
2994 1631 3046 1689 id
3072 1640 3176 1699 est,
3209 1632 3299 1703 qui
3334 1626 3786 1700 temporalijncnn-

2236 1727 2403 1783 ditate
2440 1727 2575 1782 ebrii
2605 1725 2842 1793 fuerunt,
2875 1725 2956 1780 vel
2992 1724 3082 1795 qui
3111 1725 3237 1780 vino
3267 1725 3471 1780 erroris
3504 1722 3673 1794 potati
3702 1721 3783 1775 lue-

2237 1828 2385 1875 runt.
2459 1816 2575 1891 Ego
2618 1835 2734 1873 vero
2788 1818 3075 1873 orationem
3122 1833 3293 1871 meam
3342 1817 3411 1871 ad
3457 1825 3526 1883 te,
3587 1814 3783 1879 Domine,

3850 650 3859 922 i

3844 1014 3859 1189 Ι

3842 1377 3859 1470 l

3848 1832 3859 1929 Ι

3844 2288 3859 2380 1

3848 2666 3860 3039 1

3844 3039 3858 3326 i

3844 3326 3856 3494 Ι

3848 3585 3856 3680 1

3850 3680 3856 3771 ι

3850 3771 3853 3864 ι

3844 3864 3854 4029 1

3846 4145 3854 4234 Ι

3848 4234 3851 4327 1

3844 4327 3852 4416 l

3846 4416 3852 4504 1

3844 4610 3852 4702 l

3842 4890 3850 4971 l

3842 5065 3847 5164 ι

3842 5164 3847 5252 ι

3842 5252 3848 5337 4

3842 5337 3848 5423 l

3810 5423 3848 5744 ι

2237 2001 2496 2058 subaudis
2525 2000 2802 2072 implendi,
2845 1999 3094 2073 gratuitae
3130 1999 3318 2070 gratia}
3357 1997 3597 2053 humano
3642 1994 3783 2068 generi

2237 2096 2517 2153 faciendae.
2556 2097 2622 2151 Et
2655 2095 2775 2151 ideo
2795 2095 2987 2150 exaudi
3016 2111 3095 2150 me
3122 2104 3392 2157 orantem,
3418 2093 3691 2153 subaudis,
3716 2106 3782 2161 pm

2236 2188 2394 2254 meis,
2447 2189 2501 2243 in
2541 2187 2876 2243 multitudine
2923 2187 3298 2241 misericordia:
3328 2196 3455 2240 tute.
3507 2185 3690 2254 Magna
3724 2193 3785 2238 est

2232 2280 2376 2336 enim
2400 2295 2588 2335 eorum
2610 2278 2851 2346 miseria,
2874 2277 3159 2333 subveniat
3189 2278 3479 2332 multitudo
3517 2277 3786 2332 misericor-

2235 2372 2336 2429 dia:
2362 2381 2465 2428 tua:
2490 2390 2502 2425 :
2544 2373 2738 2429 exaudi
2772 2391 2854 2429 me
2890 2384 2937 2429 et
2958 2377 3015 2430 in
3037 2376 3252 2431 veritate
3281 2374 3473 2430 salutis
3503 2386 3629 2437 ture,
3657 2389 3779 2428 rem

2235 2464 2486 2521 videlicet
2531 2466 2843 2537 apparentia
2873 2465 2926 2521 iu
2959 2467 3137 2523 dando
3169 2467 3299 2522 mitti
3320 2540 3321 2543 η
3345 2467 3600 2532 salutem,
3629 2466 3676 2520 id
3704 2475 3782 2526 est.

2234 2558 2418 2612 carnis
2466 2556 3053 2628 incorruptibilitatettt.’
3105 2555 3266 2629 Eripe
3292 2574 3374 2612 me
3402 2556 3466 2612 de
3494 2557 3604 2611 luto
3632 2565 3681 2609 ut
3706 2570 3780 2607 aea

2234 2649 2447 2721 inﬁgar.
2479 2649 2751 2706 Hactenus
2776 2668 2875 2723 pro
2900 2664 2959 2707 se
2989 2654 3106 2723 ipso
3146 2660 3308 2722 caput
3336 2662 3588 2706 nostrum
3620 2650 3782 2707 orarit.

2234 2742 2492 2814 deinceps
2544 2758 2642 2814 pro
2680 2744 2938 2800 membris
2988 2745 3102 2800 suis
3130 2743 3209 2799 sic
3245 2751 3367 2799 orat
3396 2760 3409 2797 :
3444 2740 3605 2813 Eripe
3630 2758 3719 2804 me,
3745 2740 3782 2792 id

2235 2845 2342 2902 est,
2372 2851 2521 2891 meos
2551 2836 2615 2891 de
2639 2834 2769 2900 luto,
2801 2837 2854 2892 id
2884 2844 2986 2904 est,
3017 2837 3083 2892 de
3110 2835 3196 2891 bis
3217 2835 3308 2906 qui
3340 2835 3393 2889 itt
3425 2834 3540 2889 luto
3568 2848 3781 2904 permane

2234 2936 2443 2992 serunt,
2486 2937 2539 2982 ut
2566 2946 2669 2983 non
2717 2928 2933 3000 inﬁgar,
2975 2929 3156 2995 idest,
3190 2938 3379 2984 utnon
3409 2922 3781 2997 iuliganturilli.

2234 3020 2513 3086 subaudis,
2569 3020 2920 3091 incorporati.
2977 3018 3143 3088 Quasi
3194 3018 3343 3075 dicat
3387 3018 3553 3073 :Non
3602 3030 3718 3087 rogo
3740 3022 3783 3065 ut

2235 3113 2311 3167 sic
2340 3112 2558 3183 eripias,
2592 3120 2650 3167 ut
2693 3112 2761 3167 ab
2788 3112 2869 3167 eis
2917 3112 3346 3184 persecutionem
3389 3125 3497 3166 non
3526 3109 3780 3181 patiantur,

2235 3204 2329 3257 sed
2361 3203 2441 3258 sic
2465 3203 2636 3284 eripe,
2664 3212 2722 3257 ut
2765 3201 2846 3258 eis
2883 3219 2989 3259 nou
3035 3204 3458 3273 iueorporeutur
3490 3211 3579 3258 :et
3598 3213 3655 3255 ut
3678 3199 3782 3253 illud

2232 3393 2287 3440 el.
2331 3398 2416 3439 me
2467 3386 2666 3455 ipsum.
2702 3383 2767 3440 Et
2816 3385 2881 3441 de
2924 3385 3200 3457 profundis
3227 3402 3511 3456 aquarum,
3546 3386 3709 3446 idest,
3733 3382 3784 3435 de

2235 3476 2601 3548 profunditate
2627 3487 2997 3549 peccatorum,
3032 3479 3132 3533 ltoc
3156 3476 3315 3533 modo
3343 3494 3357 3531 :
3389 3494 3492 3532 non
3513 3493 3588 3531 nte
3606 3476 3783 3530 deuter-

2232 3580 2319 3641 gat
2363 3579 2638 3641 tempestas
2687 3588 2859 3629 acute.
2899 3572 3214 3642 Tempestas
3266 3586 3422 3642 aqum
3446 3570 3695 3640 accipitur
3720 3566 3781 3619 vel

2235 3675 2333 3730 pro
2370 3659 2529 3715 minis
2547 3670 2733 3731 aperte
2761 3662 3120 3729 Stcvieutittm,
3149 3660 3233 3717 vel
3264 3678 3365 3734 pro
3397 3660 3662 3716 blanditiis
3678 3660 3782 3711 alla.

2235 3752 2481 3815 lantiunt,
2513 3756 2578 3809 de
2622 3770 2729 3825 qua
2774 3764 3095 3826 tempestate
3153 3764 3309 3827 rogat
3349 3763 3511 3824 caput
3544 3761 3779 3810 nostrum.

2236 3860 2364 3900 suos
2412 3844 2656 3911 liberari,
2698 3847 2777 3901 sic
2810 3863 2911 3901 non
2941 3863 3020 3900 tne
3040 3846 3305 3917 demerget
3346 3856 3611 3916 tempestas
3635 3858 3778 3908 aqu,

2236 3948 2294 3992 ιιι
2323 3939 2661 3994 consentiam
2693 3940 2775 3994 vel
2832 3940 3112 3995 blanditiis
3156 3940 3515 3999 adulantium.
3540 3939 3616 3994 vel
3648 3938 3783 3992 mittis

2234 4041 2420 4103 aperte
2475 4030 2768 4107 furentium
2805 4050 2818 4087 :
2850 4033 2929 4088 vel
2962 4033 3006 4089 si
3048 4034 3264 4105 quando
3294 4033 3640 4093 consentiam,
3694 4045 3779 4083 eos

2233 4123 2504 4177 absorbent
2546 4141 2623 4179 me
2667 4124 3012 4195 profundunt,
3039 4125 3088 4179 id
3126 4135 3231 4193 est,
3271 4142 3378 4181 non
3409 4125 3700 4197 petweuiam
3727 4122 3782 4173 ad

2233 4225 2413 4271 actum
2441 4230 2563 4271 cum
2595 4216 2678 4271 ltis
2704 4215 2794 4287 qtti
2828 4217 2880 4271 itt
2918 4216 3288 4288 profunditate
3317 4228 3647 4290 peccatorum
3672 4231 3778 4270 coa-

2233 4316 2541 4371 versantur,
2564 4305 2648 4362 vel
2671 4307 2715 4362 si
2742 4307 2812 4361 ad
2838 4317 3016 4362 actum
3044 4324 3367 4379 pervenero,
3386 4324 3487 4363 non
3516 4316 3681 4377 urgeat
3702 4322 3777 4359 suo

2231 4416 2323 4470 per
2351 4417 2431 4455 me
2456 4410 2640 4469 tutetis
2686 4418 2743 4455 os
2773 4418 2949 4468 suum,
2983 4402 3164 4469 idest,
3206 4419 3311 4458 nott
3348 4404 3613 4458 claudatur
3638 4411 3777 4469 super

2234 4512 2319 4552 me
2340 4496 2675 4568 profunditas
2712 4497 3037 4569 iniquitatis.
3065 4496 3349 4556 Clauditur
3377 4490 3429 4555 in
3451 4496 3776 4570 profundunt:

2236 4588 2536 4661 iniquitatis
2563 4590 2654 4661 qui
2682 4601 2804 4661 post
2826 4594 3284 4664 perpetrationeu‘l
3312 4603 3418 4650 non
3448 4594 3566 4649 facit
3588 4587 3776 4645 confes-

2234 4684 2462 4750 sionem,
2496 4686 2589 4739 sed
2642 4694 2797 4756 parat
2826 4687 3034 4758 peccati
3082 4687 3473 4744 defensionem.
3506 4684 3704 4741 uitales
3730 4682 3773 4733 in

2236 4773 2417 4829 futuro
2448 4792 2554 4829 non
2586 4774 2903 4841 liberantur,
2939 4778 3192 4849 qu‘ouiam
3218 4770 3323 4850 qui
3386 4778 3473 4833 hic
3512 4784 3704 4832 nonest
3728 4771 3773 4824 ia

2235 4865 2577 4923 confessione
2607 4883 2713 4922 non
2752 4869 2855 4924 erit
2885 4869 2955 4924 ibi
2995 4870 3044 4924 in
3073 4869 3414 4926 liberatione.
3440 4871 3563 4925 Nam
3594 4867 3676 4935 qui
3698 4862 3771 4919 hic

2234 4967 2319 5014 est
2348 4956 2601 5013 defensor
2637 4959 2847 5029 peccati
2897 4958 3013 5029 eius
3043 4976 3148 5016 non
3179 4962 3284 5017 erit
3334 4961 3580 5017 Dominus
3603 4957 3773 5011 liben-

2237 5057 2339 5105 ter.
2369 5047 2441 5104 Ut
2470 5058 2650 5104 autem
2682 5050 2794 5121 ipse
2838 5051 2907 5106 sit
2952 5051 3226 5117 liberator,
3263 5053 3334 5109 sit
3362 5049 3670 5125 quisqueltic
3695 5060 3769 5099 se-

2234 5149 2471 5196 cusator.
2503 5141 2577 5197 De
2604 5142 2782 5213 capite
2822 5143 2901 5197 sic
2930 5153 3105 5213 potest
3127 5145 3227 5200 diei
3260 5160 3275 5199 :
3311 5143 3435 5201 Non
3462 5150 3770 5215 urgeatur“

2233 5245 2315 5284 me
2339 5239 2524 5301 puteus
2569 5248 2627 5285 os
2655 5249 2829 5297 suum,
2858 5232 2911 5288 id
2938 5244 3040 5300 est,
3067 5249 3169 5290 non
3209 5234 3493 5291 claudatur
3530 5245 3672 5302 super
3694 5241 3771 5281 me

2226 5317 2382 5388 juxta
2406 5319 2533 5374 illttd
2560 5339 2573 5374 :
2606 5337 2709 5375 non
2731 5322 2880 5375 dabis
2900 5334 3138 5377 sanctum
3160 5334 3307 5378 tuum
3331 5327 3498 5379 videre
3516 5319 3771 5377 corruptio-

2235 5428 2349 5465 nem
2379 5409 2495 5483 (Ps.
2526 5409 2654 5483 xv);
2692 5413 2835 5482 quia,
2880 5412 2926 5467 si
2956 5429 3289 5469 remanerem
3325 5418 3380 5469 in
3422 5423 3592 5471 morte.
3629 5424 3769 5465 corn-

2235 5502 2496 5571 parabilis
2546 5517 2726 5557 essem
2758 5503 2953 5574 cuique
2998 5520 3160 5576 super
3196 5522 3356 5576 quem
3398 5506 3651 5573 clausisset
3684 5513 3767 5566 pl—

2236 5602 2354 5650 tcus
2380 5611 2442 5650 os
2486 5610 2667 5661 suum,
2712 5595 2785 5650 ita
2814 5596 3063 5653 videlicet
3106 5608 3165 5653 ut
3203 5607 3379 5653 taceat
3412 5591 3767 5654 iconfessiullﬂl

2233 5696 2289 5743 ct
2308 5688 2505 5743 clamet
2526 5687 2906 5744 defensionem.
2940 5688 3151 5745 Exaudi
3170 5676 3271 5746 me.
3297 5690 3533 5747 Domine.
