3884 5562
550 428 657 484 499

1178 425 1435 483 REMIGII
1474 417 2129 481 M‘TISSIODORENSIS
2164 418 2315 479 OPP.
2356 422 2555 481 PARS.
2596 424 2637 480 Ι.
2676 453 2745 466 -—
2781 424 3190 483 EXI‘IGE’HCA.
3707 424 3786 483 ΝΘ

551 560 722 602 mata
749 556 916 601 meam
943 543 1106 614 [el,id
1129 552 1229 608 est,
1256 557 1418 614 super
1444 556 1620 597 escam
1642 555 1947 610 quamcum
1972 536 2136 597 disci-
2245 554 2385 603 rum,
2412 539 2561 611 quia,
2611 553 2698 594 me
2720 541 2922 606 occiso,
2958 542 3254 597 saeviebant
3284 538 3338 596 in
3375 540 3643 613 apostolis
3676 551 3725 601 et
3750 544 3789 597 ia

554 638 696 717 palis
741 639 876 715 uicis
912 638 1275 703 comederunt,
1312 644 1605 708 posuerunt
1633 632 1721 698 ιρι,
1753 642 1799 703 et
1826 633 1879 699 in
1910 632 1999 706 siti
2026 646 2141 693 mea

551 740 863 808 potaverunt
886 748 967 786 me
987 741 1153 785 aceto.
1188 724 1388 798 Quare,
1412 726 1535 782 Fiat
1559 744 1738 787 mensa
1760 741 1938 794 eorum
1963 740 2139 789 coram

556 822 682 896 ipsis
709 825 764 878 in
786 824 1053 896 laqueum,
1079 825 1129 879 id
1157 832 1263 890 est,
1293 831 1603 893 apparatus,
1632 835 1792 892 quem
1820 818 1950 878 mihi
1984 831 2145 897 para-

554 914 714 999 bant,
739 914 836 987 ﬁat
878 916 953 972 eis
992 916 1044 971 in
1090 915 1445 988 perditionem
1474 922 1529 969 ει
1565 914 1620 968 in
1660 912 2055 976 retributiones,
2087 909 2141 966 id

553 1017 667 1090 est,
695 1017 1086 1084 recognoscant
1112 1008 1215 1064 hoc
1234 1007 1315 1063 eis
1346 1020 1468 1062 csse
1498 1005 1553 1066 in
1586 1003 1996 1061 retributionem
2031 1015 2142 1061 nte—

556 1099 782 1169 ritorum
826 1114 1069 1165 suorum,
1094 1098 1219 1172 quia
1250 1098 1378 1154 illud
1407 1102 1823 1169 promeruerunt
1850 1092 1993 1166 quod
2025 1091 2143 1148 illa-

553 1198 885 1259 quearcntur
924 1189 1013 1244 ubi
1053 1206 1140 1247 me
1185 1188 1478 1261 illaqueare
1502 1187 1781 1259 putabant.
1809 1183 1877 1239 Et
1908 1185 1963 1238 in
1989 1199 2145 1240 scan:

552 1279 731 1335 dalum
754 1281 850 1351 ﬁat
875 1280 954 1335 eis
981 1297 1159 1338 mensa
1186 1296 1390 1338 eorum.
1414 1279 1539 1350 quia
1574 1278 1626 1333 iu
1672 1290 1761 1332 me
1794 1274 2021 1346 lapidem
2061 1271 2142 1343 of-

551 1370 590 1440 ,ἢ
607 1356 830 1447 usionis,
866 1381 914 1446 et
944 1381 1146 1442 petram
1175 1369 1415 1426 scandali
1442 1368 1631 1426 offensi
1662 1375 1807 1425 sunt.
1833 1365 1926 1422 Vel
1952 1363 2137 1420 aliter:

553 1456 679 1513 Fiat
718 1476 898 1525 mensa
941 1476 1145 1528 eorum,
1179 1460 1233 1517 id
1271 1468 1375 1527 est,
1403 1459 1684 1530 Scriptura
1728 1472 1795 1513 ex
1838 1471 1944 1527 qua
1993 1453 2143 1510 refici

550 1549 841 1623 putabant,
853 1550 949 1622 [iat
976 1552 1030 1606 in
1061 1550 1329 1623 laqueum,
1360 1560 1416 1607 et
1443 1550 1548 1606 hoc
1575 1564 1752 1604 coram
1780 1546 1926 1621 ipsis,
1958 1544 2010 1601 id
2037 1554 2140 1609 est,

554 1641 635 1698 eis
660 1642 980 1712 scientibus,
1003 1643 1128 1715 quia
1152 1643 1281 1716 dum
1300 1642 1635 1713 Scripturam
1661 1638 1922 1695 baberent
1946 1650 2012 1693 ex
2035 1650 2142 1709 qua

559 1732 685 1800 quid
737 1731 1040 1791 faciendum
1092 1741 1237 1789 esset
1284 1744 1612 1805 cognoscere
1660 1735 1947 1801 poterant,
1989 1726 2142 1799 quasi

556 1825 782 1894 laqueus
809 1826 890 1882 eis
918 1827 1236 1897 parabatur,
1276 1825 1406 1881 dum
1452 1823 1792 1894 Scripturam
1840 1819 2146 1891 intelligere

2242 633 2454 690 caeteris
2481 633 2740 690 membris
2782 634 2916 692 meis
2954 634 3288 691 occidendis.
3334 635 3403 690 Et
3442 635 3595 699 ideo,
3620 635 3791 704 Αρροιι

2241 726 2566 799 iniquitatem
2610 743 2768 797 super
2811 726 3138 799 iniquitatem
3180 743 3380 789 eorum,
3413 734 3476 781 ut
3519 741 3591 781 es
3634 725 3794 796 iniquis
3860 758 3863 819 1

2241 820 2680 893 patribus‘iuiqui
2714 821 2807 876 lilii
2837 829 3188 893 generentur,
3217 819 3362 876 velut
3389 820 3460 876 de
3486 830 3708 892 perusto
3727 835 3795 876 ea.
3860 826 3863 893 ι

2241 915 2371 970 dant
2398 915 2448 969 iu
2477 922 2778 985 peccatum.
2813 911 2929 979 νει,
2960 930 3162 985 appone
3193 914 3525 985 iniquitatem
3555 930 3705 983 super
3726 915 3796 967 ini-

2239 1009 2489 1079 quitatem
2516 1024 2718 1073 eorum,
2747 1016 2827 1073 ut,
2859 1022 2947 1064 me
2978 1006 3283 1070 interfecto,
3313 1007 3449 1063 dent
3473 1006 3708 1077 pretium
3729 1024 3799 1062 clt-

2242 1100 2508 1164 stodibus,
2531 1100 2623 1172 qui
2653 1115 2743 1159 me
2768 1116 2873 1157 non
2905 1100 3272 1156 resurrexisse
3293 1099 3497 1156 dicant.
3534 1098 3606 1153 Et
3629 1116 3720 1153 non
3742 1099 3797 1151 in-

2241 1201 2379 1247 trent
2416 1193 2472 1251 in
2498 1192 2770 1263 justitiam
2793 1203 2963 1259 tuam,
2994 1193 3045 1248 id
3066 1204 3171 1257 est,
3196 1208 3305 1248 non
3343 1201 3674 1264 repnte-utar
3706 1207 3798 1244 mut

2236 1283 2401 1355 justis
2425 1284 2552 1349 tuis,
2586 1284 2681 1340 sed
2712 1283 2914 1355 potius,
2945 1282 3220 1339 deleantur
3254 1284 3321 1339 de
3351 1282 3489 1337 libro
3530 1281 3798 1343 viventium,

2243 1374 2328 1430 vel
2375 1375 2442 1430 de
2486 1373 2668 1435 divina
2707 1373 3189 1444 praedestinatione
3227 1373 3281 1428 ln
3316 1388 3426 1442 qua
3470 1372 3662 1443 iniqua
3699 1386 3801 1441 pra-

2242 1467 2550 1537 sumptione
2595 1481 2656 1522 se
2696 1466 2928 1537 scriptos
2973 1466 3242 1523 dicebant.
3289 1465 3364 1520 Et
3393 1482 3515 1521 cum
3536 1465 3701 1537 fustis
3727 1481 3803 1519 nos

2245 1559 2568 1626 scribantur,
2584 1567 2846 1630 quantum
2878 1559 2944 1615 ad
2962 1567 3114 1615 tuam
3137 1559 3472 1629 mquitatem,
3488 1567 3549 1614 ει
3569 1559 3677 1613 Isne
3692 1558 3801 1619 ideo.

2245 1650 2373 1721 quia
2407 1665 2501 1720 ego
2538 1666 2657 1704 sum
2697 1666 2898 1720 pauper
2923 1658 2972 1704 et
3002 1648 3183 1705 dolens
3220 1649 3569 1719 reputatione
3600 1649 3803 1712 illorum,

2247 1742 2341 1801 sed
2364 1757 2487 1814 qua:
2515 1743 2684 1807 cura?
2715 1741 2850 1810 Quia
2878 1742 3023 1799 salus
3057 1752 3173 1807 tua,
3199 1741 3250 1798 id
3275 1750 3378 1809 est,
3416 1740 3665 1798 Verbum
3691 1752 3802 1796 tam
3862 1740 3863 1767 ἶ

2249 1830 2385 1888 mihi
2421 1831 2780 1904 personaliter
2807 1831 3051 1901 unitum,
3083 1831 3307 1905 suscepit
3336 1848 3419 1888 me
3448 1833 3504 1888 in
3536 1833 3709 1905 gloria
3739 1848 3804 1887 re-

554 1919 875 1985 uolueruut;
906 1917 991 1975 vel
1018 1918 1063 1973 si
1091 1917 1494 1981 intellexerunt,
1524 1915 1798 1989 ﬁngebant
1825 1927 1885 1969 se
1915 1928 2020 1967 non
2057 1912 2140 1966 in-
2246 1920 2600 1985 “medianis
2627 1930 2683 1981 et
2719 1921 3128 1990 immortalitate
3162 1922 3345 1983 carnis
3371 1922 3453 1979 vel
3483 1922 3587 1988 sic,
3618 1922 3806 1978 Ματι-

556 2007 816 2078 telligere,
842 2018 898 2063 et
923 2009 1026 2065 hoc
1053 2009 1145 2064 llet
1170 2008 1250 2064 eis
1273 2008 1329 2062 in
1363 2005 1732 2062 retributiones
1752 2014 1800 2059 et
1823 1992 1878 2058 in
1911 2002 2142 2058 scanda-

555 2101 684 2155 lum.
715 2101 780 2156 Et
809 2103 913 2157 hoc
938 2101 1245 2173 quomodo?
1274 2101 1634 2157 Obscut'entur
1664 2099 1803 2156 oculi
1830 2115 2034 2163 eorum,
2063 2089 2148 2153 in-

556 2193 787 2248 teriures
813 2192 1092 2257 subaudis,
1121 2209 1184 2247 ne
1212 2192 1419 2247 uideant
1445 2190 1590 2262 quod
1616 2189 1903 2246 videndum
1942 2199 2046 2245 est.
2075 2187 2143 2242 Et

553 2295 770 2335 aorsum
794 2298 974 2336 eorum
1003 2298 1205 2353 semper
1229 2283 1466 2346 incurva,
1494 2281 1563 2337 ad
1594 2289 1835 2347 terrena,
1861 2279 2139 2345 subaudis,

559 2388 727 2427 altera
780 2374 1066 2443 portanda.
1112 2373 1250 2430 Nam
1290 2373 1496 2443 justum
1539 2383 1625 2433 est
1663 2382 1723 2437 ut
1761 2374 1852 2447 qui
1892 2372 2149 2428 nolebant

558 2466 842 2522 attendere
873 2481 1088 2522 sursum
1117 2466 1279 2523 corda
1320 2481 1408 2523 me
1447 2466 1670 2535 tuendo,
1699 2476 2055 2525 cunamntur
2081 2465 2149 2521 ad

565 2562 802 2614 terrena.
842 2556 1072 2645 Efunde
1108 2575 1267 2630 super
1296 2576 1384 2615 eos
1414 2559 1549 2613 iram
1579 2540 1750 2642 tuam,“
1788 2569 1836 2625 et
1866 2559 2019 2631 furor
2054 2561 2149 2613 irte

562 2658 670 2704 tua:
707 2651 1109 2722 comprehendat
1135 2668 1223 2706 eos
1264 2650 1365 2707 hoc
1395 2650 1555 2707 modo
1583 2668 1597 2706 :
1627 2648 1755 2713 Fiat
1782 2650 2036 2705 habitatio
2061 2664 2149 2703 eo-

559 2758 676 2796 rum
717 2742 951 2819 deserta,
977 2741 1165 2810 idest,
1186 2742 1378 2798 civitas
1399 2740 1490 2798 illa
1526 2740 1581 2807 in
1610 2756 1716 2813 qua
1750 2740 1849 2812 ipsi
1881 2738 2147 2803 habitant,

561 2835 634 2891 ab
674 2835 806 2911 ipsis
845 2834 939 2901 ﬁat
966 2835 1199 2893 deserta.
1233 2835 1301 2891 Et
1325 2836 1584 2908 quoniam
1608 2835 1746 2892 dixit
1773 2833 2056 2900 habitatio,
2082 2845 2151 2887 ue

564 2926 687 2999 quis
717 2926 1041 3000 intelligeret
1075 2927 1167 2984 hic
1192 2941 1315 2984 esse
1351 2924 1799 2999 permanendum,
1828 2923 2106 2996 subiungit
2133 2940 2146 2977 :

560 3027 609 3073 et
640 3034 694 3073 tn
725 3016 1078 3073 tabernaculis
1105 3035 1286 3074 eorum
1316 3035 1422 3074 non
1449 3019 1517 3073 sit
1542 3018 1631 3091 qui
1657 3017 1906 3075 inhabitet
1938 3032 1957 3071 :
1987 3025 2045 3071 ut
2071 3013 2154 3070 sic

556 3110 872 3167 ostenderet
902 3110 1047 3165 unde
1072 3118 1219 3167 esset
1242 3110 1607 3182 migrandum,
1641 3110 1768 3182 quia
1800 3109 2149 3170 tabernacula

565 3212 689 3258 sunt
712 3204 921 3275 tuguria
946 3204 999 3258 in
1020 3203 1362 3274 expeditione
1387 3203 1755 3270 militantium,
1773 3214 1828 3260 et
1857 3221 1961 3261 non
1986 3210 2039 3262 in
2063 3222 2152 3264 eo-

2248 2023 2338 2077 tur
2353 2013 2424 2069 de
2449 2011 2583 2071 libro
2610 2012 2913 2080 viventium,
2946 2023 2995 2069 et
3026 2030 3144 2069 cum
3165 2012 3327 2084 justis
3358 2030 3464 2070 non
3489 2014 3806 2069 scribantur:

2248 2118 2352 2176 ego
2373 2111 2555 2161 autem
2595 2111 2651 2159 et
2675 2102 2780 2159 mei
2817 2117 2922 2163 non
2951 2103 3248 2170 deleamur,
3277 2103 3375 2161 sed
3396 2104 3581 2175 potius
3601 2104 3803 2159 sacrile-

2251 2215 2391 2261 tnur,
2413 2197 2539 2269 quia
2566 2213 2685 2261 sum
2723 2213 2922 2269 pauper
2942 2209 2995 2265 et
3014 2197 3217 2263 dolens,
3245 2205 3304 2255 et
3329 2198 3433 2255 hoc
3465 2198 3606 2255 milii
3624 2206 3686 2253 et
3707 2198 3808 2253 auis

2250 2293 2318 2351 ad
2343 2268 2595 2355 salutem,
2614 2290 2741 2361 quia
2768 2288 2923 2347 salus.
2939 2299 3059 2362 tua,
3081 2304 3117 2346 o
3140 2290 3309 2357 Deus,
3592 2307 3699 2352 me,
3718 2304 3808 2359 qua
3856 2268 3863 2323 ³

2250 2382 2521 2451 neminem
2548 2380 2797 2450 suscipit,
2824 2380 2928 2436 nisi
2964 2380 3206 2452 seipsum
3233 2395 3526 2451 pauperiem
3576 2396 3804 2451 mgna

2250 2482 2385 2530 seat.
2411 2471 2615 2543 thuia
2637 2470 2782 2528 salus
2803 2481 2895 2527 tua
2911 2488 2993 2529 me
3012 2472 3258 2540 suscepit,
3280 2471 3515 2535 laudabo
3536 2489 3718 2528 nam
3737 2471 3808 2524 ita

2251 2581 2369 2620 cum
2391 2566 2614 2630 cantico,
2647 2564 2699 2619 id
2726 2572 2811 2620 est
2839 2578 2964 2621 cum
2991 2564 3188 2621 mentis
3215 2564 3511 2629 hilaritate,
3536 2574 3591 2620 et
3636 2564 3803 2634 usqui-

2250 2659 2420 2730 ﬁcabo
2443 2675 2559 2714 eum
2583 2658 2636 2714 in
2661 2656 2838 2728 laude,
2869 2657 3007 2712 niltil
3038 2659 3104 2715 de
3142 2674 3231 2725 tne
3256 2659 3657 2729 punsumcndo.
3692 2657 3809 2714 Linde

2253 2751 2414 2807 alibi:
2450 2750 2584 2806 Date
2634 2749 2855 2825 gloriam
2901 2749 3051 2805 laudi
3089 2749 3204 2820 ejus
3261 2749 3381 2823 (Ps.
3415 2754 3569 2817 ur).
3614 2750 3676 2806 Et
3722 2750 3808 2803 hac

2253 2841 2370 2899 laus
2416 2841 2636 2912 placebit
2693 2839 2804 2895 Deo
2857 2855 3013 2912 super
3050 2839 3267 2911 uitulum
3323 2840 3610 2907 novellum,
3644 2856 3808 2895 cornu

2251 2936 2618 3007 producentem
2637 2943 2685 2990 et
2706 2933 2954 3005 ungulas,
2976 2933 3032 2993 id
3057 2942 3165 3003 est,
3186 2948 3351 3006 super
3372 2934 3559 2990 omnia
3579 2932 3807 2990 sacrifici:

2254 3027 2407 3100 legis.
2439 3026 2775 3100 Prteccptum
2797 3024 2899 3081 luit
2924 3025 2979 3081 in
3002 3023 3118 3098 lege
3146 3034 3205 3083 ut
3221 3025 3436 3081 vitellus
3459 3025 3813 3093 novelluspw-

2255 3121 2460 3177 ducens
2509 3134 2712 3176 cornua
2753 3127 2808 3176 ct
2842 3118 3074 3190 ungulas
3110 3129 3482 3177 assumeretur
3510 3120 3564 3174 in
3608 3117 3812 3189 quodam

2256 3194 2565 3269 sacrificio:
2598 3225 2695 3283 per
2728 3224 2889 3282 quem
2919 3207 3144 3265 vitulum
3166 3208 3257 3265 hic
3279 3211 3622 3281 accipiuntur
3655 3207 3810 3264 munia
3860 3264 3863 3293 Ι

565 3297 688 3352 dem
704 3295 823 3352 loco
838 3298 1293 3367 permanentinm.
1311 3294 1406 3353 Vel
1423 3296 1502 3353 sic
1522 3315 1536 3353 :
1556 3294 1680 3352 Fiat
1696 3298 1950 3355 habitatio
1965 3316 2146 3355 eorum
2175 3288 2220 3352 C
2254 3305 2467 3379 legalia,
2496 3304 2622 3375 quia
2654 3316 2816 3374 super
2855 3301 3039 3359 omnia
3064 3300 3256 3375 legalia
3283 3302 3463 3374 placet
3504 3304 3631 3366 Deo,
3659 3301 3704 3356 si
3731 3313 3812 3352 ω·

562 3388 793 3457 deserta,
815 3388 867 3445 id
889 3397 996 3457 est,
1027 3389 1219 3445 domus
1246 3404 1457 3456 eorum,
1484 3405 1589 3461 qua
1618 3390 1834 3447 assidue
1861 3392 2147 3447 moraban-

563 3488 673 3545 tur,
698 3479 794 3535 ﬁat
816 3480 884 3536 ab
909 3480 989 3536 cis
1016 3480 1252 3537 deserta.
1277 3479 1411 3535 Nam
1433 3478 1642 3550 justum
1678 3489 1763 3541 est
1794 3492 1859 3547 ut,
1880 3497 1986 3537 nou
2019 3497 2146 3553 per-

565 3572 851 3626 mittantur
874 3572 946 3628 ibi
978 3573 1228 3637 habitare
1252 3573 1341 3629 ubi
1382 3574 1634 3644 permissi
1676 3582 1801 3641 sunt
1830 3583 2023 3633 contra
2049 3575 2152 3631 Do-

566 3662 771 3716 minum
802 3662 1060 3720 clamare.
1102 3664 1421 3720 Amiseruut
1461 3665 1637 3721 locum
1675 3665 1894 3727 furoris.
1936 3666 2151 3724 Utinam

564 3752 648 3806 vel
687 3769 831 3817 nunc
860 3764 1313 3833 recognoscerent
1349 3756 1528 3813 lucum
1549 3758 1777 3829 quietis!
1823 3768 1870 3812 et
1899 3759 1952 3813 in
1982 3759 2155 3813 taber-

564 3844 776 3909 uocalis,
792 3863 995 3915 eorum,
1024 3848 1078 3905 id
1103 3857 1203 3915 est,
1224 3851 1275 3905 in
1305 3849 1504 3921 templo
1527 3849 1832 3913 Salomonis
1859 3860 1909 3908 et
1938 3852 1993 3907 in
2019 3860 2158 3909 tem-

568 3938 658 4013 plo
687 3938 916 4005 Domini,
948 3940 1003 3996 in
1044 3943 1245 4021 quibus
1274 3943 1432 4013 quasi
1463 3943 1515 3998 in
1552 3943 1912 4000 tabernaculis
1944 3944 2158 4000 habita-

569 4031 720 4097 bant,
753 4049 865 4103 non_
902 4034 969 4087 sit
1009 4034 1099 4105 qui
1142 4035 1392 4089 inhabitet
1439 4051 1506 4093 ex
1556 4036 1901 4092 multitudiue
1944 4034 2156 4095 Judaici

566 4122 771 4195 populi.
810 4124 875 4178 Et
901 4127 1031 4180 cur?
1061 4124 1326 4193 Quoniam
1355 4145 1507 4199 quem
1530 4140 1584 4182 tu
1608 4130 1933 4201 percussisti,
1968 4129 2021 4185 id
2048 4140 2158 4199 est,

568 4213 982 4283 percussibilem
1034 4217 1367 4273 mortalitate
1420 4229 1476 4275 et
1528 4220 1891 4297 passibilitate,
1948 4220 2156 4290 fecisti,

567 4307 825 4373 persecuti
873 4318 1016 4375 sunt,
1045 4308 1363 4380 iuquantum
1399 4310 1479 4365 eis
1510 4309 1677 4366 licuit.
1710 4311 1983 4370 Percussit
2020 4312 2160 4377 Deus

572 4398 906 4454 mortalitate
935 4410 991 4454 et
1024 4401 1380 4472 passibiiitate
1409 4402 1640 4473 primum
1682 4404 1980 4471 hominem,
2009 4406 2074 4460 ab
2096 4420 2161 4462 eo

573 4503 671 4561 per
699 4489 1119 4546 inobcdientiam
1151 4492 1512 4558 recedentem,
1547 4493 1600 4548 in
1633 4509 1741 4565 quo
1771 4495 1948 4559 omnis
1984 4506 2162 4569 poste-

571 4581 707 4637 ritas
736 4581 789 4637 in
820 4583 1011 4639 eodem
1053 4584 1276 4641 vulnere
1302 4584 1582 4641 vulnerata
1627 4597 1732 4643 est.
1764 4576 2023 4659 Christus
2058 4603 2157 4654 au-

575 4686 703 4740 tem,
730 4678 856 4747 quia
885 4678 1179 4734 secundum
1220 4679 1496 4736 hominem
1537 4680 1589 4733 in
1629 4694 1691 4734 ea
1735 4687 1895 4736 natus
1921 4688 2006 4736 est
2030 4694 2157 4751 pro-

579 4767 757 4839 genie,
786 4787 850 4839 es
885 4785 949 4824 eo
980 4785 1085 4826 non
1122 4770 1222 4826 fuit
1259 4771 1465 4836 alienus
1491 4769 1739 4841 vulnere,
1761 4769 1890 4840 quia
1916 4768 2163 4827 mortalis

572 4869 627 4916 et
670 4862 939 4930 passibilis
970 4850 1142 4921 factus
1171 4874 1281 4945 est,
1300 4880 1461 4937 quem
1491 4863 1660 4921 Judaai
1689 4865 1963 4941 persecuti
1990 4873 2117 4931 sunt
2143 4878 2158 4919 :

574 4956 720 5024 quod
752 4956 839 5011 bie
867 4956 1017 5023 dicit,
1052 4960 1302 5026 quoniam
1341 4975 1497 5030 quem
1534 4959 1864 5028 percussisti,
1902 4958 2160 5029 persecuti

573 5046 718 5113 sunt,
746 5058 794 5103 et
831 5065 988 5120 super
1026 5049 1281 5121 dolorem,
1309 5049 1655 5106 mortalitatis
1697 5050 1985 5123 subaudis,
2005 5047 2161 5117 addi.

579 5138 768 5194 derunt
795 5139 1034 5197 dolorem
1051 5141 1321 5196 vulnerum
1337 5155 1592 5205 meorum,
1608 5140 1733 5210 quia
1761 5150 1989 5211 mortem
2005 5153 2164 5214 acce—

579 5234 889 5291 leraverunt
921 5258 933 5291 :
962 5237 1081 5301 vel,
1123 5254 1278 5306 super,
1318 5234 1551 5289 dolerent
1597 5235 1865 5297 uulnerum
1910 5250 2163 5298 ineorum,

576 5322 632 5378 id
659 5334 769 5390 est,
795 5340 959 5396 super
989 5336 1219 5383 mortem
1253 5340 1431 5391 meam
1456 5323 1796 5388 addiderunt,
1817 5325 1949 5393 quia
1979 5331 2165 5385 custo—

579 5418 678 5473 des
708 5419 882 5466 nrotin
938 5434 978 5438 ··
1217 5420 1227 5432 ·
1330 5428 1336 5429 ί
1440 5425 1446 5428 -
1634 5416 1863 5436 --.και

2251 3414 2375 3465 men
2410 3398 2528 3470 ejus
2553 3411 2677 3453 cum
2699 3395 2912 3453 cantico
2946 3394 3214 3451 laudatur.
3246 3394 3430 3465 Quare
3457 3395 3658 3450 videant
3700 3408 3810 3462 pars
3862 3400 3863 3431 ξ

2250 3508 2395 3563 peres
2434 3477 2736 3562 primitivos
2783 3489 2836 3545 in
2873 3488 3113 3546 Ecclesia
3154 3486 3459 3556 laudantes,
3495 3497 3543 3544 et
3587 3484 3815 3542 imitando
3862 3514 3863 3527 ι

2253 3599 2349 3639 eos
2376 3583 2429 3638 in
2452 3581 2608 3638 laude
2634 3580 2897 3637 lwtcutur.
2927 3579 3158 3648 Qua'rite
3199 3580 3391 3648 Deum,
3422 3591 3469 3635 et
3500 3580 3625 3635 viret
3658 3577 3813 3633 anius

2254 3684 2443 3730 ucstra.
2480 3673 2880 3745 Apostropbant
2900 3673 3031 3730 facit
3049 3674 3116 3731 ad
3142 3673 3441 3740 auditores,
3468 3681 3527 3729 ut
3556 3672 3811 3727 incitantur

2255 3766 2321 3822 ad
2360 3764 2597 3832 laudem,
2628 3764 2853 3822 dicens:
2897 3763 3131 3831 Quwrite
3152 3763 3441 3827 Dominum
3478 3777 3581 3817 non
3607 3770 3663 3814 ut
3692 3760 3816 3812 rint

2256 3873 2475 3930 corpus,
2503 3857 2651 3932 quod
2688 3856 2898 3914 faciunt
2926 3865 2983 3913 et
3025 3871 3242 3928 pecora,
3272 3854 3369 3915 sed
3406 3853 3610 3927 qua'rr'te
3652 3849 3815 3903 ου.τὶ-

2256 3968 2407 4017 num,
2439 3960 2489 4008 et
2520 3950 2649 4007 vivet
2681 3950 2860 4007 anima
2890 3961 3084 4018 vestra,
3117 3948 3244 4006 licet
3271 3964 3473 4020 corpus
3496 3961 3592 4002 non
3615 3941 3817 3998 occula-

2261 4053 2367 4099 tur.
2391 4042 2458 4098 Et
2485 4042 2681 4099 merito
2708 4041 3033 4113 quaerendus
3056 4050 3160 4107 est,
3189 4040 3439 4112 quoniam
3452 4036 3563 4107 jam
3586 4050 3645 4090 ex
3674 4033 3816 4101 longe

2259 4144 2503 4206 tempore
2538 4135 2650 4206 ipse
2701 4131 2964 4191 Dominus
2991 4131 3253 4187 exaudiuit
3281 4146 3535 4203 pauperes
3567 4137 3607 4183 el
3629 4127 3819 4180 riuus:

2242 4220 2402 4294 'suos,
2450 4227 2504 4282 id
2535 4234 2637 4290 est,
2677 4223 2966 4294 prazccptis
3014 4223 3128 4279 suis
3158 4222 3417 4279 astrictos
3460 4237 3557 4276 non
3585 4216 3815 4285 despair.
3862 4262 3863 4269 η

2262 4320 2416 4377 Unde
2436 4318 2646 4374 laudent
2668 4316 2819 4372 illuni
2838 4315 2975 4382 mali,
3000 4317 3051 4373 id
3070 4325 3173 4381 est,
3193 4315 3428 4387 majores
3447 4313 3499 4370 in
3520 4309 3757 4369 Emlesia.
3774 4316 3817 4357 εἰ

2261 4423 2424 4479 terra,
2452 4411 2504 4468 id
2525 4419 2627 4477 est,
2653 4410 2915 4477 minores,
2940 4411 3032 4483 qui
3050 4409 3163 4481 jam
3189 4417 3334 4464 terra
3362 4408 3492 4464 facti
3513 4411 3704 4462 suntut
3721 4398 3813 4453 ruﬁ

2263 4504 2500 4577 possint:
2543 4503 2725 4559 laudet
2761 4517 2887 4560 eum
2919 4519 3083 4568 mare,
3136 4502 3187 4558 id
3210 4508 3318 4568 est,
3350 4499 3545 4556 ﬂuetus
3578 4494 3815 4569 gentilia.

2263 4607 2309 4650 et
2333 4595 2508 4651 omnia
2539 4594 2757 4665 reptilitt
2776 4596 2953 4663 ineis,
2985 4594 3036 4651 id
3067 4603 3170 4659 est,
3192 4608 3385 4651 omnes
3409 4593 3483 4657 illi
3517 4589 3709 4646 laudent
3732 4586 3815 4654 qli

2265 4694 2639 4749 sustentantur
2672 4702 2771 4766 per
2791 4686 2988 4751 coelum
3028 4696 3083 4744 et
3108 4696 3308 4741 terram
3338 4694 3397 4741 et
3423 4698 3584 4740 mare.
3608 4677 3687 4732 Vel
3727 4675 3811 4729 sli-

2267 4792 2370 4846 ter,
2386 4779 2581 4835 vinctos
2605 4796 2729 4834 suos
2755 4796 2858 4834 non
2885 4777 3372 4848 despexitNinctus
3395 4773 3648 4832 estomuis
3666 4768 3813 4822 lum

2266 4874 2318 4929 in
2350 4874 2526 4947 primo
2564 4880 2788 4949 parente
2815 4871 3033 4927 vinculo
3067 4869 3417 4927 mortalitatis
3438 4878 3495 4925 et
3529 4859 3811 4938 passiltiliﬂ‘

2265 4967 2370 5021 tis:
2403 4980 2593 5023 omnes
2622 4974 2802 5027 autem
2830 4962 2949 5019 illos
2970 4965 3059 5033 qui
3097 4979 3155 5020 se
3184 4964 3395 5018 vinctos
3428 4959 3680 5017 attendunt
3716 4968 3813 5004 In

2267 5049 2500 5119 despexit
2551 5047 2832 5111 Dominus,
2873 5046 2968 5102 sed
3002 5046 3157 5117 juvat
3205 5061 3302 5100 cos
3345 5045 3526 5115 potius
3568 5037 3813 5097 sumente

2268 5137 2555 5209 compedes
2578 5138 2773 5210 quibus
2787 5136 2949 5193 vincti
2974 5146 3131 5194 sunt:
3160 5138 3301 5192 unde
3319 5135 3537 5191 laudent
3563 5132 3681 5189 illst-
3706 5124 3815 5179 (ὦ

2270 5241 2318 5284 et
2347 5239 2512 5297 terra,
2551 5229 2604 5286 id
2645 5238 2750 5296 est,
2788 5230 2902 5286 inec
2937 5230 3118 5285 omnia
3148 5228 3259 5285 sint
3314 5226 3548 5285 materia
3596 5213 3815 5278 laudandi

2274 5323 2442 5379 Deum
2480 5321 2575 5387 his.
2611 5322 2701 5394 qui
2737 5321 2899 5377 vincti
2951 5329 3097 5375 sunt.
3137 5320 3386 5374 Laudant
3426 5316 3677 5374 Dominum
3722 5320 3817 5377 per

3059 5426 3154 5442 nm.
3180 5403 3354 5454 main-
3382 5410 3479 5464 ιιιιὶ
3502 5403 3683 5477 αιίὶᾴί
3704 5412 3863 5497 ΨΑ
