3918 6408
133 407 246 464 50!

1278 402 1808 464 ENARRATIONES
1844 401 1910 458 IN
1949 390 2284 460 PSALMOS.

3311 399 3418 457 502

130 522 230 578 via
268 520 495 587 faciunt,
523 530 579 578 et
606 521 830 578 multum
862 523 930 579 ab
953 519 1034 578 eis
1058 527 1369 592 gravantur.
1407 517 1540 572 Nam
1586 516 1731 588 quis-
1761 521 1805 577 Λ
1836 515 2052 586 quando
2091 513 2330 569 natalitia
2371 523 2679 572 sanctorum
2731 522 3026 586 martyrum
3058 513 3416 580 celebramus,

128 629 250 682 que
279 613 335 667 in
366 611 511 669 ferro
541 613 806 669 materiali
835 614 1066 681 vinctus,
1098 613 1146 668 si
1169 611 1283 666 vult
1303 609 1586 667 sublevare
1626 607 1729 664 fer-

128 719 264 757 rum
305 719 378 760 ne
397 705 557 761 nimis
579 721 701 760 eum
731 715 938 777 gravet,
979 721 1086 761 non
1110 704 1308 759 multos
1345 702 1560 774 apponit
1603 717 1732 772 pau-

127 810 240 848 nos
252 794 452 864 quibus
465 795 854 868 sublevet,quia
869 799 912 853 si
931 796 1154 852 multum
1169 805 1481 867 apponeret,
1494 794 1606 866 jam
1626 810 1732 849 non

126 891 356 938 tantum
373 899 478 940 non
508 886 833 953 sublevaret,
849 888 944 943 sed
965 887 1130 944 etiam
1157 886 1373 959 gravius
1399 886 1502 942 sibi
1521 885 1730 941 ferrum

122 973 369 1030 faceret.
397 975 575 1044 Quare
612 978 840 1048 quisque
860 979 1071 1036 vinctus
1118 978 1301 1035 laudet
1327 979 1611 1035 Dominum
1634 993 1732 1049 per

119 1065 339 1122 caelum
367 1076 421 1122 et
449 1083 544 1138 per
571 1078 790 1136 terram,
815 1070 951 1126 nihil
981 1073 1050 1129 ab
1103 1071 1184 1127 eis
1230 1071 1556 1128 assumenda
1589 1071 1730 1126 unde

123 1163 431 1232 crnlipedes
459 1173 772 1232 onerentur,
789 1167 983 1237 quibus
1005 1168 1217 1224 vinctus
1237 1177 1337 1226 est.
1365 1167 1434 1223 Et
1457 1167 1652 1224 merito
1676 1167 1731 1222 in

121 1253 220 1307 his
243 1255 501 1310 omnibus
527 1255 822 1314 laudandus
847 1266 932 1313 est
974 1257 1252 1316 Dominus.
1304 1258 1568 1328 Quoniam
1617 1259 1732 1331 ipse

123 1343 403 1400 Dominus
426 1345 624 1400 salvam
659 1346 813 1417 faciet
839 1345 988 1415 Sion,
1016 1349 1070 1405 id
1090 1358 1192 1416 εει,
1218 1351 1512 1407 constituet
1538 1349 1729 1407 Eccle-

122 1434 270 1489 siam
287 1435 640 1506 primitivum.
666 1437 1149 1509 Etazdiﬁcabuntur
1171 1442 1401 1498 civitates
1445 1441 1606 1500 Iuda:
1625 1457 1646 1499 .'
1661 1459 1730 1500 ex

127 1531 519 1589 conﬁtentibus
537 1534 889 1591 aediﬁcabitur
921 1535 1138 1603 civitas,
1162 1537 1213 1592 id
1236 1547 1337 1600 est,
1369 1539 1631 1596 Ecclesia.
1661 1539 1729 1594 Et

119 1623 502 1678 inhabitabant
526 1625 619 1691 ibi,
651 1626 703 1681 id
725 1635 832 1692 est,
867 1627 940 1681 illi
973 1628 1062 1698 qui
1087 1639 1211 1684 sunt
1240 1629 1532 1686 incivitate
1553 1630 1726 1698 Judze,

117 1722 320 1783 gentes
356 1715 606 1771 videlicet
652 1717 930 1772 humiliter
973 1719 1318 1785 conﬁtcntes,
1347 1721 1728 1777 iuhabitabuut

118 1803 432 1861 Ecelesiam
459 1823 524 1862 ex
565 1808 693 1863 Sion
747 1807 966 1864 factam.
1007 1809 1074 1864 Et
1121 1811 1429 1869 hwreditate
1454 1814 1726 1885 nequirent

1835 622 2064 677 quorum
2095 623 2200 663 vox
2227 616 2313 662 est
2340 606 2396 662 in
2426 608 2528 664 hoc
2554 607 2780 678 psalmo.
2811 626 2830 660 ι

1903 699 2036 753 Nam
2066 709 2150 755 est
2178 716 2279 754 vox
2310 701 2794 756 contribulatorum
2825 709 2877 758 et
2913 717 2965 756 In
2999 699 3245 772 passione
3273 699 3418 770 peri-

1832 791 2153 858 clitantium,
2183 793 2276 848 sed
2297 792 2363 848 de
2393 795 2568 865 capite
2597 811 2693 851 suo
2719 796 3179 867 praesumentium.
3211 796 3417 851 Audia-

1831 897 1953 939 mus
1983 893 2250 956 martyres
2301 885 2388 941 hic
2425 885 2724 957 loquentes,
2755 896 2810 943 et
2841 886 3123 958 loquamur
3160 902 3282 943 cum
3312 885 3418 941 illis

1831 993 1896 1034 ex
1919 977 2200 1035 aﬁectione
2229 980 2429 1046 cordis,
2455 981 2581 1036 licet
2614 996 2720 1037 non
2746 997 2810 1037 ex
2836 981 3185 1036 similitudine
3209 980 3418 1052 passio-

1831 1068 1935 1124 nis.
1966 1068 2070 1140 lpsi
2105 1070 2248 1125 enim
2274 1070 2385 1140 jam
2424 1081 2547 1128 sunt
2577 1073 2838 1140 coronati,
2870 1088 2967 1128 nos
2995 1073 3169 1128 adhuc
3199 1071 3417 1143 pericli-

1833 1169 2030 1216 tamur.
2066 1160 2200 1216 Nam
2235 1161 2466 1218 fortasse
2509 1174 2748 1235 tempora
2796 1175 2975 1220 nostra
3005 1165 3243 1234 pleniora
3291 1172 3418 1218 sunt

1831 1251 2121 1318 scandalis,
2154 1269 2316 1324 quam
2349 1271 2443 1311 sua
2467 1267 2669 1321 essent,
2700 1257 2825 1327 quia
2864 1256 2987 1312 licet
3017 1272 3120 1311 non
3149 1255 3418 1326 patiamur

1831 1356 2016 1420 aperte
2053 1349 2332 1406 diabolum
2381 1352 2690 1406 sxevientem
2733 1367 2829 1423 per
2871 1352 3104 1416 leonem,
3145 1350 3418 1421 patiamur

1829 1455 1951 1495 eum
1975 1439 2183 1495 occulte
2207 1442 2514 1497 saevientem
2543 1458 2641 1512 per
2675 1443 2982 1498 draconem.
3007 1441 3252 1496 Cessavit
3293 1455 3417 1510 per-

1830 1533 2037 1589 secutio
2066 1550 2426 1606 paganorum,
2455 1535 2550 1591 sed
2584 1551 2690 1591 non
2731 1534 3106 1592 malevolentia
3139 1533 3278 1587 male
3319 1547 3416 1586 co-
3498 1563 3508 1569 -

1831 1627 2116 1699 gitantium
2153 1637 2208 1684 et
2251 1627 2756 1698 blasphemantium,
2800 1644 2830 1683 a
2871 1628 3065 1700 quibus
3092 1624 3418 1697 persecutio.

1830 1737 1953 1777 nem
1983 1721 2260 1794 patiuntur
2288 1722 2472 1778 ﬁdeles
2501 1739 2514 1777 :
2544 1723 2796 1792 quoniam
2826 1723 2930 1778 etsi
2965 1721 3105 1776 mala
3137 1717 3244 1776 non
3262 1734 3419 1775 exer-

1830 1821 1954 1870 cent
2009 1814 2062 1870 iu
2116 1815 2435 1886 corporibus
2477 1822 2823 1880 sanctorum,
2873 1822 3053 1868 tamen
3095 1811 3233 1866 mala
3279 1808 3420 1864 facta

117 1914 263 1962 eam,
291 1900 419 1969 quia
445 1914 510 1955 ex
539 1900 651 1971 ipsa
689 1902 963 1972 primitiva
992 1905 1304 1960 reﬁcientur
1324 1905 1415 1960 alii
1443 1909 1719 1974 conversi,
1756 1893 1800 1953 Β
1827 1920 2014 1961 eorum
2041 1915 2276 1978 arguunt
2303 1915 2543 1961 sanctos.
2577 1903 2711 1960 Nam
2741 1914 2959 1960 sanctus
2989 1903 3128 1960 Loth
3160 1917 3264 1957 non
3295 1916 3418 1972 per-

117 1997 169 2041 et
195 2005 381 2044 nmen
404 2007 669 2047 servorum
695 1993 810 2064 ejus
847 1997 1128 2066 possidebit
1158 2015 1294 2064 eam,
1321 1999 1372 2055 id
1395 2008 1498 2066 est,
1522 2003 1725 2074 quique

120 2078 441 2138 imitatores
489 2083 901 2154 przedicatorum
941 2102 1160 2145 suorum
1197 2092 1542 2161 possidebunt
1575 2110 1719 2161 eam,

120 2172 394 2228 subaudis
436 2173 828 2233 hmreditatem.
851 2178 918 2234 Et
945 2193 1013 2235 ne
1038 2181 1239 2252 quique
1261 2195 1588 2253 usurparent
1619 2186 1722 2242 sibi

122 2262 275 2317 illam
312 2263 708 2336 baereditatem,
738 2270 977 2328 dicentes
1007 2292 1020 2328 :
1059 2272 1250 2330 Semen
1274 2276 1500 2333 Abralue
1535 2295 1716 2335 sumus

130 2351 318 2424 (Joan.
341 2358 489 2424 vnn),
511 2368 566 2414 et
589 2360 708 2417 ideo
735 2362 1103 2422 haereditatem
1128 2367 1270 2424 illam
1302 2372 1720 2442 possidebimus,

123 2452 443 2524 subiungit:
478 2454 579 2520 Qui
602 2456 825 2527 diligunt
847 2477 1035 2518 nomen
1056 2463 1192 2535 ejus,
1226 2465 1537 2522 habitabant
1564 2467 1616 2520 in
1639 2485 1722 2523 ea.

125 2540 260 2597 Nam
293 2545 386 2616 qui
418 2547 470 2601 in
493 2546 596 2602 ﬁde
618 2548 892 2605 Abraham
916 2553 1217 2621 imitantur,
1250 2555 1323 2610 il-li
1363 2565 1572 2613 tantum
1598 2575 1724 2630 pos-

120 2634 387 2690 sidebunt
409 2636 554 2692 illam
581 2639 972 2710 haereditatem,
987 2660 1092 2702 non
1114 2646 1207 2718 qui
1234 2646 1325 2704 ﬁlii
1349 2651 1721 2707 suutAbrahze

126 2728 434 2784 secundum
464 2745 710 2787 carnem.

656 2845 976 2906 PSALMUS
1002 2850 1186 2907 LXIX.

122 2969 174 3008 IN
199 2967 371 3008 FINEI
419 2970 654 3014 PSALIIUS
696 2975 857 3014 DAVID
895 2978 947 3016 IN
972 2977 1448 3034 BEIEMORATIONB,
1495 2984 1561 3024 ΕΟ
1583 2984 1722 3032 QUOD

531 3043 735 3084 SALVU!
767 3047 921 3088 FECIT
943 3049 1049 3089 EUM
1081 3050 1329 3092 DOMINUS.

194 3157 213 3189 ι
271 3138 418 3194 Deus
449 3140 501 3194 in
541 3141 866 3213 adjutorium
896 3159 1071 3200 meum
1096 3147 1349 3206 intende:
1380 3150 1624 3216 Domine,
1653 3155 1721 3209 ad

126 3245 146 3277 ‹
182 3227 555 3300 adjuvandum
579 3247 664 3288 me
691 3231 904 3289 festina.
929 3233 1410 3297 Confundanturet
1435 3258 1723 3299 reverean-
1749 3255 1793 3317 ο

129 3337 146 3369 ι
186 3329 284 3374 tur
311 3321 405 3392 qui
437 3333 686 3392 quaerunt
733 3326 968 3382 animam
1020 3345 1215 3386 meam.
1260 3333 1589 3390 Avertantur
1639 3353 1723 3393 re-

127 3430 144 3461 ι
185 3421 432 3467 trorsum
457 3423 510 3469 ct
535 3416 858 3474 erubescant
883 3420 973 3490 qui
999 3421 1186 3478 volunt
1209 3424 1336 3479 mihi
1371 3426 1530 3481 mala.
1555 3429 1722 3484 Aver-

127 3524 146 3555 ι
188 3513 383 3560 tamur
406 3507 586 3562 statim
602 3510 985 3568 erubescentes
1014 3516 1102 3584 qui
1143 3515 1330 3572 dicunt
1361 3519 1486 3573 mihi
1511 3538 1523 3573 :
1551 3521 1720 3590 Euge,

125 3614 144 3645 ι
184 3610 351 3665 euge.
387 3596 672 3655 Exsultent
699 3610 752 3655 et
788 3602 1038 3659 lmtentur
1066 3607 1118 3661 iu
1159 3615 1209 3664 te
1227 3624 1415 3666 omnes
1448 3613 1538 3682 qui
1576 3629 1724 3685 quas-

127 3705 145 3736 ι
184 3697 317 3742 runt
349 3697 422 3752 te,
463 3699 518 3745 et
539 3690 721 3747 dicant
749 3708 994 3765 semper:
1028 3696 1400 3770 Magniﬁcetur
1438 3703 1716 3774 Dominus,

125 3799 143 3827 ι
180 3777 280 3846 qui
305 3777 534 3850 diligunt
558 3781 794 3839 salutare
813 3791 983 3842 tuum.
1013 3787 1126 3860 Ego
1141 3803 1270 3844 vero
1295 3805 1498 3863 egenus
1511 3803 1563 3850 et
1589 3811 1722 3865 pau-

127 3886 144 3916 ι
181 3881 289 3936 per
313 3883 455 3934 sum,
479 3869 640 3938 Deus,
669 3873 860 3945 adjuva
887 3892 992 3934 me.
1019 3878 1246 3951 Adjutor
1271 3897 1422 3940 meus
1443 3892 1499 3940 et
1520 3885 1718 3942 libera-

127 3976 144 4009 ι
181 3967 279 4015 tor
299 3974 456 4016 meus
483 3977 543 4018 es
575 3972 654 4032 tu,
691 3965 938 4036 Domine,
967 3984 1036 4025 ne
1061 3973 1306 4030 moreris.
1347 3995 1365 4029 ι

704 4081 1155 4142 ΕΝΑΠΠΑΤΙΟ.

190 4190 604 4250 Rememoratio
634 4194 694 4251 ﬁt
721 4197 929 4255 duobus
966 4201 1161 4258 modis.
1193 4203 1280 4260 Fit
1305 4206 1470 4273 enim,
1504 4209 1718 4278 quando

124 4284 363 4353 quisque
389 4285 583 4343 timens
607 4289 952 4347 severitatem
975 4302 1026 4349 el
1049 4292 1308 4362 judicium
1337 4298 1568 4366 Domini,
1595 4317 1718 4372 pec-

125 4385 379 4430 catorum
403 4393 624 4433 suorum
650 4381 983 4439 recordatur.
1013 4383 1097 4441 Fit
1120 4388 1304 4454 etiam,
1338 4392 1553 4460 quando
1575 4394 1720 4464 quis-

123 4481 228 4535 que
261 4467 586 4522 recordatur
608 4483 668 4526 se
694 4483 1033 4541 peccatorem
1068 4474 1257 4545 fuisse,
1281 4488 1336 4535 et
1364 4496 1462 4551 per
1489 4484 1717 4554 gratiam

126 4556 219 4613 Dei
247 4575 312 4615 se
344 4573 462 4615 esse
487 4560 795 4618 liberatum.
830 4564 906 4621 De
934 4567 1037 4622 bac
1061 4573 1509 4628 rememoratione
1537 4576 1721 4630 inlitu-

127 4647 266 4705 latnr
291 4651 531 4722 psalmus
554 4653 678 4720 iste,
708 4657 834 4726 quia
859 4674 1046 4714 eorum
1078 4675 1181 4717 vox
1199 4672 1282 4718 est
1309 4664 1361 4718 in
1390 4665 1488 4721 hoc
1512 4667 1718 4738 psalmo

128 4747 216 4815 qui
254 4748 612 4805 recordantur
639 4752 828 4809 salutis
855 4770 966 4810 sua:
992 4771 1088 4827 per
1116 4758 1342 4830 gratiam
1377 4761 1582 4817 Domini
1617 4765 1717 4820 sibi

127 4839 547 4897 administratae.
594 4841 806 4901 Titulus
848 4846 928 4902 sic
953 4850 1284 4905 construitur
1311 4869 1322 4905 :
1356 4849 1423 4906 In
1451 4853 1604 4922 ﬁnem
1637 4871 1719 4912 re-

128 4929 382 4988 feruntur
408 4934 519 4991 haec
547 4935 711 4992 verba
738 4955 750 4992 :
772 4946 826 4995 et
849 4949 932 4996 est
950 4941 1201 5012 psalmus,
1231 4942 1400 4999 David
1422 4945 1719 5003 attribuen-

128 5022 252 5088 dus,
288 5021 462 5079 factus
489 5024 544 5079 in
574 5032 1019 5086 rememoratione.
1060 5031 1126 5087 Et
1167 5035 1292 5103 quia
1342 5039 1719 5094 rememoratio

127 5113 344 5170 duobus
378 5115 576 5172 dicitur
614 5119 806 5185 modis,
850 5121 1170 5179 determinat
1216 5125 1280 5181 de
1310 5141 1414 5197 qua
1456 5143 1718 5185 rememo-

129 5205 346 5261 ratione
372 5207 534 5274 dicat,
561 5226 621 5264 eo
645 5214 785 5282 quod
810 5213 1013 5269 salvum
1045 5230 1131 5272 me
1168 5217 1289 5287 fecit
1335 5218 1610 5275 Dominus.
1640 5221 1720 5277 ln-

130 5312 358 5366 gressus
384 5298 682 5372 Augustino
708 5304 759 5359 in
796 5305 899 5362 hoc
923 5307 1130 5377 psalmo
1157 5310 1277 5366 talis
1303 5322 1384 5368 est
1413 5331 1426 5366 :
1456 5332 1473 5365 ς
1507 5314 1722 5371 Gratias

133 5405 310 5452 grano
333 5394 514 5461 tritici,
537 5397 663 5467 quia
694 5399 830 5454 mori
857 5399 1022 5456 voluit
1040 5409 1096 5456 et
1115 5402 1457 5473 multiplicari
1483 5424 1496 5459 :
1519 5407 1723 5476 gratias

135 5482 369 5543 Domino
392 5498 447 5544 et
476 5489 740 5547 Salvatori
763 5502 950 5548 nostro
968 5493 1094 5551 Jesu
1113 5495 1348 5563 Christo,
1367 5499 1456 5569 qui
1493 5509 1719 5556 mortem

135 5581 380 5630 nostram
415 5578 597 5634 subire
625 5595 731 5634 non
765 5581 1081 5652 dedignatus
1127 5596 1228 5651 est,
1281 5596 1336 5641 ut
1393 5589 1581 5658 dignos
1623 5605 1721 5646 nos

134 5662 250 5718 vita
290 5664 508 5724 faceret.
536 5668 775 5725 Granum
809 5671 936 5730 illud
967 5675 1233 5745 singulare
1257 5675 1375 5741 fuit,
1420 5678 1513 5733 sed
1540 5677 1722 5735 fecun-

139 5751 362 5813 ditatem
385 5760 846 5832 multiplicationis
880 5763 932 5818 in
963 5780 1022 5821 se
1052 5767 1257 5822 habuit.
1285 5767 1340 5823 la
1375 5767 1554 5824 multis
1577 5771 1719 5825 enim

135 5849 325 5917 grauis
373 5855 678 5924 passionem
747 5871 896 5912 suam
957 5857 1312 5917 imitantibus
1353 5861 1719 5934 exsultamus,

1750 4615 1798 4676 D

1828 1999 2161 2054 secutionem
2192 2014 2384 2070 passus
2411 2007 2494 2055 est
2523 1999 2575 2054 in
2603 2013 2828 2070 corpore
2867 2014 2985 2064 suo,
3015 1997 3107 2053 sed
3132 1995 3418 2050 malefacta

1828 2087 2186 2146 Sodomorum
2225 2101 2278 2146 et
2327 2090 2836 2147 Gomorrhaeoruum
2871 2090 2920 2146 ei
2957 2088 3172 2144 fuerunt
3214 2087 3418 2158 passio.

1825 2178 2113 2238 Patiunlur
2135 2181 2319 2238 ﬁdeles
2349 2182 2490 2238 male
2519 2181 2656 2238 facta
2679 2182 3034 2254 quorumdam
3058 2181 3108 2237 in
3133 2180 3372 2236 Ecclesia
3400 2197 3415 2232 :

1825 2275 1878 2329 iu
1909 2273 2289 2332 festivitatibus
2334 2283 2632 2347 martyrum
2672 2285 2726 2332 et
2754 2284 3071 2332 creterorum
3103 2283 3414 2330 sanctorum

1826 2353 1891 2426 ad
1923 2371 2221 2430 Ecclesiam
2265 2381 2615 2440 concurrunt,
2664 2389 2770 2430 non
2803 2381 2862 2426 ut
2900 2371 2973 2427 ibi
3018 2371 3184 2427 velint
3228 2386 3418 2442 pacem

1824 2463 2044 2531 habere,
2071 2464 2164 2519 sed
2195 2464 2456 2529 insanire,
2490 2481 2596 2519 non
2635 2480 2812 2527 orare,
2844 2465 2938 2519 sed
2963 2461 3239 2518 insultare.
3275 2461 3418 2528 Quo-

1825 2572 1944 2611 rum
1989 2555 2174 2612 talium
2222 2557 2571 2629 symphonias
2614 2568 2668 2613 et
2713 2557 3104 2612 modulationes
3141 2555 3423 2625 patiuntur

1824 2647 2024 2716 sancti,
2056 2648 2180 2719 quia
2212 2649 2547 2719 propositum
2577 2659 2660 2704 est
2687 2649 2938 2704 omnibus
2961 2648 3063 2719 piis
3089 2647 3197 2718 pati
3227 2661 3415 2717 perse-

1824 2739 2092 2794 cutionem
2125 2739 2194 2794 ab
2224 2739 2420 2811 impiis.
2449 2741 2554 2797 Pro
2584 2741 2779 2812 quibus
2817 2740 3012 2796 talibus
3035 2739 3297 2794 orandum
3333 2745 3418 2793 est

1824 2840 1906 2899 ut,
1937 2832 2158 2888 dimissa
2189 2834 2424 2901 insania,
2459 2834 2748 2906 aliquando
2779 2834 2918 2889 intra
2969 2833 3204 2903 parietes
3231 2831 3414 2886 Eccle-

1824 2927 1918 2983 sia:
1939 2929 2244 2998 percutiant
2265 2940 2450 2999 pectus
2477 2945 2632 2986 suum
2657 2930 2897 2985 dicentes
2923 2947 2935 2982 :
2966 2927 3127 2992 Deus,
3159 2925 3418 2999 propitius

1823 3030 1931 3074 esto
1947 3021 2072 3075 mihi
2085 3022 2346 3092 peccatori
2362 3020 2514 3092 (Luc.
2533 3022 2710 3093 xvm),
2725 3030 2780 3078 et
2808 3021 2887 3078 sic
2901 3021 3176 3076 nobiscum
3196 3019 3414 3075 dicant:

1898 3109 2059 3173 Deus,
2092 3112 2147 3167 in
2176 3112 2501 3183 adjutorium
2531 3129 2703 3167 meum
2746 3112 2975 3175 intende,
3012 3111 3063 3165 id
3101 3119 3202 3175 est,
3240 3109 3416 3163 inten-

1828 3217 1945 3256 sum
1975 3211 2025 3257 te
2053 3200 2140 3258 fac
2168 3210 2227 3256 ut
2257 3217 2343 3257 me
2370 3201 2628 3272 adiuves:
2656 3201 2898 3265 Domine,
2941 3201 3010 3254 ad
3053 3199 3414 3270 adjuvandum

1825 3308 1905 3346 me
1937 3290 2146 3361 festina.
2178 3289 2314 3348 Nota
2343 3293 2484 3364 quod
2518 3308 2622 3348 non
2673 3293 2794 3349 ideo
2825 3301 2975 3364 rogat
3019 3291 3301 3346 Dominum
3347 3291 3416 3344 ad

1823 3379 2184 3448 adjuvandum
2229 3380 2508 3448 festinare,
2550 3383 2692 3452 quod
2728 3382 2843 3452 ejus
2880 3381 3138 3437 auxilium
3177 3395 3411 3450 unquam

1823 3474 1890 3528 sit
1921 3472 2152 3538 tardum,
2180 3474 2304 3544 quia
2330 3489 2545 3545 semper
2575 3475 2787 3546 adiutor
2815 3483 2898 3530 est
2945 3473 2996 3528 in
3043 3472 3418 3544 opportunita-

1824 3564 2002 3620 tibus:
2034 3562 2161 3636 quia
2199 3565 2432 3635 cupienti
2479 3565 2661 3622 animo
2692 3563 2826 3619 nihil
2865 3564 2998 3619 satis
3024 3562 3330 3625 festinatur,
3358 3571 3415 3616 et

1820 3656 2012 3712 debilis
2039 3659 2273 3714 lmmana
2319 3667 2511 3713 natura
2539 3656 2623 3713 cui
2663 3657 2798 3712 nihil
2827 3656 2960 3712 satis
2984 3654 3228 3711 festinari
3264 3655 3414 3708 vide-

1823 3759 1930 3817 tur,
1952 3751 2242 3824 dicitquod
2269 3752 2355 3808 hic
2380 3751 2657 3822 loquitur:
2694 3749 2932 3816 Domine,
2957 3749 3026 3804 ad
3049 3747 3410 3818 adjuvandum

1820 3857 1902 3896 me
1925 3839 2134 3911 festina.
2161 3840 2588 3913 Confundantur,
2609 3840 2657 3895 id
2680 3847 2784 3906 est,
2804 3840 2994 3911 dignos
3012 3854 3071 3896 se
3089 3839 3409 3895 confusione

1821 3941 2235 4004 recognoscant,
2265 3942 2316 3988 et
2368 3941 2698 3987 revereantur
2726 3931 2964 3987 futurum
3005 3930 3290 4000 judicium,
3319 3931 3409 4001 qui

1818 4036 2060 4098 quwrunt
2105 4027 2335 4082 animam
2380 4042 2551 4081 meam
2600 4025 2667 4080 ad
2705 4024 3138 4096 oppressionem,
3189 4040 3294 4078 non
3343 4024 3413 4076 ad

1821 4120 2196 4177 imitationem.
2223 4119 2538 4174 Aeertantur
2561 4119 2868 4184 retrorsum,
2896 4116 2949 4172 id
2977 4125 3079 4183 est,
3105 4113 3410 4170 inefficaces

1820 4213 1953 4269 ﬁant
1977 4213 2068 4284 qui
2095 4212 2402 4284 praecedere
2423 4210 2694 4278 volebant,
2715 4219 2770 4268 et
2794 4219 3087 4268 retrorsum
3115 4217 3410 4282 ponantur,

1820 4303 1873 4358 id
1902 4312 2004 4369 est,
2038 4318 2137 4360 nos
2183 4302 2379 4357 imitari
2421 4301 2705 4356 studeant:
2732 4309 2778 4355 et
2804 4300 3106 4354 erubescant
3140 4315 3244 4353 non
3294 4307 3409 4351 tan-

1821 4400 1931 4447 tum
1958 4393 2047 4462 qui
2082 4392 2218 4447 mala
2243 4391 2505 4458 fecerunt,
2528 4391 2621 4447 sed
2646 4391 2946 4445 erubescant
2967 4390 3129 4444 etiam
3151 4389 3240 4458 qui
3266 4385 3408 4440 mala

1817 4483 1946 4538 mihi
1968 4485 2162 4539 volunt.
2191 4482 2324 4539 Nota
2349 4484 2436 4539 hic
2454 4483 2662 4538 diversa
2686 4490 2925 4552 tempora
2948 4479 3406 4550 persecutionum:

1822 4589 2008 4637 unum,
2033 4573 2249 4644 quando
2277 4574 2508 4645 impetus
2533 4587 2861 4644 paganorum
2887 4571 3039 4626 saevit
3065 4571 3118 4625 in
3145 4570 3416 4626 Christia-

1825 4681 1923 4721 nos
1949 4683 1962 4732 ;
1995 4666 2136 4721 aliud
2158 4666 2373 4736 quando
2393 4665 2533 4719 mala
2559 4664 2805 4720 voluntas
2827 4663 3255 4719 Christianorum
3281 4677 3394 4732 per-

1825 4760 2068 4831 sequitur
2098 4758 2312 4819 ﬁdeles;
2343 4757 2483 4828 quod
2513 4757 2689 4813 adhuc
2718 4757 2876 4813 durat
2904 4757 2956 4811 in
2991 4755 3249 4822 Ecclesia,
3276 4770 3416 4826 quo-

1826 4852 1972 4907 niam
2002 4859 2056 4905 et
2084 4850 2127 4905 si
2161 4849 2415 4919 haptizati
2447 4857 2572 4906 sunt
2611 4864 2764 4920 reges
2791 4851 2982 4920 pagani
3022 4858 3076 4904 et
3103 4859 3412 4920 persecuto-

1826 4957 1914 4998 res
1943 4941 2146 5008 czeteri,
2189 4957 2294 4997 non
2337 4947 2420 4997 est
2467 4953 2645 4997 tamen
2681 4942 2982 5012 baptizatus
3013 4941 3276 5007 diabolus,
3319 4942 3412 5010 qui

1825 5035 2034 5091 occulte
2077 5035 2228 5090 saevit
2272 5049 2369 5104 per
2410 5035 2674 5100 occultos,
2710 5034 2760 5089 id
2795 5043 2894 5098 est,
2929 5049 3027 5104 per
3054 5035 3224 5090 malos
3253 5033 3409 5089 Chri-

1826 5126 2049 5182 stianos.
2097 5127 2410 5180 Avertantur
2455 5127 2631 5180 statim
2689 5125 3040 5180 erubescentes
3083 5124 3172 5193 qui
3230 5124 3411 5178 dicunt

1827 5216 1993 5271 milii:
2024 5217 2191 5289 Euge,
2213 5234 2357 5289 euge.
2386 5216 2520 5274 Nota
2542 5217 2648 5273 duo
2667 5232 2862 5287 genera
2886 5217 3248 5281 inimicorum,
3276 5217 3411 5270 vitu-
3511 5293 3513 5295 ι

1826 5311 2128 5381 perantium
2177 5321 2233 5367 et
2275 5311 2627 5368 adulantium.
2673 5311 2740 5366 Et
2769 5311 3022 5382 quoniam
3062 5325 3202 5380 saepe
3240 5310 3414 5380 magis

1829 5403 2056 5457 devocat
2084 5402 2261 5472 lingua
2291 5401 2585 5457 adulatoris
2613 5415 2773 5470 quam
2804 5415 2996 5456 manus
3023 5396 3415 5465 interfectoris,

1827 5493 1994 5550 dicit:
2023 5493 2334 5548 Avertantur
2353 5495 2549 5557 statim,
2574 5491 2626 5546 id
2646 5499 2748 5557 est,
2773 5489 3012 5554 indilate,
3043 5499 3096 5544 et
3115 5489 3414 5544 erubescen-

1827 5601 1900 5645 tes
1926 5589 1992 5644 de
2016 5589 2122 5644 vita
2151 5588 2442 5660 prasterila,
2463 5587 2554 5658 qui
2583 5586 2759 5640 dicunt
2789 5585 2919 5638 mihi
2939 5601 2959 5640 :
2984 5584 3148 5655 Euge,
3180 5600 3326 5654 euge,
3356 5584 3409 5638 id

1828 5691 1930 5747 est,
1956 5682 2046 5752 (μή
2071 5681 2368 5737 adulatorie
2393 5679 2613 5732 laudant
2637 5677 2780 5746 quod
2808 5675 3132 5733 laudandum
3154 5692 3259 5748 non
3283 5685 3366 5733 est
3393 5695 3409 5730 :

1829 5775 1900 5828 illi
1948 5784 2270 5830 avertantur.
2315 5773 2389 5827 Ex
2416 5771 2659 5842 opposito
2697 5777 2876 5824 autem
2921 5770 3175 5825 exsultent
3222 5787 3268 5824 et
3310 5769 3412 5824 Iw-

1829 5876 2002 5920 tentur
2029 5865 2079 5921 in
2109 5876 2176 5935 te,
2207 5881 2312 5923 non
2355 5865 2408 5921 in
2448 5875 2526 5932 se,
2555 5877 2729 5918 omnes
2769 5862 2856 5934 qui
2895 5872 3136 5934 quierunt
3166 5870 3215 5918 te
3254 5862 3414 5935 bouis
