3918 6426
586 358 689 414 εςοό

1219 358 1477 418 REMlGll
1511 352 2168 418 ANTISSIODORENSIS
2203 355 2356 414 OPP.
2394 355 2593 415 PARS.
2633 358 2673 413 l.
2700 390 2773 463 :—
2820 359 3227 416 EXEGETICA.
3710 366 3787 423 5M

580 469 856 553 operibus,
894 479 941 526 et
969 473 1058 543 qui
1085 473 1310 544 diligunt
1343 476 1576 533 salutare
1620 487 1792 542 tuum,
1826 477 2001 531 dicant
2040 489 2176 530 sem-
2201 477 2250 536 Α
2284 488 2303 521 ι
2347 475 2662 528 countswne
2687 480 2743 528 et
2771 476 2974 544 pudore
3002 474 3093 545 qui
3125 484 3367 545 qumrunt
3394 474 3528 531 mala
3553 476 3686 533 mihi.
3709 479 3791 552 Ego

578 578 692 632 per,
725 562 778 618 id
804 571 909 630 est,
943 563 996 618 in
1036 564 1183 621 onmi
1216 574 1474 638 tempore,
1502 568 1866 639 magniﬁcetur
1888 565 2166 628 Dominus,

585 668 864 723 nunquam
912 669 1125 723 servus,
1176 658 1540 729 magni/iretur
1591 659 1644 714 in
1690 657 1996 729 prosperis.
2044 653 2167 726 (luia

583 744 900 800 consolatur
941 763 956 801 :
1008 748 1372 819 magniﬁcetur
1410 749 1465 805 in
1518 749 1802 817 adversis,
1853 749 1980 820 quia
2045 762 2169 804 cor-

585 836 730 905 rigit.
762 834 1024 894 Peccator
1053 839 1149 895 es?
1171 841 1556 911 magniﬁcetur,
1580 841 1705 912 quia
1735 849 1785 899 te
1812 848 2010 906 vocat;
2043 855 2169 895 con—

590 927 798 984 ﬁtcris?
821 931 1204 1002 magni/iretur,
1233 933 1358 1004 quia
1400 934 1656 1007 ignoscit;
1683 935 1828 1007 juste
1857 934 2030 990 vivis?
2056 950 2171 990 ma-

582 1020 889 1091 gniﬁcetur,
914 1024 1040 1093 quia
1088 1025 1264 1094 regit;
1328 1027 1735 1098 persevcrabis?
1784 1028 2167 1100 magniﬁcetur,

587 1110 711 1179 quia
744 1121 796 1166 te
818 1111 1160 1183 gloriﬁcabit.
1190 1114 1383 1172 Dicant
1405 1133 1652 1189 semper:
1673 1118 2042 1192 Magni/icetur
2066 1121 2171 1177 Do-

580 1201 801 1254 minus:
832 1203 899 1258 de
950 1219 1008 1260 se
1053 1212 1232 1261 autem
1277 1208 1420 1263 dicat
1463 1210 1855 1281 unusquisque,
1899 1210 2010 1283 Ego
2050 1228 2170 1267 vero

580 1306 772 1366 egenus
797 1303 848 1348 et
874 1311 1072 1365 pauper
1100 1314 1236 1362 sum,
1267 1305 1322 1353 et
1360 1298 1481 1356 ideo
1527 1309 1606 1366 ttt,
1645 1300 1809 1368 Deus,
1851 1302 2044 1373 adjtwa
2090 1318 2171 1357 me

580 1383 671 1452 qui
721 1384 987 1443 damnasti
1032 1404 1116 1444 me
1159 1390 1413 1446 rebellem
1464 1392 1747 1448 adversmn
1799 1402 1868 1449 te.
1903 1394 1970 1449 Et
2007 1392 2170 1450 debes

582 1473 863 1543 adjuvare,
891 1478 1016 1548 quia
1041 1490 1097 1534 tu
1129 1497 1181 1535 es
1210 1480 1425 1552 adjutor
1450 1498 1597 1537 meus
1626 1483 1679 1537 in
1702 1483 1879 1549 bouis,
1910 1494 1958 1538 et
1979 1483 2174 1539 libera-

582 1578 664 1623 tor
692 1586 837 1625 meus
863 1571 918 1626 in
950 1572 1145 1628 malis:
1175 1582 1230 1630 et
1276 1575 1396 1630 ideo
1424 1586 1503 1642 tu,
1548 1576 1790 1641 Domine,
1832 1594 1893 1632 ne
1931 1578 2167 1641 moreris,

581 1648 636 1718 id
665 1671 769 1722 est.
812 1679 877 1719 ne
903 1666 1189 1736 permittas
1235 1676 1293 1720 ut
1338 1668 1473 1724 mihi
1500 1669 1736 1725 videaris
1763 1667 1984 1734 morari,
2010 1676 2064 1723 et
2105 1683 2172 1723 ne

581 1757 714 1813 mihi
757 1759 1002 1815 videatur
1049 1760 1256 1815 tardum
1307 1763 1449 1832 quod
1499 1778 1528 1818 a
1581 1773 1632 1818 te
1678 1774 1761 1819 cst
1791 1762 2078 1833 prmvisum
2117 1768 2171 1816 et

2280 579 2300 613 ι
2345 569 2525 617 autem
2556 577 2771 634 semper
2800 566 3050 635 sperabo,
3089 572 3146 622 et
3176 565 3423 636 adjiciam
3453 582 3604 638 super
3623 584 3790 625 omnem

2278 638 2298 703 ε
2341 651 2550 707 laudem
2608 662 2777 709 tuam.
2832 655 2907 712 Os
2954 672 3135 712 meum
3190 657 3525 713 annuntiahit
3579 657 3792 728 justitiam

2276 761 2295 795 ι
2343 752 2510 811 tuam,
2545 752 2650 801 tota
2693 745 2779 801 die
2820 745 3058 804 salutare
3110 755 3278 803 tttum.
3323 747 3581 816 Quoniam
3620 767 3709 806 non
3730 768 3796 806 co-

2277 853 2297 886 ι
2341 836 2500 907 gnovi
2550 836 2931 906 litteraturam,
2958 822 3199 896 introibo
3220 842 3273 896 in
3306 842 3570 912 potentias
3596 842 3793 898 Domini:

2276 948 2296 982 ι
2342 928 2585 996 Domine,
2615 934 2958 990 memorabor
2980 933 3205 1007 justitia:
3236 944 3338 991 tuae
3364 934 3545 992 solius.
3570 937 3712 1001 Deus,
3733 940 3797 993 do-

2278 1041 2297 1075 ι
2343 1022 2501 1079 cuisti
2533 1040 2619 1080 me
2644 1040 2673 1078 a
2700 1027 2980 1093 juventute
3006 1043 3145 1094 mea,
3178 1037 3231 1083 et
3262 1044 3432 1101 usque
3458 1045 3594 1084 nunc
3619 1047 3797 1101 pronun-

2276 1131 2295 1164 ι
2343 1114 2486 1170 tiabo
2510 1114 2774 1170 mirabilia
2802 1125 2913 1173 tua.
2954 1117 3022 1173 Et
3045 1134 3218 1189 usque
3259 1119 3310 1175 in
3354 1130 3616 1176 senectam
3660 1134 3706 1177 et
3737 1139 3798 1179 se.

2277 1224 2297 1256 ι
2344 1205 2513 1270 nium,
2542 1207 2702 1272 Deus,
2731 1223 2800 1263 ne
2829 1208 3171 1281 derelinquas
3200 1227 3304 1267 me.
3339 1212 3516 1267 Donec
3544 1216 3795 1269 annuutiem

2277 1312 2296 1345 ι
2343 1296 2624 1351 brachium
2655 1306 2802 1353 tuum
2826 1302 3159 1373 generationi
3189 1303 3334 1358 omni
3364 1320 3483 1375 quae
3504 1315 3701 1361 ventura
3724 1316 3794 1363 est.

2279 1404 2295 1437 ι
2342 1387 2643 1444 Potentiam
2675 1399 2819 1446 tuam
2845 1401 2900 1447 et
2918 1393 3185 1464 justitiam
3217 1404 3386 1460 tuam,
3418 1397 3572 1461 Deus,
3600 1414 3741 1469 usque
3761 1400 3793 1453 in

2277 1498 2296 1529 ι
2343 1479 2602 1535 altissima
2633 1497 2752 1552 quae
2778 1481 2951 1540 fecisti
2980 1486 3246 1557 magnalia
3275 1505 3288 1542 :
3318 1487 3480 1552 Deus,
3520 1489 3632 1558 quis
3656 1489 3795 1545 simili;

2277 1588 2295 1621 ι
2341 1570 2476 1624 tibi?
2505 1570 2746 1638 Quantas
2774 1575 3054 1630 ostendisti
3102 1576 3232 1631 mihi
3265 1577 3628 1633 tribulatioues
3655 1579 3795 1634 multis

2279 1678 2297 1712 ι
2343 1669 2398 1717 et
2422 1661 2624 1719 malas!
2650 1672 2703 1717 et
2728 1680 3023 1722 conversus
3048 1667 3329 1724 viviﬁcasti
3359 1686 3465 1734 me.
3493 1680 3543 1726 et
3566 1671 3625 1727 de
3641 1672 3795 1742 abyssis

2279 1769 2297 1803 ι
2345 1760 2502 1808 terrm
2551 1754 2746 1810 iterum
2776 1756 3032 1813 reduxisti
3075 1773 3181 1813 me.
3228 1759 3795 1833 Multiplicastimagxtiﬁ-

582 1858 857 1905 servatum
887 1851 1039 1916 mihi,
1070 1867 1192 1907 cum
1222 1868 1358 1923 opus
1385 1862 1488 1909 est.
1520 1853 1676 1920 Nam,
1699 1853 1784 1909 cui
1818 1855 2028 1908 videtur
2059 1862 2145 1907 tar

2278 1862 2297 1896 ι
2340 1846 2573 1902 centiam
2613 1854 2782 1915 tuam,
2820 1856 2873 1904 et
2908 1864 3232 1917 conversus,
3279 1851 3585 1907 consolatus
3629 1869 3679 1908 cs
3720 1868 3791 1906 me.

582 1942 709 1997 dum
742 1944 885 2012 quod
913 1959 943 1998 a
975 1957 1027 1999 te
1064 1953 1145 1999 est
1176 1945 1519 2016 promissum,
1553 1954 1731 2016 potest
1757 1946 2070 2018 contingere
2112 1955 2171 2002 ut

581 2034 797 2089 deﬁciat
821 2036 921 2092 sub
942 2050 1127 2102 onere,
1160 2047 1215 2093 et
1240 2047 1448 2109 quatrat
1472 2038 1524 2093 itt
1557 2039 1747 2094 itinere
1773 2041 1914 2109 quod
1936 2038 2166 2109 promis-

581 2141 700 2178 sum
730 2133 816 2182 est
864 2135 1071 2182 tantum
1126 2128 1177 2183 in
1225 2131 1591 2200 perventione.
1652 2129 1829 2198 Quare
1886 2132 2170 2187 timeamus

578 2213 871 2271 hominum
918 2218 1226 2274 dicentem:
1261 2218 1571 2275 Mementote
1610 2223 1789 2276 uxoris
1837 2221 1969 2277 Loth
2014 2221 2165 2293 (Luc.

578 2308 737 2377 xvn).
766 2305 962 2364 Notum
992 2318 1074 2364 est
1103 2310 1227 2380 quia
1257 2310 1396 2366 Loth
1425 2309 1565 2379 iuste
1593 2314 1725 2368 vixit
1756 2315 1897 2370 inter
1924 2314 2172 2371 Sodomi-

579 2408 687 2464 tas,
723 2408 778 2454 et
806 2398 928 2457 ideo
956 2416 986 2455 a
1015 2402 1242 2459 Domino
1287 2405 1597 2461 admonitus
1640 2415 1723 2461 est
1768 2415 1825 2461 ut
1874 2406 2170 2463 dimitteret

581 2490 897 2559 Sodomam,
922 2502 978 2548 et
1007 2493 1112 2549 iret
1140 2495 1205 2549 ad
1236 2498 1498 2566 quasdam
1529 2498 1778 2555 civitates
1809 2500 1895 2555 ubi
1926 2500 2168 2557 salvare—

578 2597 669 2639 tur
704 2602 733 2640 a
777 2585 1077 2656 perditione
1124 2604 1244 2658 qua:
1293 2590 1606 2646 imminebat
1652 2590 1964 2649 Sodotnitis.
2025 2591 2171 2650 Uxor

578 2686 759 2733 autem
791 2676 928 2747 ejus,
959 2679 1085 2749 quia
1118 2681 1273 2753 longa
1308 2681 1587 2740 videbatur
1613 2685 1718 2752 via,
1755 2686 1942 2743 volens
1970 2687 2171 2744 habere

578 2769 632 2823 in
664 2770 857 2827 itinere
900 2772 1043 2842 quod
1090 2774 1414 2844 promissum
1446 2775 1546 2831 fuit
1574 2777 1626 2833 in
1659 2778 2033 2850 pervcntione,
2078 2795 2170 2836 re-

576 2862 756 2931 spexit
782 2872 836 2917 et
865 2863 917 2919 in
945 2872 1180 2920 statuam
1207 2865 1336 2922 salis
1365 2876 1571 2925 mutata
1597 2878 1679 2926 est
1708 2868 1859 2944 (Gen.
1892 2870 2029 2942 tux).
2057 2871 2171 2928 Nec

576 2953 679 3010 hoc
705 2953 926 3023 frustra,
958 2957 1083 3027 quia
1111 2959 1267 3014 nobis
1294 2958 1451 3016 debet
1493 2975 1611 3016 esse
1636 2962 2062 3019 condimentum.
2093 2961 2171 3019 Ne

576 3045 735 3101 nobis
755 3046 1000 3102 videatur
1025 3048 1235 3105 tardum
1259 3053 1401 3120 quod
1432 3051 1689 3108 divinitus
1708 3062 1791 3111 est
1820 3055 2167 3125 promissum,

578 3140 921 3194 attendamus
947 3156 1067 3196 eam
1096 3154 1485 3211 remanentem,
1514 3152 1568 3199 et
1594 3153 1930 3202 transeamus
1955 3164 1969 3212 ;
1996 3157 2169 3202 atten-

2276 1957 2293 1989 ι
2341 1936 2475 1992 Nam
2511 1947 2564 1992 et
2592 1954 2692 2011 ego
2721 1939 3019 1997 conﬁtebor
3063 1942 3154 1997 tibi
3197 1944 3248 1997 in
3278 1942 3422 1999 vasis
3450 1943 3626 2013 psalmi
3654 1944 3796 1997 verita-

2277 2047 2295 2079 α
2343 2038 2449 2085 tem
2497 2040 2666 2098 tttam,
2713 2032 2876 2099 Deus,
2903 2034 3129 2105 psallam
3161 2035 3253 2091 tibi
3286 2035 3341 2090 in
3388 2036 3610 2101 cithara,
3635 2048 3794 2090 sanctus

2275 2140 2294 2172 ι
2339 2122 2523 2177 Israel.
2555 2123 2911 2179 Exsultabunt
2943 2123 3080 2179 labia
3110 2142 3227 2181 mea
3265 2142 3389 2182 cum
3423 2136 3687 2183 cautavero
3713 2127 3793 2187 tibi,

2276 2232 2294 2265 ι
2338 2217 2595 2270 etauiuta
2629 2232 2744 2270 mea
2787 2234 2946 2287 quam
2989 2220 3283 2275 redemisti.
3319 2220 3427 2276 Sed
3456 2230 3508 2276 ct
3532 2220 3686 2291 lingua
3715 2236 3793 2273 mea

2276 2325 2294 2358 ι
2341 2315 2449 2361 tota
2494 2307 2580 2363 die
2610 2309 3244 2379 meditabiturjustitiam
3276 2320 3449 2377 tuam,
3485 2329 3599 2369 cum
3642 2312 3792 2368 confusi

2276 2419 2293 2452 ι
2340 2410 2394 2456 et
2424 2400 2642 2457 reveriti
2670 2400 2870 2457 fuerint
2903 2403 2994 2474 qui
3030 2413 3280 2474 quarrunt
3305 2405 3449 2460 mala
3478 2406 3615 2461 mihi.
3648 2425 3664 2457 ι

2836 2495 2986 2550 ENA
2997 2495 3130 2552 ΒΗΑ
3143 2496 3290 2554 ΠΟ.

2346 2586 2597 2660 Magnum
2636 2587 2730 2643 Dei
2775 2589 2973 2645 donum
3010 2599 3169 2645 estet
3200 2606 3397 2662 magna
3430 2590 3636 2646 scientia
3667 2588 3792 2645 homi-

2270 2677 2376 2745 nis,
2427 2679 2707 2735 attendere
2762 2690 2817 2735 et
2863 2679 3164 2752 intelligere
3203 2683 3351 2751 qttod
3395 2682 3640 2754 quidquid
3674 2681 3727 2735 sit
3745 2696 3789 2734 ex

2271 2769 2442 2841 gratia
2481 2769 2574 2825 Dei
2615 2771 2726 2835 sit,
2765 2779 2819 2825 et
2860 2770 2995 2825 nihil
3030 2787 3127 2842 per
3162 2788 3220 2827 se
3255 2773 3347 2828 sit.
3392 2772 3522 2828 Nam
3558 2772 3637 2843 qui
3659 2785 3791 2842 pera:

2270 2862 2386 2917 vult
2415 2877 2535 2918 esse
2566 2862 2737 2918 tendit
2765 2863 2833 2918 ad
2864 2878 3135 2920 nonesse.
3167 2863 3268 2932 Qui
3299 2874 3478 2921 autem
3513 2880 3601 2936 per
3622 2862 3787 2935 gratiam

2273 2955 2366 3011 Dei
2409 2955 2587 3011 studet
2625 2955 2859 3012 existere
2889 2965 3073 3012 manet
3106 2957 3159 3012 in
3204 2974 3337 3015 vero
3359 2974 3503 3015 esse.
3545 2957 3701 3015 Gratia
3723 2956 3790 3008 iste

2271 3059 2375 3116 est,
2408 3066 2507 3122 per
2544 3067 2705 3122 quam
2733 3051 2870 3106 cum
2896 3067 3002 3106 non
3027 3066 3271 3108 essemus
3302 3052 3432 3108 facti
3456 3068 3626 3108 sunms
3648 3065 3700 3105 cx
3724 3048 3789 3103 im-

2275 3143 2379 3213 piis
2438 3143 2554 3214 pii,
2598 3158 2663 3199 ex
2715 3143 2940 3199 incestis
2986 3145 3160 3211 casti,
3205 3159 3272 3199 cx
3322 3145 3494 3200 servis
3548 3142 3704 3205 liberi,
3744 3153 3789 3192 ex

579 3231 771 3287 damus
801 3247 919 3286 eam
961 3234 1360 3305 respicientem,
1391 3244 1446 3291 et
1475 3237 1832 3293 extendamus
1863 3252 1961 3295 nos
1991 3239 2044 3294 in
2077 3255 2174 3292 au-
2199 3208 2244 3269 Ο
2277 3234 2551 3290 damnatis
2593 3234 2648 3289 in
2690 3247 2856 3305 regno
2898 3235 3182 3306 assumpti.
3223 3234 3378 3291 lianc
3412 3230 3623 3307 gratiam
3648 3230 3790 3299 ubique

578 3322 799 3386 teriora,
830 3323 1212 3381 obliviscentes
1245 3342 1308 3382 ea
1338 3342 1456 3398 qua:
1487 3337 1633 3384 retro
1662 3339 1807 3393 sunt,
1855 3338 1913 3385 nt
1958 3329 2171 3385 tandem

579 3430 702 3468 cum
738 3414 997 3485 Apostolo
1025 3417 1295 3486 possimus
1341 3419 1521 3476 dicere
1550 3439 1563 3474 :
1600 3419 1679 3475 De
1712 3420 1910 3494 reliquo
1949 3421 2172 3493 reposita

577 3519 653 3564 est
683 3511 810 3565 mihi
836 3527 1032 3566 corona
1061 3512 1288 3582 justitia:
1315 3512 1400 3585 (II
1427 3513 1562 3569 Tim.
1596 3514 1691 3585 tv).

1116 3626 1344 3684 PSALM
1354 3627 1439 3684 US
1474 3627 1638 3684 LXX.

678 3730 912 3772 PSALIIUS
950 3731 1113 3772 υΑνιι)
1151 3733 1405 3772 ι-ἰιιοιιωι
1453 3734 1687 3774 ιοκΑυΑιι
1725 3737 1795 3776 ΕΤ
1836 3734 2071 3777 ιίιιοιιωι

1190 3804 1554 3847 ςλιιτινοιιωι.

655 3896 676 3931 ι
722 3879 777 3935 ln
811 3890 885 3945 te,
930 3881 1180 3948 Domine,
1203 3883 1438 3953 speravi,
1465 3899 1569 3939 non
1608 3882 1909 3938 confundar
1936 3884 1987 3939 in
2017 3894 2171 3941 aiter-

583 3989 602 4021 α
646 3986 799 4036 num,
827 3970 879 4025 in
904 3969 1115 4040 justitia
1148 3981 1238 4026 tua
1267 3972 1434 4028 lihcra
1462 3988 1550 4028 me
1575 3983 1628 4030 et
1654 3973 1802 4046 eripe
1833 3990 1937 4031 me.
1966 3959 2169 4030 Iaclina

581 4079 602 4113 ι
654 4061 721 4116 ad
753 4077 839 4117 me
876 4078 1063 4117 aurem
1111 4070 1281 4130 tuam,
1330 4071 1383 4119 et
1434 4063 1580 4120 salva
1628 4080 1733 4121 me.
1772 4065 1900 4122 Esto
1944 4065 2075 4121 mihi
2117 4066 2170 4121 in

585 4175 605 4207 ι
655 4155 821 4211 Deum
847 4164 1207 4227 protectorem
1236 4166 1289 4212 et
1330 4156 1384 4213 in
1425 4157 1603 4215 locum
1650 4160 1937 4227 munitum,
1965 4171 2024 4216 ιιι
2066 4161 2171 4216 sal-

534 4310 538 4314 _
587 4268 607 4300 ‹
656 4263 777 4303 vum
812 4266 899 4306 me
934 4248 1120 4305 facias.
1151 4249 1416 4318 Quoniam
1462 4249 1862 4308 ﬁrmamentum
1907 4269 2085 4308 meum
2116 4262 2172 4309 et

583 4360 603 4392 ι
649 4340 919 4414 refugium
964 4359 1141 4399 meum
1171 4359 1231 4398 es
1277 4353 1351 4398 tu.
1400 4342 1541 4402 Deus
1587 4361 1762 4411 meus,
1799 4346 1946 4419 eripe
1989 4347 2171 4404 mede

584 4453 601 4484 ι
650 4448 813 4489 manu
839 4434 1161 4505 peccatoris,
1186 4442 1242 4490 et
1270 4436 1335 4490 de
1359 4450 1521 4491 manu
1546 4446 1735 4492 contra
1768 4436 1936 4510 legem
1961 4439 2170 4511 agentis

581 4544 621 4597 ᾳ,
646 4533 703 4580 et
732 4525 922 4595 iniqui.
956 4526 1221 4594 Quoniam
1255 4534 1309 4581 tu
1346 4543 1406 4582 es
1436 4527 1696 4598 patientia
1723 4545 1862 4597 mea,
1895 4529 2119 4586 Domine
2151 4548 2165 4586 :

583 4636 602 4667 ι
653 4616 898 4682 Domine,
930 4633 1053 4689 spes
1086 4634 1201 4673 mea
1233 4634 1262 4672 a
1288 4616 1571 4687 juventute
1608 4634 1748 4674 mea.
1778 4620 1834 4676 ln
1876 4630 1936 4677 te
1967 4621 2167 4678 conﬁr-

586 4728 605 4758 ι
654 4692 832 4764 matus
857 4724 975 4764 sum
1011 4725 1076 4763 ex
1114 4719 1289 4776 utero,
1319 4711 1384 4766 de
1412 4719 1598 4767 ventre
1640 4711 1829 4768 matris
1865 4728 1997 4769 mea:
2025 4722 2078 4768 tu
2111 4728 2171 4770 es

582 4819 604 4853 ι
649 4810 926 4871 protector
952 4818 1122 4858 meus.
1169 4803 1225 4857 lu
1261 4812 1311 4858 te
1345 4804 1581 4860 cantatio
1623 4820 1744 4860 mea
1787 4820 2023 4877 semper,
2056 4815 2174 4861 tan-

585 4913 606 4946 ι
653 4911 814 4964 quam
835 4895 1148 4977 [prodigium
1176 4895 1352 4953 factus
1392 4913 1513 4954 sum
1557 4899 1761 4965 multis,
1789 4908 1843 4956 et
1874 4909 1930 4955 tu
1959 4898 2174 4971 adjutor

586 5009 604 5042 ο
653 4990 832 5047 fortis.
867 4991 1161 5063 [{cpleatur
1197 5007 1260 5049 os
1289 5009 1466 5048 meum
1500 4992 1682 5062 laude,
1711 5003 1770 5051 ut
1813 5005 2024 5052 cantem
2056 4996 2173 5069 glo—

584 5099 604 5132 ι
654 5080 788 5136 riam
824 5094 993 5146 tuam,
1026 5092 1137 5137 tota
1165 5083 1251 5139 die
1281 5085 1706 5153 magnitudinem
1743 5093 1909 5141 tuam.
1943 5085 2020 5143 Ne
2048 5104 2175 5159 pro-

584 5192 603 5224 ι
645 5173 807 5243 jicias
856 5190 942 5230 me
988 5175 1041 5230 in
1089 5183 1329 5245 tempore
1373 5177 1666 5232 senectutis
1700 5194 1713 5231 :
1745 5193 1869 5233 cum
1918 5178 2177 5234 defecerit

585 5287 603 5318 ι
654 5268 828 5323 virtus
858 5282 1002 5334 mea,
1034 5282 1103 5323 ne
1125 5266 1470 5337 derelinquas
1495 5283 1602 5324 me.
1631 5267 1766 5335 Quia
1791 5268 2040 5324 dixerunt
2072 5270 2175 5325 iui-

582 5383 601 5413 ι
651 5362 775 5419 mici
805 5362 912 5418 mei
942 5361 1094 5428 mihi,
1124 5370 1179 5417 et
1203 5362 1293 5431 qui
1327 5362 1703 5417 custodiebant
1732 5363 1965 5417 animam
1994 5378 2171 5419 meam

582 5474 603 5506 ι
648 5455 932 5513 consilium
978 5453 1227 5511 fecerunt
1259 5455 1310 5510 in
1351 5471 1538 5511 unum.
1587 5455 1876 5512 Dicentes:
1908 5458 2049 5513 Deus
2078 5458 2173 5513 de-

582 5568 602 5599 l
652 5549 869 5620 reliquit
893 5563 1040 5614 eum,
1069 5548 1454 5621 persequimini
1484 5558 1538 5605 et
1566 5549 2006 5619 comprehendite
2025 5566 2169 5618 eum,

582 5657 604 5692 ι
651 5641 776 5711 quia
809 5630 916 5697 nan
940 5641 1135 5712 estqui
1168 5640 1381 5712 eripiat.
1414 5640 1571 5709 Deus,
1605 5658 1673 5697 ne
1697 5641 1964 5714 elongeris
1989 5657 2022 5698 a
2062 5659 2168 5700 me:

584 5748 604 5783 ι
654 5730 794 5787 Deus
817 5745 990 5796 meus,
1015 5731 1067 5786 in
1092 5732 1352 5786 auxilium
1376 5746 1555 5787 meum
1579 5732 1808 5803 respice.
1833 5732 2172 5791 Confundan-

585 5840 606 5877 ι
655 5832 740 5881 tur
761 5831 814 5881 et
828 5823 1083 5880 deﬁciant
1104 5824 1450 5881 detrahentes
1469 5823 1661 5880 animae
1684 5840 1839 5894 metu,
1856 5826 2173 5898 operiuntur

2275 3324 2621 3381 commendat
2666 3324 2991 3395 Apostolus,
3037 3335 3093 3381 et
3132 3325 3252 3381 ideo
3288 3324 3507 3381 Judaeos
3534 3322 3693 3379 habuit
3724 3318 3790 3372 iui-

2275 3416 2477 3485 micos,
2517 3416 2607 3487 qui
2648 3416 2715 3473 de
2744 3416 2921 3472 littera
2952 3419 3387 3489 prtesumebant,
3433 3427 3488 3473 et
3513 3417 3585 3473 sic
3610 3432 3635 3469 a
3664 3409 3787 3484 gratia

2274 3509 2624 3566 resiliebant:
2660 3511 3005 3566 commendat
3046 3512 3215 3567 etiam
3251 3512 3539 3583 Apostolus
3567 3511 3612 3564 in
3643 3507 3788 3574 δείρειν

2272 3604 2504 3676 gratiam
2526 3605 2705 3672 istam,
2733 3605 2823 3661 ubi
2856 3605 3020 3660 dicit:
3049 3604 3160 3677 Ego
3181 3622 3298 3660 sum
3328 3607 3565 3661 miniatus
3584 3597 3783 3674 apostolo-

2272 3711 2411 3762 rum,
2430 3695 2520 3768 qui
2540 3711 2640 3749 non
2665 3711 2783 3749 sum
2803 3696 2992 3762 dignus
3014 3697 3185 3750 rocari
3209 3694 3498 3767 apostolus,
3524 3693 3635 3763 quia
3656 3686 3782 3743 Eccle-

2271 3792 2406 3846 sium
2438 3791 2532 3846 Dei
2547 3801 2846 3862 persecutus
2867 3808 2985 3846 sum
3006 3790 3058 3864 (I
3083 3790 3319 3864 Cor.‘xv)
3341 3805 3360 3843 :
3382 3791 3473 3846 sed
3496 3804 3619 3844 nunc
3640 3781 3783 3838 miscri-

2274 3887 2518 3941 cordiam
2542 3895 2848 3941 consecutus
2879 3876 3301 3956 sum,‘qnouiam
3330 3885 3572 3956 ignorans
3593 3883 3638 3934 in
3663 3878 3781 3930 intra.

2271 3974 2491 4031 dulitate
2520 3976 2625 4033 hoc
2674 3977 2776 4047 feci
2816 3974 2869 4048 (Ι
2900 3974 3037 4031 Tim.
3076 3975 3137 4047 ι).
3178 3975 3245 4031 Et
3272 3975 3434 4046 paulo
3473 3966 3784 4062 Pttsleatmlctt't

2271 4065 2616 4121 commendat
2659 4066 2889 4138 gratiam
2914 4106 2930 4132 ,
2972 4065 3093 4121 sic:
3128 4063 3334 4120 Fidelis
3380 4079 3580 4127 sermo,
3615 4070 3654 4113 et
3687 4068 3783 4110 aut!"

2271 4157 2570 4226 acceptione
2598 4159 2787 4230 dignus
2811 4200 2826 4224 ,
2859 4157 2987 4229 quia
3027 4155 3186 4212 Iesus
3222 4156 3462 4212 Christus
3486 4155 3609 4209 venit
3631 4148 3787 4203 inluta:

2272 4250 2526 4305 mundum
2548 4260 2843 4323 peccatores
2868 4249 3041 4305 salvos
3068 4249 3243 4320 facere
3259 4289 3274 4315 ,
3296 4265 3515 4322 quorum
3537 4245 3705 4317 primus
3723 4251 3785 4307 ego

2269 4360 2388 4398 sum
2418 4341 2628 4417 (Ibid.).
2659 4341 2794 4399 Nota
2853 4341 2980 4413 quia
3034 4340 3242 4413 primus
3302 4356 3410 4396 non
3462 4347 3692 4407 tempore,
3723 4326 3785 4383 sed

2270 4434 2479 4508 peccati
2511 4435 2881 4508 magnitudine
2912 4451 2926 4489 :
2962 4433 3053 4490 sed
3094 4432 3511 4489 inisericordiam
3551 4432 3784 4484 causam!"

2273 4545 2424 4594 sum,
2472 4538 2528 4583 ut
2566 4528 2619 4583 iu
2660 4544 2742 4583 me
2781 4529 2951 4599 primo
2992 4537 3280 4599 peccatore
3329 4523 3603 4581 ostenderet
3637 4525 3783 4571 omum

2275 4621 2573 4692 potentiam
2623 4617 3007 4693 [patientiam]
3056 4635 3209 4672 suam
3239 4658 3255 4684 ,
3307 4617 3377 4671 ad
3439 4607 3783 4685 informationem

2271 4712 2555 4783 eorumqui
2569 4710 2820 4764 credituri
2841 4720 2960 4764 sunt
2979 4711 3032 4764 in
3053 4710 3214 4764 vitam
3229 4719 3472 4764 a’ternam
3490 4703 3535 4776 (1
3541 4699 3670 4770 bid.).
3686 4693 3783 4790 Tati-

2274 4821 2437 4876 quam
2470 4805 2514 4860 si
2549 4803 2754 4859 diceret
2786 4817 2799 4856 :
2825 4800 2967 4856 Nulli
2999 4810 3083 4857 est
3103 4801 3494 4872 desperandum
3524 4795 3585 4850 de
3611 4794 3782 4863 peccans

2274 4900 2421 4965 suis,
2453 4899 2578 4970 quia
2625 4898 2754 4954 mihi
2798 4898 2890 4969 qui
2931 4907 3082 4954 tanta
3122 4896 3369 4953 commisi
3397 4893 3667 4949 cmtdouata
3698 4882 3782 4935 sm“

2276 5002 2524 5066 peccata.
2574 4991 2896 5048 Consideret
2941 5006 3071 5064 ergo
3110 4992 3341 5062 quisque
3379 4987 3503 5043 mibi
3549 4978 3779 5074 continuata

2279 5103 2400 5144 esse
2430 5096 2682 5159 peccata,
2726 5094 2781 5142 et
2816 5101 2925 5142 non
2956 5085 3243 5156 desperet,
3283 5083 3405 5139 licet
3444 5078 3597 5136 multa
3628 5069 3782 5171 eissittl

2278 5189 2500 5251 peccata
2527 5196 2540 5233 :
2570 5178 2665 5235 sed
2702 5178 2881 5249 potius
2909 5192 3207 5233 conversus
3244 5175 3489 5245 imploret
3515 5167 3597 5225 Dei
3630 5167 3781 5260 misct't'

2278 5275 2516 5329 con-diam
2542 5313 2558 5340 ,
2601 5281 2656 5329 et
2703 5283 2886 5344 speret
2918 5281 3264 5344 peccatorum
3300 5270 3523 5325 veniam.
3554 5264 3653 5332 Ipse
3677 5263 3778 5353 εξιυιξ

2277 5364 2539 5420 Dominus
2581 5363 2713 5419 dicit
2755 5363 2810 5418 in
2844 5364 3174 5435 Evangelio,
3223 5358 3588 5419 commendans
3604 5351 3777 5422 gramm

2276 5474 2429 5515 suam
2477 5458 2591 5514 sic:
2633 5457 2755 5511 Non
2785 5458 2896 5512 ueni
2938 5473 3122 5512 uocare
3153 5456 3361 5527 justas,
3390 5452 3476 5508 sed
3516 5449 3774 5535 peccaturo.

2274 5564 2450 5619 neque
2483 5558 2558 5604 est
2605 5565 2734 5620 opus
2773 5547 2923 5603 sanis
2963 5525 3217 5612 medicus,
3246 5548 3335 5602 sed
3375 5542 3504 5599 male
3539 5525 3774 5620 habent»?

2274 5611 2492 5714 (Matth.
2520 5611 2807 5711 1x).'llanc
2839 5639 3069 5712 gratiam
3107 5611 3443 5696 commendat
3470 5630 3641 5699 ultique
3658 5611 3773 5714 ‘99P:

2274 5701 2395 5789 inus
2454 5701 2592 5800 iste,
2634 5732 2790 5803 cujus
2836 5701 3026 5788 iitulus
3068 5730 3193 5788 talis
3230 5738 3351 5786 est:
3394 5723 3615 5781 Psalmus
3648 5701 3772 5803 De"?

2274 5826 2508 5895 ﬁliorum
2547 5792 2790 5881 Ionadab
2838 5835 2888 5881 et
2931 5826 3168 5897 priorum
3218 5822 3540 5894 captivorum.
3584 5792 3769 5864 Jonadab
