3918 6424
199 391 300 449 ⁵λῶ

1318 388 1846 447 ENAliRATlONES
1885 387 1948 442 IN
1972 387 2331 445 .PSALMOS.

3353 387 3462 444 506

195 508 585 577 interpretatm'
626 515 942 573 spontaneus
996 506 1224 560 Domini.
1277 506 1408 574 Quis
1460 515 1638 560 autem
1689 510 1770 559 est
1801 509 1846 563 Α
1876 502 2414 572 incorruptibilitatis.
2442 502 2580 558 Ecce
2606 503 2694 559 hic
2732 511 2990 559 notantur
3020 503 3109 558 ﬁlii
3132 504 3376 561 Jouadah
3399 506 3458 561 in

195 609 547 666 spontancus,
581 600 683 680 nisi
709 600 801 669 qui
831 601 998 670 gratis
1029 601 1152 654 colit
1181 600 1393 654 Deum?
1438 600 1587 655 Unde
1617 599 1742 652 illud
1766 638 1779 662 ,

203 689 514 746 Voluntarie
538 693 845 762 sacriﬁcabo
877 694 966 747 tibi
996 691 1171 763 (l’sal.
1202 693 1340 762 Llll).
1368 693 1519 747 lluue
1541 691 1783 747 Ionadab

192 782 541 836 Commendat
567 783 722 837 nobis
743 782 1085 840 etJeremias
1109 783 1160 836 in
1187 782 1467 853 prophetia
1499 798 1615 837 sua.
1646 780 1785 834 Dicit

191 871 341 924 enim
391 873 513 940 quia
560 873 674 940 ipse
714 872 954 928 Jonadab
995 874 1341 945 praecepisset
1386 873 1510 928 ﬁliis
1553 873 1688 938 suis,
1717 885 1784 927 ne

190 959 384 1012 vinum
415 960 660 1015 biberent
689 969 744 1015 et
772 978 837 1016 ne
869 963 921 1016 in
963 964 1210 1017 domibus
1238 1003 1252 1026 ,
1297 963 1391 1018 sed
1435 963 1488 1016 in
1531 963 1785 1016 taberna-

189 1053 334 1108 ClliiS
363 1061 566 1107 tantum
595 1055 905 1110 habitarent
928 1057 1070 1120 Filii,
1097 1057 1220 1126 quia
1249 1058 1301 1111 in
1328 1065 1598 1126 praecepto
1618 1055 1784 1126 patris

189 1155 706 1214 perseveraverant,
733 1147 852 1202 ideo
875 1148 1117 1202 benedici
1143 1165 1170 1202 a
1201 1149 1427 1204 Domino
1449 1156 1780 1212 meruerunt;

190 1249 305 1287 non
342 1236 486 1304 quod
517 1235 728 1290 Domini
756 1248 1082 1308 praeceptum
1130 1249 1275 1294 esset
1317 1255 1385 1293 ne
1417 1240 1600 1293 vinum
1632 1238 1782 1294 bibe-

191 1331 358 1387 rent,
383 1325 475 1378 sed
505 1325 629 1395 quia
665 1325 716 1379 in
745 1338 1015 1397 przrcepto
1041 1329 1210 1398 patris
1233 1330 1619 1399 permanebant
1649 1328 1779 1399 (Jer.

189 1416 386 1484 xxxv).
431 1415 582 1480 Quod
627 1415 906 1487 Scriptura
952 1419 1194 1490 prtccipit
1231 1419 1352 1475 sic:
1409 1418 1554 1484 Filii,
1585 1419 1784 1473 obedite

190 1507 446 1574 patribus
471 1508 648 1561 vestris
685 1509 844 1579 (Epit.
874 1526 967 1576 vt;
1005 1510 1116 1565 Col.
1151 1515 1251 1584 ιιι).
1300 1510 1670 1568 Obediendum
1702 1518 1787 1566 est

187 1611 414 1666 semper
444 1598 604 1667 patri,
631 1599 735 1653 nisi
765 1611 952 1655 contra
976 1613 1302 1674 prteccptnm
1335 1603 1547 1657 Domini
1581 1603 1783 1673 aliquid

186 1686 496 1756 praecipiat.
514 1687 742 1744 Istorum
769 1693 1072 1748 obedientia
1093 1695 1413 1765 proponitur
1433 1696 1586 1750 nobis
1611 1696 1663 1749 in
1685 1695 1783 1752 hoc

187 1777 426 1846 psalmo,
469 1790 525 1833 ιιι
556 1796 674 1834 eam
708 1783 1004 1848 imitemur,
1036 1795 1090 1840 et
1121 1795 1471 1856 comparatur
1510 1786 1623 1841 lucc
1652 1787 1782 1842 obe-

1883 596 2188 651 obedlentia
2221 606 2646 666 perseverantes,
2671 598 2900 666 gratiam
2929 610 3252 668 qum-rentes,
3300 615 3458 654 suam

1884 686 2252 755 captivitatem
2280 688 2642 744 attendentes.
2681 688 2737 744 Si
2768 699 2944 744 autem
2977 691 3177 758 primos
3221 691 3463 759 captivos

1883 780 2197 850 accipimus,
2229 795 2324 835 eos
2350 781 2438 850 qni
2471 780 2645 836 adhuc
2675 781 2729 836 in
2761 782 3073 852 captivitate
3099 791 3461 846 remanentes,

1883 887 1980 942 per
2003 873 2227 942 gratiam
2261 873 2470 927 Domini
2500 873 2719 929 liberari
2757 890 2863 928 non
2903 883 3172 945 quaerunt,
3219 874 3465 942 intelligi-

1885 979 2006 1020 mus
2034 964 2119 1018 hic
2155 964 2409 1036 inculpari
2450 966 2660 1020 illorum
2694 966 3132 1026 inobedicntiam,
3155 981 3278 1020 cunt
3323 966 3460 1019 lilio-

1885 1071 2002 1108 rum
2048 1054 2290 1111 Jonadah
2345 1058 2662 1126 proponitur
2713 1056 2866 1112 nobis
2909 1057 3232 1111 obedientia.
3279 1054 3467 1109 Potest

1884 1161 2003 1201 esse
2031 1147 2194 1202 etiam
2224 1148 2276 1202 in
2308 1147 2408 1203 hoc
2431 1149 2636 1219 psalmo
2667 1164 2768 1204 vox
2797 1149 2991 1219 capitis
3015 1149 3206 1212 nostri,
3239 1147 3465 1202 transfe-

1885 1237 2057 1291 rentis
2095 1237 2149 1291 in
2181 1253 2241 1294 se
2276 1253 2458 1293 vocem
2488 1241 2878 1305 membrorum,
2909 1250 2963 1294 et
2992 1240 3070 1295 sic
3111 1255 3210 1308 pro
3257 1240 3336 1295 eis
3385 1240 3465 1292 di-

1885 1330 2060 1384 centis
2091 1345 2105 1384 :
2141 1330 2207 1384 In
2237 1341 2303 1396 te,
2332 1332 2570 1398 Domine,
2617 1333 2850 1402 speravi,
2922 1350 3024 1387 non
3068 1333 3366 1404 confundar
3412 1334 3467 1386 in

1885 1430 2157 1488 retentum,
2192 1423 2244 1475 in
2259 1419 2474 1492 justitia
2501 1435 2590 1478 tua
2614 1424 2774 1478 libera
2805 1441 2905 1478 me.
2963 1425 3029 1480 Et
3051 1435 3109 1478 ut
3139 1441 3226 1480 me
3266 1425 3466 1495 eripias

1885 1522 1942 1566 et
1964 1511 2181 1577 liberes,
2213 1515 2410 1568 inclina
2439 1516 2506 1569 ad
2532 1533 2611 1569 me
2637 1533 2817 1570 aurem
2843 1527 3010 1581 tuam,
3047 1526 3100 1570 ttt
3125 1517 3264 1570 altus
3291 1519 3354 1570 ad
3383 1533 3467 1571 me

1888 1603 2176 1672 humilem;
2212 1615 2265 1658 ιιι
2292 1606 2532 1660 medicus
2553 1605 2618 1660 ad
2647 1623 2732 1660 me
2752 1618 3010 1676 aegrotum
3041 1624 3054 1659 :
3083 1617 3129 1660 ct
3161 1607 3464 1671 inclinatus,

1886 1695 2032 1750 salva
2056 1712 2137 1751 mc
2165 1697 2341 1752 taliter
2376 1716 2389 1752 :
2417 1698 2544 1752 Esto
2573 1701 2699 1753 mihi
2728 1700 2781 1754 in
2811 1700 2978 1753 Deum
3007 1711 3368 1769 protectorem,
3417 1701 3469 1754 id

1887 1796 1990 1852 est,
2024 1787 2164 1843 Deus
2193 1800 2484 1859 protector,
2517 1806 2581 1846 ne
2603 1792 2877 1860 Opprimar
2903 1793 2971 1846 ab
3016 1793 3266 1858 inimicis,
3298 1803 3352 1847 ct
3392 1793 3470 1846 in-

189 1872 402 1925 dientia
455 1873 834 1931 inobedientizn
877 1879 1113 1948 priorum
1171 1881 1522 1949 captivorum.
1581 1889 1639 1934 ut
1689 1895 1784 1948 per
1819 1870 1856 1927 Β
1887 1879 2096 1933 veniant
2128 1888 2180 1935 te
2201 1879 2370 1934 locum
2397 1883 2676 1946 mutu’tum,
2723 1896 2781 1936 ut
2830 1897 2894 1936 ex
2952 1892 3004 1937 te
3058 1884 3280 1938 habeam
3329 1883 3472 1952 quod

189 1964 560 2018 obedientiam
593 1965 828 2034 filiorum
866 1968 1110 2025 Jonadab
1140 1971 1390 2039 culpetur
1425 1971 1784 2026 inobcdieutia

188 2054 432 2110 filiorum
468 2057 664 2124 Israel,
702 2061 898 2130 quibus
925 2063 1174 2132 pratdixit
1208 2062 1472 2119 Jeremias
1511 2063 1636 2134 quia
1697 2079 1788 2118 ca-

186 2148 572 2218 ptividucendi
596 2162 776 2208 essent
795 2153 845 2208 in
862 2153 1232 2226 Babyloniam,
1261 2173 1360 2211 nec
1385 2157 1438 2212 in
1466 2157 1566 2212 hoc
1593 2156 1788 2211 divina:

186 2244 856 2314 Voluntatiresisterent,
905 2250 1032 2320 quia
1062 2251 1222 2305 aliter
1253 2267 1357 2306 non
1406 2253 1580 2321 potuit
1624 2264 1786 2322 quant

195 2345 254 2389 ut
282 2337 486 2405 captivi
520 2338 885 2393 ducerentur:
912 2343 1160 2410 praalixit
1193 2343 1355 2397 etiam
1385 2345 1784 2414 captivitatem,

193 2439 252 2481 ut
282 2445 344 2484 se
378 2432 746 2502 corrigerent,
782 2435 875 2488 sed
923 2436 1046 2504 quia
1079 2438 1274 2509 corrigi
1316 2438 1638 2494 noluerunt:
1672 2441 1790 2497 ideo

190 2524 397 2592 captivi
457 2524 581 2578 ducl
637 2531 971 2581 meruerunt.
1036 2528 1265 2584 Istorum
1315 2531 1678 2588 inobedientia
1737 2544 1791 2588 et

188 2615 430 2682 ﬁliorum
472 2615 718 2670 Jonadab
757 2619 1061 2674 obedientia
1107 2621 1378 2677 coloratus
1422 2633 1499 2678 est
1553 2625 1791 2695 psalmus

192 2708 300 2761 iste
345 2725 360 2760 :
407 2723 634 2777 quormn
700 2709 948 2764 videlicet
1009 2712 1312 2767 obedientia
1381 2714 1793 2769 commendatur

192 2798 354 2852 nubis
383 2807 438 2851 ut
463 2815 581 2853 eam
605 2808 906 2854 sectemur:
934 2801 1294 2856 inohedietztia
1321 2813 1500 2857 autem
1524 2803 1789 2875 culpatur,

194 2898 256 2939 ιιι
291 2904 412 2942 eam
443 2885 734 2959 fugiamus.
781 2889 934 2957 Quod
963 2892 1128 2957 dicit,
1158 2895 1389 2962 priorum
1428 2894 1750 2964 captivorum
1775 2937 1790 2961 ,

189 2980 368 3033 mittit
402 2996 498 3035 nos
539 2982 605 3035 ad
632 2983 947 3048 historiam,
979 2999 1083 3053 qua
1123 2984 1320 3056 legitur
1346 2988 1487 3056 quod
1522 2988 1571 3041 in
1599 2989 1790 3058 primo,

188 3085 248 3124 et
300 3073 541 3126 secundo
570 3081 623 3126 et
673 3075 834 3127 tertio
862 3075 1006 3130 ducti
1035 3084 1159 3129 sunt
1206 3076 1258 3129 in
1290 3078 1656 3146 captivitatem
1700 3078 1793 3132 lilii

188 3165 410 3220 Israel:
451 3167 543 3220 sed
573 3169 826 3236 quoniam
879 3167 946 3221 de
989 3166 1132 3221 nulla
1175 3168 1387 3222 illarum
1439 3170 1679 3239 psalmus
1718 3172 1794 3226 lo-

1889 1980 2076 2025 cnntra
2099 1971 2438 2028 inimicorum
2475 1973 2574 2026 tela
2595 1973 2816 2041 jaciam.
2847 1973 2979 2028 Nam
3006 1975 3344 2029 munitiorem
3388 1975 3441 2027 lo

1889 2078 2012 2116 cum
2043 2071 2093 2117 te
2118 2078 2220 2117 non
2245 2065 2680 2133 potestiuvenire
2701 2065 2790 2134 qui
2825 2066 2888 2119 ad
2926 2075 2976 2120 te
3005 2065 3268 2136 confugit.
3315 2065 3472 2135 Legi-

1893 2163 1980 2208 tur
2006 2153 2382 2226 quia‘quidetn
2418 2155 2622 2210 habens
2649 2157 3010 2211 habitaculum
3066 2159 3118 2211 in
3169 2159 3474 2212 firmissimo

1892 2257 2072 2304 monte
2100 2250 2233 2302 vidit
2272 2264 2449 2320 regem
2489 2249 2720 2303 transire
2754 2265 2874 2304 cum
2915 2249 3258 2304 multitudine
3281 2263 3472 2318 magna

1893 2339 2029 2395 bene
2055 2351 2287 2404 armata,
2315 2341 2404 2409 qui
2433 2340 2710 2394 conlidens
2733 2341 2782 2393 in
2811 2339 3036 2394 :edilitrio
3077 2340 3222 2403 forti,
3272 2340 3476 2409 sprevit

1894 2449 2072 2503 regem
2099 2434 2321 2488 dicens:
2353 2431 2466 2487 Non
2501 2433 2690 2503 loquor
2712 2434 2777 2488 de
2801 2443 2872 2486 te.
2905 2433 3001 2487 Cui
3032 2449 3118 2486 rex
3149 2432 3423 2502 respondit
3459 2449 3471 2485 :

1892 2525 2076 2596 Neque
2099 2540 2198 2594 ego
2225 2526 2289 2580 de
2315 2534 2384 2580 te.
2424 2524 2582 2590 Nota,
2616 2527 2660 2580 si
2690 2541 2914 2580 securus
2965 2525 3064 2580 iste
3109 2524 3208 2579 fuit
3249 2525 3316 2578 ab
3382 2525 3482 2578 ho-

1877 2611 2068 2673 istil:us
2098 2635 2195 2690 pro
2225 2619 2521 2673 munitione
2555 2620 2752 2674 terreni
2811 2619 2933 2686 loci,
2990 2631 3191 2691 quanto
3235 2619 3480 2674 securior

1894 2719 2068 2781 potest
2105 2725 2224 2765 esse
2247 2711 2339 2780 qui
2372 2709 2674 2781 confugerit
2704 2712 2770 2764 ad
2800 2713 2982 2774 Deum,
3039 2713 3134 2782 qui
3182 2712 3309 2766 fecit
3363 2727 3476 2764 cte-

1875 2801 2002 2855 .lum
2031 2810 2084 2856 et
2113 2800 2348 2854 terram?
2370 2799 2519 2867 Quod
2545 2801 2632 2855 hic
2652 2799 2783 2856 dicit
2809 2819 2823 2856 :
2855 2801 2984 2856 Esto
3029 2803 3154 2856 mihi
3197 2805 3249 2856 in
3305 2802 3479 2855 locum

1895 2893 2172 2957 munitum,
2200 2886 2254 2945 ut
2275 2891 2474 2947 salvum
2506 2909 2584 2946 me
2606 2893 2792 2962 facias.
2845 2893 2909 2948 Et
2935 2902 3083 2947 tuum
3125 2903 3212 2948 est
3253 2909 3337 2946 me
3375 2893 3452 2947 sal

1896 3001 2020 3039 vum
2048 2985 2514 3055 facerc,quoniam
2551 2994 2604 3038 ιιι
2648 3000 2706 3038 es
2757 2985 3375 3054 ﬁrmamentummeum,
3426 2984 3480 3038 id

1898 3087 2001 3140 est,
2027 3090 2111 3130 mc
2134 3076 2345 3130 firmum
2373 3074 2575 3131 faciens
2603 3078 2654 3130 in
2683 3076 2982 3146 proposito,
3005 3087 3050 3130 et
3069 3086 3122 3129 tu
3148 3093 3200 3130 es
3221 3076 3480 3146 refugium

1871 3185 2089 3233 'meum,
2120 3169 2244 3238 quia
2274 3185 2377 3222 non
2411 3169 2627 3222 invenio
2653 3183 2759 3238 quo
2791 3176 2844 3223 te
2883 3168 3082 3239 fugiam
3133 3173 3326 3223 iratum
3378 3167 3480 3222 nisi

188 3259 409 3328 quitur,
433 3258 790 3330 intelligamus
807 3259 1038 3330 primam
1060 3237 1453 3330 captivitatem,
1475 3264 1645 3334 inqua
1664 3280 1790 3334 cap-
1822 3237 1864 3297 (δ
1903 3237 2159 3331 refugiant
2183 3263 2248 3316 ad
2279 3271 2329 3316 te
2355 3260 2644 3331 placatum.
2673 3260 2741 3316 Et
2771 3261 2895 3331 quia
2922 3237 2976 3314 tit
3000 3279 3052 3314 es
3083 3263 3365 3331 refugium,
3400 3271 3480 3325 ιιι,

193 3354 355 3405 tivati
381 3369 566 3408 sumus
602 3369 698 3424 per
720 3355 1134 3410 inobedientiam
1164 3355 1320 3427 primi
1353 3359 1610 3426 parentis.
1640 3357 1792 3414 Hanc

191 3444 570 3512 captivitatem
615 3454 764 3499 notat
799 3445 1089 3516 Apostolus
1114 3447 1192 3501 sic
1223 3465 1235 3500 :
1263 3448 1565 3503 V'euundati
1606 3466 1793 3505 stnuns

191 3535 302 3589 sub
326 3547 546 3605 peccato
569 3536 746 3607 (Rom.
776 3537 893 3610 vn).
920 3539 984 3592 Et
1007 3539 1161 3609 paulo
1177 3548 1315 3609 post,
1333 3538 1673 3594 Condelector
1693 3541 1794 3612 legi

192 3625 301 3679 Dei
321 3627 606 3680 secundum
628 3627 924 3682 interiorem
947 3629 1228 3683 hominem.
1263 3627 1422 3684 Video
1443 3641 1614 3684 autent
1631 3630 1793 3684 aliaat

193 3718 366 3788 legem
389 3721 441 3772 in
470 3719 709 3772 membris
736 3722 883 3784 meis,
917 3731 1287 3791 repugnantem
1309 3721 1410 3792 legi
1433 3723 1616 3776 mentis
1645 3738 1791 3786 metr,

192 3821 250 3862 et
287 3811 549 3878 captivum
603 3825 682 3863 me
735 3811 1008 3864 ducentem
1049 3813 1102 3864 in
1141 3810 1250 3881 lege
1292 3814 1490 3882 peccati
1519 3821 1574 3865 ct
1604 3812 1795 3867 mortis

192 3899 418 3970 (lbid.).
438 3900 493 3953 ln
515 3903 614 3955 hac
631 3900 1208 3969 civitatejusteomnes
1221 3904 1420 3958 detenti
1444 3919 1652 3970 sumus,
1668 3906 1792 3975 quia

190 3995 507 4049 dimisimus
535 3995 940 4065 imperatorem,
963 4008 1017 4051 et
1038 3997 1207 4052 secuti
1233 4012 1418 4053 sumus
1440 3999 1794 4065 desertorem,

191 4089 502 4157 imperator
531 4089 692 4153 Deus,
721 4089 969 4145 desertor
993 4089 1259 4144 diabolus.
1311 4090 1609 4162 Imperator
1645 4091 1796 4148 dedit

192 4182 664 4252 praeceptionem,
707 4182 953 4237 diabolus
1015 4184 1282 4254 suggessit
1344 4183 1610 4240 fraudem.
1693 4186 1792 4242 Ubi

191 4291 332 4345 ergo
380 4274 569 4329 oculus
619 4284 741 4330 tuus
791 4275 934 4330 inter
977 4276 1393 4346 pr'eccptionem
1424 4284 1480 4331 et
1516 4275 1796 4332 fraudem?

192 4367 490 4422 Credidisti
521 4367 663 4437 quod
690 4368 938 4437 promisit
967 4368 1234 4433 desertor,
1263 4376 1318 4424 et
1353 4369 1602 4424 invenisti
1651 4371 1796 4440 quod

194 4460 441 4514 minatus
462 4468 544 4514 est
574 4460 887 4530 imperator.
953 4459 1066 4516 Vox
1107 4461 1262 4516 estin
1292 4463 1394 4517 hoc
1422 4461 1630 4532 psahno
1658 4463 1794 4520 Pro-

193 4553 398 4622 phctaz,
429 4551 904 4606 commemorantis
934 4550 1165 4620 ﬁliorum
1193 4553 1437 4607 Jonadab
1465 4562 1522 4608 et
1560 4555 1794 4624 priorum

193 4643 546 4714 captivorum.
589 4641 722 4698 Nam
755 4642 988 4698 filiorum
1035 4643 1394 4699 obedientiam
1441 4645 1599 4699 nobis
1647 4659 1797 4700 com-

196 4737 442 4802 tnendat,
476 4747 531 4792 et
576 4738 628 4791 in
675 4739 1145 4794 commendatione
1201 4739 1519 4795 obedientia:
1561 4739 1792 4794 filiorum

195 4831 454 4901 culpatur
508 4831 872 4887 inohedieutia
928 4832 1283 4903 captivorum.
1355 4831 1587 4886 Possunt
1629 4831 1790 4886 etiam

199 4924 302 4993 ipsi
347 4922 440 4976 filii
470 4922 714 4979 Jonadab
743 4923 904 4979 iidem
936 4939 1057 4979 esse
1083 4923 1174 4994 qui
1199 4923 1356 4994 primi
1382 4923 1602 4992 captivi,
1631 4931 1688 4975 ut
1713 4922 1792 4978 sic

199 5016 447 5083 legamus
474 5015 764 5085 psalmum,
797 5025 1064 5085 quatenus
1088 5016 1214 5085 ipsi,
1243 5015 1613 5086 captivitatem
1640 5030 1795 5070 suam

199 5107 568 5166 attendentes.
603 5122 723 5162 cum
749 5107 1016 5177 Propheta
1046 5108 1264 5162 dicant:

274 5197 342 5253 In
365 5198 700 5265 te,‘Domine,
729 5199 954 5270 speravi,
983 5215 1087 5253 non
1112 5197 1409 5265 confundor
1436 5198 1492 5252 in
1516 5207 1794 5254 wteraum.

202 5292 370 5362 Quasi
396 5294 579 5348 dicat:
610 5291 823 5362 Speraui
854 5291 908 5346 in
938 5307 1045 5358 me,
1103 5299 1158 5346 et
1187 5289 1444 5346 confusus
1472 5290 1592 5346 sitm
1624 5292 1719 5344 :in
1746 5299 1796 5343 te

203 5401 355 5458 spem
379 5401 555 5439 meam
582 5382 766 5452 reieci,
793 5391 850 5438 et
894 5383 1014 5439 ideo
1056 5399 1160 5438 non
1212 5381 1512 5452 confundor
1538 5382 1595 5438 in
1644 5391 1797 5437 teter-

187 5499 352 5544 num,
381 5481 434 5535 id
461 5489 546 5536 est
569 5478 920 5542 :eternaliter,‘
946 5478 1074 5534 licet
1096 5477 1163 5532 ad
1195 5485 1408 5548 tempus
1436 5475 1661 5546 patiaris
1705 5490 1793 5531 me

205 5572 456 5630 confundi
495 5587 658 5629 onere
685 5570 1026 5627 mortalitatis
1065 5577 1119 5624 et
1163 5566 1568 5640 passibilitatis.
1619 5568 1686 5622 Et
1737 5578 1799 5623 ut

208 5679 312 5718 non
346 5663 663 5734 confundor,
695 5663 858 5718 libera
881 5679 962 5716 me
990 5661 1079 5717 hic
1105 5661 1331 5715 interius
1364 5661 1420 5715 in
1449 5671 1540 5714 tua
1558 5660 1792 5730 justitia,

207 5775 293 5814 me
321 5761 563 5816 vocando
587 5768 664 5814 ‘et
701 5753 1048 5831 justiﬁcando
1078 5775 1091 5812 :
1120 5769 1168 5811 et
1221 5757 1360 5826 eripe
1398 5771 1490 5814 me
1514 5796 1528 5820 ,
1583 5754 1796 5809 tandem

209 5853 449 5910 exterius
471 5861 527 5909 ut
565 5861 730 5911 exuto
778 5867 945 5908 onere
993 5847 1335 5906 mortalitatis
1364 5846 1578 5915 induar,
1628 5847 1798 5920 gloria

1893 3350 2036 3405 Deus
2067 3367 2230 3416 meus,
2255 3352 2393 3420 eripe
2418 3368 2496 3404 me
2521 3352 2584 3404 de
2631 3368 2810 3416 manu,
2871 3352 2922 3406 id
2955 3360 3056 3418 est,
3104 3355 3170 3407 de
3215 3361 3482 3422 potestate

1893 3443 2202 3511 peccatoris,
2243 3441 2512 3496 nonmihi
2561 3441 2870 3511 praevaleat.
2925 3443 2991 3497 Et
3039 3457 3173 3513 quos
3221 3442 3483 3512 illicilzgal

1878 3547 1991 3603 per
2018 3543 2378 3603 peccatorem,
2423 3530 2697 3602 subjungit
2728 3548 2741 3585 :
2773 3531 2850 3586 De
2899 3550 3058 3586 manu
3107 3544 3288 3587 contra
3320 3534 3482 3602 legem

1895 3629 2116 3698 agentis,
2144 3627 2195 3681 id
2223 3637 2326 3692 est,
2349 3628 2412 3682 de
2455 3637 2723 3698 potestate
2769 3627 2977 3684 Judaici
3024 3629 3201 3700 populi
3263 3629 3314 3682 in
3363 3629 3481 3697 lege

1896 3722 2318 3791 prrevaricantis,
2347 3737 2431 3777 me
2466 3723 2635 3793 eripe,
2659 3733 2705 3776 et
2729 3723 2891 3793 iniqui
2917 3724 3008 3792 qui
3038 3722 3348 3792 aequitatem
3407 3721 3482 3775 le-

1897 3817 1978 3886 gis
2009 3831 2112 3870 non
2148 3816 2356 3884 recipit.
2404 3814 2479 3870 De
2521 3831 2629 3885 quo
2666 3816 2866 3874 dictum
2915 3825 2998 3869 est
3026 3833 3038 3868 :
3069 3815 3179 3880 Qui
3229 3815 3338 3868 sine
3375 3813 3484 3882 lege

1869 3939 1872 3942 -
1896 3918 2234 3977 peccaverunt
2269 3909 2380 3962 sine
2407 3907 2514 3978 lege
2541 3908 2781 3978 peribunt
2815 3905 2986 3973 (Rom.
3013 3908 3095 3975 ιι).
3123 3905 3198 3959 Ne
3239 3905 3360 3975 quis
3383 3921 3483 3974 op-

1875 4007 2123 4068 poneret
2163 4017 2174 4052 :
2207 3998 2384 4065 Quare
2423 4013 2578 4068 rogas
2607 3996 2824 4051 liberari
2850 3998 2916 4050 de
2947 3995 3356 4066 persecutione?
3393 4011 3485 4063 pa-

1877 4100 2035 4156 tere,
2066 4091 2277 4157 resiste,
2299 4089 2604 4160 subiungit:
2636 4090 2896 4154 Quoniam
2918 4099 2973 4143 tu
2997 4105 3050 4142 es
3075 4089 3323 4159 patientia
3347 4104 3482 4148 mea,

1898 4183 2141 4237 Domine.
2173 4181 2336 4250 Quasi
2367 4183 2511 4236 dicat
2542 4201 2554 4234 :
2584 4181 2935 4236 Clamandum
2977 4189 3062 4236 est
3110 4180 3242 4234 mihi
3283 4179 3347 4233 ad
3390 4187 3479 4232 te:

1900 4291 2025 4330 nam
2053 4276 2170 4330 sine
2199 4283 2249 4329 te
2271 4290 2376 4330 non
2402 4289 2642 4344 possum,
2678 4275 2802 4344 quia
2834 4283 2890 4327 tu
2939 4289 2994 4328 es
3045 4273 3297 4342 patientia
3345 4287 3478 4332 mea,

1899 4370 1952 4424 id
1983 4377 2085 4434 est,
2104 4367 2316 4439 patiens
2337 4383 2474 4428 sum,
2499 4378 2553 4420 et
2577 4375 2653 4432 tu,
2678 4366 2920 4430 Domine,
2946 4382 3059 4434 spes
3088 4381 3202 4418 mea
3231 4382 3262 4416 a
3286 4363 3478 4432 jurena

1900 4473 2007 4518 tute
2035 4479 2169 4524 mea,
2197 4462 2247 4515 id
2277 4470 2378 4524 est,
2428 4477 2492 4514 ex
2527 4469 2768 4529 tempore
2823 4456 3181 4512 invocationis
3229 4470 3381 4518 meae,
3429 4455 3482 4508 in

1902 4568 2006 4625 qua
2035 4551 2376 4607 invocatione
2398 4549 2573 4604 factus
2594 4547 2970 4617 sumjuvenis,
2995 4547 3189 4601 habilis
3237 4545 3480 4600 videlicet

1901 4647 1966 4700 ad
1998 4661 2229 4717 pugnam
2259 4653 2600 4714 computatus
2637 4643 2688 4696 in
2731 4642 3010 4712 procinctu
3061 4640 3334 4695 exercitus
3387 4639 3480 4702 tui,

1901 4750 2143 4792 armatus
2167 4739 2288 4802 fide,
2343 4751 2436 4807 spe
2461 4745 2515 4792 et
2539 4736 2826 4799 charitate,
2855 4744 2909 4790 et
2936 4750 3040 4789 non
3071 4744 3276 4788 tantum
3299 4751 3351 4787 es
3371 4749 3484 4803 spec

1907 4846 2021 4883 mea
2057 4846 2088 4883 a
2131 4829 2408 4898 juventute
2448 4845 2582 4892 mea,
2633 4827 2727 4881 sed
2773 4827 2937 4880 etiam
2985 4826 3323 4895 conﬁrmatus
3369 4840 3484 4879 sum

1901 4923 1954 4976 in
1985 4931 2036 4976 te
2057 4932 2303 4982 extitere,
2331 4921 2379 4974 id
2403 4929 2507 4985 est,
2533 4937 2598 4975 ex
2623 4937 2687 4975 eo
2721 4929 2959 4991 tempore
2999 4935 3064 4974 ex
3093 4935 3201 4988 quo
3247 4919 3484 4972 initiatus

1891 5009 2020 5071 Sum
2053 5022 2394 5069 sacramento
2432 5013 2574 5068 fidei.
2607 5013 2682 5067 De
2713 5023 2888 5067 ventre
2917 5012 3100 5066 matris
3151 5028 3278 5064 mete
3325 5021 3381 5062 tu
3432 5025 3486 5062 cs

1901 5115 2160 5176 protector
2184 5123 2348 5169 meus,
2379 5105 2431 5159 id
2459 5114 2560 5170 est,
2586 5115 2866 5175 postquam
2891 5105 3030 5160 exivi
3063 5104 3129 5158 de
3151 5113 3338 5156 ventre
3369 5118 3486 5154 nta-

1901 5198 2000 5254 tris
2030 5213 2184 5263 mete,
2224 5199 2273 5252 id
2303 5208 2386 5252 est
2415 5197 2698 5264 Ecclesiae;
2728 5208 2786 5252 ιιι
2808 5213 2915 5253 non
2959 5205 3167 5250 tantum
3198 5193 3328 5249 mihi
3358 5207 3485 5262 pro-

1902 5291 2136 5352 dessem,
2175 5291 2267 5345 sed
2299 5291 2460 5346 etiam
2493 5290 2635 5357 aliis,
2689 5308 2742 5345 es
2794 5301 2850 5344 ιιι
2902 5299 3163 5360 protector
3214 5302 3381 5350 mens,
3432 5293 3489 5338 et

1901 5385 2024 5440 ideo
2046 5385 2099 5438 in
2127 5394 2173 5438 te
2201 5393 2275 5437 est
2304 5385 2533 5437 conlatio
2581 5399 2696 5437 mea
2750 5399 2970 5453 semper.
3029 5380 3093 5434 Et
3145 5377 3269 5448 quia
3330 5379 3382 5431 in
3435 5387 3488 5430 te

1901 5493 2080 5549 spero,
2108 5489 2354 5548 tanquam
2379 5478 2672 5547 prodigium
2697 5476 2866 5545 factus
2896 5491 3010 5530 sum
3041 5473 3244 5536 multis,
3296 5470 3488 5525 similis

1902 5568 2086 5631 stulto,
2120 5568 2371 5623 videlicet
2405 5569 2529 5638 quia
2556 5553 2818 5636 postpon'o
2855 5565 3162 5636 praesentia,
3215 5572 3270 5617 et
3294 5577 3489 5632 exspe-

1910 5669 1998 5714 cto
2019 5659 2219 5724 futura,
2235 5667 2290 5713 et
2306 5674 2371 5712 ne
2385 5673 2480 5727 ego
2493 5657 2735 5711 deficiam
2753 5657 2804 5709 in
2819 5671 2931 5725 spe,
2948 5665 3003 5708 tu
3025 5669 3084 5709 cs
3112 5653 3242 5708 mihi
3274 5653 3491 5723 adjutor

1905 5749 2270 5815 fortitudinis,
2312 5749 2435 5818 quia
2464 5730 3112 5817 fortitudinisexemplum
3144 5744 3338 5800 dedisti
3366 5744 3418 5797 in
3438 5753 3490 5796 te

1908 5844 2040 5915 ipso.
2058 5841 2123 5897 Et.
2137 5843 2258 5911 quia
2278 5851 2331 5896 tu
2356 5857 2414 5896 es
2433 5839 2600 5895 fortis.
2617 5854 2742 5911 ergo
2762 5837 3022 5894 rculeatnr
3038 5854 3094 5893 os
3110 5851 3281 5891 meum
3309 5833 3488 5898 laude,
