3918 6450
495 412 598 468 507
1132 403 1390 460 REMIGII
1423 395 2079 459 ANTISSIODORENSIS
2117 395 2268 453 OPP.
2309 393 2507 451 PARS.
2547 394 2588 450 ἰ.
2627 427 2698 436 —
2734 395 3142 454 EXEGETICA.
3661 401 3751 457 508

497 517 551 560 ut
566 512 766 559 cantem
782 499 999 572 gloriam
1018 508 1185 562 tuam,
1205 495 1765 569 meamignominiam,
1793 498 2076 548 etcantem
2107 503 2153 560 Α
2182 487 2335 554 lium,
2367 487 2666 544 laudandus
2701 497 2789 543 est
2835 491 2887 544 iu
2918 490 3208 544 eminentia
3247 489 3399 553 coeli,
3437 490 3490 544 in
3537 489 3754 548 fecundi-

494 593 908 666 magnitudinem
931 599 1168 657 tuam,et
1184 589 1504 661 parvitatem
1526 600 1701 641 meam
1725 603 1739 639 :
1765 593 1872 638 tota
1887 583 1990 648 die,
2022 581 2076 636 in
2186 591 2298 637 tate
2326 590 2499 644 terrae,
2519 580 2570 634 in
2593 580 3008 638 circumcisione
3034 582 3218 646 maris,
3247 583 3296 638 in
3323 583 3752 653 multiplicatione

495 685 767 760 prosperis
791 692 848 741 et
876 684 929 739 in
957 682 1218 746 adversis,
1249 682 1300 736 in
1344 680 1640 752 prosperis,
1669 678 1796 749 quia
1836 674 2082 732 consola-
2184 684 2446 731 creatum:
2482 675 2681 745 ubique
2712 675 3006 742 nascentis,
3060 675 3114 730 in
3145 675 3449 730 Israelitico
3485 676 3670 746 populo
3695 679 3752 733 ab

498 782 593 844 ris,
628 781 682 834 in
717 776 984 842 adversis,
1007 776 1132 846 quia
1159 773 1401 844 corrigis.
1433 772 1519 838 Et,
1549 781 1607 826 ut
1636 780 1837 825 cantem
1860 767 2082 840 gloriam
2182 767 2434 840 Egyptia
2456 767 2712 824 servitute
2735 766 2984 835 liberato,
3001 768 3056 822 in
3077 767 3193 839 lege
3215 769 3438 834 data,in
3461 767 3754 840 Evangelica

497 879 661 932 tuam,
687 883 749 923 ne
772 866 1021 937 projicias
1041 881 1122 920 nte
1142 864 1196 916 in
1223 873 1450 932 tempore
1474 861 1774 925 senectutis,
1803 857 2080 923 subaudis,
2184 859 2360 928 gratia
2389 859 2588 928 ubique
2617 857 2885 930 divulgata
2915 877 2930 914 :
2963 859 3059 915 sed
3103 875 3264 930 super
3291 875 3520 916 omnem
3568 858 3754 914 laudem

497 959 867 1030 deponendae,
915 957 969 1012 id
1017 965 1120 1022 est,
1177 955 1233 1011 in
1283 954 1629 1011 tribulatione
1678 950 1894 1022 quando
1951 949 2085 1006 mihi
2187 951 2349 1008 istam
2374 950 2591 1022 adjiciet
2618 952 2779 1008 homo
2815 951 3129 1008 Dominicus
3172 952 3389 1008 laudem
3436 966 3615 1017 suam,
3649 955 3754 1022 quia

500 1052 735 1107 maxime
767 1052 1136 1106 necessarium
1163 1055 1326 1104 estut
1355 1048 1619 1118 deponam
1644 1052 2000 1109 senectutem,
2031 1049 2088 1098 et
2187 1064 2413 1108 carnem
2461 1047 2807 1104 resuscitavit
2848 1062 2954 1102 non
3002 1046 3233 1117 amplius
3277 1046 3603 1101 morituram
3636 1048 3755 1117 quod

500 1144 754 1216 recipiam
792 1142 1154 1213 juventutein,
1202 1140 1282 1198 vel
1307 1181 1325 1207 ,
1373 1139 1612 1212 quandiu
1660 1139 1716 1194 in
1762 1135 2088 1193 mortalitate
2189 1151 2318 1200 ante
2341 1158 2464 1199 eum
2499 1141 2676 1198 nullus
2713 1141 2894 1198 facere
2915 1140 3110 1212 potuit.
3145 1138 3216 1197 Os
3243 1156 3421 1194 meum
3449 1141 3756 1194 annuntiabit

499 1237 680 1292 carnis
719 1249 1123 1298 conversaniur,
1159 1242 1370 1304 tempus
1397 1240 1480 1288 est
1521 1228 1820 1294 senectutis,
1857 1226 1984 1298 Quia
2011 1223 2090 1279 [ιι-
2181 1235 2447 1308 justitiam
2472 1243 2642 1299 tuam,
2669 1232 2798 1303 quia
2833 1248 2933 1304 per
2962 1233 3120 1289 fidem
3151 1232 3344 1287 salvati
3389 1247 3619 1288 sumus:
3648 1243 3689 1285 et
3714 1250 3758 1285 os
3856 1223 3857 1292 Τ

499 1328 601 1384 cile
629 1327 880 1390 labimur.
906 1336 964 1383 et
987 1326 1107 1383 ideo
1135 1339 1272 1397 opus
1300 1331 1386 1380 est
1411 1331 1470 1379 ut
1509 1338 1539 1376 a
1567 1321 1677 1378 Deo
1704 1319 2088 1382 sustineam“.
2190 1339 2362 1380 meum
2386 1322 2716 1378 annuntiabit
2744 1332 2853 1377 tota
2873 1322 2958 1377 die
2978 1321 3211 1376 salutare
3231 1331 3405 1385 tuum,
3431 1321 3486 1376 id
3510 1331 3610 1385 est,
3636 1331 3755 1376 tuam

501 1421 650 1476 velut
677 1421 780 1476 iste
804 1428 982 1492 rogat,
1008 1419 1195 1475 dicens
1227 1435 1240 1472 :
1271 1416 1354 1472 Ne
1381 1415 1633 1489 projicias
1663 1429 1744 1467 me
1782 1413 1840 1466 in
1865 1419 2048 1478 tempe:

2211 1418 2544 1474 salvationem
2581 1427 2637 1474 et
2676 1433 2852 1474 meam
2905 1417 3284 1489 perditionem.
3339 1416 3411 1472 Et
3461 1415 3601 1470 unde
3649 1416 3758 1468 mihi

503 1513 816 1579 senectutis,
852 1521 901 1568 et
935 1529 999 1567 ne
1029 1510 1359 1582 derelinquas
1393 1525 1494 1573 me,
1521 1523 1640 1562 cum
1674 1504 1890 1561 deﬁciat
1926 1501 2050 1556 virts

2207 1513 2332 1568 ioc?
2362 1512 2501 1579 Quia
2537 1529 2639 1568 non
2665 1513 2878 1583 cognovi
2905 1512 3282 1576 litteraturam,
3312 1510 3368 1564 id
3393 1517 3500 1574 est,
3531 1523 3634 1564 non
3660 1523 3754 1562 sum

501 1621 642 1670 mea,
674 1614 802 1660 tunc
821 1617 948 1660 cum
968 1603 1101 1659 nihil
1124 1603 1191 1660 de
1220 1617 1306 1658 me
1332 1614 1617 1672 praesumo.
1647 1599 1711 1653 Et
1734 1613 1869 1668 opus
1899 1605 1959 1649 ut
1982 1610 2048 1649 uo

2204 1606 2259 1661 tle
2277 1605 2384 1663 illis
2404 1605 2496 1676 qui
2517 1605 2584 1660 de
2604 1604 2782 1661 littera
2805 1613 3157 1676 praesumunt,
3181 1613 3278 1658 eta
3303 1603 3486 1675 gratia
3509 1601 3751 1656 resiliunt:

503 1697 866 1768 derelinquas,
887 1697 1012 1768 quia
1031 1696 1278 1750 dixerunt
1299 1692 1496 1748 inimici
1517 1691 1618 1747 mei
1639 1688 1786 1754 milii,
1809 1684 2050 1743 subaudi:

2206 1696 2298 1763 vel,
2333 1713 2436 1751 non
2487 1697 2702 1768 cognovi
2751 1696 3122 1761 litteraturam,
3170 1696 3221 1750 id
3269 1703 3380 1760 est,
3424 1693 3753 1764 perfunctorie

505 1789 942 1860 improperandO.
965 1789 1054 1860 qui
1095 1787 1455 1842 custodiebant
1481 1785 1714 1838 animam
1738 1797 1934 1847 meant.
1960 1779 2092 1834 διώ·
2196 1786 2397 1858 aliquid
2425 1803 2588 1858 agere
2613 1787 2934 1858 improbavi.
2962 1787 3095 1842 Nam
3129 1787 3219 1858 qui
3247 1787 3408 1851 dicit,
3437 1795 3493 1842 et
3525 1801 3626 1840 non
3654 1784 3756 1840 facit

502 1881 679 1946 audis,
704 1879 1128 1951 opprimendam,
1174 1876 1447 1933 consilium
1491 1875 1721 1946 fecerunt
1750 1872 1806 1927 in
1830 1886 2012 1930 unum.
2037 1868 2049 1923 i

2205 1880 2527 1936 voluntatem
2557 1879 2650 1936 Dei
2694 1879 3078 1952 comparabilis
3105 1889 3188 1935 est
3234 1879 3309 1934 illi
3342 1879 3438 1950 qui
3484 1887 3664 1949 potens
3691 1887 3752 1930 est

505 1922 679 1946 ww».
705 1922 1128 1951 υιιιι--η-ν---ι--υι
1174 1922 1445 1933 mum—u-
1491 1922 1715 1946 ,νη-πη-
2205 1922 2527 1936 .ν.ι.......ν...
2557 1922 2650 1936 νυ.
2695 1922 2814 1936 νυ...
2856 1922 3078 1935 ......,....,
3107 1922 3188 1935 ν...
3521 1922 3662 1933 νη..-
3692 1922 3750 1930 ν-.

505 1971 728 2027 camden
755 1971 1082 2049 voluntatem
1105 1969 1503 2029 convenientes,
1529 1974 1585 2022 et
1607 1965 1870 2019 dicentes:
1908 1959 2094 2015 Perse—
2125 1922 2171 1985 Β
2199 1974 2416 2045 quidem
2440 1972 2641 2044 legere,
2675 1973 2772 2028 sed
2799 1922 2942 2043 εἴαρι]
2971 1971 3104 2043 legi;
3130 1987 3224 2028 ore
3253 1922 3377 2028 ηοξ
3414 1922 3560 2040 03;“
3601 1971 3750 2034 εοηιρ³

501 2064 723 2135 quiniini
739 2073 785 2119 et
801 2061 1218 2133 comprehendite
1233 2075 1370 2114 eum.
1396 2058 1462 2113 Et
1481 2056 1729 2128 potestis,
1754 2055 1998 2126 quianon
2019 2059 2094 2106 est
2198 2065 2342 2138 quod
2365 2065 2496 2121 dicit
2523 2084 2536 2119 ε
2581 2063 2844 2131 Quoniam
2869 2080 2972 2119 ηοη
3013 2065 3228 2136 cognovi
3267 2064 3642 2129 (inﬁmarum,
3679 2062 3751 2116 sed

503 2156 594 2224 qui
605 2155 812 2225 eripiat,
829 2169 952 2208 nam
971 2152 1108 2208 Deus
1122 2150 1392 2222 dereliquit
1409 2167 1548 2206 eum.
1568 2149 1720 2217 Quod
1735 2147 1861 2202 alibi
1877 2147 2093 2202 dicitur:
2197 2159 2377 2231 potius
2400 2157 2626 2213 ξηεγοξδο
2654 2157 2707 2212 in
2753 2155 2954 2222 aulam,
2979 2155 3240 2212 subaudis
3279 2153 3682 2211 discernenda,“
3708 2163 3750 2206 ιιι

509 2245 632 2302 Non
652 2256 730 2302 est
749 2246 894 2301 salus
917 2245 995 2300 illi
1010 2247 1065 2300 in
1085 2245 1191 2301 Deo
1207 2243 1320 2315 ejus
1335 2242 1506 2317 (Psal.
1529 2244 1634 2315 ιιι).
1654 2241 1758 2314 Ipsi
1787 2241 1865 2296 sic
1884 2253 1967 2294 me
1982 2255 2056 2311 pel

2201 2251 2253 2306 in
2282 2265 2347 2306 eo
2371 2257 2578 2304 tantum
2607 2249 2807 2321 glorier
2829 2248 2918 2319 qui
2949 2264 3033 2304 me
3064 2256 3281 2319 propter
3307 2247 3605 2318 potentiam
3623 2258 3748 2299 suam

505 2338 658 2408 sequi
703 2345 988 2401 conantur,
1011 2337 1107 2392 sed
1141 2345 1195 2391 tu
1225 2335 1391 2401 Deus,
1423 2351 1485 2390 ne
1512 2334 1767 2405 elongeris
1799 2349 1833 2386 a
1872 2348 1971 2398 me,
2002 2346 2052 2386 sc

2200 2341 2707 2406 redemit.Domine,
2733 2340 3297 2411 memoraborjustitice
3313 2351 3424 2395 tua:
3445 2337 3620 2402 solius,
3645 2352 3747 2391 mea:

506 2430 700 2500 respice
743 2429 799 2484 in
837 2427 1093 2483 auxilium
1143 2441 1340 2491 meum,
1382 2425 1508 2494 quia
1555 2423 1697 2478 Deus
1725 2439 1870 2478 meus
1919 2420 2053 2476 es.[

2198 2436 2549 2509 captivitatis,
2576 2447 2683 2491 tuae
2701 2435 3040 2492 liheralionis
3068 2450 3082 2489 :
3114 2443 3169 2490 et
3192 2435 3296 2490 hoc
3327 2449 3440 2490 non
3468 2448 3532 2488 ex
3559 2446 3652 2494 me,
3675 2430 3745 2485 sed

504 2521 778 2591 quomodo
806 2519 927 2576 volo
949 2527 1009 2574 ut
1045 2533 1132 2574 me
1164 2517 1395 2589 eripias?
1431 2515 1859 2586 Confundantur,
1899 2513 1951 2568 id
1978 2519 2051 2568 est

2197 2542 2265 2583 ex
2303 2535 2374 2592 te,
2397 2527 2520 2599 quia
2548 2535 2624 2593 tu,
2648 2525 2814 2593 Deus,
2839 2525 3060 2580 docuisti
3087 2541 3169 2580 me
3194 2540 3258 2579 ex
3277 2524 3552 2596 juve’ntute
3575 2537 3690 2582 nica,
3709 2520 3744 2571 id

506 2616 699 2688 dignos
736 2629 797 2672 se
840 2612 1154 2670 confusione
1201 2619 1610 2682 recognoscant,
1659 2619 1707 2664 et
1746 2605 2053 2679 deﬁciant,i

2197 2629 2301 2685 est,
2331 2636 2398 2676 ex
2439 2629 2682 2691 tempore
2717 2619 3083 2674 innovationis
3130 2633 3283 2684 meat,
3316 2629 3367 2673 et
3409 2632 3570 2688 usque
3619 2628 3742 2675 nunc,

506 2715 614 2773 est,
661 2705 996 2762 invictoriosi
1043 2703 1320 2760 existant:
1348 2702 1677 2758 detrahentes
1715 2701 1908 2754 animm
1946 2713 2094 2764 mete,
2198 2712 2478 2774 subaudis.
2506 2711 2692 2777 doces,
2721 2719 2778 2767 ει
2819 2709 2940 2766 ideo
2977 2709 3329 2781 ρτοηιιηιίαὺο
3372 2705 3625 2762 ηιεναωιίσ
3656 2716 3742 2757 ιω,

507 2800 880 2856 existimantes
900 2796 1147 2852 videlicet
1173 2795 1444 2852 levitatem
1472 2809 1646 2850 meam
1668 2807 1790 2850 esse
1809 2789 2096 2854 insaniam,
2199 2802 2339 2872 Quid
2371 2802 2673 2858 mirabilius
2699 2817 2862 2872 quam
2889 2801 3175 2858 consilium
3205 2798 3565 2872 “mntionis
3594 2797 3743 2851 hum.

508 2888 592 2946 vel
638 2889 964 2944 detrahentes
990 2887 1182 2942 anima:
1221 2902 1350 2941 mea:
1385 2892 1442 2941 et
1466 2884 1630 2939 etiam
1652 2880 1931 2951 cujusque,
1963 2879 2095 2935 sub-
2198 2910 2282 2950 πω
2307 2895 2492 2965 gratia;
2525 2902 2630 2949 tum
2658 2907 2796 2958 esse,
2838 2899 2892 2948 ει
2921 2887 3026 2947 non
3059 2906 3126 2945 εχ
3161 2889 3394 2960 alicujus
3418 2888 3635 2944 merito?
3657 2884 3739 2938 υο.

508 2982 683 3049 “uuis:
727 2981 942 3049 animi“:
975 2979 1301 3052 Persuadent
1334 2988 1394 3034 υι
1440 2993 1562 3033 cum
1601 2975 1828 3033 Βοηιίηο
1865 2974 2096 3038 metu":
2200 2988 2352 3042 cuisti
2388 3005 2467 3042 me
2491 3004 2556 3043 ea:
2570 2988 2840 3059 juventute
2869 2995 2916 3040 et
2939 3001 3099 3056 usque
3123 3002 3283 3050 nunc,
3312 2992 3365 3040 et
3391 2979 3598 3038 docebis
3615 2977 3741 3034 etiam

509 3077 845 3136 defendendo
873 3085 1096 3148 peccata
1135 3090 1232 3131 sua
1266 3092 1280 3129 :
1311 3081 1395 3130 est
1425 3073 1594 3128 etiam
1620 3071 1824 3127 dictum
1852 3069 1919 3124 ad
1950 3065 2102 3123 simi-
2200 3096 2362 3153 usque
2387 3080 2442 3134 ξη
2474 3089 2733 3134 senectam
2767 3088 2814 3133 ει
2847 3078 3070 3132 senium,
3123 3075 3392 3132 senectus
3434 3085 3532 3137 est,
3571 3066 3740 3139 quando

510 3169 791 3224 Ῑίιυάίυθπι
829 3169 1011 3224 “illi”
1040 3167 1238 3238 (Ιυίὺιιδ
1274 3165 1628 3223 detrahunt“?
1661 3177 1871 3234 Ρθηηων
1914 3175 1981 3216 ne
2004 3173 2100 3216 νο·
2200 3173 2397 3244 aliquis
2442 3187 2553 3243 pra:
2598 3178 2878 3227 senectute
2920 3168 3099 3240 gravis
3145 3167 3264 3223 ﬁeri
3310 3166 3529 3236 incipit;
3555 3161 3740 3220 senium,

485 3251 626 3319 'lare
680 3263 908 3334 possint.
944 3261 1024 3317 llli
1067 3261 1333 3317 detractae
1373 3266 1500 3314 sunt
1547 3271 1736 3326 penna:
1769 3255 1860 3325 qui
1915 3261 1998 3309 est

2201 3265 2416 3337 quando
2442 3273 2525 3319 est
2549 3263 2602 3317 in
2628 3261 2900 3332 dcerepita
2925 3269 3106 3315 tritate.
3140 3259 3246 3314 Per
3279 3258 3394 3314 haec
3422 3258 3522 3311 duo
3551 3251 3738 3322 longitu-

511 3357 717 3427 pcccati
742 3355 1070 3414 defensione-
1101 3352 1264 3410 Caret
1299 3352 1441 3408 enim
1472 3352 1700 3416 ratione.
1731 3362 2011 3420 perquam
2043 3345 2097 3400 in
2128 3343 2172 3363 ν
2201 3356 2381 3410 dinem
2416 3354 2673 3424 temporis
2713 3353 2956 3408 denotat.
3011 3350 3174 3418 Quasi
3218 3350 3370 3405 dicat
3403 3366 3416 3402 ε
3455 3343 3740 3403 Docebisme

511 3463 678 3505 auras
702 3447 968 3504 libertatis
998 3445 1150 3517 quasi
1177 3444 1368 3516 pennis
1391 3441 1662 3514 deportari
1690 3440 1930 3496 deberet.
1958 3434 2098 3507 Ope-
2203 3460 2499 3502 memorem
2529 3460 2650 3500 esse
2679 3454 2782 3499 tua:
2799 3441 3026 3513 justitim
3057 3443 3203 3498 omni
3239 3450 3483 3512 tempore
3519 3439 3566 3492 in
3585 3436 3736 3505 juven-

512 3540 718 3594 riantur
739 3538 1045 3610 confusione
1070 3535 1338 3607 etpudore
1373 3535 1463 3607 qui
1502 3540 1745 3605 quaerunt
1770 3530 1912 3585 mala
1950 3528 2059 3583 mili

2205 3547 2318 3594 tute
2367 3546 2423 3593 et
2469 3546 2770 3594 senectute.
2826 3535 2979 3604 Quod
3020 3536 3182 3591 habet
3221 3535 3329 3591 alia
3381 3526 3734 3590 translatiozin

513 3628 772 3688 Confusio
813 3637 929 3695 est,
970 3629 1186 3700 quando
1225 3627 1555 3684 conscientia
1588 3625 1798 3681 mordet
1827 3622 2099 3678 hominem
2202 3629 2578 3702 presbyterum
2643 3637 2697 3683 et
2749 3637 3063 3698 gerontam,
3114 3627 3205 3682 ubi
3277 3626 3538 3682 sententia
3590 3619 3733 3676 eadem

516 3726 784 3792 interius;
815 3725 988 3797 pudor
1013 3732 1116 3791 est,
1146 3724 1360 3794 quando
1388 3722 1627 3778 exterius
1668 3717 2098 3777 erubescentiam
2202 3731 2308 3787 est,
2359 3721 2485 3792 quia
2532 3720 2878 3792 presbyteros
2925 3720 3062 3790 apud
3104 3719 3326 3775 Graecos
3355 3719 3548 3773 dicitur
3587 3709 3730 3768 εεηὶον,

517 3815 852 3871 demonstrat
889 3829 906 3871 :
941 3815 1084 3886 quod
1131 3813 1280 3880 dicit,
1331 3812 1648 3884 operiantur
1689 3809 2003 3867 confusione
2047 3816 2103 3862 et
2204 3828 2369 3882 geron
2401 3825 2564 3867 senex
2591 3811 2771 3882 gravis
2802 3811 3034 3876 dicitur;
3063 3810 3150 3865 vel
3178 3809 3356 3876 aliter,
3385 3809 3537 3869 Deus,
3560 3797 3730 3858 docuisti

514 3913 741 3982 pudore.
769 3911 930 3978 Quasi
961 3912 1145 3968 dicat:
1177 3910 1407 3966 Interius
1429 3918 1483 3965 et
1505 3908 1746 3965 exterius
1773 3905 2103 3975 confundau-
2180 3922 2286 3960 me
2332 3920 2398 3959 er
2434 3904 2709 3974 juventute
2761 3919 2896 3957 mea.
2929 3901 3190 3958 iuventus
3224 3901 3329 3956 fuit
3371 3901 3424 3956 in
3469 3894 3672 3953 Ecclesia
3689 3888 3728 3940 iu

517 4013 606 4057 tur
627 4003 714 4075 qui
729 4013 969 4074 quwrunt
985 4001 1126 4056 mala
1145 4001 1275 4056 mihi
1292 4016 1310 4054 :
1328 4001 1438 4072 Ego
1459 4008 1632 4055 autem
1652 4015 1851 4069 semper
1864 3995 2100 4069 sperabo,
2205 4000 2379 4071 primo
2406 4007 2668 4068 tempore,
2695 3997 2910 4068 quando
2939 3996 3109 4051 sancti
3132 4005 3420 4067 martyres,
3449 3987 3621 4046 armati
3641 3983 3729 4043 lidci

519 4093 1426 4166 etsuperomnemlaudemtuam,id
1440 4101 1544 4156 est,
1571 4105 1732 4161 super
1753 4104 1967 4145 omnem
1991 4087 2100 4142 lau-
2205 4107 2303 4163 spe
2336 4099 2391 4146 et
2416 4091 2706 4155 cbaritate,
2741 4104 2912 4160 usque
2946 4089 3014 4145 ad
3045 4087 3325 4160 sanguinis
3354 4083 3638 4142 ell‘usionem
3661 4085 3732 4144 pro

521 4165 912 4258 dempriorem,
932 4185 1182 4255 adjiciam
1200 4182 1411 4238 laudem
1427 4191 1571 4237 tuam
1589 4179 1940 4252 posteriorem
1961 4196 1974 4233 :
1993 4177 2106 4232 lau-
2209 4185 2312 4240 ﬁde
2342 4182 2572 4239 tenenda
2611 4183 2917 4238 certabant.
2953 4181 3106 4250 Quod
3135 4181 3291 4246 dicit,
3320 4194 3480 4249 usque
3515 4186 3632 4228 nunc
3663 4165 3732 4218 do-

521 4277 731 4334 dandus
750 4284 870 4333 erat
888 4275 1144 4331 Dominus
1164 4274 1216 4329 in
1239 4273 1414 4344 primo
1437 4273 1850 4342 homine,quem
1874 4272 1938 4326 de
1960 4277 2101 4325 terra
2206 4280 2382 4346 ευθειξ,
2415 4287 2659 4333 nostrum
2690 4286 2900 4347 tempus
2931 4277 3177 4348 designat
3207 4277 3261 4330 in
3287 4291 3394 4346 quo
3415 4271 3519 4342 jam
3544 4281 3632 4322 non
3661 4273 3731 4330 pro

522 4370 590 4424 ad
613 4369 902 4440 imaginem
927 4375 984 4424 et
1001 4365 1406 4424 similitudinem
1431 4379 1585 4419 suam
1608 4363 1814 4419 creavit
1833 4401 1848 4429 ,
1888 4368 1942 4417 et
1979 4374 2069 4416 eui

2206 4371 2504 4428 certamine
2559 4369 2680 4424 ﬁdei
2730 4367 3170 4441 martyrizantur,
3218 4367 3468 4438 quoniam
3510 4376 3567 4416 ex
3605 4355 3730 4441 abunf

531 4460 585 4514 in
614 4459 868 4531 paradiso
907 4457 1190 4513 collocavit
1222 4455 1375 4526 (Gen.
1401 4454 1460 4527 ιι)
1487 4474 1500 4509 :
1531 4453 1828 4510 laudandus
1855 4458 2020 4518 esset,
2058 4465 2078 4506 ε

2207 4465 2393 4520 dantia
2427 4461 2730 4532 iniquitatis
2779 4440 2994 4518 refrixit
3026 4460 3264 4517 Charitas
3296 4457 3584 4515 multorum.
3616 4440 3728 4512 Quod

522 4561 643 4621 post
666 4548 1080 4606 iuoliedientiam
1113 4558 1276 4604 totam
1312 4563 1568 4612 massam,
1605 4563 1726 4618 qua:
1746 4562 1774 4600 a
1807 4544 1982 4616 primo
2008 4560 2103 4616 pa-
2207 4557 2363 4623 dicit,
2387 4557 2441 4610 ίη
2471 4565 2730 4610 sanciam
2759 4564 2807 4609 ει
2845 4555 3066 4619 senium,
3100 4567 3197 4623 per
3230 4553 3335 4609 hoc
3365 4557 3506 4606 notat
3535 4541 3727 4599 ultimum

525 4653 680 4698 rente
709 4642 990 4711 processit,
1011 4641 1157 4711 justo
1186 4639 1390 4711 judicio
1430 4638 1761 4702 damnasset,
1803 4646 1980 4692 tamen
2009 4651 2104 4691 su-
2137 4667 2184 4728 υ
2212 4657 2445 4718 tempus,
2475 4647 2691 4716 quando
2735 4659 2836 4715 pro
2866 4622 3242 4715 ρει-εροιηίοηθ
3280 4634 3580 4699 Antichristi
3615 4622 3724 4683 multi

524 4747 623 4801 per
662 4745 879 4787 omnem
925 4730 1140 4787 laudem
1187 4729 1489 4798 adjicienda
1527 4737 1612 4784 est
1661 4727 1796 4794 laus,
1842 4728 1966 4796 quia
2012 4740 2109 4796 per
2137 4714 2180 4728 ”
2211 4756 2240 4793 a
2275 4714 2696 4794 ﬁdedisécdent.
2728 4714 2889 4801 Deus,
2931 4752 2995 4791 ne
3025 4736 3356 4807 derelinquas
3398 4747 3490 4786 me.
3511 4722 3646 4794 Quasi
3670 4714 3726 4770 di-

528 4823 759 4893 gratiam
783 4837 814 4876 a
844 4831 1067 4892 peccato
1091 4820 1329 4877 traducis
1362 4819 1574 4876 liberati
1613 4835 1837 4876 sumus:
1883 4817 1987 4882 vel,
2031 4817 2109 4873 sic
2210 4837 2338 4884 οειε
2369 4827 2449 4883 Tu
2487 4826 2577 4897 qui
2607 4825 2831 4880 docuisti
2862 4843 2942 4881 me
2973 4843 3038 4881 ex
3068 4827 3340 4896 juventam
3363 4840 3490 4886 ηιεα,
3531 4833 3585 4872 ηε
3613 4813 3721 4864 derc-

529 4913 783 4984 adjiciam
809 4929 966 4984 super
1003 4930 1204 4968 omnem
1245 4911 1453 4967 laudent
1494 4921 1660 4980 tuam,
1707 4913 1760 4968 id
1798 4920 1904 4978 est,
1931 4919 2109 4966 atten-
2211 4919 2418 4992 linquas
2449 4935 2548 4985 me,
2581 4919 2745 4972 donec
2773 4920 3076 4973 ηηηιιηιῑεηι
3121 4935 3218 4990 per
3246 4936 3332 4976 me
3354 4927 3406 4975 et
3441 4929 3530 4986 per
3555 4916 3720 4964 succes—

531 5003 654 5059 dam
686 5013 738 5059 te
781 5003 1044 5060 excedere
1084 5018 1272 5060 omnes
1311 5002 1644 5059 laudationes
1687 5003 1928 5059 virorum
1959 5019 1973 5057 :
2004 5001 2109 5068 vel,
2215 5028 2367 5068 εοι-οε
2394 5025 2562 5078 meos,
2596 5011 2864 5065 brachium
2893 5021 3060 5079 tuum,
3090 5012 3144 5068 id
3165 5022 3270 5080 cst,
3302 5007 3568 5084 potentiam
3594 5007 3718 5052 tuam.

531 5094 784 5166 adjiciam
840 5111 997 5166 super
1040 5110 1242 5148 omnem
1294 5093 1505 5148 laudem
1543 5102 1687 5148 tuam
1711 5135 1727 5159 ,
1764 5093 1918 5165 juxta
1967 5093 2111 5162 Apo-
2216 5102 2540 5174 generationi
2569 5117 2674 5157 non
2710 5111 2916 5157 tantum
2945 5102 3021 5157 illi
3052 5119 3173 5174 quae
3199 5080 3322 5175 post
3355 5101 3519 5158 futura
3545 5100 3630 5153 est,
3651 5080 3719 5140 sed

533 5185 749 5242 stolum.
790 5185 878 5250 Ei,
907 5185 1102 5257 inquit,
1133 5185 1225 5258 qui
1251 5195 1431 5257 potens
1468 5194 1541 5241 est
1568 5186 1740 5257 facere
1781 5185 2109 5256 superabun-
2211 5195 2353 5250 omni
2373 5210 2491 5266 qua:
2516 5204 2732 5252 ventura
2755 5203 2850 5248 est.
2881 5191 3018 5248 Nota
3038 5192 3203 5250 fuisse
3229 5195 3476 5266 quosdam
3498 5177 3717 5242 hmreticos

533 5277 720 5333 danter
767 5294 924 5349 quam
975 5279 1196 5348 petimus
1244 5286 1334 5332 aut
1385 5276 1722 5346 intelligimus
1763 5275 1923 5350 (Eph.
1975 5278 2059 5349 ιιι)
2094 5296 2106 5332 :
2213 5285 2306 5357 qui
2343 5286 2661 5341 asserebant
2705 5283 2864 5339 fidem
2901 5284 3227 5341 catholicam
3265 5297 3427 5355 usque
3463 5277 3524 5333 ad
3558 5274 3716 5334 tempus

535 5369 678 5436 quod
704 5369 791 5424 hic
814 5368 965 5434 dicit,
989 5365 1266 5436 adjiciam,
1287 5368 1338 5422 id
1358 5374 1462 5432 est,
1485 5365 1716 5436 adjicere
1742 5374 1792 5424 te
1817 5367 2082 5438 intelligam

2214 5392 2653 5449 permansuram.
2685 5385 2746 5433 et
2770 5386 2911 5447 post,
2940 5392 3008 5433 ex
3044 5387 3156 5434 toto
3196 5372 3585 5434 destruendam:
3614 5369 3710 5428 συθ·

535 5473 697 5530 super
731 5475 947 5515 omnem
979 5459 1188 5514 laudem
1229 5467 1376 5513 tuam
1424 5473 1454 5513 a
1508 5459 1664 5514 nobis
1719 5457 1942 5527 factam,
1987 5461 2113 5531 quia
2215 5484 2336 5522 rum
2367 5483 2606 5524 errorem
2661 5477 2722 5524 ut
2761 5468 3086 5530 destrueret,
3121 5469 3250 5525 dicit
3287 5467 3422 5540 quod
3453 5455 3574 5517 omni
3602 5459 3713 5522 ρεπι-

537 5549 688 5618 plura
715 5551 770 5606 in
803 5551 959 5607 nobis
985 5551 1229 5621 operaris
1262 5565 1424 5622 quam
1451 5565 1548 5606 nos
1599 5551 1899 5624 intelligere
1927 5568 2115 5622 possuc
2217 5560 2411 5615 rationi
2435 5560 2805 5615 annuntianda
2827 5561 2902 5616 sit
2925 5537 3394 5632 potentia-Domini
3419 5575 3430 5611 :
3453 5546 3573 5623 quod
3598 5537 3708 5597 dicit

540 5654 678 5693 ntus.
710 5637 769 5693 ιιι
794 5654 923 5695 voce
959 5649 1144 5696 autem
1178 5639 1372 5710 capitis
1416 5639 1496 5694 sie
1539 5639 1816 5697 dicemus:
1855 5641 2114 5711 Adjiciam
2217 5649 2300 5706 Ne
2338 5651 2666 5722 derelinquas
2697 5667 2798 5717 me,
2827 5652 2990 5707 donec
3018 5655 3321 5708 annuntiem
3355 5644 3585 5706 brachium
3603 5640 3707 5686 ml"

541 5745 698 5796 super
727 5746 929 5785 omnem
965 5729 1174 5785 laudem
1199 5739 1344 5785 tuam
1369 5746 1389 5786 :
1421 5730 1718 5787 laudandus
1746 5743 1832 5788 est
1857 5732 2115 5791 Dominus
2216 5744 2537 5812 generationi
2557 5761 2674 5815 qua:
2702 5754 2917 5801 ventura
2935 5756 3032 5812 est,
3069 5756 3129 5802 et.-
3156 5748 3323 5803 donec
3360 5732 3622 5799 annuntie!"
3642 5734 3691 5788 P"

543 5818 598 5874 in
628 5819 974 5878 dispositione
1001 5831 1055 5879 ut
1100 5821 1153 5877 in
1191 5821 1576 5895 gubernatione
1620 5837 1800 5881 rerum
1849 5835 2142 5897 tempora--
2218 5836 2430 5889 tentiam
2479 5813 2618 5891 tuam
2669 5847 2716 5892 et
2766 5837 3028 5905 justitiam
3079 5847 3247 5907 tuam,
3296 5840 3346 5894 id
3389 5839 3492 5893 est,
3535 5813 3703 5891 gratiam
