3918 6466
206 449 346 508 509

1363 442 1494 498 ENA
1507 441 1896 498 “RATIONES
1936 441 2001 495 lN
2037 440 2372 499 PSALXIOS.

3397 445 3502 502 510

194 563 633 632 justiticantem,
657 560 832 616 eundo
865 559 1024 616 etiam
1050 574 1210 630 usque
1229 558 1282 612 in
1313 557 1569 610 altissima
1592 570 1807 625 niagna-
1837 566 1881 625 Α
1911 553 2049 606 mala
2102 554 2259 620 mihi,
2315 553 2691 611 existimantes
2729 554 2892 610 vitam
2947 570 3120 610 meam
3195 571 3315 613 esse
3362 560 3504 614 insa-

198 654 300 709 (ia
334 670 449 724 qua
478 662 532 708 tu
578 651 766 722 fecisti,
797 647 1175 715 considerabo,
1213 645 1466 702 videlicet
1505 645 1593 700 illa
1620 659 1806 713 super-

197 745 495 809 caslestia,
527 743 877 814 principatus,
914 741 1165 805 virtutes,
1204 737 1530 801 dominatus,
1570 743 1805 806 potesta-

199 843 332 900 tes,
363 835 432 890 ad
469 845 615 889 tuam
657 832 886 901 gratiam
917 831 1190 901 pertinere
1226 847 1239 882 :
1283 827 1428 898 quia,
1452 826 1620 897 'quod
1675 826 1810 880 bene

196 930 440 992 vivunt,
464 943 529 983 ex
558 938 610 982 te
641 927 864 990 habent,
897 939 1006 979 non
1027 937 1095 978 ex
1134 937 1213 978 se.
1238 921 1305 977 Et
1345 919 1563 992 quando
1590 918 1809 989 quidem

199 1030 302 1088 lu,
340 1021 505 1087 Deus,
533 1029 714 1076 tantus
738 1034 818 1087 es,
847 1017 962 1088 quis
982 1016 1169 1071 similis
1193 1025 1278 1072 est
1301 1014 1436 1069 tibi?
1458 1010 1645 1067 Nullus
1664 1010 1811 1065 vide-

193 1111 375 1175 licet,
406 1113 530 1184 quia
559 1112 691 1168 mihi
739 1109 936 1167 volenti
978 1110 1031 1163 in
1081 1109 1257 1178 primo
1301 1115 1525 1178 parente
1563 1105 1660 1161 tibi
1691 1118 1812 1160 esse

196 1204 442 1270 similis,
470 1214 698 1274 quantas
745 1199 1222 1265 tribulationcs,-id
1255 1207 1361 1266 est,
1412 1212 1575 1269 quam
1623 1210 1814 1267 graves

198 1294 282 1348 ad
316 1293 676 1359 tolerandum,
703 1302 760 1348 et
778 1291 968 1347 multas
991 1301 1037 1346 et
1055 1305 1152 1346 eas
1173 1289 1338 1345 malas
1357 1289 1483 1342 mihi
1505 1287 1810 1343 ostendisti:

198 1385 394 1439 voluit
419 1384 510 1438 libi
533 1399 652 1438 esse
675 1382 866 1439 similis
889 1383 980 1453 qui
1005 1381 1140 1436 dixit
1165 1399 1178 1434 :
1206 1381 1405 1437 Ponam
1429 1380 1612 1436 sedem
1638 1394 1814 1434 meam

206 1475 288 1531 ad
325 1475 661 1545 aquilonem,
694 1484 751 1530 et
787 1491 876 1529 ero
913 1475 1100 1529 similis
1131 1475 1398 1528 Altissimo
1426 1473 1560 1543 (Isa.
1595 1473 1730 1546 xw),
1760 1483 1816 1530 et

202 1570 478 1626 discessit
498 1586 528 1625 a
553 1578 604 1625 te
623 1570 678 1624 in
703 1569 920 1639 regione
938 1567 1411 1625 dissimilitudinis.
1449 1566 1628 1624 Voluit
1647 1567 1812 1622 etiam

202 1663 395 1719 miser
423 1663 595 1717 Adam
630 1661 724 1717 tibi
753 1677 872 1718 esse
901 1661 1114 1727 similis,
1156 1661 1374 1731 quando
1401 1661 1663 1716 desertori
1697 1677 1815 1717 cre-

199 1757 361 1811 didit
389 1756 589 1812 dicenti
621 1774 634 1810 :
670 1753 956 1819 Comedite,
985 1765 1032 1810 et
1067 1755 1214 1810 eritis
1253 1755 1388 1808 sicut
1422 1754 1497 1808 dii
1526 1752 1678 1827 (Gen.
1707 1754 1810 1826 tu).

199 1849 464 1905 Credidit
485 1849 624 1919 quod
652 1849 899 1919 promisit
926 1847 1190 1909 diabolus,
1223 1857 1277 1904 et
1303 1846 1504 1901 invenit
1533 1847 1675 1917 quod
1715 1846 1813 1901 mi-

1906 661 2067 701 Illalllo

2423 738 2744 798 PSALMUS
2783 739 2978 795 LXXI.

2263 847 2495 888 PSALIIUS
2524 846 2684 886 DAVID
2714 847 2765 886 IN
2787 847 3120 888 SALOIONEI.

1986 943 2006 977 Ι
2049 924 2211 992 Deus,
2233 924 2498 996 judicium
2528 933 2678 980 tuum
2703 925 2818 996 regi
2846 928 2935 991 da,
2967 934 3022 981 et
3042 924 3311 996 justitiam
3354 937 3500 982 tuam

1917 1035 1934 1067 ι
1983 1016 2091 1073 tilio
2120 1017 2280 1087 regis.
2313 1015 2568 1072 Judicare
2591 1015 2848 1087 populum
2897 1025 3047 1072 tuum
3078 1017 3133 1076 in
3177 1017 3410 1088 justitia,
3447 1027 3504 1073 et

1918 1128 1936 1159 ι
1983 1123 2244 1179 pauperes
2270 1117 2389 1165 tuos
2411 1108 2464 1164 in
2494 1107 2721 1179 judicio.
2779 1107 3091 1178 Suscipiant
3137 1119 3352 1164 montes
3399 1123 3501 1180 pa-

1919 1221 1937 1254 ι
1975 1217 2090 1258 cem
2116 1202 2332 1274 populo,
2355 1211 2410 1257 et
2433 1204 2598 1260 colles
2617 1202 2907 1275 justitiam.
2932 1203 3207 1261 iudicabit
3231 1220 3501 1277 pauperes

1919 1309 1937 1341 α
1981 1291 2179 1362 populi,
2211 1300 2266 1350 et
2287 1292 2464 1349 salvos
2496 1291 2657 1349 faciet
2685 1293 2822 1350 ﬁlios
2846 1309 3166 1366 pauperum,
3222 1304 3280 1351 et
3322 1295 3502 1350 humi-

1920 1401 1938 1435 ι
1987 1383 2624 1440 liabitcalumniatorem.
2655 1385 2718 1440 Et
2748 1385 3231 1456 permanebitch
3279 1386 3390 1442 sole
3447 1395 3504 1442 et

1921 1495 1940 1527 ι
1982 1476 2334 1542 antelunam,
2364 1477 2417 1532 in
2461 1479 2812 1550 generatione
2835 1490 2890 1534 et
2919 1479 3344 1551 generationem.
3397 1478 3502 1534 De-

1921 1587 1940 1620 r
1979 1567 2201 1624 scendet
2221 1569 2361 1624 sicut
2388 1569 2566 1640 pluvia
2603 1570 2657 1624 in
2707 1571 2898 1638 vellus,
2949 1579 3004 1627 et
3051 1572 3191 1627 sicut
3233 1571 3503 1627 stillicidia

1921 1679 1938 1712 ι
1985 1659 2243 1715 stillantia
2266 1677 2428 1732 super
2457 1671 2676 1718 terram.
2701 1662 2920 1720 Orictur
2945 1665 2997 1720 in
3020 1653 3210 1721 diebus
3256 1663 3373 1734 ejus
3419 1663 3505 1734 ju-

1922 1769 1942 1804 ς
1985 1753 2130 1809 stitia
2156 1762 2212 1808 et
2238 1753 2566 1810 abundantia
2612 1757 2782 1826 pacis,
2834 1757 3004 1813 donec
3047 1756 3322 1812 auferatur
3356 1756 3501 1810 luna.

1924 1861 1944 1895 ι
1982 1844 2049 1899 Et
2077 1845 2442 1902 dominabitur
2472 1861 2500 1900 a
2528 1847 2666 1901 mari
2691 1862 2864 1918 usque
2910 1849 2978 1903 ad
3023 1864 3192 1916 mare,
3243 1857 3298 1904 et
3327 1863 3354 1901 a
3399 1845 3503 1902 llu-

203 1948 384 1995 natus
421 1948 504 1996 est
537 1940 791 1995 Dominus
828 1949 886 1994 et
919 1939 1039 2008 plus
1072 1938 1240 1993 valuit
1282 1938 1421 2008 apud
1447 1953 1569 1993 eum
1594 1938 1686 2010 qui
1712 1939 1807 1995 de-
1839 1935 1886 1996 Β
1920 1954 1940 1988 t
1984 1935 2127 1990 mine
2159 1951 2328 2006 usque
2360 1936 2428 1990 ad
2466 1937 2726 1992 terminos
2779 1938 2930 1995 orbis
2973 1947 3259 1994 terrarum.
3309 1940 3503 1994 Coram

202 2030 353 2086 fecit
399 2045 560 2100 quam
616 2029 708 2101 qui
753 2043 876 2085 eum
923 2028 1090 2095 fecit,
1133 2028 1189 2084 in
1237 2043 1344 2099 quo
1400 2028 1593 2082 multas
1642 2029 1809 2083 tribu-

201 2121 445 2176 lationes
465 2122 593 2176 mihi
619 2120 858 2177 "ct’malas
880 2121 1168 2187 ostendisti,
1209 2121 1307 2177 sed
1332 2137 1438 2176 non
1481 2121 1811 2193 irreparabi-

199 2212 348 2268 liter
377 2228 463 2268 me
501 2213 794 2278 damnasti,
821 2213 948 2283 quia
982 2229 1256 2269 conversus
1283 2213 1351 2268 ab
1396 2213 1472 2268 ira
1503 2215 1569 2268 ad
1599 2211 1808 2269 miseri-

207 2304 486 2369 cordiam,
513 2303 782 2373 viriﬁcasti
817 2320 922 2370 me,
949 2300 1002 2359 id
1028 2312 1131 2370 est,
1163 2304 1216 2357 in
1246 2305 1412 2358 vitam
1444 2303 1671 2374 posuisti
1699 2318 1803 2358 me.

203 2397 278 2452 Et
323 2399 448 2464 hoc,
477 2397 792 2467 quomodo?
819 2396 884 2450 de
913 2397 1113 2467 abyssis
1139 2406 1293 2450 terra:
1315 2396 1502 2453 iterum
1529 2397 1803 2451 reduxisti.

203 2487 357 2545 Nota
382 2489 526 2560 quod
565 2489 715 2554 dicit,
770 2489 1046 2553 reduxisti,
1078 2488 1205 2558 quia
1252 2503 1359 2543 non
1413 2487 1687 2544 reducitur
1711 2488 1808 2543 ali-

203 2581 365 2652 quis,
398 2581 502 2636 nisi
543 2581 694 2652 prius
723 2581 795 2636 sit
823 2580 1058 2636 eductio.
1102 2579 1302 2635 Eduxit
1346 2580 1487 2636 Deus
1531 2580 1806 2636 hominem

204 2672 277 2727 de
320 2671 530 2726 vilitate
560 2678 741 2734 teme,
785 2669 1112 2725 mirabiliter
1149 2685 1273 2726 eum
1308 2669 1563 2725 creando.
1603 2669 1660 2724 In
1695 2686 1807 2724 ma—

206 2779 383 2834 gnum
426 2763 570 2818 enim
625 2762 880 2834 quiddam
944 2771 1191 2834 promota
1248 2770 1333 2817 est
1383 2771 1545 2827 terra,
1591 2765 1807 2832 quando

211 2856 384 2910 homo
419 2855 485 2910 de
513 2862 660 2910 terra
685 2853 985 2925 plasmatus
1012 2863 1095 2910 est
1116 2854 1183 2908 ad
1213 2855 1501 2924 imaginem
1529 2855 1806 2912 etsimili-

208 2947 460 3003 tudinem
489 2947 582 3002 Dei
605 2947 660 3002 in
687 2947 946 3003 vilitatem
968 2962 1142 3003 suam.
1166 2946 1331 3003 Terra
1359 2946 1571 3013 recidit,
1593 2947 1807 3016 quando

206 3042 383 3096 homo
411 3055 508 3111 per
547 3039 969 3097 inobedientiam
1003 3054 1034 3093 a
1066 3040 1177 3096 Deo
1221 3037 1437 3104 deiecit,
1471 3039 1568 3094 sed
1619 3052 1807 3094 rursus

203 3135 276 3186 ad
308 3148 524 3188 summa
550 3141 707 3187 terra:
731 3131 1005 3188 reducitur
1031 3148 1044 3185 :
1071 3130 1286 3201 quando
1309 3130 1544 3186 Verbum
1571 3146 1635 3186 ex
1661 3137 1804 3184 terra

204 3225 514 3295 assumpsit
565 3225 838 3280 hominem
895 3241 926 3280 a
975 3232 1198 3294 peccato
1249 3223 1564 3288 immunem,
1603 3222 1682 3278 sic
1719 3238 1804 3278 re-

1914 2045 1933 2078 ι
1971 2025 2060 2082 illo
2082 2027 2366 2098 procident
2392 2025 2698 2098 IEthiopes,
2727 2036 2781 2084 et
2810 2029 3008 2086 inimici
3035 2029 3149 2100 ejus
3182 2043 3380 2085 terram
3405 2029 3506 2084 lin-

1915 2134 1934 2169 ο
1977 2126 2124 2190 gent.
2151 2117 2326 2189 Reges
2355 2117 2584 2174 Tharsis
2617 2128 2673 2175 et
2728 2119 2916 2176 insulae
2969 2136 3195 2176 munera
3250 2119 3502 2190 oil‘erent,

1914 2227 1932 2260 ι
1979 2223 2134 2279 reges
2159 2209 2398 2264 Arabum
2433 2218 2489 2266 et
2519 2208 2661 2265 Saba
2693 2211 2832 2266 dona
2861 2212 3149 2268 adducent.
3200 2212 3265 2266 Et
3311 2211 3506 2267 adora-

1913 2319 1934 2354 ι
1974 2301 2108 2358 bunt
2132 2318 2256 2360 eum
2286 2319 2476 2360 omnes
2499 2319 2673 2377 reges,
2699 2320 2888 2362 omnes
2919 2317 3108 2379 gentes
3136 2307 3376 2362 servient
3427 2307 3498 2361 ei.

1913 2413 1933 2448 c
1975 2393 2112 2462 Quia
2141 2394 2394 2452 liberabit
2421 2411 2714 2467 pauperem
2750 2412 2780 2451 a
2808 2405 3047 2466 potente,
3105 2406 3159 2453 et
3207 2411 3498 2467 pauperem

1912 2482 1934 2540 t
1979 2487 2065 2542 cui
2091 2503 2198 2542 non
2227 2495 2347 2544 erat
2372 2487 2606 2558 adjutor.
2637 2487 2828 2543 Parcet
2854 2489 3074 2559 pauperi
3127 2499 3181 2543 et
3232 2487 3400 2558 inopi,
3449 2496 3506 2542 ct

1912 2595 1935 2632 ι
1975 2579 2185 2635 animas
2219 2594 2517 2652 pauperum
2545 2579 2722 2636 salvas
2755 2579 2934 2636 faciet.
2982 2581 3061 2635 Ex
3105 2580 3285 2636 usuris
3315 2587 3370 2635 et
3399 2579 3507 2634 ini-

1914 2687 1934 2724 t
1977 2671 2182 2743 quitate
2213 2671 2440 2727 redimet
2462 2672 2674 2728 animas
2697 2686 2910 2738 eorum,
2942 2680 2998 2726 et
3027 2671 3346 2728 honorabile
3396 2687 3499 2725 no-

1913 2782 1934 2818 s
1979 2779 2102 2819 men
2123 2778 2310 2820 eorum
2337 2778 2522 2818 coram
2552 2763 2663 2819 illo.
2692 2762 2760 2818 Et
2786 2763 2952 2829 vivet,
2981 2773 3035 2818 et
3068 2763 3286 2818 dabitur
3332 2763 3382 2817 ei
3437 2763 3506 2817 de

1913 2873 1934 2908 ι
1975 2869 2110 2910 auro
2129 2853 2364 2921 Arabim,
2394 2863 2450 2909 et
2475 2854 2785 2910 adorabunt
2805 2854 2872 2909 de
2895 2853 3010 2925 ipso
3031 2869 3264 2925 semper,
3285 2863 3396 2908 tota
3417 2854 3506 2907 die

1914 2961 1935 2998 t
1978 2943 2299 3001 benedicent
2326 2943 2396 3001 ei.
2424 2945 2543 3000 Erit
2576 2945 2976 3001 ﬁrmamentum
3009 2946 3063 3001 in
3100 2955 3242 3000 terra
3271 2946 3326 3001 itt
3354 2961 3503 3001 Stltit-

1914 3052 1933 3088 ς
1979 3035 2084 3092 mis
2111 3036 2399 3102 montium,
2430 3035 2881 3106 superextolletur
2910 3052 3074 3107 super
3101 3037 3362 3092 Libanum
3389 3034 3505 3089 i‘ru-

1916 3143 1934 3178 ι
1978 3135 2099 3181 ctus
2126 3126 2262 3197 ejus,
2313 3135 2368 3182 et
2409 3126 2682 3183 ﬂorebunt
2738 3129 2804 3184 de
2857 3128 3078 3183 civitate
3129 3129 3272 3182 sicut
3320 3126 3506 3182 fenum

1916 3235 1936 3269 ι
1979 3226 2156 3272 terrai.
2186 3216 2268 3273 Sit
2290 3233 2484 3273 nomen
2511 3217 2628 3288 ejus
2655 3219 2996 3275 benedictum
3027 3219 3080 3274 in
3108 3219 3325 3285 sarcula,
3376 3227 3506 3272 ante

205 3320 396 3385 duxit,
431 3319 482 3374 id
502 3326 604 3386 est,
633 3318 818 3372 uerum
846 3317 998 3373 duxi;
1023 3315 1294 3372 hominem
1317 3317 1382 3370 de
1402 3315 1602 3388 abyssi,
1626 3326 1802 3382 εει-ηε,
1834 3309 1878 3371 C
1915 3325 1934 3358 ι
1981 3307 2146 3364 solem
2190 3319 2474 3380 permanet
2503 3326 2698 3366 nomen
2729 3309 2868 3380 ejus.
2913 3311 2980 3366 Et
3017 3312 3406 3367 benedicentur
3452 3312 3507 3366 in

207 3412 547 3467 mirabiliter
587 3426 712 3466 eum
761 3410 1106 3467 reformando
1146 3409 1200 3464 in
1238 3408 1499 3465 interiore
1543 3409 1668 3480 quia
1716 3425 1805 3479 spe

206 3503 350 3558 salvi
382 3502 509 3572 facti
535 3519 716 3557 sumus
750 3501 925 3574 (Rom.
955 3501 1098 3574 vm).
1132 3500 1273 3557 Ecce
1305 3499 1522 3572 planum
1553 3511 1636 3556 est
1659 3501 1804 3570 quod

207 3595 356 3650 dixit
382 3594 635 3648 reduxisti
665 3594 1057 3650 :ostendamus
1085 3593 1280 3649 iterum
1307 3592 1450 3662 quod
1499 3601 1627 3648 tunc
1675 3593 1802 3660 erit,

208 3687 436 3757 quando
464 3701 592 3741 caro
639 3685 880 3740 mortalis
924 3686 978 3740 in
1027 3685 1486 3740 immortalitatem
1535 3694 1804 3757 resurget,

207 3780 344 3851 quia
369 3779 450 3834 sic
475 3779 669 3833 iterum
693 3787 747 3834 et
777 3779 970 3832 iterum
998 3777 1284 3834 deducitur
1305 3778 1465 3833 homo
1490 3793 1518 3832 a
1546 3777 1802 3833 Domino:

207 3874 360 3944 quod
400 3873 531 3928 dicit
557 3873 622 3928 de
648 3873 849 3944 abyssis
875 3882 1028 3926 terra:
1056 3873 1242 3926 iterant
1266 3872 1540 3926 reduxisti.
1574 3871 1640 3926 Et
1663 3873 1805 3927 unde

207 3970 321 4025 hoc
352 3967 508 4023 scio?
533 3964 664 4020 Nam
691 3964 1050 4035 multiplicasti
1079 3965 1523 4036 magnificentiam
1553 3975 1722 4031 tuam,
1753 3965 1806 4020 id

207 4070 316 4120 est,
340 4057 605 4130 justitiam
631 4065 778 4113 tuam
811 4057 1079 4110 intantum
1110 4056 1504 4128 multiplicasti,
1549 4056 1653 4130 [ut]
1683 4071 1805 4112 cum

208 4154 347 4208 ﬁliis
378 4152 486 4208 tuis
512 4169 617 4206 non
642 4167 919 4222 parceres,
949 4161 996 4205 et
1019 4151 1098 4206 sic
1121 4169 1395 4207 conversus
1426 4152 1725 4208 consolatus
1752 4172 1805 4209 es

210 4262 318 4299 me.
348 4242 490 4298 Nunt
515 4255 563 4298 et
592 4261 684 4315 ego
705 4259 810 4300 non
842 4251 1051 4296 tantum
1081 4242 1134 4297 in
1159 4243 1336 4314 capite
1364 4258 1502 4309 meo,
1526 4243 1618 4299 sed
1641 4245 1805 4299 etiam

211 4338 266 4391 in
311 4350 396 4390 me
438 4336 552 4406 ipso
595 4335 880 4404 conﬁtebor
917 4336 1010 4389 tibi
1062 4336 1119 4390 in
1155 4336 1291 4390 vasis
1310 4333 1498 4408 psalmi
1538 4337 1804 4391 veritatem

208 4443 389 4496 luant,
419 4429 581 4496 Deus,
620 4429 842 4501 psallam
872 4429 965 4483 tibi
1006 4429 1062 4482 in
1093 4429 1316 4495 cit/mra,
1341 4439 1552 4484 sanctus
1595 4427 1801 4496 Israel;

209 4538 348 4576 vasa
373 4521 564 4591 psalmi
588 4530 712 4576 sunt
733 4519 1074 4591 psalterium.
1097 4517 1234 4574 Nota
1259 4520 1402 4574 inter
1422 4520 1734 4589 psalterium
1752 4529 1806 4576 et

209 4613 508 4678 citharam,
534 4615 656 4685 quia
687 4611 1001 4684 psalterium
1030 4626 1222 4666 sonum
1242 4610 1417 4666 reddit
1440 4612 1492 4666 in
1514 4612 1800 4683 superiori,

211 4721 318 4778 per
377 4706 518 4777 quod
586 4705 832 4774 designat
893 4703 1130 4758 animam
1194 4717 1312 4772 quae
1370 4701 1616 4774 superior
1677 4689 1880 4773 parsi)

209 4806 305 4853 est
331 4797 382 4852 in
411 4795 649 4863 homine,
681 4796 890 4852 cithara
922 4795 1098 4849 reddit
1127 4810 1318 4850 sonum
1353 4794 1406 4849 in
1434 4794 1699 4860 inferiori,
1752 4805 1808 4850 et

213 4895 374 4943 notat
395 4903 609 4942 carnem
631 4902 750 4958 qum
777 4887 997 4942 inferior
1030 4901 1156 4958 pars
1193 4895 1275 4942 est
1323 4887 1375 4941 in
1425 4886 1664 4953 homine,
1713 4904 1809 4957 per

213 4995 384 5050 quam
411 4994 628 5034 carnem
649 4979 938 5033 citharizat
959 4978 1145 5044 homo,
1169 4979 1384 5050 quando
1410 4978 1524 5036 [nec
1553 4978 1807 5036 inferiora

216 5068 583 5142 indigentibus
620 5071 818 5142 praebet
851 5088 865 5124 :
897 5071 1039 5141 quod
1071 5071 1159 5127 hic
1187 5072 1340 5137 dicit,
1391 5073 1613 5143 psallam
1636 5075 1726 5128 tibi
1754 5077 1808 5130 in

217 5161 425 5217 cithara
450 5172 661 5216 sanctus
684 5161 872 5228 Israel,
912 5171 966 5218 et
1001 5163 1080 5217 sic
1108 5163 1320 5218 tandem
1351 5164 1680 5220 exsultabant
1727 5167 1812 5221 la-

220 5248 311 5307 bia
349 5269 461 5308 mea
512 5270 629 5307 cum
674 5264 949 5309 eaatavero
995 5254 1108 5321 tibi,
1161 5256 1289 5327 quia
1333 5273 1477 5314 nunc
1521 5259 1810 5331 aliquando

221 5355 384 5401 canto
409 5348 556 5401 mihi.
582 5347 646 5402 Et
664 5348 897 5417 qualiter
916 5349 1187 5404 exsultare
1209 5349 1370 5406 debet
1395 5352 1448 5406 in
1476 5351 1652 5419 labiis,
1685 5354 1812 5411 sub-

217 5436 432 5506 iungit:
461 5437 648 5490 Anima
680 5452 794 5491 mea
821 5454 977 5508 quam
1011 5439 1292 5505 redemisti,
1316 5441 1576 5499 subaudis
1630 5445 1810 5499 exsul-

226 5529 378 5591 tabit,
406 5537 588 5583 etnon
626 5537 830 5582 tantum
880 5531 1080 5596 anima,
1125 5531 1216 5585 sed
1260 5533 1423 5588 etiam
1465 5535 1646 5606 lingua
1695 5554 1812 5592 mea

227 5621 464 5675 exterior
494 5633 605 5676 tota
631 5621 716 5676 die
759 5622 1094 5678 meditabitur
1128 5624 1397 5695 justitiam
1445 5637 1610 5682 tuam.
1666 5629 1810 5687 Bene

231 5712 376 5777 dicit,
409 5713 742 5767 meditabitur
763 5727 781 5764 :
809 5713 932 5783 quia
958 5729 1064 5769 non
1095 5724 1178 5770 est
1221 5717 1291 5770 ibi
1342 5734 1476 5787 opus
1519 5734 1652 5775 voce
1702 5721 1810 5776 ele-

233 5817 348 5857 men
357 5803 474 5858 tari.
495 5804 556 5858 Et
570 5806 784 5874 quando
797 5807 899 5860 hoc
912 5808 1016 5861 erit
1027 5808 1050 5860 ?
1061 5807 1190 5862 Cum
1208 5825 1272 5864 ex
1287 5811 1533 5880 opposito
1548 5814 1751 5884 confusi
1763 5826 1810 5868 et

236 5897 1306 5973 rereritifucriat,inconsiderationesua,
1340 5907 1427 5978 qui
1454 5905 1540 5962 hic
1571 5908 1810 5979 qum-unt

1913 3415 1932 3449 ι
1973 3399 2092 3467 ipso
2113 3413 2303 3455 omnes
2350 3399 2526 3456 tribus
2557 3409 2733 3464 terrae,
2787 3417 2974 3457 onmes
3024 3413 3213 3472 gentes
3255 3403 3503 3473 magniti-

1911 3507 1930 3543 ι
1975 3488 2174 3544 cabunt
2200 3505 2345 3546 eum.
2381 3490 2704 3546 Benedictus
2733 3493 2992 3548 Dominus
3023 3492 3163 3548 Deus
3186 3493 3370 3559 lsrael,
3412 3493 3505 3563 qui

1911 3599 1931 3634 ε
1977 3580 2107 3636 facit
2134 3581 2402 3637 mirabilia
2433 3582 2597 3638 solus.
2631 3583 2700 3637 Et
2728 3584 3066 3639 benedictum
3094 3600 3287 3640 nomen
3337 3585 3505 3652 maje-

1912 3693 1931 3727 ο
1977 3674 2137 3730 statis
2177 3673 2296 3744 ejus
2347 3675 2400 3730 in
2431 3683 2716 3742 aeternum,
2768 3685 2823 3730 et
2875 3677 3169 3748 replebitur
3225 3677 3507 3749 majestate

1911 3783 1932 3819 t
1976 3764 2094 3835 ejus
2116 3765 2294 3822 omnis
2319 3776 2464 3822 terra
2495 3786 2507 3821 :
2549 3768 2661 3832 ﬁat,
2691 3768 2804 3823 ﬁat.
2841 3787 2858 3821 ι

2480 3887 2527 3942 E
2533 3886 2860 3942 ΝΑΠΠΛΤΙ
2869 3885 2935 3942 0.

1979 3977 2231 4034 Salomon
2264 3977 2653 4050 interpretatur
2680 3978 2954 4049 paciﬁcus.
3019 3977 3152 4046 Qua:
3176 3977 3506 4050 interpreta-

1908 4069 1982 4124 tio
2007 4069 2240 4125 nominis
2265 4071 2481 4126 Christo
2509 4071 2673 4140 capiti
2704 4078 2889 4124 nostro
2920 4071 3192 4138 convenit,
3242 4071 3500 4141 quoniam

1907 4163 2020 4233 ipse
2047 4179 2141 4234 per
2173 4174 2401 4220 mortem
2434 4181 2584 4221 suam
2612 4165 2928 4220 inimicitias
2961 4173 3175 4220 nostras
3215 4164 3394 4229 solvit,
3452 4171 3508 4219 et

1905 4252 2016 4310 Deo
2048 4255 2195 4310 Patri
2225 4271 2326 4313 nos
2356 4255 2728 4312 reconciliavit
2758 4272 2770 4308 :
2807 4255 2918 4324 ipse
2949 4256 3110 4310 etiam
3138 4271 3350 4309 murum
3381 4270 3505 4310 ere-

1905 4353 2051 4400 ctum
2080 4347 2220 4402 inter
2244 4357 2419 4403 noset
2454 4347 2731 4403 caelestem
2775 4346 3143 4402 rationabilem
3197 4355 3503 4401 creaturam

1905 4436 2171 4506 dissolvit,
2205 4449 2260 4496 et
2295 4456 2419 4496 mox
2454 4456 2578 4496 cum
2614 4440 2720 4496 illis
2749 4441 2801 4494 in
2829 4454 2888 4496 se
2915 4439 3157 4510 angulari
3186 4439 3362 4510 lapide
3387 4440 3507 4494 uni-

1905 4529 2012 4594 vit;
2043 4530 2157 4602 ipse
2186 4533 2350 4588 etiam
2378 4548 2542 4604 super
2595 4549 2785 4603 pacem
2841 4532 3298 4587 reconciliationis
3349 4533 3502 4587 addi-

1906 4619 1984 4675 dit
2013 4637 2200 4692 pacem
2228 4623 2656 4680 immortalitatis
2676 4625 2729 4678 in
2749 4640 2908 4694 quem
2935 4625 3094 4694 hujus
3118 4625 3312 4697 psalmi
3340 4625 3500 4681 verba

1911 4710 2241 4768 referuntur.
2267 4712 2535 4784 Propheta
2557 4714 2699 4769 enim
2725 4715 3025 4784 prmvidens
3066 4715 3120 4770 in
3150 4716 3343 4786 spiritu
3389 4731 3507 4786 pro-

1912 4801 2130 4875 phetico
2160 4819 2284 4859 eum
2312 4805 2366 4860 in
2401 4821 2568 4861 carne
2610 4815 2917 4870 venturum,
2965 4807 3253 4877 diligenter
3281 4809 3504 4876 exponit

1911 4910 2117 4967 eaquae
2142 4898 2193 4952 in
2219 4899 2408 4955 diebus
2433 4899 2538 4956 illis
2561 4900 2739 4955 futura
2781 4911 2926 4967 sunt,
2978 4910 3035 4956 ut
3090 4917 3210 4956 cum
3270 4903 3504 4957 viderint

1914 4985 2174 5042 increduli
2206 5003 2271 5043 ea
2292 4990 2542 5044 evenisse
2579 5005 2700 5060 qum
2756 4991 2822 5046 de
2869 5006 2934 5046 eo
2986 4993 3304 5061 prophetata
3354 5003 3500 5054 sunt,

1913 5090 2039 5130 eum
2065 5078 2279 5133 venisse
2315 5095 2421 5134 non
2471 5080 2735 5148 dubitent,
2786 5081 2883 5136 sed
2934 5081 3206 5138 humiliter
3255 5082 3503 5137 adorent.

1915 5167 2056 5224 Dicit
2081 5179 2259 5225 autem
2282 5172 2362 5226 sic
2392 5169 2680 5242 Propheta.

1987 5261 2150 5330 Deus,
2165 5264 2428 5335 judicium
2456 5275 2602 5321 tuum
2641 5267 2751 5340 regi
2798 5269 2888 5324 da.
2933 5267 3098 5336 Quasi
3148 5268 3330 5324 dicat:
3362 5267 3505 5323 Deus

1915 5353 2096 5420 Pater,
2124 5357 2269 5411 mitte
2295 5373 2449 5428 quem
2480 5360 2736 5415 ntissurus
2756 5377 2833 5426 es,
2857 5369 2917 5415 ut
2941 5376 3036 5432 per
3067 5361 3238 5431 ipsum
3288 5359 3502 5428 judica-

1916 5453 2028 5499 tum
2058 5447 2271 5503 tandem
2291 5448 2500 5518 judices
2549 5451 2828 5516 tnundmn,
2885 5451 3013 5520 quia
3059 5451 3319 5520 scriptum
3371 5459 3499 5505 cst:

1919 5537 2082 5592 Pater
2104 5555 2205 5593 non
2219 5539 2431 5609 judicat
2457 5555 2790 5612 quemquam,
2812 5542 2902 5596 sed
2932 5559 3083 5597 omne
3100 5542 3364 5613 judicium
3406 5543 3502 5596 de-

1916 5630 1991 5684 dit
2022 5629 2164 5686 Filio
2189 5631 2370 5704 (Joan.
2403 5633 2476 5703 v).
2500 5635 2617 5703 Ipse
2639 5634 2783 5689 enim
2815 5633 3008 5690 merito
3053 5636 3310 5690 mundum
3357 5635 3504 5706 judi-

1917 5731 2024 5789 cat,
2047 5725 2139 5793 qui
2184 5726 2238 5778 in
2296 5724 2496 5779 lttmltiO
2537 5734 2930 5792 conversatus,
2979 5734 3035 5781 et
3089 5741 3121 5782 a
3171 5727 3504 5797 principibus

1918 5815 2101 5870 mundi
2124 5815 2399 5887 judicatus
2422 5825 2524 5871 est.
2562 5814 2632 5870 Et
2676 5816 2940 5887 justitiam
2974 5827 3121 5872 tuam
3179 5817 3290 5888 ﬁlio
3346 5819 3500 5888 regis.

1921 5910 2226 5981 Repetitqu
2263 5920 2343 5968 est
2388 5911 2530 5982 quod
2591 5910 2742 5982 prius
2791 5909 2944 5968 dixit.
2994 5910 3129 5969 Nam
3177 5909 3319 5981 quod
3354 5909 3506 5981 prius
