3884 5542
460 378 559 438 511

1097 388 1355 452 REMIGII
1389 394 2044 455 ANTISSIODORENSIS
2079 396 2229 457 OPP.
2272 401 2469 462 PARS.
2509 396 2664 463 li:
2698 409 3110 474 EXEGETICA.

3620 431 3699 490 εἳ

458 494 614 557 dixit,
638 494 923 565 judicium,
950 498 1051 566 hoc
1079 514 1234 560 sonat
1257 507 1364 571 hic,
1388 508 1675 578 justitiam.
1715 508 1854 578 Quid
1903 510 2047 568 aliud
2078 519 2122 577 Α
2152 529 2279 570 suos
2306 515 2539 576 honores
2574 524 2804 592 superbe
2850 530 3078 599 agendo,
3118 533 3410 594 schismata
3446 540 3636 600 faciant
3656 549 3698 603 in

456 596 542 639 est
571 587 1051 659 ipsumjluliciuln,
1075 610 1235 665 quam
1259 591 1508 669 justitia?
1555 601 1724 670 Quem
1765 603 1914 674 prius
1952 620 2045 661 vo-

457 677 601 731 cavit
630 694 830 750 regem,
859 682 946 739 hic
969 697 1126 742 vocat
1153 688 1319 745 ﬁlium
1346 706 1360 745 :
1388 701 1677 765 utrumque
1699 696 1842 750 enim
1867 705 1920 750 et
1951 711 2046 767 pa-

458 775 541 819 ter
560 776 615 821 et
638 784 725 822 rex
746 779 848 825 est.
865 772 985 828 Ista:
1001 785 1177 832 autem
1195 782 1542 851 repetitiones
1574 786 1800 841 multum
1833 786 2041 858 eloquia

455 845 634 911 diiina
659 866 1056 929 commendant,
1086 869 1200 925 sive
1220 886 1318 941 per
1342 874 1555 942 eadem,
1579 876 1693 932 sive
1715 877 1838 933 aliis
1864 879 2042 934 verbis

453 952 640 1008 eadem
657 956 920 1011 sententia
950 968 1254 1028 repetatur:
1273 973 1326 1018 et
1352 966 1587 1022 maxime
1612 968 1745 1025 tales
1769 971 2046 1040 repetitio-

452 1055 549 1113 nes
569 1045 912 1113 reperiuntur
926 1046 976 1101 in
992 1049 1232 1118 psalmis,
1250 1063 1303 1108 et
1321 1054 1373 1108 in
1390 1070 1454 1109 eo
1466 1072 1662 1127 genere
1673 1060 1939 1115 sermonis
1952 1061 2039 1116 ubi

452 1131 617 1186 animi
653 1136 945 1193 movendus
966 1148 1054 1195 est
1080 1139 1324 1198 aﬁ'ectus.
1371 1145 1464 1200 Vel
1511 1146 1691 1212 aliter,
1729 1148 1867 1203 Deus
1886 1150 2036 1220 judi-

447 1223 586 1278 cium
626 1235 772 1279 tuum
823 1230 930 1298 regi
971 1230 1061 1296 da,
1117 1242 1163 1287 et
1201 1234 1470 1304 justitiam
1518 1248 1663 1293 tuam
1707 1240 1822 1308 ﬁlio
1866 1244 2040 1313 regis:

447 1311 562 1381 ipse
608 1316 759 1385 quasi
796 1317 967 1374 Filius
1004 1318 1269 1388 justitiam
1300 1327 1637 1394 praedicaret,
1683 1346 1848 1402 opere
1893 1335 2039 1389 vide-

442 1400 568 1458 licet
593 1414 649 1460 et
669 1408 853 1463 verbo.
883 1409 1035 1466 Unde
1071 1412 1199 1468 illud
1225 1436 1237 1469 :
1268 1416 1399 1482 Qua:
1428 1422 1578 1491 ccepi!
1606 1400 1762 1479 Iesus
1791 1424 1963 1495 facere
1990 1439 2037 1483 et

441 1492 626 1546 docere
671 1495 811 1566 (Act.
848 1497 905 1570 ι).
941 1501 1092 1567 Quod
1136 1503 1273 1559 Dens
1313 1496 1492 1575 Pater,
1527 1527 1618 1565 rex
1653 1492 1896 1581 vocatur,
1931 1527 2038 1575 tes-

445 1592 589 1639 tatur
617 1584 837 1654 Paulus,
866 1590 1051 1647 dicens
1071 1612 1083 1647 :
1103 1593 1230 1665 Regi
1260 1608 1434 1653 autem
1479 1602 1785 1659 steculorcm
1817 1608 2034 1662 immor~

440 1677 555 1740 tali,
593 1679 858 1745 invisibili,
903 1681 1148 1740 soli'Deo
1181 1686 1240 1759 (1
1282 1688 1416 1744 ’I'im.
1448 1692 1526 1763 ι),
1556 1704 1662 1749 etc.
1708 1697 1821 1763 Vel,
1863 1699 2032 1757 ﬁlium

440 1767 582 1833 regis
621 1785 903 1851 possumus
945 1777 1190 1845 accipere
1248 1778 1530 1837 Iudaicum
1568 1786 1824 1856 populum
1868 1806 2030 1861 quem

2149 602 2413 673 Ecclesia,
2458 612 2680 669 uuiultis
2727 631 2984 691 compage
3042 622 3305 696 disrupta.
3353 629 3521 699 Colles
3561 638 3700 695 etiam

2147 695 2392 766 accipere
2417 699 2613 756 debent
2631 703 2918 774 justitiam,
2953 711 3006 767 id
3032 724 3136 779 est,
3160 696 3543 795 obedientiam,
3565 730 3635 783 sic
3655 741 3701 786 ut

2146 782 2429 842 imitentur
2471 790 2614 860 ipsos
2659 806 2857 853 montes
2900 800 2955 854 in
2999 801 3107 859 hoc
3139 822 3249 876 quo
3292 786 3535 869 imitandi
3578 831 3701 887 sunt,

2145 888 2380 936 montem
2419 888 2679 942 montium
2722 891 2803 948 eis
2841 899 3187 965 proponendo
3220 916 3235 954 :
3274 919 3379 958 non
3421 916 3480 959 ut
3522 909 3702 981 dicant,

2142 986 2234 1040 ego
2266 989 2382 1027 sum
2430 972 2608 1044 Pauli,
2642 996 2733 1050 ego
2762 998 2878 1038 vero
2903 984 3109 1056 Cephm,
3162 992 3259 1047 sed
3288 1010 3479 1052 omnes
3525 1000 3702 1071 dicant,

2143 1063 2338 1121 Christi
2377 1066 2437 1139 (ι
2471 1065 2594 1124 Cor.
2640 1074 2716 1143 ι).
2750 1074 2875 1132 [Lee
2916 1086 2997 1134 est
3033 1079 3268 1149 justitia,
3315 1102 3422 1141 non
3459 1063 3705 1160 apponere

2143 1172 2332 1217 servos
2358 1158 2587 1218 Domino
2618 1179 2717 1221 nec
2745 1184 2961 1240 uigilare
2996 1189 3009 1227 :
3043 1175 3135 1229 sed
3156 1177 3302 1232 dicat
3328 1184 3704 1255 unusquisque:

2140 1246 2327 1305 Levavi
2376 1252 2554 1309 oculos
2582 1272 2722 1312 meos
2774 1259 2829 1315 in
2870 1274 3068 1320 montes
3107 1282 3126 1320 :
3173 1277 3230 1324 et
3278 1274 3418 1329 unde
3471 1278 3705 1334 auxilium

2141 1354 2320 1395 meum
2337 1341 2360 1396 ?
2376 1342 2419 1394 Α
2433 1343 2658 1402 Domino
2673 1350 2762 1419 qui
2775 1350 2895 1419 fecit
2911 1353 3097 1410 cretum
3112 1369 3160 1412 et
3176 1370 3373 1417 terram
3389 1366 3406 1434 (
3416 1365 3565 1422 Psal.
3579 1374 3703 1443 cxx).

2140 1430 2381 1498 Qualiter
2401 1447 2578 1494 autem
2603 1441 2845 1501 imitandi
2874 1458 2999 1504 sunt
3027 1464 3245 1521 montes,
3270 1474 3411 1516 unus
3435 1477 3503 1517 ex
3537 1466 3706 1520 monti-

2138 1519 2239 1577 bus
2265 1528 2522 1594 ostendit,
2550 1530 2630 1587 sic
2668 1550 2682 1586 :
2715 1533 2894 1591 Estote
2918 1538 3208 1599 imitatores
3248 1548 3365 1611 mei,
3396 1550 3535 1605 sicut
3562 1563 3607 1606 et
3630 1572 3706 1625 ego

2139 1607 2337 1668 Christi
2371 1614 2437 1687 (ι
2480 1617 2600 1674 Cor.
2651 1623 2737 1693 IV)
2771 1639 2785 1679 :
2824 1636 2879 1681 ct
2909 1628 3058 1695 alibi,
3092 1630 3201 1689 Pro
3233 1607 3445 1693 Christo
3475 1607 3705 1713 Iegntioili

2137 1700 2408 1772 fungimur
2431 1717 2682 1781 tanquam
2716 1714 2821 1772 Deo
2844 1720 3150 1780 exhortante
3168 1744 3262 1795 per
3291 1747 3388 1785 nos
3421 1731 3477 1803 (I
3505 1700 3622 1789 (Sor.
3646 1737 3686 1806 ι’)

2136 1790 2504 1855 Obsecramus
2547 1818 2645 1873 pro
2701 1805 2937 1876 Christo,
2987 1817 3413 1876 reconciliamiui
3475 1823 3601 1879 Deo.
3652 1827 3702 1882 Ili

2549 1859 2564 1873 ι
2630 1859 2634 1860 ν
2713 1859 2727 1861 -
2750 1859 2797 1862 ⁷-⁷
2815 1859 2937 1876 -νννι
2988 1859 3413 1876 ’νυν-ονιιηιιιιιιιι
3475 1859 3601 1879 "tiu.
3652 1859 3701 1882 ι.

440 1859 698 1918 Domiuus
741 1864 903 1921 Pater
944 1872 1240 1941 assumpsit
1292 1873 1343 1927 ill
1388 1875 1731 1946 adoptionem
1789 1881 2021 1940 ﬁliorum
2057 1887 2098 1946 Β
2130 1896 2327 1942 montes
2348 1893 2635 1962 suscipiant
2655 1914 2835 1967 pacem
2854 1904 3069 1974 populo,
3093 1907 3145 1962 id
3165 1919 3266 1978 est,
3288 1915 3520 1981 verbum
3547 1933 3703 1974 τερα..

440 1968 534 1981 ιιη-
567 1954 731 1981 [ει-η..-
786 1959 954 1981 ,1-ι-η-
1046 1962 1080 1981 h
1262 1965 1273 1977 ο
1337 1965 1368 1981 ιο
1408 1969 1419 1979 σ
1857 1977 1866 1981 -
1938 1978 1946 1981 λ
2170 1977 2219 1981 ___
2287 1979 2294 1981 ξ

436 1968 534 2021 per
565 1954 733 2026 legem
780 1959 981 2015 datam.
1034 1962 1197 2028 Deus,
1243 1965 1511 2035 judicium
1562 1981 1710 2026 tuum
1762 1977 1867 2046 regi
1911 1978 2030 2041 da;

403 2033 407 2037 ’
426 2046 678 2118 judicare
697 2053 947 2123 populum
980 2067 1147 2123 tuum,
1177 2059 1228 2113 id
1256 2069 1360 2126 est,
1388 2063 1455 2118 ad
1477 2064 1829 2135 judicandum
1870 2089 2030 2142 popuo

429 2139 540 2195 lum
566 2154 710 2200 tuum
740 2149 1048 2220 in'justitia,
1075 2163 1131 2209 ιιι
1160 2170 1257 2225 per
1276 2156 1544 2224 justitiam
1568 2162 1839 2220 discernat
1862 2183 2029 2238 popu-

433 2231 544 2289 lum
588 2253 744 2295 snnm
780 2253 949 2299 a'non
983 2263 1101 2313 suo,
1137 2259 1185 2303 et
1223 2250 1437 2306 tandem
1486 2253 1734 2313 videlicet
1773 2276 2027 2331 pauperes

431 2337 572 2393 tuos,
602 2330 652 2384 id
683 2343 786 2397 est,
817 2335 936 2391 illos
961 2339 1051 2407 qui
1093 2341 1279 2397 volunt
1317 2358 1438 2399 esse
1466 2360 1735 2418 pauperes
1777 2354 1871 2416 tui,
1921 2370 2024 2409 non

433 2418 629 2475 divites
666 2423 771 2489 sui,
807 2425 858 2479 ill
892 2435 944 2482 te
984 2430 1344 2498 abundantes,
1389 2434 1490 2491 sibi
1531 2448 1773 2507 egentes.
1825 2442 1888 2496 Et
1936 2445 2024 2500 llbi

425 2506 794 2575 iudicabitur?
841 2517 897 2571 in
938 2518 1163 2587 judicio,
1215 2525 1473 2581 subaudis
1518 2506 1722 2586 futuro.
1764 2531 1866 2600 Qui
1913 2536 2023 2591 sint

430 2613 683 2668 pauperes
720 2602 951 2668 Domini,
986 2607 1185 2665 Paulus
1221 2612 1536 2671 manifestat
1581 2617 1661 2673 sic
1692 2633 1707 2673 :
1748 2619 1810 2677 Si
1840 2622 2023 2677 distri-

429 2686 588 2743 buero
616 2708 791 2749 onmes
819 2697 1099 2768 facultates
1129 2720 1271 2759 meas
1296 2709 1647 2777 pauperibus,
1676 2723 1723 2767 et
1749 2714 1796 2769 si
1824 2717 2023 2772 dedero

426 2797 615 2851 corpus
652 2802 823 2841 meum
864 2791 939 2843 ita
982 2801 1035 2845 ut
1064 2795 1300 2861 ardeam,
1338 2799 1650 2857 charitatem
1695 2818 1870 2861 autem
1918 2827 2021 2866 non

425 2873 675 2940 habuero,
703 2880 834 2934 nihil
859 2885 987 2937 mihi
1006 2887 1212 2955 prodest
1236 2889 1287 2962 (l
1313 2890 1434 2947 Cor.
1460 2894 1604 2967 xm).
1634 2898 1798 2966 Quasi
1829 2903 2013 2959 die-at:

429 2964 486 3019 Si
517 2969 696 3024 omnia
750 2989 870 3029 mea
910 2977 980 3031 do
1027 2982 1373 3051 pauperibus,
1424 2994 1478 3040 et
1527 2964 1732 3059 pauper
1778 2992 1871 3049 Dei
1910 3010 2015 3053 non

2133 1977 2424 2038 eiliationis
2449 1986 2664 2056 populo,
2691 1992 2975 2062 subaudis,
3006 1977 3450 2068 praedicandum.
3478 2009 3546 2063 Et
3568 2011 3702 2065 colles

2122 2069 2411 2141 justitiam,
2442 2075 2493 2131 id
2533 2088 2639 2144 est,
2683 2079 2960 2141 imitantes
2992 2104 3181 2147 eorum
3228 2098 3605 2158 eminentiam.
3647 2104 3699 2161 Et

2131 2174 2344 2223 montes
2386 2167 2552 2237 ﬁant,
2599 2175 2888 2246 suscipiant
2918 2179 3222 2252 justitiam,
3277 2189 3331 2244 id
3375 2200 3498 2256 est,
3540 2209 3701 2251 eorum

2130 2259 2530 2330 obedientiam,
2574 2274 2631 2320 ut
2683 2268 2764 2324 sic
2809 2270 2902 2326 ﬁat
2948 2277 3091 2344 quod
3136 2279 3204 2334 de
3246 2279 3466 2350 iustitia
3503 2298 3558 2344 et
3593 2305 3704 2357 pace

2129 2349 2389 2420 scriptum
2422 2362 2506 2410 est
2541 2373 2554 2410 :
2595 2355 2815 2413 Iustitia
2847 2372 2894 2416 ct
2926 2380 3043 2433 pax,
3078 2349 3332 2429 osculata!
3370 2387 3505 2431 sunt
3548 2378 3696 2450 (Psal.

2126 2442 2369 2511 ωιχιιιν).
2393 2443 2545 2513 Quod
2578 2463 2675 2518 per
2699 2447 2970 2517 justitiam
3002 2459 3307 2518 obedientia
3333 2475 3520 2537 potest
3552 2442 3693 2527 deno-

2129 2532 2253 2596 tari,
2294 2542 2445 2589 notat
2485 2536 2775 2608 Apostolus
2801 2545 2894 2600 ubi
2919 2546 3052 2605 dicit
3088 2550 3275 2609 :Sicut
3298 2532 3392 2625 per
3423 2560 3697 2617 inobcdicn-

2124 2623 2251 2677 tiam
2283 2627 2440 2682 unius
2469 2630 2716 2697 hominis,
2742 2646 3037 2703 peccatores
3075 2647 3346 2702 constituti
3374 2663 3503 2707 sunt
3532 2656 3666 2708 mulli
3683 2673 3699 2708 :

2122 2714 2197 2767 ita
2227 2724 2275 2769 et
2299 2733 2393 2786 per
2425 2719 2794 2778 obedientiam
2827 2727 3139 2801 unius‘justi
3161 2738 3553 2796 constituentur
3571 2746 3698 2798 multi

2122 2804 2297 2875 (Rom.
2338 2809 2413 2878 ν).
2460 2810 2729 2869 Judicabit
2770 2834 3024 2889 pauperes
3068 2827 3272 2895 populi.
3313 2829 3488 2898 Quasi
3537 2836 3696 2893 dicat:

2122 2897 2260 2956 Vere
2293 2904 2611 2973 -suscipiant
2666 2920 2868 2966 montes
2921 2915 3143 2973 verbum
3196 2925 3693 2984 reconciliationis:

2123 2990 2267 3060 quod
2292 3002 2446 3047 notat
2486 2994 2728 3053 Paulus:
2764 3002 2926 3069 Deus,
2974 3005 3169 3078 inquit,
3216 3017 3578 3073 reconciliari!
3618 3036 3693 3073 nos

427 3056 603 3126 fuero,
632 3064 762 3119 nillil
795 3069 1033 3135 prodest.
1062 3071 1307 3131 Charitas
1333 3079 1479 3134 enim
1507 3099 1608 3138 non
1635 3085 1879 3156 inﬂatur,
1917 3106 2016 3147 uec

2139 3056 2157 3060 _
2882 3056 2926 3069 _,
2975 3056 3169 3078 ---τηη
3217 3056 3574 3073 .--νην-..ιαμ
3618 3056 3692 3073 ..να

2119 3080 2216 3135 sibi
2233 3099 2328 3151 per
2352 3083 2641 3154 Christum,
2672 3101 2718 3145 et
2749 3095 2931 3163 posuit
2952 3096 3002 3151 in
3033 3101 3177 3156 nobis
3207 3107 3517 3174 mysterium
3546 3128 3695 3164 recou-

424 3160 508 3205 (ξεί
549 3168 672 3211 vcra
713 3159 953 3217 charitas
987 3162 1079 3220 Dei
1118 3165 1170 3221 in
1198 3182 1264 3224 eo
1302 3172 1392 3241 qui
1427 3175 1675 3243 ingratus
1704 3188 1784 3235 est
1825 3194 2013 3240 sancto

427 3241 651 3274 Quinta”:
692 3246 804 3274 At..-
871 3251 919 3274 ι--
970 3254 1063 3274 ι.--
1116 3273 1136 3274 η
1324 3270 1334 3274 -
1385 3271 1392 3274 _
1482 3265 1503 3274 -
1538 3267 1550 3274 .
1900 3273 1913 3274 γ

2119 3171 2399 3230 cilia‘tionis
2429 3176 2514 3249 (11
2542 3178 2664 3236 Cor.
2700 3159 2806 3255 vi:
2841 3190 2984 3257 quod
3035 3192 3123 3248 hic
3169 3159 3693 3274 notatur,

427 3241 651 3311 Spiritui
690 3246 824 3315 ejus.
868 3251 923 3306 In
969 3254 1069 3313 hac
1112 3270 1432 3328 paupertate
1477 3241 1579 3322 fuit
1623 3280 1845 3330 sanctus
1884 3273 2005 3344 Job,

2436 3241 2447 3249 .
2735 3241 2748 3255 ,
3035 3241 3122 3248 π--
3169 3241 3415 3267 .--..η.....,
3489 3241 3613 3257 μ...

2119 3261 2257 3321 Deus
2285 3265 2550 3336 judicabit
2595 3289 2848 3345 pauperes
2890 3295 3061 3348 meos,
3098 3301 3355 3357 pauperes
3408 3241 3690 3363 piipuuji

425 3349 630 3404 pauper
655 3350 943 3411 antequam
981 3347 1145 3403 etiam
1184 3351 1305 3408 illas
1348 3370 1570 3427 magnas
1612 3360 1829 3421 divitias
1872 3368 2009 3422 ami-

420 3424 601 3481 sisset.
632 3425 784 3486 Dicat
823 3448 1025 3503 panper
1048 3438 1147 3495 iste
1184 3457 1306 3498 cum
1336 3445 1458 3501 aliis
1487 3452 1815 3521 pauperibus
1845 3472 1858 3509 :
1892 3455 2007 3513 Nos

418 3527 593 3575 autem
627 3540 730 3577 non
757 3528 999 3595 spiritum
1027 3533 1187 3604 hujus
1212 3540 1394 3594 mundi
1429 3547 1745 3614 accepimus,
1774 3553 1865 3605 sed
1901 3555 2009 3622 spi-

419 3612 589 3685 ritum
604 3619 696 3686 qui
728 3636 793 3674 ea:
821 3620 925 3676 Deo
954 3634 1070 3694 'est,
1122 3639 1176 3681 ut
1201 3630 1429 3689 sciamus
1453 3653 1572 3706 qua:
1607 3657 1639 3694 α
1673 3639 1778 3699 Deo
1808 3644 2005 3703 donata

420 3715 540 3758 sunt
574 3708 718 3763 nobis
742 3711 793 3782 (Ι
830 3712 950 3768 Cor.
985 3718 1068 3786 ll).
1111 3717 1188 3774 Illi
1225 3723 1368 3777 enim
1399 3727 1489 3795 qui
1532 3729 1598 3785 de
1641 3733 1849 3789 meritis
1891 3737 2006 3791 Suis

420 3810 755 3864 pra-sumunt
793 3819 896 3858 non
927 3817 1051 3883 sunt
1084 3826 1350 3883 pauperes
1393 3816 1599 3876 Domini
1640 3839 1739 3879 uec
1768 3826 1869 3883 sibi
1907 3844 2000 3883 vo-

418 3882 534 3940 lllllt
571 3886 834 3955 justitiam
873 3882 989 3952 dari
1030 3918 1059 3955 a
1107 3882 1233 3969 Deo,
1277 3909 1371 3963 sed
1416 3924 1482 3965 ex
1535 3917 1838 3988 semetipsis
1882 3936 2003 3977 eam

416 3973 619 4033 habere
639 3982 930 4067 conﬁdunt,
960 3990 1256 4060 ignorantes
1278 3996 1375 4052 Dei
1389 4000 1659 4070 justitiam
1689 4017 1737 4061 et
1762 4008 2002 4068 volentes

414 4083 565 4123 suam
587 4058 831 4141 statuere,
847 4079 1071 4148 jnstitia:
1091 4085 1188 4139 Dei
1207 4105 1308 4142 non
1332 4102 1453 4147 sunt
1475 4095 1692 4166 subjecti
1709 4098 1883 4171 (Rom.
1909 4101 1963 4175 Χ)

414 4161 469 4217 hi
501 4162 631 4220 tales
658 4183 762 4224 non
793 4181 920 4226 sunt
950 4188 1212 4247 pauperes
1240 4181 1352 4247 Dei,
1387 4185 1480 4240 sed
1512 4161 1829 4246 lli'vites‘sui.
1858 4161 2001 4249 Pau-

409 4269 510 4326 per
534 4268 712 4315 autem
748 4262 841 4340 Dei
870 4265 1068 4323 clamat
1100 4287 1114 4324 :
1138 4270 1334 4329 Judica
1359 4293 1458 4343 me,
1486 4277 1652 4348 Deus,
1680 4292 1729 4337 et
1765 4283 2000 4342 discerne

394 4365 622 4415 causam
662 4371 827 4433 meam
862 4357 1031 4431 (Psal.
1073 4365 1229 4430 xm).
1266 4364 1569 4440 Suscipiunt
1600 4384 1796 4429 montes
1816 4392 1995 4446 pacem

403 4442 620 4512 populo,
642 4455 692 4501 et
718 4449 872 4505 colles
889 4451 1176 4522 justitiam.
1210 4457 1373 4526 Quasi
1403 4461 1549 4519 dicat
1575 4483 1589 4519 :
1619 4464 1700 4520 Da
1725 4442 1832 4538 regi
1852 4468 1996 4539 judi-

407 4546 534 4587 care
569 4538 821 4607 p0pulum
869 4550 1038 4610 tuum,
1080 4554 1135 4602 et
1171 4556 1229 4602 ut
1266 4548 1472 4619 judicet
1519 4564 1743 4621 montes,
1794 4538 1987 4625 idest,

2111 3366 2197 3412 est
2225 3359 2480 3431 pollulum
2515 3364 2666 3420 illiilli
2696 3369 2786 3439 qui
2817 3386 2877 3428 se
2905 3389 3195 3447 pauperem
3223 3359 3444 3451 reputat
3469 3359 3557 3442 iet
3585 3396 3686 3442 tan-

2110 3448 2232 3503 dem
2261 3449 2431 3507 salvos
2477 3453 2635 3523 faciet
2663 3458 2804 3527 ﬁlios
2838 3480 3152 3538 pauperum.
3192 3469 3250 3527 Si
3284 3448 3471 3531 autem
3512 3490 3689 3532 montes

2110 3538 2164 3621 in
2218 3543 2416 3601 sarculo
2460 3545 2629 3621 elatos
2681 3555 3007 3625 accipimus,
3064 3562 3145 3618 sic
3194 3568 3687 3627 continuabimus:

2106 3612 2271 3711 :Deus,
2309 3618 2576 3711 judicium
2624 3650 2773 3697 tuum
2801 3612 2920 3711 .reqi
2964 3650 3058 3721 da,
3104 3662 3159 3710 et
3186 3671 3314 3713 vero
3349 3660 3539 3734 dabis,
3579 3664 3687 3732 quis

2106 3706 2225 3794 ipse
2246 3708 2532 3798 judicabit,
2578 3734 2631 3789 id
2665 3746 2772 3801 est,
2812 3706 3085 3799 discernet
3111 3706 3380 3819 pauperes
3416 3706 3615 3825 populi:
3642 3754 3687 3808 ill

2107 3826 2211 3882 est,
2242 3823 2537 3892 apostolos,
2564 3836 2612 3880 et
2640 3828 2811 3885 salvos
2834 3831 2988 3902 faciet
3016 3836 3153 3904 ﬁlios
3180 3823 3507 3911 paupernm,‘
3526 3846 3681 3908 idest,

2105 3908 2406 3969 imitatores
2432 3918 2796 3985 apostolorum
2811 3922 3072 3993 judicabit
3100 3946 3119 3984 :
3144 3908 3303 3986 iidem
3332 3908 3564 4005 possunt
3582 3954 3687 3994 esse

2100 4019 2355 4074 pauperes
2393 4016 2448 4063 et
2484 4010 2585 4079 filii
2627 4030 2939 4085 pauperum,
2990 4022 3116 4091 quia
3169 4026 3362 4082 eadem
3393 4031 3683 4088 civitascst

2105 4095 2235 4151 Sion
2288 4108 2344 4153 et
2403 4101 2513 4157 ﬁlia
2564 4102 2717 4162 Sion.
2776 4108 2845 4163 Et
2885 4112 3183 4172 Ituntiliallit
3238 4120 3677 4179 calumniatorem.

2101 4183 2474 4248 Calumniator
2518 4203 2603 4250 est
2652 4199 2745 4269 qui
2799 4201 3033 4260 alienam
3084 4208 3451 4270 innocentiam
3506 4217 3681 4272 nititur

2099 4279 2300 4337 ducere
2353 4282 2407 4339 in
2457 4286 2696 4359 culpam,
2742 4295 3015 4365 exquisita
3058 4300 3238 4372 aliqua
3286 4303 3595 4374 dolositate,
3634 4317 3680 4364 et

2097 4372 2403 4430 machinata
2432 4377 2611 4450 aliqua
2639 4383 2956 4445 calliditate.
2974 4390 3164 4451 Nullus
3188 4394 3310 4451 ideo
3326 4399 3517 4455 melius
3532 4372 3674 4472 quam

2096 4463 2343 4524 diabolus
2364 4468 2450 4526 hic
2475 4472 2841 4534 calumniator
2860 4485 3173 4553 agnoscitur
3200 4504 3213 4543 :
3247 4490 3519 4548 calumnia
3544 4495 3672 4549 enim

2095 4554 2215 4625 ejus
2239 4566 2367 4615 est:
2423 4560 2675 4635 Nunquid
2703 4572 2875 4641 gratis
2903 4574 3031 4630 colit
3066 4576 3167 4635 Job
3213 4580 3380 4637 Deum
3425 4584 3549 4656 (Job
3599 4585 3676 4657 l)?

1974 4621 1983 4625 -
2126 4621 2140 4625 -
2565 4621 2581 4635 .
2704 4621 2873 4641 οη---
3067 4621 3166 4635 -υ.,
3214 4621 3380 4637 υνυ...
3425 4621 3548 4656 νυν
3599 4621 3669 4657 .,.

406 4621 527 4678 illos
561 4628 651 4696 qui
684 4629 733 4684 ill
760 4634 956 4689 saeculo
977 4646 1103 4692 sunt
1130 4640 1536 4712 eminentiores,
1568 4644 1825 4704 ﬂorentes
1855 4650 1990 4705 divi-
2024 4628 2070 4688 D
2097 4647 2189 4703 Sic
2214 4650 2357 4706 enim
2388 4653 2558 4710 voluit
2587 4658 2950 4720 innocentiam
2981 4671 3312 4728 sanctissimi
3344 4676 3447 4732 viri
3482 4678 3534 4733 in
3568 4678 3671 4733 rul-

405 4713 517 4780 tiis,
569 4718 842 4798 sublimati
888 4723 1215 4795 honoribus,
1245 4734 1532 4803 suscipiant
1575 4753 1755 4806 pacem
1797 4739 1990 4809 popqu

407 4814 501 4863 tuo
524 4792 747 4867 Iudaico
790 4815 840 4869 ill
871 4792 1230 4888 puedicando,
1258 4834 1305 4877 et
1329 4792 1484 4881 colles
1501 4792 1988 4897 juiltitiamjcolles

404 4909 531 4955 sunt
562 4902 755 4959 iterum
784 4909 1164 4968 eminentiores
1194 4914 1247 4969 in
1281 4916 1497 4981 Steculo,
1538 4918 1633 4973 sed
1678 4919 1806 4989 ipsis
1831 4936 1986 4976 mon-

402 4988 543 5046 tibus
582 4993 780 5051 subditi
821 5016 833 5051 :
888 4999 972 5054 vel
997 5001 1175 5070 aliter,
1205 5002 1505 5077 Suscipiunt
1563 5021 1761 5063 montes
1807 5027 1987 5081 pacem

401 5085 614 5153 populo.
656 5088 863 5146 Montes
901 5104 1020 5149 sunt
1070 5097 1161 5167 qui
1200 5099 1484 5156 excellenti
1526 5103 1815 5159 sanctitate
1854 5104 1987 5160 cmi-

1230 5201 1313 5212 ..-σὲ
1374 5206 1381 5207 ί
1415 5201 1487 5218 ινδ.

1530 5192 1704 5228 ίιιηιιηῖ
1758 5203 1804 5234 al
1854 5194 1986 5242 uliqq

2094 4753 2218 4809 pam
2257 4741 2476 4811 ducere,
2509 4748 2554 4804 si
2595 4746 2698 4807 hoc
2739 4764 2925 4825 posset
2958 4756 3191 4828 elﬁccre,
3235 4774 3295 4818 ut
3324 4782 3425 4838 pro
3460 4770 3670 4825 tenellis

2094 4830 2311 4889 diabolo
2334 4838 2581 4905 serviret,
2608 4842 2701 4898 sed
2732 4838 3035 4905 humiliavit
3068 4868 3191 4927 eum
3223 4856 3485 4917 Dominus
3505 4863 3664 4932 gratia

2093 4938 2211 4988 sua,
2238 4928 2588 4997 suosjuvaus
2628 4944 2687 4991 ut
2713 4941 2884 5008 gratis
2925 4941 3095 5000 Deum
3132 4947 3333 5016 colant,
3382 4952 3667 5008 hunliliavit

2078 5017 2258 5093 etiam
2287 5036 2410 5077 eum
2442 5040 2548 5103 non
2595 5027 2649 5082 in
2696 5028 2915 5099 Judteis,
2949 5037 3144 5107 quibus
3178 5040 3295 5110 ipse
3322 5044 3665 5100 calunnliator

2092 5126 2222 5167 usus
2251 5124 2335 5171 est
2371 5125 2623 5189 tanquam
2654 5127 2802 5182 vasis
2849 5129 2982 5196 suis,
3012 5146 3242 5202 operans
3271 5134 3323 5188 in
3371 5137 3497 5192 ﬁliis
3537 5136 3660 5192 diﬁi-

2090 5205 2286 5248 δηπιιῖτιι
2338 5210 2659 5268 llumiliatns
2686 5228 2765 5275 est
2792 5223 2936 5276 enim
2974 5223 3099 5279 auia
3141 5226 3248 5286 ille.
3277 5242 3442 5288 quem
3464 5230 3662 5287 occide-
