3884 5584
47 433 52 439 ’
88 433 200 492 5ιῦ

1235 425 1770 485 ENARRATIONES
1809 425 1875 482 IN
1911 414 2252 486 PSALMOS.

3283 433 3386 493 5M

84 558 318 618 peccata
349 563 609 605 excusare
631 547 935 612 contendit,
961 546 1285 601 calumniam
1316 545 1512 616 ingerit
1534 545 1699 599 Crea-
1728 548 1772 604 Α
1804 542 2068 597 inimicum
2093 545 2258 598 tuum.
2283 543 2392 615 Ego
2418 557 2590 599 autem
2613 546 2730 600 diro
2760 548 2940 603 vobis:
2971 543 3179 619 Diligite
3206 550 3385 606 inimi-

85 641 198 696 tori
236 659 252 695 :
286 642 428 696 unde
473 641 602 694 illud
638 640 858 694 Salustii
892 658 903 692 :
937 639 1096 694 Falso
1130 638 1374 707 queritur
1406 638 1472 693 de
1500 648 1691 692 natura

83 751 188 787 sua
213 750 388 804 genus
413 733 725 790 humanum.
755 731 906 787 llunc
931 731 1496 802 populunrreprobum
1521 731 1694 784 humi-

81 828 189 882 liat
222 829 504 892 Dominus,
532 827 655 896 quia
687 827 1003 880 sordescere
1035 825 1180 878 facit.
1215 823 1367 878 Unde
1404 824 1552 888 illud,
1588 823 1694 889 Qui

82 920 138 970 in
179 919 429 971 sordibus
458 929 556 984 est,
584 917 850 971 sordescat
874 917 1047 970 adimo
1073 917 1254 986 (Apoc.
1282 917 1440 986 xxn).
1480 913 1547 968 Et
1574 933 1694 986 per-

81 1012 326 1063 manebit
353 1026 471 1063 cum
505 1011 636 1072 sole,
676 1009 728 1062 id
765 1017 868 1069 est.
907 1009 1142 1078 quandiu
1183 1008 1416 1063 volvitur
1463 1017 1694 1077 tempus.

88 1098 256 1153 Unde
313 1100 462 1163 illud,
513 1098 671 1154 Sedes
724 1109 839 1163 tua,
887 1099 1050 1164 Deus,
1105 1100 1160 1153 in
1217 1099 1470 1153 sa'culum
1517 1097 1698 1153 steculi

86 1189 221 1261 (Ps.
261 1189 430 1261 xuv).
464 1190 551 1253 Et,
588 1205 655 1244 ne
684 1189 1106 1260 intelligeremus
1141 1204 1263 1244 cum
1295 1189 1544 1260 deinceps
1575 1205 1698 1258 per-

88 1289 444 1346 mansurum,
491 1290 539 1334 et
586 1290 712 1334 ante
749 1289 960 1351 tempus
1012 1297 1118 1335 non
1174 1280 1358 1346 fuisse,
1403 1280 1696 1349 subjuugit,

88 1385 222 1429 ante
273 1374 480 1428 lunam.
520 1373 684 1440 Quasi
736 1374 900 1439 dicat,
947 1387 1110 1428 omne
1155 1382 1363 1442 tempus
1402 1371 1698 1443 praecessit.

91 1464 350 1532 Qualiter
378 1475 557 1519 autem
599 1465 730 1518 velit
763 1475 885 1519 ante
917 1463 1097 1520 lunam
1130 1463 1447 1536 intelligere,
1480 1462 1712 1532 subjuno'

93 1559 177 1628 git
205 1559 589 1628 generationes
617 1557 1048 1628 generationem,
1082 1565 1139 1610 ut
1169 1557 1310 1638 istpd
1339 1556 1410 1611 sit
1437 1556 1703 1628 expositio

91 1652 326 1722 prioris.
362 1650 457 1706 Vel
495 1649 574 1706 sic
615 1669 626 1703 :
660 1651 982 1720 permanebit
1018 1666 1135 1704 cum
1168 1649 1314 1715 sole,
1353 1649 1404 1704 id
1444 1659 1549 1714 est,
1580 1664 1703 1704 cum

91 1752 330 1813 paterna
357 1741 603 1796 claritate
640 1741 722 1796 vel
761 1740 1095 1811 aequalitate,
1127 1751 1182 1796 et
1210 1740 1309 1795 fuit
1341 1751 1464 1794 ante
1498 1739 1700 1805 lauant,

93 1836 154 1889 id
189 1843 303 1898 est,
330 1843 455 1889 ante
484 1833 780 1888 Ecclesiam
807 1833 1087 1905 dignitate,
1119 1843 1303 1904 utpote
1327 1834 1417 1904 qui
1449 1822 1706 1889 immunis

1801 650 1885 687 cos
1909 647 2123 713 vestros,
2156 637 2441 704 benefacite
2469 639 2549 691 his
2583 641 2673 709 qui
2700 639 2920 694 aderrant
2950 658 3034 695 ros
3066 641 3280 713 (Matth.
3309 643 3383 713 ν).

1803 709 2276 782 Ιιωεάὺιιηάαηιὶίι
2318 730 2464 798 pacis
2503 729 2663 784 donec
2704 733 2978 802 auferatur
3014 709 3164 800 luna,
3196 733 3248 787 id
3281 709 3388 800 est,

1803 817 1974 872 donec
1999 818 2259 883 Ecclesia,
2285 820 2490 875 devicta
2521 831 2712 886 morte,
2738 831 3048 878 assumatur
3071 823 3390 878 immortali-

1804 917 1914 962 tate
1945 925 1960 964 ε
1995 908 2078 961 vel
2107 910 2403 963 secundum
2434 910 2591 964 aliam
2632 911 3062 979 translationem,
3094 914 3264 969 donec
3298 929 3393 969 ex-

1805 999 2022 1053 tollatur
2050 1000 2172 1054 luna
2199 1017 2295 1070 per
2323 1000 2546 1071 gloriam
2580 1005 3007 1062 resurrectionis.
3047 1005 3098 1060 in
3129 1015 3392 1062 aeternum

1805 1101 2090 1162 regnatura
2123 1108 2244 1146 cum
2279 1093 2370 1147 illo
2407 1096 2498 1164 qui
2534 1096 2585 1148 in
2628 1095 2796 1165 gloria
2838 1099 3247 1153 resurrectionis
3273 1115 3393 1154 eam

1804 1183 2103 1252 praecessit.
2130 1182 2194 1236 Et
2217 1184 2574 1240 dominabitur
2599 1205 2630 1241 α
2661 1189 2815 1253 mari,
2836 1190 3081 1244 orientali
3109 1191 3391 1258 subaudis,

1805 1288 1968 1343 usque
2015 1273 2083 1327 ad
2119 1291 2264 1328 mare
2291 1278 2649 1344 occidentale,
2691 1281 2995 1352 incipiendo
3040 1283 3320 1349 subaudis,
3362 1301 3396 1338 a

1806 1365 2020 1436 ﬂumine
2047 1365 2300 1423 Jordanis
2341 1369 2610 1437 videlicet,
2653 1375 2954 1442 procedens
2981 1392 3143 1447 usque
3171 1375 3240 1429 ad
3291 1387 3398 1429 ter-

1807 1459 1977 1512 minos
2029 1460 2167 1513 orbis
2196 1470 2472 1516 terrarum.
2521 1461 2656 1518 Nota
2699 1467 2839 1535 quod
2884 1467 2970 1522 hic
2999 1467 3277 1521 evnlenter
3304 1482 3400 1521 ex-

1809 1550 2024 1619 pressit,
2047 1551 2170 1605 inde
2192 1551 2425 1607 voluisse
2452 1553 2724 1609 Christum
2753 1565 3075 1628 potestatem
3109 1571 3259 1612 suam
3281 1555 3396 1624 jam

1810 1643 2210 1706 commendare,
2240 1646 2380 1698 unite
2412 1653 2469 1698 et
2496 1645 2790 1715 discipulos
2817 1648 2983 1718 coepit
3017 1645 3215 1720 eligere
3247 1664 3274 1700 a
3303 1647 3401 1702 llu-

1811 1733 1976 1799 miue,
2011 1735 2216 1790 scilicet
2248 1736 2502 1800 Iordane,
2531 1739 2621 1793 ubi
2647 1755 2810 1810 super
2837 1743 3112 1811 baptizata
3151 1743 3398 1810 Domino,

1812 1839 1934 1880 cum
1982 1827 2339 1884 descenderet
2382 1831 2618 1902 Spiritus
2661 1844 2914 1902 sanctus,
2964 1838 3146 1892 sonuit
3194 1854 3292 1894 vox
3336 1841 3403 1895 de

97 1944 128 1980 a
163 1935 395 1994 peccato
427 1926 480 1980 in
507 1926 743 1980 humana
777 1935 971 1981 natura
1001 1935 1294 1998 conceptus
1317 1936 1400 1982 est
1427 1943 1442 1984 :
1476 1925 1560 1980 vel
1583 1938 1706 1981 ante
1738 1935 1781 1994 Β
1810 1917 1948 1973 οωιο
1978 1937 1990 1972 ε
2024 1918 2126 1974 Hic
2166 1932 2241 1974 εει
2282 1921 2426 1991 ﬁlius
2450 1940 2593 1979 meus
2621 1925 2842 1981 dilectus
2873 1927 3090 1998 (Matth.
3122 1930 3228 2004 ιιε).
3265 1932 3401 1987 Ilinc

98 2018 312 2083 l-unam,
364 2018 489 2087 quia
537 2017 778 2074 Ecclesia
812 2019 1094 2088 praecessit
1139 2019 1443 2073 aeternitate
1492 2035 1609 2085 sua,
1657 2028 1707 2072 et

102 2112 430 2182 pennauebit
457 2113 508 2166 in
541 2112 872 2182 generatione
903 2112 1339 2183 generationum.
1367 2110 1500 2165 Nota
1523 2111 1708 2166 Eccle-

104 2206 252 2259 siam
286 2221 389 2259 non
420 2205 718 2276 incongrue
743 2222 839 2276 per
861 2207 1042 2259 lunam
1079 2207 1368 2277 designari,
1407 2207 1530 2276 quia
1571 2207 1710 2262 sicut

102 2298 237 2350 luna
262 2314 293 2351 a
319 2297 432 2353 sole
452 2298 804 2361 illuminatur,
833 2299 911 2353 sic
938 2299 1173 2354 Ecclesia
1200 2315 1302 2354 non
1322 2301 1481 2355 habet
1507 2299 1706 2364 lumen,

103 2387 220 2442 nisi
255 2404 285 2440 a
335 2403 462 2442 vero
505 2388 639 2452 sole,
693 2405 722 2442 a
761 2389 990 2444 Domino
1040 2389 1313 2456 videlicet,
1357 2391 1706 2446 illuminetur.

104 2477 406 2532 Descendet
462 2481 597 2533 sicut
655 2480 830 2550 pluvia
871 2481 923 2535 in
966 2481 1146 2536 vellus.
1185 2481 1522 2553 Praescripsit
1575 2485 1710 2539 l’ro-

106 2571 282 2640 pheta
338 2570 571 2639 qualiter
621 2570 880 2626 Dominus
932 2581 1192 2628 venturus
1231 2575 1351 2629 sit:
1389 2576 1516 2645 quia
1574 2577 1714 2631 sicut

107 2661 304 2732 pluvia
365 2661 481 2717 sine
549 2663 778 2732 strepitu
831 2671 885 2718 et
935 2664 1052 2718 sine
1105 2681 1266 2720 sensu
1325 2667 1604 2722 descendit
1659 2668 1711 2722 iu

107 2751 312 2817 vellus,
337 2760 392 2806 et
418 2753 593 2821 ipsum
641 2752 808 2808 velltts
834 2769 941 2809 non
989 2757 1287 2826 corrumpit
1322 2775 1335 2811 :
1372 2757 1442 2812 ita
1489 2757 1712 2812 verbum

107 2844 292 2913 patris
333 2843 613 2899 descendit
645 2845 698 2899 in
729 2856 942 2901 uterum
989 2847 1232 2918 virginis,
1271 2849 1388 2904 sine
1416 2865 1573 2906 sensu
1597 2867 1716 2905 car-

110 2936 254 3001 nali,
280 2937 398 2992 sine
421 2939 770 3008 corruptione
804 2940 1051 3011 virginis,
1078 2941 1204 3010 quia
1247 2942 1360 3012 ipsa
1394 2953 1510 2997 erat
1541 2950 1718 2998 mater

112 3029 373 3086 nesciens
401 3030 596 3085 virum.
644 3031 714 3084 Et
756 3032 891 3086 sicut
941 3032 1213 3087 stillicidia
1255 3033 1512 3089 stillantia
1561 3051 1718 3103 super

111 3131 318 3175 terram
346 3133 364 3172 .°
400 3121 523 3191 quia
551 3122 694 3178 sicut
715 3122 870 3178 stillae
889 3125 1146 3179 cadentes
1169 3140 1334 3196 super
1356 3135 1576 3189 terram,
1610 3141 1716 3181 non

113 3215 499 3285 submergunt,
533 3216 626 3270 sed
666 3216 898 3286 irrigant
929 3217 1101 3287 ipsam
1136 3227 1336 3273 terram
1378 3236 1391 3271 :
1433 3219 1504 3273 ita
1542 3218 1719 3273 Domi-

1812 2025 1943 2081 ergo
1965 2011 2208 2067 doctrina
2248 2013 2364 2082 ejus
2404 2017 2684 2087 incipiens,
2727 2029 2781 2075 et
2824 2022 3121 2093 magisterii
3160 2025 3402 2082 caelestis

1813 2103 2131 2166 aucturitas,
2164 2103 2422 2160 dilatatur
2461 2125 2622 2174 usque
2655 2111 2723 2163 (ιιι
2766 2113 3013 2167 terminos
3048 2116 3187 2169 orbis
3227 2125 3401 2180 terra',

1811 2207 1931 2247 cum
1962 2194 2289 2264 praedicatur
2317 2196 2658 2266 Evangelium
2691 2203 2833 2271 regni
2861 2203 2915 2255 in
2942 2206 3179 2258 universo
3207 2207 3327 2260 orbe
3351 2208 3405 2260 in

1812 2287 2163 2340 testimonium
2183 2293 2419 2342 omnbus
2434 2292 2670 2360 gentibus
2687 2292 2905 2364 (Matth.
2925 2298 3196 2366 xxn').Vel
3215 2299 3401 2354 aliter:

1811 2374 2180 2432 Dominabitur
2207 2397 2237 2432 a
2269 2380 2422 2444 mari,
2470 2383 2723 2438 subaudis
2752 2383 3085 2457 Judasorum,
3137 2405 3300 2460 usque
3337 2391 3406 2442 ad

1813 2486 1960 2523 utare
1993 2471 2294 2541 gentilium.
2332 2472 2464 2528 Nota
2502 2476 2625 2544 quia
2661 2476 2853 2541 Judaei,
2882 2479 3006 2534 licet
3042 2483 3405 2551 cognitionem

1813 2561 1949 2633 legis
1977 2573 2316 2632 receperant,
2352 2574 2529 2621 tamen
2556 2584 2700 2622 mare
2726 2569 2830 2624 diei
2857 2582 3108 2640 possunt,
3135 2573 3260 2642 quia
3298 2582 3406 2626 ter-

1814 2655 1962 2709 renis
1990 2655 2280 2721 inhiantes,
2313 2660 2725 2727 tempestatibus
2759 2663 2937 2717 saeculi
2975 2665 3126 2733 quasi
3158 2664 3409 2720 ﬂuctibus

1817 2747 1984 2800 maris
2014 2747 2486 2816 inquietabantur;
2529 2753 2746 2821 gentilis
2777 2765 2957 2810 autem
2993 2757 3244 2827 populus,
3275 2775 3412 2828 quo-

1817 2839 1961 2893 niam
1986 2839 2126 2894 nulla
2151 2841 2203 2894 in
2233 2842 2540 2912 cognitione
2569 2843 2736 2899 Deum
2764 2849 2985 2916 recepit,
3020 2851 3211 2903 iuerito
3240 2851 3408 2904 maris

1818 2938 2036 2991 nomine
2066 2937 2407 3009 designatur;
2451 2939 2591 3010 quod
2621 2941 2771 3004 dicit,
2817 2942 3174 2998 dominabitur
3212 2963 3242 2996 a
3272 2944 3409 2998 mari

1819 3043 1981 3098 usque
2006 3028 2074 3081 ad
2103 3043 2271 3093 mare,
2306 3029 2616 3100 incipiendo
2647 3046 2676 3085 a
2715 3031 2957 3097 lluuiine,
2999 3051 3161 3105 usque
3202 3036 3270 3088 ad
3301 3044 3407 3089 ter-

1819 3119 1990 3172 minos
2013 3121 2152 3173 orbis
2175 3129 2434 3174 terrarum
2471 3123 2834 3192 perveniendo
2859 3142 2872 3178 :
2901 3136 2955 3179 et
2976 3140 3040 3179 eo
3073 3126 3406 3188 dominante,

1825 3209 2014 3265 Coram
2045 3211 2136 3266 illo
2162 3206 2443 3282 pro'cidenf
2465 3213 2762 3286 zEthiopes,
2801 3218 2852 3272 id
2897 3229 3000 3282 est,
3048 3219 3412 3273 humiliabun-

116 3321 225 3362 uas
275 3306 328 3360 in
362 3307 600 3361 humano
648 3323 849 3380 genere
904 3320 1258 3366 conversatus
1292 3319 1392 3374 εει,
1446 3311 1718 3381 irrigant-lo
1743 3299 1792 3365 C
1828 3311 1912 3355 tur
1937 3304 2025 3373 qui
2049 3307 2196 3375 prius
2220 3305 2436 3360 fuerunt
2463 3309 2722 3362 tctcrritni
2755 3308 2806 3362 in
2842 3311 3104 3376 litoribus,
3136 3322 3183 3365 et
3215 3314 3394 3365 inimie

118 3399 323 3468 ipsum,
360 3414 464 3452 non
511 3399 858 3454 destruendo.
893 3399 984 3454 Vel
1017 3400 1178 3455 aliter
1207 3420 1220 3455 :
1265 3402 1551 3456 Descendet
1587 3403 1721 3455 sicttt

116 3491 301 3561 pluria
331 3490 385 3545 in
419 3490 599 3546 vellus.
649 3491 813 3546 Mittit
843 3508 942 3548 nos
969 3493 1034 3546 ad
1077 3494 1358 3548 historiam
1388 3509 1506 3563 qua:
1536 3503 1722 3548 narrat

117 3580 254 3649 quid
282 3577 484 3634 factum
513 3581 584 3636 sit
609 3581 660 3635 in
693 3592 937 3653 tempore
958 3580 1156 3651 judicis
1177 3583 1414 3639 Gedeou.
1439 3585 1556 3656 Ipse
1576 3587 1718 3640 enim

121 3672 437 3728 admonitus
494 3688 525 3728 a
571 3674 834 3739 Domino,
881 3684 1149 3745 quatenus
1195 3677 1432 3731 irrueret
1484 3678 1536 3730 in
1595 3677 1725 3732 Phi-

122 3765 350 3828 listacos,
379 3765 537 3835 petiit
561 3767 774 3838 signum
824 3765 1020 3821 futurae
1049 3767 1311 3833 victoriae,
1345 3769 1446 3824 hoc
1472 3778 1531 3822 ut
1552 3769 1722 3822 vellus

120 3861 178 3914 in
209 3875 338 3914 area
367 3859 599 3929 positum
624 3858 1030 3930 complueretur
1055 3869 1110 3914 et
1136 3875 1262 3915 area
1289 3860 1432 3915 sicca
1457 3870 1720 3924 maneret,

121 3963 178 4007 et
210 3966 429 4005 rursum
476 3951 714 4006 secundo
744 3951 918 4022 petiit,
948 3960 1006 4006 ut
1041 3968 1169 4006 area
1209 3952 1626 4021 cou'qilucretur,
1669 3961 1723 4007 et

120 4042 532 4098 vellus-siccum
571 4052 817 4098 maneret
859 4043 1060 4115 (Judic.
1095 4047 1189 4116 Vt).
1223 4046 1373 4112 Quod
1410 4046 1478 4098 ita
1517 4045 1721 4100 factum

120 4145 256 4191 est:
298 4149 407 4189 non
451 4147 630 4191 autem
678 4137 794 4192 sine
830 4137 1104 4208 mysterio.
1161 4136 1334 4193 Vel/us
1381 4139 1524 4193 enim
1571 4140 1722 4209 prius

122 4224 417 4294 irrigatum
476 4227 746 4295 signiﬁcat
790 4228 1046 4296 populum
1101 4226 1386 4283 Judaieum
1432 4231 1521 4299 qui
1572 4230 1722 4300 prius

121 4317 312 4370 divino
345 4316 519 4371 Verbo
546 4317 647 4372 fuit
676 4320 1002 4388 complutus.
1037 4320 1110 4374 lbi
1141 4323 1285 4375 enim
1319 4323 1576 4376 Dominus
1606 4338 1723 4375 ma-

123 4417 292 4473 trem,
328 4407 380 4461 in
409 4424 515 4478 qua
554 4409 784 4464 foi'inam
831 4413 973 4466 servi
1017 4413 1285 4482 acciperet
1314 4423 1368 4468 et
1417 4413 1723 4468 hominibus

123 4510 457 4571 appareret,
514 4501 676 4573 elegit
708 4520 722 4557 :
759 4504 832 4558 ibi
871 4504 1183 4575 discipulos,
1216 4505 1410 4575 quibus
1439 4507 1542 4561 hoc
1581 4506 1721 4561 idem

123 4595 408 4665 praecepit,
439 4596 625 4652 dicens
656 4615 668 4650 :
702 4597 768 4652 In
793 4599 926 4654 viam
952 4593 1181 4670 gentium
1211 4617 1274 4654 ne
1297 4601 1550 4667 abici-itis,
1590 4614 1634 4656 et
1667 4603 1721 4656 in

122 4687 365 4740 civitates
415 4686 874 4743 Samaritanorum
903 4669 966 4744 ne
1006 4691 1327 4747 introieritis
1376 4692 1593 4764 (Matth.
1642 4694 1717 4768 Χ).
1748 4669 1801 4727 Ῑ)

124 4779 236 4833 Sed
259 4779 387 4848 quia
411 4782 636 4850 populus
663 4782 752 4837 ille
778 4784 829 4837 in
870 4785 1066 4839 duritia
1083 4802 1440 4865 permanens,
1481 4789 1723 4844 divinmn

123 4884 237 4924 non
290 4871 484 4940 recipit
511 4873 808 4944 eloquium,
841 4874 1044 4931 factum
1086 4888 1172 4934 est
1200 4880 1343 4950 quod
1384 4881 1724 4952 signiﬁcatur

123 4977 226 5030 per
258 4961 432 5019 vellus
459 4965 662 5021 siccum
703 4975 758 5020 et
794 4983 976 5022 aream
1011 4969 1363 5040 complutam.
1392 4970 1524 5026 Nam
1570 4971 1722 5026 abla-

124 5061 246 5106 tum
279 5061 368 5108 est
398 5055 644 5112 divinum
682 5058 950 5127 eloquium
984 5076 1013 5113 a
1052 5059 1272 5129 Iudaeis,
1301 5072 1355 5118 et
1390 5064 1720 5136 divulgatum

122 5155 211 5200 est
263 5148 532 5216 gentibus,
562 5162 617 5208 et
672 5152 752 5207 sic
779 5162 863 5207 est
893 5168 1016 5207 area
1061 5157 1351 5226 compluta,
1403 5159 1527 5228 quia
1580 5157 1723 5213 sicca

120 5236 377 5306 gentium
405 5243 561 5297 corda
579 5259 704 5298 rore
725 5244 1104 5316 divinieloquii
1137 5256 1264 5301 sunt
1307 5249 1526 5321 irrigata
1548 5268 1561 5304 :
1581 5251 1723 5319 quod

123 5326 290 5393 dicit,
317 5330 592 5388 Descendet
639 5335 773 5388 sicut
812 5333 986 5399 pluria
1031 5338 1083 5390 in
1114 5339 1296 5404 vellus,
1334 5352 1380 5394 et
1409 5344 1539 5397 sicut
1567 5340 1725 5396 stilli-

124 5416 274 5471 cidia
303 5423 556 5478 stillantia
585 5440 747 5494 super
775 5434 989 5479 terram.
1032 5429 1097 5482 Et
1132 5431 1260 5499 quid
1295 5433 1344 5486 in
1386 5435 1575 5489 diebus
1605 5431 1722 5501 ejus

129 5505 369 5571 1ἰιιιιιίιιιι
395 5517 480 5568 sit.
519 5516 654 5557 Ili-'3'
699 5532 708 5542 '
747 5513 1037 5558 Πυθίη-ψει»
1066 5522 1247 5558 diali--
1271 5516 1385 5566 biug
1418 5525 1619 5566 ῑικιειεη
1667 5523 1718 5560 an

1824 3395 1938 3466 ejus
1978 3407 2171 3450 terram
2209 3399 2428 3470 lingent,
2471 3416 2592 3454 eum
2646 3403 2954 3456 venerando
2995 3403 3272 3457 subaudis.
3321 3403 3414 3457 Vel

1821 3497 2021 3552 inimici
2052 3494 2184 3564 ejus,
2219 3493 2269 3547 id
2309 3503 2412 3559 est,
2456 3494 2718 3558 haeretici,
2747 3493 2940 3564 lingent
2971 3507 3185 3559 terram,
3225 3496 3274 3549 id
3306 3505 3413 3560 est,

1824 3587 2235 3642 delectahuntur
2275 3585 2328 3637 in
2361 3584 2608 3646 terrenis,
2644 3585 2970 3639 assumendo
3007 3585 3108 3640 sibi
3168 3595 3414 3639 terreno-

1827 3695 1943 3734 rmn
1968 3683 2344 3732 auctoritatem
2385 3683 2440 3728 ut
2484 3675 2564 3729 sic
2594 3674 2916 3731 confirment
2943 3676 3061 3730 aliis
3108 3675 3250 3746 quod
3293 3691 3417 3746 pcr-

1823 3785 1979 3824 verse
2024 3767 2372 3836 intelligendo
2419 3768 2471 3820 in
2517 3767 2808 3836 scripturis
2849 3778 3199 3837 acceperunt.
3251 3766 3414 3838 Reges

1826 3861 2039 3916 Tharsis
2069 3872 2115 3914 et
2146 3861 2354 3916 insulto.
2383 3857 2630 3914 Ostendit
2649 3859 2882 3929 qualiter
2913 3875 3095 3914 coram
3126 3858 3219 3914 illo
3244 3862 3417 3929 proci-

1824 3958 1944 4010 tlcnt
1979 3971 2138 4025 reges,
2175 3955 2431 4032 quoniam
2471 3969 2612 4022 reges
2655 3951 2869 4006 Tharsis
2907 3963 2954 4005 et
2988 3951 3414 4005 insulwmunera

1825 4049 2060 4118 o/ferent.
2096 4049 2126 4099 Ἰ
2144 4047 2318 4100 harsis
2362 4045 2751 4115 interpretatur
2775 4045 3063 4115 exploratio
3094 4045 3295 4114 gaudii,
3324 4043 3415 4098 ubi

1826 4140 2199 4208 intelliguntur
2232 4137 2324 4207 qui
2362 4138 2615 4208 gaudium
2647 4152 2801 4190 suum
2843 4136 2896 4190 in
2942 4136 3172 4190 terrenis
3222 4150 3417 4206 expro-

1825 4232 2078 4295 brabant,
2122 4231 2212 4300 qui
2253 4229 2365 4299 jam
2412 4231 2538 4284 facti
2566 4245 2741 4298 reges,
2795 4243 2852 4283 se
2900 4230 3046 4299 ipsos
3074 4227 3326 4284 videlicet
3361 4238 3416 4290 et

1825 4325 1960 4378 alios
1989 4326 2124 4378 bene
2161 4333 2429 4394 regentes,
2465 4323 2681 4391 o/ferenl
2726 4336 2966 4382 munera,
3017 4320 3222 4388 seipsos
3261 4319 3415 4372 vide-

1825 4415 1973 4480 licet,
2005 4414 2161 4485 digua
2203 4430 2416 4468 munera
2447 4411 2555 4466 Deo
2583 4430 2595 4465 :
2633 4413 3024 4480 interpretatur
3049 4411 3214 4463 etiam
3241 4409 3410 4463 'l'har-

1825 4512 1920 4577 sis,
1951 4509 2336 4580 contemplatio,
2367 4507 2454 4562 ubi
2482 4505 2856 4572 significantur
2887 4504 2976 4573 qui
3015 4504 3254 4559 cmlestia
3288 4519 3418 4559 con-

1828 4603 2218 4673 tcmplanturet
2234 4610 2445 4653 terrena
2459 4597 2864 4653 obliviscuntur.
2883 4596 3246 4664 Contemplari
3272 4596 3415 4650 enim

1828 4695 2061 4766 pertinet
2085 4696 2150 4748 ad
2172 4692 2376 4756 futura,
2399 4690 2765 4755 considerare,
2790 4691 2854 4744 ad
2884 4690 3193 4761 praesentia.
3221 4689 3418 4744 Insula:

1827 4791 2085 4845 dicuntur
2117 4800 2292 4852 terrae,
2325 4805 2390 4845 eo
2417 4787 2560 4859 quod
2594 4787 2645 4840 in
2675 4785 2789 4842 salo
2817 4793 2941 4841 sunt
2967 4786 3174 4856 positae.
3209 4784 3307 4840 Ubi
3337 4785 3421 4837 in-

1828 4883 2146 4953 telliguntur
2185 4882 2455 4948 homines,
2503 4881 2592 4950 qui
2643 4896 2672 4935 a
2721 4879 2972 4934 [luctibus
3029 4875 3211 4931 saeculi
3263 4875 3416 4945 quasi

1829 4976 2065 5030 motione
2093 4975 2259 5030 maris
2296 4977 2635 5045 quatiuntur.
2662 4971 2725 5026 lli
2760 4971 2892 5027 tales
2923 4970 3047 5025 facti
3080 4967 3326 5028 stabiles,
3366 4974 3422 5019 et

1827 5067 1880 5121 in
1912 5066 2058 5121 tudio
2081 5065 2472 5137 periclitantes,
2496 5064 2712 5134 o/fercnt
2742 5079 2956 5116 munera
2979 5058 3224 5116 Domino.
3256 5055 3421 5125 Reges

1829 5161 2061 5215 Arabum
2094 5169 2138 5214 et
2163 5157 2304 5213 Saba
2332 5158 2473 5214 dona
2501 5155 2782 5210 adducent.
2817 5154 2974 5219 Nota,
3013 5150 3135 5222 quia
3161 5147 3296 5200 nihil
3327 5149 3422 5202 ad-

1829 5251 2046 5307 ducitur
2091 5250 2193 5304 nisi
2252 5250 2400 5317 quod
2444 5249 2685 5304 ambulat
2728 5266 2740 5301 :
2786 5247 2874 5300 ubi
2918 5247 3028 5317 jam
3082 5237 3422 5305 intelligitur,

1827 5345 1971 5412 quod
2010 5345 2062 5399 in
2095 5341 2282 5397 diebus
2319 5341 2440 5410 ejus
2466 5342 2532 5395 de
2563 5338 2902 5393 immolandis
2933 5331 3167 5389 victimis
3197 5342 3302 5380 non
3330 5328 3427 5381 da-

1827 5435 1975 5489 bitur
2001 5442 2354 5507 praeceplum,
2377 5437 2470 5491 sed
2494 5434 2630 5487 dona
2651 5433 2770 5495 ista,
2792 5446 2912 5499 qua:
2939 5419 3250 5481 adducenda
3273 5431 3426 5486 sunt,

3107 5509 3425 5548 cnniototnm

1827 5527 2075 5560 ‘Inli‘innnn
2141 5523 2397 5555 νῖιΙιτ--Ιοικ
2451 5521 2758 5564 εἷσηῖίῖρσὶιιρ
2807 5534 2944 5558 {"an
2997 5521 3046 5554 in
