3918 6418
545 409 648 465 515

1159 401 1420 461 REIHGII
1454 394 2113 460 ANTISSIODORENSIS
2153 392 2307 451 OPP.
2352 392 2552 450 PARS.
2594 393 2636 450 Ι.
2673 406 2746 436 '-—
2781 393 3195 452 EXEGETICA.
3685 398 3763 455 516

545 521 670 595 igne
720 517 884 576 divini
930 518 1133 573 amoris
1167 519 1547 582 incenduntur,
1595 523 1655 571 ut
1693 514 1834 570 inter
1870 515 2009 570 dona
2039 511 2134 567 Dei
2164 514 2212 573 A
2240 511 2306 567 de
2335 510 2553 565 mundo.
2593 507 2748 566 Unde
2785 509 2913 565 illud
2943 529 2955 566 :
2991 510 3101 583 Ego
3129 527 3217 566 vos
3254 510 3382 583 elegi
3405 511 3471 567 de
3504 515 3696 578 mundo.
3723 529 3764 571 ut

542 618 939 681 computentur,
955 608 1096 680 quod
1112 609 1408 679 dicit,reges
1422 609 1651 663 Arabum
1665 617 1713 662 et
1727 606 1866 662 Saba
1878 606 2018 660 dona
2031 603 2125 658 ad-

541 708 748 760 ducent.
769 703 834 756 Et
848 711 904 758 ut
920 702 1156 758 breviter
1170 701 1494 766 includatur,
1510 700 1803 756 adorabunt
1817 714 1936 754 eum
1953 687 2129 751 omnes

542 811 687 865 reges
718 803 893 859 terra',
941 793 991 847 id
1017 801 1121 856 est,
1152 806 1345 847 omnes
1389 791 1611 845 omnino
1639 805 1818 860 reges,
1858 795 1914 842 et
1950 802 2127 842 omnes

538 895 712 954 gentes
733 885 951 938 servient
979 885 1045 937 ei.
1077 881 1146 936 Et
1175 882 1386 945 merito,
1409 881 1531 953 quia
1556 880 1804 936 liberavit
1823 893 2125 950 pauperem,

537 983 757 1045 peccata
795 975 1044 1030 videlicet
1090 973 1370 1028 humiliter
1414 971 1782 1036 conﬁtentem,
1826 989 1859 1026 a
1898 979 2126 1041 potente,

540 1068 592 1120 id
618 1075 722 1131 est,
752 1085 781 1120 a
811 1067 1054 1138 principe
1090 1075 1316 1122 terrena:
1344 1064 1651 1136 potestatis.
1694 1062 1764 1118 Et
1804 1078 1966 1133 quem
1994 1075 2127 1132 pau-

538 1174 720 1228 perem
753 1160 826 1213 sit
873 1158 1224 1224 liberaturus,
1280 1156 1579 1228 subjungit,
1619 1163 1674 1208 et
1708 1169 1989 1225 pauperem
2040 1151 2126 1205 cui

538 1266 640 1303 non
667 1260 777 1303 erat
807 1249 1044 1319 adjutor,
1071 1258 1125 1304 et
1155 1249 1307 1304 illum
1341 1249 1432 1318 qui
1459 1263 1564 1302 non
1602 1246 1881 1316 praesumit
1906 1242 2007 1299 sibi
2038 1258 2125 1298 sa-

535 1341 700 1404 lutem
727 1342 841 1399 dari
863 1342 930 1398 de
959 1342 1170 1398 meritis
1190 1342 1326 1406 suis,
1349 1340 1435 1397 vel
1463 1341 1528 1396 de
1557 1340 1732 1395 libero
1766 1337 2014 1402 arbitrio,
2037 1333 2124 1390 vel

536 1438 716 1508 aliquo
739 1436 984 1506 adjutore
1022 1436 1151 1502 alio,
1195 1443 1422 1504 excepto
1455 1433 1704 1490 Domino.
1745 1431 1812 1487 Et
1853 1429 2124 1502 quomodo

535 1530 820 1585 liberabit?
858 1528 974 1584 Non
1019 1527 1315 1584 secundum
1347 1526 1542 1581 merita
1597 1524 1837 1589 illorum,
1867 1522 1962 1578 sed
2008 1522 2122 1592 ipse

535 1632 710 1696 parcet
743 1622 962 1694 pauperi
1006 1631 1052 1675 et
1083 1619 1245 1690 inopi,
1291 1619 1343 1673 id
1371 1626 1475 1683 est,
1507 1626 1726 1688 peccata
1775 1614 2029 1686 pauperis
2067 1621 2122 1668 et

535 1714 714 1783 inopis
733 1727 836 1773 non
860 1710 1150 1782 reputabit,
1166 1719 1212 1762 et
1229 1709 1306 1764 sic
1321 1709 1526 1762 animas
1545 1722 1831 1778 pauperum
1847 1703 2017 1759 salvas
2040 1703 2121 1772 {a-

535 1811 650 1862 ciet.
687 1808 752 1862 Et
791 1808 891 1861 hoc
919 1805 1224 1875 quomodo?
1258 1799 1594 1857 Redimendo
1618 1799 1824 1854 animas
1853 1813 2031 1852 eorum
2057 1811 2121 1849 ea;

2225 603 2359 656 eatis
2399 610 2448 655 et
2493 601 2722 671 fructum
2774 602 3037 672 aieralis,
3074 613 3122 657 et
3163 602 3365 671 {ructus
3411 615 3565 658 uester
3597 623 3763 662 maneat

2227 691 2409 762 (Joan.
2435 689 2549 763 xv).
2580 690 2749 762 Super
2768 691 3028 747 Libanum
3052 691 3258 762 fructus
3282 693 3417 763 ejus,
3441 693 3490 749 id
3516 704 3614 760 est,
3636 711 3765 768 super
3856 705 3857 768 ξ

2224 799 2440 840 omnem
2468 785 2758 840 candorem
2795 784 3132 842 saecularem.
3163 785 3399 844 Libanns
3427 788 3766 860 interpretatur

2225 877 2554 942 candidatio,
2575 876 2680 943 vel,
2707 876 2908 948 fructus
2938 877 3071 947 ejus,
3099 877 3152 932 id
3184 886 3288 944 est,
3326 878 3562 936 Charitas
3581 883 3764 938 extolle.

2225 978 2314 1024 tur
2333 986 2490 1039 super
2515 968 2790 1025 Libanum.
2825 968 2976 1026 Unde
3028 969 3159 1026 illud
3189 970 3336 1026 Pauli
3363 986 3378 1024 :
3408 972 3586 1027 Adhuc
3615 989 3765 1045 super-

2223 1063 2638 1119 eminentiorem
2663 1064 2799 1118 viam
2823 1064 2965 1118 vobis
2987 1065 3284 1122 demonstro
3321 1065 3373 1139 (I
3395 1063 3517 1122 Cor.
3539 1064 3650 1136 xu).
3683 1067 3766 1123 lioc

2223 1157 2366 1212 enim
2396 1157 2450 1212 in
2477 1157 2652 1228 primo
2671 1158 2891 1228 ponitur
2920 1173 3205 1215 munerum
3233 1159 3553 1225 divinorum,
3573 1159 3653 1215 ubi
3675 1163 3762 1216 sit:

2225 1245 2455 1302 Fructus
2481 1258 2657 1303 autem
2683 1249 2899 1320 spiritus
2919 1256 2994 1303 est
3033 1249 3266 1304 charitas
3295 1247 3439 1321 (Cal.
3467 1247 3540 1321 v).
3568 1249 3628 1303 Et
3647 1252 3767 1321 [lou-

2224 1339 2348 1395 bunt
2383 1339 2447 1395 de
2479 1340 2692 1395 civitate
2721 1341 2856 1395 sicut
2880 1339 3056 1410 fenum
3088 1349 3258 1396 terror.
3288 1339 3550 1408 Quoniam
3571 1343 3766 1397 absolute

2217 1433 2455 1504 positum
2480 1442 2588 1500 est,
2631 1433 2702 1488 de
2743 1433 2972 1502 civitate,
3015 1435 3381 1507 intelligamus
3409 1433 3664 1488 civitatem
3697 1434 3764 1490 Dei

2221 1526 2306 1582 vel
2353 1525 2686 1603 Jerusalem:
2724 1524 2780 1582 Si
2820 1538 3003 1584 autem
3047 1529 3318 1584 civitatem
3363 1526 3456 1582 Dei
3499 1525 3762 1597 accipimus,

2223 1618 2403 1674 fenum
2438 1616 2594 1690 quasi
2637 1619 2876 1675 triticum
2921 1620 3269 1690 accipiemus.
3307 1616 3462 1675 Unde
3503 1617 3553 1672 in
3579 1616 3763 1672 Genesi:

2221 1709 2490 1767 Produczit
2513 1711 2884 1783 terra;lignum
2917 1721 2974 1767 et
3002 1727 3163 1768 omne
3183 1710 3369 1767 fenum
3398 1724 3548 1765 suum
3569 1707 3699 1782 (Ceu.
3718 1713 3760 1781 I).

2221 1801 2339 1858 Non
2383 1801 2567 1858 fenum
2595 1803 2798 1858 siceum
2842 1803 2931 1859 hic
2961 1802 3335 1875 accipiendum
3361 1804 3468 1868 est,
3501 1801 3588 1857 sed
3621 1800 3760 1855 fenum

530 1901 708 1954 “SW58
734 1915 778 1952 ει
811 1897 1100 1966 iniquitate,
1132 1895 1197 1950 de
1225 1899 1446 1964 Ρθθεθῑο
1473 1891 1696 1945 Veniam
1729 1888 1781 1942 ί¹¹
1817 1894 2122 1958 Ρθεθαιυῐιιο
2153 1892 2200 1952 Β
2228 1896 2400 1952 viride
2425 1896 2579 1966 quasi
2610 1894 2940 1951 frumentum
2965 1895 3320 1952 iractiiicans.
3344 1891 3442 1949 Vel
3463 1893 3610 1949 aliter
3631 1911 3642 1948 :
3662 1890 3757 1946 Flo-

535 1989 709 2044 Usura
731 1987 872 2042 enim
893 1996 998 2051 est,
1014 1984 1226 2055 quando
1246 1999 1308 2038 ex
1331 1989 1557 2054 peccato
1579 1977 1901 2050 praecedenti
1922 1975 2118 2046 aliquis

534 2088 878 2151 promeretur
896 2086 954 2132 ut
978 2078 1171 2131 iterum
1195 2083 1414 2146 peccet;
1442 2073 1527 2127 vel
1550 2071 1808 2142 iniquitas
1825 2077 1911 2124 est
1929 2083 2120 2140 pecca-

532 2181 648 2224 tum
690 2178 744 2223 et
788 2184 948 2223 usura
973 2171 1134 2238 pten'a
1169 2165 1402 2237 peccati.
1437 2165 1504 2218 Et
1541 2161 1738 2219 merito
1766 2175 1930 2216 usura
1956 2172 2116 2232 paena

532 2263 740 2333 peccati
777 2273 863 2317 est
900 2261 1187 2332 appellata,
1233 2261 1360 2330 quia
1403 2258 1523 2330 plus
1571 2257 1695 2312 mali
1747 2256 2019 2312 invenitur
2060 2255 2116 2310 in

533 2351 808 2423 suppliciis
841 2365 1002 2421 quam
1049 2349 1398 2405 commissum
1438 2356 1518 2404 est
1569 2348 1624 2402 in
1654 2347 1910 2418 peccatis.
1955 2344 2116 2401 Verbi

533 2445 707 2514 gratia
748 2461 762 2498 :
805 2441 1083 2496 Homicida
1108 2456 1306 2510 corpus
1342 2441 1579 2496 hominis
1623 2449 1829 2495 tantum
1877 2437 2114 2508 perimit,

530 2536 724 2590 anima:
761 2542 937 2588 autem
979 2532 1112 2588 nihil
1155 2547 1349 2588 nocere
1374 2540 1585 2602 potest:
1627 2531 1794 2601 ipsius
1829 2544 2026 2600 corpus
2063 2535 2118 2584 et

531 2627 710 2680 anima
740 2626 983 2696 perditur
1020 2625 1072 2679 in
1103 2625 1367 2696 gehenna.
1398 2622 1635 2677 Redimet
1661 2637 1789 2694 ergo
1823 2636 1887 2676 ea:
1917 2621 2114 2687 usuris,

530 2717 840 2772 redimendo
871 2724 1087 2787 peccata
1107 2730 1226 2786 quae
1252 2712 1798 2782 debebantampliora
1831 2710 2112 2782 supplicia.

530 2807 770 2862 Iletlimet
801 2817 981 2864 autem
1007 2808 1074 2863 ab
1095 2807 1380 2878 iniquitate
1407 2805 1707 2877 adjuvando
1733 2819 1830 2875 per
1851 2804 2110 2874 gratiam,

527 2909 583 2955 ει
612 2901 778 2954 etiam
803 2898 869 2954 ad
909 2898 1210 2954 faciendam
1248 2899 1536 2970 justitiam.
1569 2897 1635 2952 Et
1674 2894 1980 2950 Itonorabile
2020 2910 2115 2948 no-

527 3008 644 3045 men
680 3007 859 3045 eorum
886 3007 1063 3046 coram
1091 2990 1202 3057 illo,
1223 2999 1279 3045 et
1305 2990 1384 3046 sic
1407 2988 1813 3059 contemptibile
1847 2987 1905 3040 Iit
1926 3001 2112 3042 coram

529 3080 857 3136 hominibus.
927 3079 1077 3137 Unde
1151 3078 1277 3134 alibi
1334 3078 1602 3132 :Etenim
1670 3077 1950 3132 Ita'reditas
1997 3091 2114 3130 mea

527 3173 781 3244 praeclara
817 3182 891 3226 est
925 3172 1052 3226 mihi
1093 3169 1280 3244 (Psal.
1311 3172 1434 3242 xv).
1464 3170 1533 3224 Et
1560 3171 1710 3236 vivet,
1742 3179 1789 3224 et
1831 3169 1952 3224 ideo
1983 3168 2108 3239 quia

2221 1987 2403 2042 rebunt
2417 1987 2481 2040 de
2495 1987 2699 2042 civitate
2714 2003 2832 2054 sua,
2847 1987 3104 2044 subaudis
3121 1987 3263 2043 sicut
3280 1984 3464 2042 fenum
3479 1995 3642 2050 teme,
3655 1986 3759 2055 quid

2220 2079 2382 2136 hodie
2417 2088 2500 2136 est
2530 2089 2587 2136 ει
2631 2095 2756 2136 cras
2790 2081 2844 2136 in
2878 2080 3150 2138 clibanum
3181 2080 3419 2136 mittitur
3456 2077 3654 2152 (Matth.
3675 2079 3756 2151 ξιι).

2220 2173 2300 2230 Ex
2345 2172 2539 2243 quibus
2585 2173 2838 2229 omnibus
2883 2187 3003 2243 quae
3048 2173 3192 2228 dicta
3239 2180 3371 2228 sunt
3415 2169 3669 2241 superius,
3710 2169 3760 2222 sit

2219 2282 2406 2320 nomen
2447 2265 2561 2336 ejus
2612 2266 2971 2333 benedictum,
3031 2266 3084 2320 id
3131 2274 3237 2332 est,
3293 2263 3682 2334 multiplicatum
3721 2263 3758 2315 iu
3856 2277 3857 2298 δ

2217 2358 2431 2424 stecula,
2455 2359 2506 2414 id
2523 2367 2628 2423 est,
2650 2359 2884 2429 quandiu
2909 2359 3196 2415 volvuntur
3218 2358 3566 2430 tempora.Et
3583 2356 3754 2414 merito.

2217 2451 2342 2521 quia
2386 2460 2508 2504 ante
2545 2450 2731 2516 solem,
2783 2451 2836 2505 id
2880 2458 2984 2516 est,
3025 2459 3152 2506 ante
3195 2463 3414 2504 omnem
3463 2446 3753 2518 temporalem

2216 2539 2645 2610 dispositionem,
2679 2549 2945 2611 permanet
2979 2557 3167 2596 nomen
3187 2537 3333 2610 ejus,
3359 2537 3491 2592 etin
3525 2535 3755 2607 ipso,sulr

2218 2629 2372 2687 audis
2404 2631 2642 2698 nomine,
2667 2631 3036 2686 benedicentur
3060 2646 3236 2686 omnes
3269 2630 3439 2685 tribus
3481 2639 3638 2693 terra,
3662 2626 3751 2698 quia

2217 2738 2394 2776 omnes
2442 2730 2616 2792 gentes
2658 2721 3070 2792 magniﬁcnbunt
3119 2737 3259 2776 eum.
3323 2721 3475 2777 Unde
3515 2719 3751 2776 benedictus

2217 2812 2473 2870 Dominus
2507 2815 2648 2870 Deus
2679 2815 2868 2879 Israel,
2898 2816 2988 2887 qui
3022 2816 3146 2886 facit
3175 2816 3443 2870 mirabilia
3463 2815 3594 2870 solus
3616 2826 3694 2888 per
3710 2827 3752 2866 se

2214 2915 2269 2962 et
2295 2922 2389 2977 per
2415 2922 2562 2973 suos,
2601 2918 2650 2962 et
2685 2907 3009 2962 benedictum
3037 2900 3108 2963 sit
3147 2923 3334 2963 nomen
3367 2907 3638 2978 maiestatis
3669 2903 3750 2974 ejus

2213 2997 2270 3050 in
2295 3008 2571 3063 aeternum,
2608 2997 2661 3053 id
2692 3007 2792 3062 est,
2824 2999 3078 3053 divinitas
3114 2997 3233 3068 ejus
3277 2998 3651 3070 multiplicetur
3673 3013 3748 3053 non

2215 3089 2269 3144 in
2297 3105 2379 3155 se,
2403 3091 2496 3146 sed
2526 3090 2580 3146 in
2610 3091 2922 3163 cognitione
2951 3091 3258 3147 hominum.
3290 3091 3446 3160 Quod
3481 3100 3534 3146 et
3560 3089 3749 3143 futurum

2216 3189 2320 3246 est,
2357 3181 2482 3252 quia
2526 3180 2809 3251 replebitur
2843 3181 3118 3252 majestate
3153 3181 3270 3253 ejus
3296 3183 3466 3237 omnis
3491 3193 3633 3236 terra.
3657 3176 3748 3231 Fiat

528 3262 695 3328 vivet,
730 3261 942 3316 dabitur
968 3261 1015 3316 ei
1049 3261 1112 3317 de
1149 3275 1284 3315 auro
1323 3259 1553 3324 Arabica,
1585 3260 1638 3316 id
1667 3267 1772 3326 est,
1815 3260 1883 3315 de
1921 3258 2110 3330 praeci-

2220 3273 2330 3330 hth
2340 3273 2715 3347 multiplicatio
2741 3275 2792 3328 in
2812 3275 2977 3344 priori
2998 3275 3213 3346 populo,
3235 3274 3332 3344 ﬁat
3351 3275 3477 3331 etin
3497 3269 3748 3346 posteriori.

527 3358 648 3428 puis
689 3357 1022 3428 sapientibus
1066 3357 1402 3428 gentilitatis.
1447 3358 1652 3412 Aurum
1713 3356 1858 3410 enim
1899 3355 2112 3426 sapien-

527 3452 657 3505 tiam
692 3459 864 3514 notat,
895 3459 948 3506 et
987 3451 1187 3506 Arabia
1232 3459 1440 3523 gentes.
1477 3448 1628 3506 Unde
1674 3450 1937 3521 scriptum
1981 3459 2066 3504 est
2096 3467 2108 3502 :

526 3543 768 3612 Accipite
800 3543 1138 3613 prudentiam
1167 3549 1224 3597 et
1249 3542 1573 3612 sapientiam
1602 3541 1744 3597 sicut
1767 3557 1958 3595 aurum
1987 3555 2114 3611 pro-

526 3631 710 3686 batum
740 3629 924 3704 (Prov.
953 3647 1049 3687 vm
1088 3640 1136 3686 et
1175 3630 1288 3704 xw)
1319 3648 1334 3686 :
1365 3631 1451 3686 vel
1486 3646 1678 3686 aurum
1718 3630 1918 3685 dicitur
1956 3630 2110 3700 quasi

526 3724 596 3778 ab
631 3739 782 3788 aura,
814 3725 953 3779 unde
991 3721 1134 3796 [per]
1175 3740 1364 3779 aurum
1407 3724 1622 3779 Arabiae
1659 3723 2112 3794 splendidissimte

528 3816 854 3872 intentiones
875 3816 1111 3886 gentium
1142 3814 1488 3871 denotantur.
1529 3814 1663 3870 Nota
1698 3832 1803 3871 non
1834 3817 1951 3873 sine
1979 3832 2110 3888 pon-

529 3909 657 3962 dere
686 3922 806 3961 esse
835 3907 976 3976 quod
1005 3906 1152 3969 dicit,
1185 3907 1333 3972 vivet,
1362 3907 1485 3976 quia
1515 3908 1585 3974 si,
1610 3907 1676 3962 de
1705 3923 1769 3962 eo
1793 3908 1936 3978 quod
1965 3923 2112 3963 como

529 4002 767 4055 muniter
789 3997 968 4053 vivent
991 3997 1254 4065 homines,
1283 3999 1575 4063 diceretur,
1608 4015 1713 4053 non
1743 4009 1891 4055 esset
1918 4015 2110 4072 magna

528 4108 693 4146 causa
715 4105 881 4161 quare
906 4089 954 4145 ei
995 4105 1189 4144 aurum
1221 4089 1436 4146 Arabia:
1474 4089 1716 4156 daretur,
1742 4100 1797 4146 et
1829 4091 1947 4146 idco
1988 4107 2111 4147 cum

527 4185 764 4254 pondere
795 4180 1195 4253 intelligendum
1239 4190 1342 4246 est,
1371 4181 1522 4246 vivet,
1562 4183 1715 4252 quasi
1746 4183 1912 4248 dicat,
1939 4198 2115 4238 resur-

527 4291 660 4346 gens
686 4290 716 4328 a
749 4276 974 4330 mortuis
1003 4288 1109 4328 non
1143 4271 1371 4344 amplius
1397 4273 1716 4328 moriturus.
1750 4271 1937 4343 Neque
1965 4274 2112 4329 enim

529 4385 718 4435 OIIIIICS
740 4369 993 4434 vivimus,
1016 4367 1107 4438 qui
1133 4367 1455 4438 quandoque
1478 4365 1727 4421 morituri
1752 4382 1938 4422 sumus
1964 4375 2114 4423 exte-

535 4465 668 4527 rius,
699 4473 755 4518 et
779 4464 1016 4534 quotidie
1055 4478 1154 4533 per
1185 4470 1406 4533 peccata
1438 4464 1702 4518 morimur
1741 4462 1985 4518 interius.
2016 4461 2114 4519 Sc-

527 4553 752 4624 quitur:
791 4553 859 4607 Et
889 4552 1182 4608 adorabunt
1223 4553 1286 4608 de
1311 4553 1424 4622 ipso
1463 4568 1685 4623 semper,
1726 4551 1779 4608 id
1813 4560 1927 4616 est,
1962 4553 2110 4608 omni

2706 3363 3030 3420 PSALMUS
3090 3363 3304 3420 LXXII.

2212 3472 2557 3514 DEFBCERUNT
2594 3473 2763 3515 ΠῩΙΝΙ
2802 3473 2962 3513 DAVID
2990 3473 3120 3514 FILII
3153 3471 3331 3524 δεθείς,
3345 3472 3581 3514 -Ρθλὶῖίῦε
3605 3465 3744 3510 Αειιφιι.

2287 3571 2305 3605 ι
2327 3551 2496 3620 Quam
2521 3553 2695 3609 bonus
2723 3551 2888 3608 Israel
2906 3552 3046 3608 Deus
3081 3552 3165 3607 his
3191 3553 3282 3623 qui
3303 3561 3451 3609 recto
3467 3558 3580 3605 sunt
3599 3546 3741 3603 corde!

2215 3664 2235 3698 ι
2285 3645 2385 3700 Μεί
2416 3653 2598 3700 autem
2624 3659 2763 3716 pene
2785 3645 2917 3700 moti
2950 3654 3076 3700 sunt
3101 3644 3288 3716 pedes,
3331 3657 3470 3716 pene
3495 3640 3628 3696 (επιιεί
3654 3645 3743 3693 sunt

2218 3753 2238 3787 ‹
2276 3750 2497 3805 gressus
2523 3736 2650 3790 mei.
2677 3735 2812 3802 Quia
2836 3733 3004 3790 zelavi
3041 3750 3205 3806 super
3230 3734 3464 3806 iniquos,
3481 3745 3642 3804 pacem
3657 3739 3742 3798 pec.

2217 3846 2235 3880 ι
2271 3836 2518 3883 calorum
2546 3827 2754 3884 videns.
2783 3826 2921 3896 Quia
2949 3843 3057 3883 non
3088 3837 3174 3883 est
3205 3837 3488 3899 respectus
3523 3821 3736 3880 [portico-

2219 3938 2236 3971 ‹
2276 3921 2899 3987 rum,etilrmamentum
2920 3920 2972 3976 in
2995 3921 3154 3993 plaga
3187 3936 3398 3976 eorum.
3424 3920 3480 3975 In
3497 3916 3653 3973 labore
3668 3913 3739 3966 ho-

2217 4031 2236 4066 r
2273 4012 2475 4067 minum
2494 4027 2598 4067 non
2622 4021 2767 4080 sunt,
2784 4020 2977 4068 etcum
2997 4012 3308 4068 hominibus
3330 4005 3442 4069 non
3461 4005 3741 4082 ﬂagellaban-

2219 4122 2237 4156 t
2275 4111 2385 4158 tur.
2400 4103 2524 4159 Ideo
2549 4105 2718 4160 tenuit
2743 4120 2837 4161 eos
2865 4105 3140 4175 superbia,
3171 4106 3348 4175 operti
3376 4113 3498 4161 sunt
3521 4099 3744 4172 iniquitate

2221 4213 2238 4247 ι
2274 4203 2328 4250 ει
2356 4194 2634 4266 impietate
2659 4209 2778 4251 sua.
2807 4194 3020 4251 Prodiit
3047 4196 3198 4266 quasi
3245 4211 3316 4251 ex
3367 4197 3517 4267 adipe
3541 4188 3742 4261 iniquitas

2219 4307 2238 4340 ι
2273 4302 2484 4354 eorum,
2510 4287 2846 4343 transierunt
2878 4286 2932 4342 in
2979 4287 3236 4343 allectum
3288 4287 3486 4344 cordis.
3523 4281 3743 4353 Cogitate-

2220 4396 2240 4431 α
2278 4387 2397 4433 runt
2415 4387 2469 4435 et
2483 4378 2646 4435 locuti
2668 4388 2794 4434 sunt
2811 4379 3140 4450 nequitiam;
3164 4379 3500 4450 iniquitatem
3517 4376 3563 4431 in
3575 4366 3741 4430 excelso

2221 4487 2238 4522 ι
2275 4469 2439 4526 locuti
2477 4477 2623 4525 sunt.
2663 4469 2969 4526 Posuerunt
3012 4471 3067 4526 in
3097 4471 3298 4528 coelum
3329 4486 3392 4528 os
3418 4482 3584 4532 suum,
3607 4475 3651 4520 et
3669 4461 3740 4514 lin-

2219 4581 2237 4612 ι
2279 4575 2382 4631 gna
2421 4576 2609 4616 eorum
2665 4560 2915 4618 transivit
2953 4560 3006 4616 in
3065 4569 3232 4617 terra.
3282 4560 3411 4618 Ideo
3455 4559 3740 4615 convertelul‘

529 4659 792 4720 tempore,
816 4649 879 4703 de
902 4651 1037 4720 ipso,
1068 4648 1120 4703 id
1150 4657 1254 4714 est,
1283 4648 1347 4703 de
1368 4647 1538 4718 ipsius
1565 4660 1792 4720 corpore
1818 4646 2109 4715 implendo,
2141 4624 2188 4683 D
2221 4674 2238 4707 ι
2276 4624 2502 4726 populus
2538 4670 2691 4711 meus
2717 4655 2828 4721 hic,
2853 4663 2910 4711 et
2933 4655 3052 4711 dies
3074 4655 3218 4727 pleni
3256 4655 3580 4711 invenientur
3602 4649 3644 4704 in
3665 4643 3735 4699 eis.

532 4752 592 4797 ut
618 4742 857 4798 membra
889 4741 1004 4811 ejus
1029 4740 1274 4797 videlicet
1309 4740 1750 4811 multiplicemur,
1791 4747 1848 4796 et
1887 4741 1967 4795 sic
2002 4749 2112 4794 tota

530 4835 616 4890 die
645 4834 938 4889 benedicent
975 4834 1023 4888 ei
1055 4849 1074 4888 :
1106 4833 1188 4888 vel
1213 4832 1444 4888 orabunt
1490 4837 1554 4888 de
1591 4833 1702 4902 ipso
1740 4849 1941 4904 semper
1966 4833 2113 4888 acci-

531 4926 741 4998 pientes
766 4925 907 4996 quod
931 4932 1089 4979 orant
1112 4923 1195 4980 vel
1220 4933 1442 4995 propter
1472 4925 1646 4994 ipsum
1675 4923 2111 4995 promerendum.

530 5017 599 5072 Et
628 5017 729 5074 hoc
753 5016 968 5083 merito,
995 5016 1121 5088 quia
1155 5016 1268 5088 ipse
1316 5017 1412 5071 erit
1437 5016 1827 5088 ﬁrmamentum
1856 5019 1910 5070 in
1951 5027 2112 5084 terra,

533 5109 622 5165 ubi
651 5109 793 5165 nulla
828 5109 1100 5165 firmitudo
1143 5107 1243 5186 fuit
1268 5117 1395 5164 ante
1451 5125 1597 5165 eum.
1631 5110 1752 5182 Ipse
1797 5118 1978 5166 autem
2021 5101 2113 5166 ve-

532 5202 707 5267 niens,
736 5200 995 5257 stabilivit
1024 5217 1119 5256 eos
1147 5201 1200 5254 in
1231 5200 1476 5257 doctrina
1519 5202 1699 5256 stabili
1741 5211 1797 5257 et
1837 5217 2111 5272 nunquam

532 5293 810 5346 mutanda.
846 5290 998 5348 Unde
1019 5288 1253 5346 Paulus:
1283 5289 1338 5346 Si
1367 5291 1509 5362 quis,
1537 5291 1648 5356 ait,
1682 5293 1821 5346 vobis
1849 5293 2114 5364 evangeli-

537 5384 680 5437 zavit
711 5391 903 5452 pra'ter
924 5383 976 5437 id
1003 5381 1142 5451 quod
1165 5383 1453 5452 accepistis
1481 5399 1508 5436 a
1537 5383 1709 5448 nobis,
1737 5384 2011 5438 anathema
2050 5385 2115 5438 sit

535 5477 678 5548 (Gal.
708 5479 769 5550 l).
796 5478 914 5548 Ipse
935 5478 1097 5534 etiam
1118 5478 1213 5532 erit
1234 5478 1621 5546 ﬁrmamentum
1647 5481 1700 5534 in
1731 5480 1947 5534 summis
1971 5497 2116 5534 mon-

450 5568 454 5571 “
536 5572 686 5635 tium,
715 5572 841 5642 quia
875 5571 929 5625 in
958 5586 1024 5626 eo
1049 5571 1461 5642 complebuntnr
1480 5573 1661 5627 omnia
1694 5573 1836 5628 dicta
1859 5583 1914 5628 ct
1953 5571 2116 5636 facta,

470 5656 485 5679 ’
535 5677 657 5732 qua:
696 5676 792 5732 per
831 5679 1059 5718 summos
1098 5674 1317 5729 montes,
1361 5663 1414 5718 id
1445 5672 1562 5728 est,
1600 5679 1697 5733 per
1743 5666 2032 5734 prophetas
2064 5676 2119 5720 et

539 5753 877 5823 patriarchas
900 5757 1132 5811 revelata
1148 5765 1304 5810 sunt:
1330 5755 1762 5824 superextolletur
1779 5773 1934 5827 super
1963 5757 2118 5811 Liba-

541 5857 665 5924 num
689 5832 891 5926 fructus
912 5845 1049 5916 ejus,
1077 5845 1148 5902 illi
1173 5844 1438 5915 videlicet,
1461 5861 1596 5919 quos
1617 5846 1762 5920 eligit
1785 5849 1886 5907 sibi
1915 5851 2119 5920 [ructus

2223 4765 2240 4800 ι
2282 4747 2348 4802 Ει
2377 4747 2634 4802 dixerunt
2658 4764 2671 4801 :
2699 4747 2984 4815 Quomodo
3006 4748 3111 4804 scit
3135 4747 3302 4816 Dens,
3325 4756 3380 4804 et
3403 4745 3447 4803 si
3465 4753 3542 4800 est
3561 4734 3734 4798 scicntia

2221 4859 2240 4890 ε
2277 4839 2331 4894 ἰη
2374 4839 2624 4894 excelso?
2651 4840 2792 4896 Ecce
2818 4821 2918 4910 ipsi
2961 4850 3276 4912 peccatores
3302 4849 3359 4896 et
3385 4836 3678 4896 abundantes
3697 4826 3734 4880 in

2222 4949 2240 4981 ‹
2281 4929 2482 4986 szecnlo
2526 4931 2876 4987 obtinuerunt
2906 4932 3146 4988 divitias.
3187 4933 3256 4988 Et
3305 4931 3414 4990 dixi
3456 4949 3470 4985 :
3506 4929 3627 4997 Ergo
3651 4921 3735 4976 sine

2224 5042 2242 5074 σ
2281 5039 2442 5079 causa
2464 5021 2756 5092 justiﬁcavi
2787 5041 2884 5081 cor
2913 5041 3114 5093 meum,
3141 5035 3198 5083 et
3242 5027 3344 5082 lavi
3373 5027 3505 5082 inter
3529 5022 3733 5078 innocen-

2222 5133 2239 5165 ς
2279 5122 2358 5168 tes
2401 5129 2592 5170 manus
2636 5131 2824 5180 meas;
2865 5127 2921 5172 et
2970 5115 3046 5172 iui
3095 5117 3394 5190 ﬂagellatus
3440 5123 3541 5171 tota
3575 5111 3732 5171 die,el

2223 5225 2240 5258 ε
2280 5207 2563 5279 castigatio
2595 5224 2711 5263 mea
2744 5210 2795 5264 in
2820 5211 3114 5266 matutinis.
3141 5211 3198 5267 Si
3230 5213 3466 5267 dicebam
3503 5226 3515 5261 :
3542 5198 3728 5260 Narralr

2221 5316 2242 5352 ι
2280 5299 2380 5365 sie,
2424 5315 2554 5356 ecce
2596 5301 2871 5358 nationem
2923 5301 3155 5358 ﬁliorum
3216 5312 3426 5359 tuorum
3484 5293 3726 5368 reprobi"-

2225 5409 2243 5441 ι
2282 5391 2668 5448 Existimabam
2719 5402 2778 5448 ut
2818 5408 3203 5466 cognoscerem
3230 5394 3350 5458 hoc,
3377 5393 3520 5448 labor
3539 5395 3610 5441 est
3640 5386 3729 5433 an“?

2225 5503 2242 5536 ι
2279 5500 2366 5539 me
2401 5503 2416 5539 :
2467 5484 2640 5541 donec
2669 5485 2864 5542 inirem
2894 5487 2947 5542 in
2985 5487 3350 5543 sanctuarium
3395 5481 3500 5547 Dei,
3537 5486 3584 5532 et
3619 5466 3728 5528 intel-

2225 5597 2242 5627 ι
2283 5575 2442 5646 ligam
2472 5576 2526 5631 in
2557 5577 2873 5633 novissimis
2918 5592 3130 5634 eorum.
3158 5576 3527 5633 Verumtamen
3561 5567 3728 5637 ρνοιιιετ

2225 5687 2244 5720 ι
2287 5667 2439 5724 dolos
2462 5669 2688 5740 posuisti
2719 5669 2830 5735 eis;
2873 5667 3116 5737 dejecisti
3145 5683 3240 5725 eos
3265 5667 3386 5724 dum
3411 5658 3723 5740 allevarenlllr-

2227 5780 2244 5814 ι
2279 5735 2560 5828 Quomodo
2590 5761 2722 5840 iacti
2759 5771 2888 5816 sunt
2915 5735 2968 5816 in
2996 5760 3399 5822 desolationem,
3427 5749 3584 5810 subito

2229 5872 2248 5906 ι
2286 5861 2495 5923 cerunt,
2520 5831 2799 5926 perierunt
2818 5861 3040 5926 propter
3075 5853 3406 5925 iniquitatem
3431 5853 3584 5902 suam.
3608 5827 3725 5884 Velut
