3884 5566
106 399 228 456 51⁸1

1259 407 1794 466 ENARRATIONES
1831 410 1896 467 ΙΝ
1940 411 2279 472 ΡεΑιΜυδο

3291 421 3398 479 518

113 513 135 544 ι
184 495 466 552 somnium
514 500 886 569 surgentium.
949 499 1206 566 Domine,
1261 502 1313 553 in
1357 501 1578 558 civitate
1629 511 1716 557 tua
1747 507 1790 562 Α
1825 512 1926 569 tes,
1964 519 2228 576 quatenus
2266 516 2482 565 cessent
2531 525 2561 564 a
2613 513 3071 575 murmuratione.
3118 521 3173 567 et
3225 514 3398 582 magis

113 604 134 634 ι
187 586 489 658 imaginem
519 591 756 660 ipsorum
794 593 860 647 ad
902 593 1127 647 nihilum
1175 592 1406 662 redigas.
1453 593 1587 660 Quia
1631 596 1716 650 in-

112 694 134 725 c
180 675 520 734 ﬂammatum
574 691 658 736 est
709 697 804 738 cor
851 699 1051 745 meum,
1090 693 1143 737 et
1199 699 1358 738 renes
1413 687 1517 740 mei
1573 702 1720 742 com-

112 784 135 816 ε
183 769 384 824 mutati
429 782 582 837 sunt;
619 782 672 829 et
695 788 794 846 ego
825 775 892 830 ad
925 775 1148 829 nihilum
1199 776 1448 832 redactus
1474 793 1615 846 sum,
1666 787 1722 834 et

111 874 133 906 ι
180 860 418 913 nescivi.
455 861 521 916 Ut
544 860 850 929 iumentum
881 864 1058 920 factus
1078 881 1194 920 sum
1247 868 1386 936 apud
1419 879 1490 934 te,
1523 879 1579 924 et
1620 885 1721 939 ego

111 965 132 998 ι
179 964 410 1020 semper
444 961 638 1008 tecum.
663 953 904 1037 Tenuisti
939 972 1154 1010 manum
1198 957 1474 1012 dexteram
1506 975 1716 1028 meam;

114 1057 136 1090 ι
179 1047 240 1094 et
269 1043 324 1096 in
356 1043 627 1100 voluntate
673 1055 761 1100 tua
791 1046 1059 1102 deduxisti
1089 1058 1265 1112 tne,et
1292 1065 1411 1103 cum
1436 1049 1604 1118 gloria
1629 1068 1720 1107 su-

115 1148 136 1180 ι
180 1134 412 1202 scepisti
438 1150 543 1188 me.
569 1135 705 1202 Quid
749 1138 892 1192 enim
918 1138 1046 1192 tnihi
1091 1149 1176 1192 est
1205 1138 1257 1192 in
1299 1141 1478 1194 creto?
1520 1150 1574 1195 et
1601 1158 1629 1194 a
1667 1150 1719 1197 te

114 1242 138 1273 ε
181 1226 323 1294 quid
353 1226 496 1281 volui
526 1243 688 1298 super
715 1231 959 1285 terram?
993 1231 1198 1286 Deiecit
1223 1247 1349 1286 caro
1387 1248 1501 1288 mea
1545 1243 1599 1288 ct
1625 1251 1721 1290 cor

114 1335 136 1367 ς
184 1332 422 1373 meum:
456 1321 596 1376 Deus
636 1323 817 1377 cordis
850 1323 990 1389 mei,
1030 1334 1084 1378 et
1119 1340 1246 1395 pars
1296 1341 1414 1380 mea
1470 1328 1614 1382 Deus
1665 1330 1716 1383 in

115 1432 137 1464 ι
178 1424 476 1470 zeternum.
507 1416 640 1484 Quia
683 1434 812 1475 ecce
844 1420 936 1490 qui
965 1421 1221 1490 elongant
1244 1438 1273 1476 a
1303 1431 1374 1488 te,
1418 1425 1672 1493 peribunt
1699 1443 1713 1481 :

117 1521 139 1555 ι
179 1507 471 1574 perdidisti
493 1525 681 1565 omnes
702 1510 793 1580 qui
821 1510 1155 1566 fornicantur
1174 1511 1270 1567 abs
1293 1521 1364 1568 te.
1390 1513 1513 1568 Mihi
1537 1526 1716 1570 autem

118 1613 141 1646 σ
182 1597 474 1653 adhaerere
498 1601 609 1656 Deo
641 1602 838 1656 bonum
865 1611 950 1657 est
993 1620 1006 1656 :
1036 1618 1235 1673 ponere
1268 1605 1320 1658 in
1349 1605 1577 1660 Domino
1610 1607 1717 1662 Deo

115 1705 138 1736 ι
181 1703 342 1758 spem
373 1705 547 1745 meam
583 1709 598 1746 :
638 1701 696 1746 ut
721 1694 1035 1749 annunticm
1081 1710 1270 1751 omnes
1308 1697 1716 1768 prtedicationes

114 1797 136 1828 ι
181 1789 313 1836 tuas
345 1781 398 1836 in
424 1783 594 1854 portis
629 1783 749 1839 filiae
790 1783 940 1840 Sion.
983 1805 1002 1839 ι

694 1885 846 1940 ENA
858 1886 994 1940 ΒΗΑ
1002 1885 1073 1940 TI
1080 1885 1147 1941 0.

191 1974 318 2030 Non
380 1974 582 2032 frustra
631 1976 684 2032 in
755 1978 857 2033 hoc
906 1979 1061 2034 titulo
1130 1978 1294 2034 David
1362 1979 1504 2036 filius
1565 1979 1716 2038 Jesse

109 2066 346 2131 dicitur,
374 2080 498 2120 cum
546 2068 852 2136 superiores
906 2069 1100 2138 psalmi
1150 2069 1406 2125 intitulati
1457 2072 1567 2126 sint
1612 2088 1714 2127 no-

111 2157 272 2212 mine
298 2157 487 2228 David,
513 2159 605 2213 sed
631 2159 750 2214 sine
790 2163 1307 2217 commemoratione
1342 2164 1531 2234 patris.
1561 2164 1714 2232 Quod

109 2258 309 2303 autem
341 2249 429 2304 hic
457 2251 606 2320 ponit
631 2249 803 2317 Jesse,
849 2253 939 2322 qui
970 2252 1072 2308 fuit
1121 2263 1276 2324 pater
1308 2255 1474 2311 David
1518 2273 1709 2314 secun-

108 2341 248 2394 dum
296 2356 559 2407 carnem,
611 2342 662 2396 in
715 2342 818 2398 hoc
863 2343 1074 2398 videtur
1118 2354 1309 2401 notare
1350 2348 1610 2417 quosdam
1647 2364 1712 2402 ex

110 2431 250 2486 ﬁliis
296 2431 458 2488 lsrad
505 2432 794 2488 carnaliter
845 2434 1117 2504 sapientes
1164 2445 1219 2490 et
1267 2439 1498 2494 terrenis
1534 2439 1715 2494 adlue-

110 2529 325 2575 rentes.
363 2519 497 2575 Nola
544 2530 628 2577 est
655 2522 798 2575 enim
849 2523 1095 2589 historia,
1129 2523 1365 2594 qualiter
1415 2526 1510 2581 ﬁlii
1550 2526 1713 2582 Israel

108 2598 303 2664 divina
359 2611 595 2681 potentia
645 2627 742 2682 per
771 2628 919 2668 mare
960 2612 1203 2668 Rubrum
1233 2616 1377 2670 ducti
1403 2626 1550 2684 sunt,
1583 2634 1709 2673 cmn

109 2705 306 2757 hostes
343 2704 688 2774 insequentes
741 2706 1008 2761 submersi
1046 2717 1174 2762 sunt
1217 2707 1415 2780 (Exod.
1442 2710 1577 2781 xxv).
1609 2711 1709 2766 No-

110 2808 232 2849 tum
263 2805 349 2851 est
383 2798 546 2852 etiam
586 2798 818 2868 qualiter
847 2813 943 2869 per
981 2800 1179 2856 multos
1219 2817 1392 2856 annos
1439 2801 1579 2858 idem
1616 2820 1713 2874 po-

107 2888 277 2958 pulus
306 2904 404 2958 per
431 2890 704 2944 desertum
739 2892 1029 2956 erraverit,
1063 2891 1244 2964 Moyse
1271 2894 1538 2949 existente
1575 2894 1712 2950 duce

106 2990 166 3034 et
188 2982 397 3036 Aaron.
427 2980 562 3036 liuic
601 2983 796 3052 populo
825 2983 979 3037 facta:
1002 2993 1128 3038 sunt
1155 2983 1547 3054 promissiones
1570 2985 1710 3039 mul-

105 3081 180 3124 ne
209 3089 221 3123 :
256 3071 519 3140 promissa
552 3083 629 3127 est
661 3074 804 3127 enini
853 3073 932 3128 eis
963 3081 1107 3128 terra
1137 3072 1418 3140 Chanaan,
1447 3075 1710 3144 subjectio

101 3160 482 3226 inimicorum,
532 3161 834 3218 fecunditas
883 3180 1134 3230 uxorum,
1199 3162 1473 3232 filiorum,
1536 3167 1709 3221 honor

1834 593 2003 649 velint
2065 607 2385 668 exspectare
2441 616 2560 670 quae
2625 618 2732 657 non
2785 603 3034 657 videntur
3090 619 3252 673 quam
3310 603 3399 658 his

1823 685 2100 742 adhaerere
2122 703 2242 758 quae
2262 690 2532 746 videntur.
2561 692 2695 747 Nam
2726 693 2815 762 qui
2840 693 2927 749 his
2956 693 3252 758 adhazrent,
3275 706 3400 762 per-

1823 777 1949 832 ituri
1996 789 2121 835 sunt
2162 783 2230 836 ad
2264 782 2546 850 ultimum;
2579 793 2634 839 et
2664 786 2754 856 qui
2787 801 2892 840 non
2952 786 3237 850 idhazrent,
3271 791 3401 840 sunt

1820 874 2137 929 coronandi.
2174 874 2240 929 Et
2272 887 2356 932 est
2386 875 2618 942 psalmus
2643 876 2818 948 Asaph
2844 917 2859 944 ,
2903 878 2955 932 id
3003 885 3106 942 est,
3156 877 3401 948 operatio

1820 966 2158 1020 attribuenda
2207 968 2417 1022 cuidam
2450 969 2799 1039 cOngreganti
2844 987 2859 1022 :
2912 965 3052 1024 facta
3107 969 3228 1024 ideo
3273 968 3400 1040 quia

1819 1055 2116 1125 defecerunt
2145 1057 2336 1114 laudes
2371 1060 2559 1114 David.
2592 1061 2760 1116 David
2791 1061 2914 1117 dico
2944 1077 3050 1115 non
3080 1060 3400 1132 spiritualis,

1818 1147 1911 1199 sed
1939 1147 2202 1213 carnalis;
2233 1151 2374 1219 quod
2407 1161 2622 1207 notatur
2646 1168 2740 1222 per
2761 1151 2858 1221 ﬁlii
2886 1151 3401 1223 Jesse.Aspirituali

1818 1237 1961 1290 enim
1991 1237 2156 1293 David
2193 1255 2464 1310 nunquam
2489 1241 2801 1298 defecerunt
2828 1242 3047 1310 laudes;
3071 1244 3199 1300 dicit
3220 1256 3402 1301 autem

1819 1327 1897 1382 sic
1933 1326 2116 1398 Asaph
2144 1346 2158 1383 :

1890 1418 2061 1484 Quam
2093 1420 2256 1476 bonus
2287 1419 2458 1475 Israel
2484 1421 2624 1477 Deus
2652 1423 2731 1478 Itis
2765 1424 2855 1495 qui
2887 1433 3024 1479 recto
3057 1436 3178 1480 sunt
3212 1427 3404 1494 corde!

1818 1505 1981 1574 Quasi
2007 1508 2150 1564 dicat
2183 1527 2196 1564 :
2228 1510 2399 1578 Quam
2434 1512 2927 1583 incomparabiliter
2952 1525 3036 1570 est
3063 1515 3238 1572 bonus
3261 1518 3402 1573 Deus

1816 1598 2006 1661 Israel,
2053 1599 2104 1654 id
2146 1602 2556 1668 est,videntium
2599 1604 2799 1672 Deum,
2841 1607 2928 1662 his
2963 1607 3055 1676 qui
3105 1616 3252 1662 recto
3281 1617 3406 1664 sunt

1817 1689 1996 1754 corde,
2032 1689 2082 1744 id
2114 1701 2212 1756 est,
2247 1693 2351 1747 illis
2379 1695 2469 1764 qui
2505 1711 2656 1749 suam
2692 1689 3023 1752 voluntatem
3054 1698 3288 1768 dirigunt
3316 1713 3403 1754 se-

1817 1780 2050 1836 cundum
2081 1783 2413 1840 voluntatem
2446 1784 2563 1852 Dei,
2595 1786 2719 1842 licet
2746 1788 2987 1844 distortis
3017 1790 3178 1845 corde
3208 1789 3406 1861 parvus

1749 1879 1794 1938 Β
1822 1881 1876 1925 et
1891 1876 2180 1942 'perversus
2203 1875 2466 1931 videatur.
2491 1876 2643 1944 Quod
2664 1877 2789 1934 alibi
2813 1878 3044 1935 dicitur:
3072 1881 3202 1936 Cum
3225 1892 3405 1936 sancto

1817 1974 2027 2019 sanctus
2059 1965 2184 2031 eris,
2209 1975 2256 2020 et
2289 1983 2406 2020 cum
2439 1985 2674 2038 perverso
2708 1972 3011 2038 perverteris
3036 1970 3207 2044 (Psal.
3233 1971 3401 2044 xvn);

1817 2068 1922 2108 non
1951 2056 2095 2125 quod
2122 2055 2264 2112 Deus
2305 2057 2378 2113 sit
2416 2073 2726 2130 pervorsus,
2761 2060 2854 2115 sed
2883 2063 3007 2132 quia
3037 2078 3295 2133 perverso
3324 2063 3406 2118 vi-

1817 2145 1973 2200 detur
2001 2161 2122 2202 esse
2166 2163 2486 2218 pervorsus;
2534 2149 2658 2219 quia
2707 2149 2945 2221 lippienti
2986 2152 3141 2207 oculo
3185 2151 3406 2208 claritas

1817 2238 1945 2294 solis
1976 2255 2078 2294 non
2115 2240 2440 2311 resplendet,
2476 2243 2571 2298 sed
2609 2242 2838 2300 obscura
2880 2243 3105 2309 videtur,
3141 2245 3266 2316 quia
3296 2243 3404 2300 cla-

1816 2333 2029 2388 ritatem
2080 2343 2224 2390 recte
2269 2335 2467 2390 intueri
2518 2352 2624 2391 non
2673 2346 2868 2408 potest.
2920 2336 3027 2392 Mei
3061 2348 3234 2393 autem
3277 2356 3406 2409 pene

1817 2425 1944 2479 moti
1968 2437 2086 2480 sunt
2117 2427 2292 2497 pedes.
2333 2427 2577 2482 Assumit
2604 2428 2694 2484 hic
2727 2429 2906 2500 Asapli
2935 2445 3122 2486 vocem
3164 2430 3402 2496 illorum,

1816 2529 1846 2568 a
1877 2515 2072 2585 quibus
2101 2516 2413 2572 defecerunt
2451 2516 2653 2573 laudes.
2697 2518 2859 2585 Quasi
2891 2519 3035 2574 dicat
3065 2539 3077 2574 :
3112 2519 3280 2588 Quam
3309 2519 3401 2574 bo-

1817 2621 1912 2658 nus
1955 2604 2125 2659 Israel
2153 2604 2327 2660 Deus!
2375 2623 2473 2679 ego
2505 2615 2685 2661 autem
2735 2609 2836 2663 hoc
2885 2625 2991 2664 non
3019 2609 3248 2676 attendi,
3276 2610 3402 2682 quia

1815 2696 1976 2766 pedes
2011 2696 2135 2763 mei,
2181 2697 2232 2751 id
2257 2706 2363 2764 est,
2394 2697 2704 2753 affectiones
2735 2715 2886 2766 mea},
2916 2717 3044 2770 pene
3085 2701 3212 2756 moti
3259 2711 3402 2767 sunt,

1815 2787 1880 2842 ad
1913 2787 2144 2858 lapsum,
2179 2789 2466 2856 subaudis;
2512 2806 2639 2859 pene
2678 2790 2834 2859 e/fusi
2871 2799 2992 2845 sunt
3034 2808 3241 2862 gressus
3278 2795 3401 2858 mei,

1814 2879 1880 2933 ad
1909 2881 2196 2936 errandum
2217 2923 2231 2948 ,
2269 2897 2361 2937 eos
2393 2883 2653 2938 imitando
2683 2883 2773 2954 qui
2806 2900 2910 2938 non
2950 2884 3034 2938 via
3066 2893 3212 2940 recta
3252 2885 3400 2940 ince-

1813 2971 2031 3026 debant.
2068 2971 2204 3027 Pene
2229 2974 2379 3040 dicit,
2409 2974 2501 3045 qui
2529 2975 2743 3029 tandem
2771 2975 3014 3045 resipuit,
3043 2984 3101 3030 ut
3127 2976 3180 3030 in
3217 2984 3402 3048 poste-

1814 3064 2048 3120 rioribus
2074 3065 2265 3135 psalmi
2301 3066 2546 3121 denotari
2591 3072 2790 3136 potest.
2839 3066 3019 3134 Quare
3049 3075 3229 3122 autem
3273 3067 3402 3121 moti

1811 3167 1930 3211 sunt
1961 3157 2136 3227 pedes,
2167 3157 2542 3246 subjungitur:
2574 3157 2712 3224 Quia
2735 3156 2920 3223 zelavi,
2948 3158 3001 3212 id
3027 3167 3130 3225 est,
3153 3157 3404 3229 indigna-

101 3254 412 3309 surcularis.
443 3253 566 3310 llaec
607 3255 790 3310 ouuiia
817 3266 1136 3326 receperunt
1163 3264 1219 3311 et
1256 3273 1354 3328 pro
1383 3273 1578 3330 magno
1611 3260 1706 3313 ha-
1735 3261 1777 3320 C
1812 3256 1896 3306 lus
1927 3266 2066 3315 sum.
2100 3249 2182 3304 Vel
2215 3249 2567 3304 inVideﬂliam
2598 3249 2786 3316 Ιιδὺιιῖν
2820 3266 2977 3316 ⁸τιΡεν
3013 3249 3236 3321 iniquos
3269 3264 3400 3304 00"-

99 3346 372 3409 huerunt,
424 3354 480 3400 et
531 3344 759 3416 plurima
793 3363 916 3416 pars
963 3364 1150 3402 eorum
1204 3348 1313 3404 Deo
1351 3351 1693 3406 serviendum

100 3451 234 3492 esse
264 3450 363 3505 pro
410 3437 638 3492 terrenis
665 3437 956 3502 intellexit;
990 3438 1084 3493 sed
1123 3439 1403 3506 Dominus,
1450 3441 1542 3510 qui
1593 3441 1707 3497 btec

98 3528 298 3584 omnia
331 3527 412 3582 eis
460 3527 750 3594 concessit,
797 3544 903 3583 non
949 3539 1007 3584 ut
1056 3529 1110 3584 in
1155 3530 1273 3586 istis
1324 3541 1706 3595 remanerent,

99 3617 207 3674 sed
251 3627 311 3673 ut
359 3635 454 3690 per
497 3619 610 3675 haec
631 3619 736 3675 alia
769 3619 946 3675 futura
976 3621 1282 3683 crederent,
1317 3622 1589 3678 subtraxit
1627 3624 1709 3679 eis

101 3712 256 3764 bona
314 3710 662 3779 temporalia,
717 3719 776 3764 ut
825 3709 910 3765 vel
955 3711 1036 3766 sic
1091 3711 1437 3768 addiscerent
1489 3713 1708 3769 :eternis

99 3803 414 3857 adluererc.
457 3801 693 3872 Populus
738 3811 959 3868 autem,
1012 3805 1186 3874 magis
1239 3815 1436 3876 optans
1490 3816 1708 3868 terrena

98 3910 276 3963 quam
310 3893 576 3961 coelestia,
620 3911 683 3950 ea
725 3911 846 3966 quae
892 3896 1223 3962 viderentur,
1257 3913 1420 3967 quam
1471 3913 1534 3954 ea
1587 3913 1708 3968 quae

100 4001 217 4039 non
254 3985 594 4052 viderentur,
641 4001 764 4042 cum
800 3987 1025 4042 vidisset
1069 3989 1213 4057 quod
1263 3988 1366 4043 sibi
1415 3991 1706 4045 subtrahe-

100 4088 325 4142 rentur,
359 4086 416 4132 et
463 4079 712 4150 gentibus
762 4080 1043 4148 darentur,
1099 4084 1475 4140 murtnurabat
1515 4096 1708 4141 contra

99 4172 426 4236 Dominum,
459 4174 712 4241 quoniam
759 4184 944 4243 gentes
973 4175 1140 4230 Deum
1171 4191 1278 4231 non
1323 4176 1570 4234 colentes
1621 4194 1708 4234 re-

99 4263 363 4332 ciperent
396 4261 535 4316 bona
566 4265 882 4335 temporalia
902 4307 918 4331 ,
946 4276 1002 4322 et
1046 4266 1101 4321 in
1131 4267 1384 4343 omnibus
1425 4285 1707 4340 prospera»

99 4363 308 4406 rentur
339 4370 353 4406 :
398 4353 474 4408 illi
506 4364 684 4411 autem
716 4356 808 4427 qui
840 4357 1010 4412 Deum
1041 4358 1291 4414 colebant
1317 4399 1333 4426 ,
1381 4360 1433 4414 in
1484 4361 1710 4434 miseria

93 4453 152 4497 et
182 4445 243 4498 in
277 4443 468 4499 labore
498 4435 752 4502 fuerunt:
779 4462 878 4517 pro
907 4449 1025 4504 istis
1047 4450 1300 4506 omnibus
1328 4450 1408 4506 sic
1434 4465 1616 4506 secum
1649 4452 1702 4507 in

96 4544 298 4590 mente
352 4538 772 4593 contendebant.
817 4540 927 4594 Aut
976 4541 1117 4596 Deus
1166 4542 1271 4596 scit
1332 4542 1556 4608 omnia,
1607 4551 1701 4597 aut

1809 3341 2192 3398 siderationem
2240 3355 2416 3396 meam
2451 3341 2770 3406 extendens,
2800 3340 2882 3396 vel
2928 3355 3092 3412 super
3131 3340 3252 3396 illos
3283 3356 3405 3397 esse

1808 3433 2012 3489 volens.
2044 3433 2112 3487 Et
2143 3448 2239 3487 cur
2271 3431 2409 3488 hoc?
2453 3430 2641 3487 Videris
2671 3432 2919 3489 videlicet
2945 3449 3127 3504 pacem
3162 3443 3406 3504 peccato-

1810 3541 1948 3590 rum,
1986 3523 2151 3579 Deum
2195 3538 2322 3580 vere
2363 3539 2470 3580 non
2516 3523 2826 3580 colentium.
2867 3525 2932 3580 Et
2973 3540 3136 3596 quam
3177 3527 3403 3597 pacem?

1809 3615 2002 3672 Pacem
2035 3624 2326 3682 terrenam,
2373 3630 2562 3687 pacem
2606 3615 2942 3683 mutabilem,
2979 3633 3164 3689 pacem
3194 3634 3303 3674 non
3331 3633 3401 3675 ex

1808 3707 2004 3778 gratia,
2036 3706 2129 3762 sed
2157 3721 2219 3761 ex
2247 3704 2474 3775 judicio.
2522 3705 2671 3762 lianc
2715 3721 2904 3778 pacem
2949 3708 3075 3764 dum
3123 3708 3400 3765 desidera-

1811 3816 1948 3867 rem,
1981 3809 2038 3856 et
2077 3816 2174 3872 pro
2200 3801 2289 3856 illa
2320 3801 2430 3857 Deo
2461 3801 2668 3858 servire
2700 3801 2911 3867 vellem,
2940 3816 3078 3872 pene
3115 3802 3247 3858 moti
3276 3813 3401 3859 sunt

1807 3892 1974 3964 pedes
2016 3892 2150 3958 mei;
2191 3901 2246 3947 et
2288 3892 2409 3949 ideo
2451 3894 2611 3948 etiam
2659 3893 2790 3948 moti
2835 3903 2981 3960 sunt,
3011 3894 3135 3965 quia
3183 3909 3286 3948 non
3324 3904 3400 3948 est

1808 3995 2066 4055 respectus
2111 3985 2266 4040 morti
2304 4001 2519 4050 eorum;
2550 3984 2601 4041 id
2630 3993 2733 4052 est,
2765 3999 2912 4041 mors
2945 4000 3106 4055 quam
3149 3983 3248 4056 ipsi
3279 4001 3402 4056 pro-

1809 4085 2145 4142 meruerunt,
2178 4091 2284 4132 non
2333 4076 2552 4146 respicit
2586 4090 2714 4142 eos;
2753 4085 2800 4130 et
2844 4090 2950 4131 non
2991 4083 3075 4131 est
3101 4075 3402 4145 ﬁrmameno

1807 4179 1917 4221 tum
1963 4167 2017 4221 in
2056 4165 2212 4238 plaga
2255 4183 2455 4231 eorum,
2504 4165 2757 4236 quoniam
2803 4165 2848 4221 si
2884 4164 3174 4237 aliquando
3215 4164 3400 4238 plagas

1806 4258 2086 4328 patiuntur
2131 4265 2187 4313 et
2232 4257 2601 4327 corriguntur,
2655 4271 2843 4312 eorum
2893 4255 3062 4327 plagae
3115 4270 3222 4310 non
3275 4265 3401 4311 sunt

1807 4352 1992 4412 lirtnte,
2026 4350 2118 4405 sed
2165 4349 2510 4416 transitoria‘,
2539 4350 2663 4420 quia
2693 4349 2748 4404 in
2780 4348 2957 4403 labore
2999 4349 3266 4403 hominum
3295 4365 3399 4404 non

1805 4449 1946 4507 sunt,
1980 4440 2030 4495 id
2071 4448 2173 4506 est,
2204 4456 2308 4496 non
2348 4448 2556 4495 tantum
2600 4440 2848 4495 laborant
2893 4453 3067 4510 neque
3093 4437 3400 4512 aﬂligttntur

1809 4533 1860 4586 in
1909 4531 2245 4588 correctione
2293 4527 2554 4602 quantum
2605 4529 2679 4585 illi
2728 4529 2974 4585 laborant
3016 4530 3107 4602 qui
3153 4531 3397 4586 homines

95 4626 309 4680 nescit.
334 4623 442 4679 Sed
464 4628 714 4697 quoniam
739 4628 1097 4699 periculosum
1120 4629 1486 4687 fuitconfiteri
1510 4646 1700 4687 erean-
1728 4609 1954 4694 I)sunt,
2005 4627 2217 4682 ratione
2265 4626 2514 4682 videlicet
2561 4633 2799 4693 utentes,
2844 4636 2902 4682 et
2951 4641 3058 4681 non
3105 4626 3266 4693 idola,
3302 4626 3397 4682 sed

96 4728 216 4770 tem
241 4716 430 4771 omnia
472 4718 722 4789 ignorare
765 4719 944 4790 aliqua
981 4721 1235 4776 dicebant
1273 4740 1286 4776 :
1344 4722 1401 4778 Si
1451 4723 1573 4788 scit,
1608 4731 1702 4776 aut

94 4820 289 4876 curat,
320 4819 414 4864 aut
442 4827 544 4865 non
587 4821 761 4866 curat.
793 4810 862 4867 Ut
899 4830 1004 4868 non
1033 4824 1205 4880 curet,
1255 4825 1520 4885 repugnat
1548 4813 1700 4870 Scri-

95 4914 297 4972 ptura,
326 4902 450 4972 quia
482 4904 742 4974 scriptum
768 4906 935 4960 estde
954 4921 1019 4962 eo
1053 4925 1066 4962 :
1099 4905 1329 4962 Fortiter
1348 4909 1576 4963 suaviter
1597 4922 1703 4978 que

92 4997 410 5066 diSponens
438 4998 613 5050 omnia
638 4993 787 5068 (Sap.
820 4997 957 5068 vm).
982 4997 1113 5053 Cum
1143 5009 1321 5054 autem
1365 5007 1538 5064 curat,
1571 5013 1703 5068 quo-

91 5087 270 5140 modo
323 5087 523 5155 patitur
547 5097 604 5140 ut
628 5087 720 5156 qui
743 5102 874 5151 eum
897 5103 1004 5143 non
1031 5088 1236 5156 colunt,
1271 5089 1501 5146 ﬂoreant
1528 5100 1584 5145 et
1610 5105 1700 5144 or-

91 5192 342 5246 nentur;
381 5189 436 5236 et
461 5181 550 5250 qui
572 5195 698 5235 eum
732 5180 934 5248 colunt,
965 5182 1212 5238 laborent
1233 5194 1288 5239 et
1314 5185 1700 5242 destruantur?

88 5275 137 5327 Α
183 5273 376 5328 taliter
401 5272 866 5328 murmur-antibus
893 5290 961 5328 ex
1005 5275 1305 5334 defectione
1335 5294 1514 5334 rerum
1559 5287 1699 5333 tem-

91 5365 374 5410 ιιητισιιῖιην·
454 5363 768 5410 “nrt-nerunt
833 5364 1016 5414 laudes
1060 5383 1181 5412 nium
1231 5369 1495 5411 lmlmndn
1542 5379 1698 5408 omni

1806 4734 1992 4774 verum
2027 4718 2192 4774 Deum
2231 4718 2542 4774 adorantes.
2591 4714 2684 4772 Vel
2724 4717 2900 4782 aliter,
2942 4731 3122 4789 pacem
3159 4729 3397 4789 peccato-

1806 4831 1924 4868 rum
1961 4814 2162 4868 uidens.
2207 4813 2276 4868 Et
2308 4828 2478 4883 quare
2509 4809 2709 4868 habent
2741 4811 2968 4882 pacem?
2994 4811 3076 4866 Ad
3102 4826 3288 4867 eorum
3318 4811 3398 4868 vi-

1804 4905 2001 4962 delicet
2039 4905 2332 4978 judicium,
2373 4903 2630 4976 quoniam
2673 4921 2775 4958 non
2820 4915 2893 4959 est
2938 4913 3194 4973 respectus
3242 4903 3402 4958 mom'

1804 5015 2006 5062 eorum,
2052 4997 2104 5052 id
2151 5007 2254 5062 est,
2303 5012 2451 5054 mors
2494 5009 2654 5066 quam
2686 4995 2785 5067 ipsi
2822 4999 3256 5066 promeruerunt,
3287 5009 3397 5048 non

1804 5093 2027 5164 TCSpiCll
2065 5105 2179 5155 eos,
2214 5089 2267 5144 id
2296 5099 2403 5159 est,
2438 5106 2544 5147 non
2571 5089 2767 5144 avertit
2791 5103 2851 5146 se
2879 5087 2946 5144 ab
2975 5085 3100 5150 illis,
3134 5084 3226 5140 sed
3254 5099 3406 5141 sem—

1803 5199 1904 5254 per
1944 5201 2038 5242 eos
2083 5185 2447 5254 exspectando
2493 5183 2767 5248 intuetur;
2813 5190 2868 5237 et
2913 5178 3304 5248 ﬁrmamentum
3351 5179 3406 5231 in

1802 5277 1962 5350 plaga
1992 5294 2190 5339 eorum,
2219 5281 2479 5347 quoniam
2505 5273 2674 5346 plaga:
2699 5288 2819 5343 qua:
2847 5273 2925 5327 eis
2955 5275 3258 5332 servantur,
3292 5283 3408 5324 non

1805 5379 1929 5408 cum!
1983 5367 2305 5410 h-oncilnri-n
2360 5371 2454 5408 om!
2503 5367 2669 5402 liv-non
2697 5373 2745 5400 al
2794 5372 3063 5400 nnnnnoln
3104 5360 3388 5398 narlnnrlrp
3467 5370 3469 5374 '
