3918 6440
540 404 649 468 519
708 462 709 465 η

1170 410 1425 468 REMlGll
1461 406 2112 466 ANTISSIODORENSIS

2214 405 2309 462 pr.
2356 407 2550 463 mus.
2589 407 2630 462 ι.
2672 436 2740 448 -
2781 408 3191 469 EXEGETICA.
3667 422 3747 480 εεο

539 527 684 585 Deus
721 545 921 584 onmem
949 528 1115 599 ﬁlium
1146 547 1296 597 quem
1327 529 1503 599 recipit
1537 525 1718 601 (Prov.
1759 526 1871 601 tu);
1903 525 2020 581 ideo
2050 534 2127 579 te-
2160 527 2205 587 Α
2233 522 2454 594 populus
2482 540 2625 579 meus
2653 525 2767 592 hic;
2800 527 2852 581 id
2886 536 2967 583 est
2986 570 3001 593 ,
3031 529 3260 599 populus
3287 545 3414 587 metu
3440 533 3660 603 nationis,
3683 559 3753 596 ut-

540 621 653 675 nnit
681 638 767 675 eos
800 621 1060 692 superbia.
1094 622 1257 689 Quasi
1278 622 1465 676 'dicat:
1492 619 1627 688 Quia
1657 619 1914 674 Dominus
1938 631 2129 690 pacem

539 712 620 766 eis
656 713 921 777 concedit,
967 723 1020 767 et
1063 728 1184 767 cum
1231 710 1353 767 filiis
1383 727 1487 765 non
1512 696 1774 780 corrigit,
1810 710 1926 764 ideo
1964 710 2129 764 tenuit

537 818 625 857 eos
662 804 925 873 superbia,
978 802 1031 858 id
1077 814 1181 868 est,
1229 804 1282 858 in
1328 818 1423 859 sua
1476 811 1741 874 potestate
1786 802 2009 873 redegit,
2062 816 2130 857 ne

538 896 718 951 Subrio
763 898 1025 962 viverent,
1058 899 1110 953 in
1155 898 1348 967 seipsis
1383 897 1549 969 operti
1585 906 1705 952 sunt
1745 896 2040 968 iniquitate,
2077 895 2129 950 id

536 996 639 1051 est,
673 1004 739 1042 ne
775 986 921 1059 juste
961 977 1205 1045 viverent
1248 1000 1507 1059 quantum
1552 991 1620 1044 ad
1664 988 1990 1060 proximum,
2030 988 2129 1043 itu-

535 1078 735 1147 pietate
782 1079 953 1151 operti
1007 1089 1157 1144 sunt,
1210 1097 1279 1135 ne
1326 1081 1414 1150 pie
1459 1080 1703 1135 viverent
1749 1090 2010 1149 quantum
2062 1076 2128 1133 ad

538 1169 724 1235 Deum,
756 1171 950 1240 quibus
976 1170 1175 1227 frustra
1201 1181 1530 1243 praeceptum
1564 1172 1691 1227 illud
1719 1170 1869 1226 Pauli
1902 1190 1914 1225 :
1945 1167 2130 1226 Sobria

532 1268 580 1311 et
610 1258 754 1328 juste
783 1270 829 1314 et
870 1262 952 1331 pie
996 1268 1225 1317 vivamus
1267 1262 1322 1317 in
1355 1265 1453 1317 hoc
1474 1261 1669 1316 swculo
1702 1258 1828 1333 (Tit.
1860 1259 1944 1332 ιι).
1976 1259 2130 1328 Quod

533 1349 619 1413 isti
648 1368 750 1406 non
777 1354 1142 1419 attendcrunt,
1167 1365 1221 1409 et
1245 1355 1360 1409 ideo
1385 1354 1546 1410 tenuit
1569 1371 1656 1409 eos
1677 1352 1939 1424 superbia,
1965 1353 2128 1424 operti

530 1452 650 1494 sunt
690 1443 962 1514 iniquitate
1000 1454 1050 1499 et
1087 1445 1349 1513 impietate
1388 1461 1507 1498 sua.
1550 1442 1680 1511 Qua:
1718 1442 1978 1514 iniquitas
2019 1457 2127 1497 non

532 1534 681 1588 venit
724 1552 792 1590 ex
833 1536 1178 1593 necessitate.
1226 1534 1367 1604 quod
1416 1534 1545 1590 dicit
1586 1552 1598 1588 :
1642 1534 1835 1604 prodiit
1874 1533 2028 1605 quasi
2063 1548 2129 1587 ea:

530 1624 686 1694 adipe
709 1627 958 1698 iniquitas
987 1642 1188 1681 eorum.
1220 1625 1385 1694 Quasi
1412 1626 1555 1681 dicat
1583 1643 1596 1679 :
1626 1624 2010 1681 luexcusabilis
2043 1632 2128 1679 est

531 1713 791 1787 iniquitas
825 1736 1033 1783 eorum,
1066 1719 1190 1789 quia
1234 1734 1339 1774 non
1388 1718 1763 1790 processit'ex
1806 1719 1997 1783 macie,
2032 1717 2125 1773 sed

529 1808 683 1874 quasi
720 1823 783 1863 ex
814 1810 990 1880 adipe.
1018 1810 1095 1865 Ex
1132 1810 1303 1864 macie
1336 1809 1577 1880 procedit
1606 1807 1881 1878 iniquitas,
1908 1806 2124 1878 quando

2226 612 2314 683 jus
2339 631 2439 687 ego
2468 631 2596 685 pars
2621 631 2738 671 sum
2767 636 2780 670 :
2810 618 2913 683 hic,
2950 619 3001 673 id
3037 628 3120 675 est
3147 620 3277 675 mihi
3313 623 3522 690 similis;
3550 630 3663 682 etin
3688 631 3753 685 illo

2234 723 2494 763 converso
2520 710 2629 763 dies
2648 708 2788 779 pleni
2813 712 3158 776 invenientur,
3189 713 3314 782 quia
3346 714 3395 769 in
3422 731 3589 772 eorum
3619 726 3754 778 coasi-

2233 800 2511 856 deratione
2547 815 2710 857 erunt
2756 812 2961 858 tantum
3006 804 3122 861 dies
3163 808 3496 875 :eternitatis,
3532 812 3611 881 qui
3646 815 3753 885 pit-ni

2231 902 2356 946 sunt
2390 892 2663 948 afﬂuentia
2697 895 2958 950 bonorum
2995 911 3010 952 :
3051 897 3389 955 invenientur
3415 902 3525 958 dies
3550 904 3689 974 pleni.
3717 912 3754 965 id

2230 990 2335 1047 est,
2360 983 2465 1037 vita
2486 982 2832 1053 plenitudinis
2858 993 3179 1057 temporum,
3197 989 3248 1044 iu
3270 990 3459 1060 quibus
3484 997 3757 1064 temporibus

2230 1074 2594 1143 praedicabant
2630 1077 2856 1148 apostoli
2903 1080 3217 1149 temporalia
3262 1096 3383 1138 esse
3425 1090 3757 1145 contemnenda

2230 1175 2285 1221 et
2335 1178 2539 1224 interna
2587 1170 3113 1243 exspectanda.Vel
3159 1173 3316 1230 aliter
3361 1192 3373 1229 :
3421 1173 3683 1234 Posuerttnt
3719 1183 3757 1235 in

2230 1255 2415 1311 caelum
2446 1274 2503 1313 os
2530 1275 2704 1324 suum,
2749 1270 2797 1314 et
2842 1259 3020 1331 lingua
3056 1275 3236 1317 earum
3279 1266 3513 1344 transivit
3552 1265 3599 1322 in
3634 1280 3755 1324 term.

2229 1348 2391 1418 Quasi
2444 1353 2589 1405 dicat
2636 1371 2648 1407 :
2695 1352 2823 1406 Ideo
2876 1364 3206 1409 conrertetnr
3247 1356 3466 1426 papulas
3513 1372 3640 1413 meus
3678 1362 3754 1415 lu'r.

2228 1441 2495 1510 Quorsum
2536 1446 2649 1501 haec
2678 1446 2971 1517 descriptio
3011 1447 3338 1517 pravorum?
3381 1457 3438 1504 ut
3468 1459 3758 1506 convertatur

2227 1536 2455 1607 populus
2493 1553 2646 1593 meus
2683 1537 2773 1593 hic
2816 1554 2845 1591 a
2892 1554 3060 1609 pravo
3091 1539 3363 1595 intellectu
3396 1556 3492 1597 suo
3520 1542 3581 1596 ad
3622 1558 3755 1598 meum

2227 1627 2556 1683 intellectum
2588 1626 2917 1694 habendum,
2951 1637 3009 1684 ut
3032 1637 3413 1686 contemnatur
3434 1631 3660 1687 videlicet
3685 1645 3756 1688 ter-

2225 1733 2355 1774 rena
2400 1717 2652 1774 felicitas.
2701 1717 2769 1774 Et
2811 1733 2949 1791 Opus
2995 1733 3079 1776 est
3126 1729 3186 1775 ut
3233 1731 3621 1786 convertantur,
3663 1725 3754 1794 quia

2224 1811 2497 1876 dixerunt,
2541 1810 2610 1865 ab
2639 1826 2705 1866 eo
2729 1812 2903 1867 aversi
2939 1827 2951 1866 :
2984 1811 3259 1878 Quomodo
3302 1815 3400 1868 scit
3430 1812 3563 1869 Deus
3597 1817 3753 1880 omnia,

528 1900 723 1971 aliquis
747 1920 953 1974 pauper
983 1920 1086 1960 non
1118 1902 1323 1958 habens
1364 1901 1689 1965 necessaria,
1721 1908 1993 1971 perpetrat
2020 1898 2197 1961 ini-'8
2226 1919 2349 1961 cum
2376 1902 2497 1958 mali
2528 1904 2761 1974 gaudent
2791 1912 3003 1959 terrena
3027 1902 3302 1968 felicitate,
3332 1913 3390 1960 et
3416 1905 3535 1960 boni
3559 1904 3753 1962 laborant

527 1992 827 2061 quitatem,
876 1992 1173 2049 auferendo
1216 1993 1469 2048 videlicet
1514 1992 1761 2062 proximo
1802 1992 1942 2047 bona
1987 2005 2116 2057 sua;

526 2099 650 2140 cum
681 2095 859 2142 ttunen
905 2096 1049 2142 esset
1086 2086 1362 2141 toleranda
1397 2086 1574 2155 potius
1598 2084 1775 2139 cuiuis
1801 2083 2119 2149 necessitas,

525 2194 688 2246 quam
717 2180 938 2233 mininta
971 2179 1329 2251 perpetranda
1359 2180 1634 2250 iniquitas.
1668 2176 1831 2246 Quasi
1868 2194 1932 2233 ex
1963 2177 2121 2249 adipe

524 2271 707 2340 prodit
752 2273 1030 2343 iniquitas,
1078 2274 1291 2344 quando
1332 2288 1360 2326 a
1405 2272 1681 2338 divitibus,
1713 2270 1909 2341 quibus
1950 2270 2122 2326 ﬂuunt

525 2378 710 2418 rerum
741 2365 960 2433 divitia),
991 2383 1077 2422 res
1105 2367 1386 2437 rapiuntur
1413 2367 1601 2420 aliena:
1627 2383 1640 2419 :
1670 2380 1739 2419 ex
1769 2365 1925 2434 adipe
1954 2366 2117 2418 etiam

524 2456 768 2523 procedit
814 2455 1092 2528 iniquitas,
1126 2458 1341 2528 quando
1382 2457 1701 2528 dedignatur
1729 2455 2117 2510 correctionem

522 2560 674 2600 suun
700 2548 907 2604 audire.
938 2549 1027 2605 Vel
1053 2549 1312 2619 iniquitas
1336 2565 1401 2604 ex
1433 2549 1587 2617 adipe
1616 2545 1877 2617 procedit,
1902 2545 2118 2616 quando

522 2638 751 2709 quisque
798 2642 887 2712 qui
935 2642 1069 2697 alios
1112 2641 1387 2713 corrigere
1433 2640 1672 2703 deberet,
1727 2639 1918 2694 timens
1969 2654 2037 2693 ne
2067 2637 2115 2693 ei

524 2735 837 2806 temporalia
887 2738 1294 2801 subtralmntur,
1342 2734 1598 2790 divitibus
1639 2733 1801 2788 etiam
1848 2733 1900 2786 in
1945 2731 2116 2787 male-

519 2823 678 2882 factis
706 2828 975 2900 adulatur.
1013 2827 1218 2883 Prodiit
1245 2828 1396 2900 quasi
1436 2843 1501 2882 ea:
1541 2825 1693 2897 adipe
1733 2825 1981 2897 iniquitas
2023 2840 2114 2879 eo—

521 2934 636 2971 rum
673 2932 692 2971 :
729 2930 783 2974 et
821 2921 1166 2986 transierunt,
1198 2921 1247 2974 id
1277 2929 1391 2985 est,
1422 2927 1774 2975 excesserunt
1812 2927 1982 2972 metas
2011 2916 2108 2971 hu-

522 3010 663 3065 inani
707 3012 941 3081 generis,
980 3012 1104 3082 quia
1150 3027 1207 3067 se
1251 3012 1472 3082 fragiles
1516 3028 1621 3065 non
1668 3010 2112 3080 recognoverunt,

500 3103 800 3169 _venieutcs
828 3104 881 3157 in
922 3105 1169 3175 u/j'ectum
1209 3104 1400 3171 contis,
1433 3104 1483 3158 id
1509 3112 1614 3167 est,
1655 3103 1706 3156 itt
1744 3116 1957 3156 omnem
1986 3099 2116 3154 alfe-

520 3204 665 3245 ctum
703 3193 935 3248 carnalis
970 3194 1344 3248 delectationis
1386 3194 1696 3248 tendebanh
1737 3191 1804 3245 Et
1845 3191 2113 3260 quomodo

2226 1995 2279 2051 in
2306 1994 2625 2052 afﬂictione?
2656 1993 2722 2050 Et
2751 1997 2798 2051 si
2823 2008 2897 2051 est
2936 1997 3152 2052 scientia
3188 1998 3241 2052 in
3280 1997 3499 2065 excelso,
3523 2012 3753 2069 possumus

2224 2088 2409 2144 dicere
2454 2088 2581 2161 quia
2624 2105 2731 2145 non
2779 2098 2936 2145 curat
2977 2090 3279 2159 gubernare
3328 2088 3444 2147 lucc
3486 2092 3677 2157 infima;
3717 2102 3753 2146 et

2222 2196 2338 2235 ecce
2373 2196 2564 2252 quare,
2594 2181 2718 2252 quia
2748 2182 2849 2252 ipsi
2894 2192 3212 2252 peccatores,
3261 2183 3374 2239 Deo
3419 2184 3645 2240 videlicet
3679 2202 3753 2239 non

2223 2271 2543 2338 servientes,
2573 2281 2700 2328 sunt
2727 2274 3050 2329 abundantes
3072 2276 3128 2330 in
3153 2275 3350 2332 swculo
3380 2290 3400 2329 :
3431 2281 3548 2348 quia
3571 2279 3755 2332 obtinue-

2223 2373 2365 2427 runt,
2398 2363 2450 2417 id
2481 2372 2567 2419 est
2594 2373 2782 2419 contra
2828 2379 2925 2420 nos
2955 2375 3243 2421 tenuerunt
3280 2368 3523 2435 divitias;
3556 2371 3751 2425 et'diri:

2224 2452 2363 2526 Ergo
2387 2456 2499 2510 sine
2520 2473 2679 2511 causa
2700 2457 2994 2528 justiﬁcavi
3016 2476 3106 2514 cor
3133 2477 3331 2528 meum,
3361 2438 3642 2519 confitendo
3664 2480 3752 2535 pecs

2221 2557 2373 2612 cata;
2422 2557 2468 2601 et
2511 2547 2612 2601 lavi
2655 2549 2790 2603 inter
2826 2553 3124 2607 innocentes
3168 2570 3357 2608 manus
3395 2557 3567 2610 meas?
3600 2555 3643 2609 id
3673 2565 3747 2614 est.

2221 2635 2421 2692 frustra
2456 2639 2541 2708 pie
2571 2646 2623 2693 et
2670 2639 2987 2696 innocenter
3017 2642 3158 2708 vixi,
3203 2642 3538 2715 adiungendo
3565 2646 3675 2701 alios
3695 2645 3750 2699 in-

2220 2730 2511 2784 nocentes?
2547 2740 2595 2784 et
2634 2729 2833 2786 frustra
2879 2732 2959 2801 [ui
2998 2732 3298 2803 ﬂagellatus
3342 2746 3451 2791 tota
3488 2739 3585 2802 die,
3609 2738 3649 2791 id
3672 2746 3746 2801 est,

2218 2823 2461 2889 assidue;
2506 2832 2553 2877 et
2594 2823 2866 2894 castigatio
2908 2842 3022 2880 mea
3054 2825 3155 2881 fuit
3188 2828 3242 2882 in
3285 2830 3573 2895 matutinis,
3609 2830 3744 2891 idest,

2218 2932 2324 2971 non
2370 2914 2752 2982 differebatur;
2802 2918 2896 2972 sed
2940 2903 3326 2989 comparabilis
3359 2921 3530 2979 factus
3571 2939 3669 2978 sum
3694 2921 3746 2975 illi

2219 3006 2370 3077 cujus
2410 3021 2568 3078 paena
2593 3018 2737 3064 esset
2767 3012 2820 3065 in
2853 3011 3076 3078 foribus,
3118 3023 3177 3068 ut
3220 3014 3603 3072 interficeretur
3625 3030 3745 3087 quant

2216 3102 2324 3157 cito
2370 3103 2437 3156 de
2482 3102 2642 3157 domo
2688 3105 3079 3173 egrederetur:
3119 3115 3174 3162 et
3219 3108 3326 3165 hoc
3376 3117 3536 3165 totum
3575 3109 3744 3172 frustra,

2217 3193 2339 3263 quia
2367 3193 2440 3246 illi
2468 3194 2558 3263 qui
2588 3194 2682 3248 tibi
2716 3208 2820 3250 non
2847 3197 3108 3262 serviunt,
3136 3213 3328 3255 eorum
3358 3200 3589 3257 differtur
3608 3215 3742 3272 poma,

517 3282 658 3338 hoc?
697 3282 1063 3356 Cogitarerunt
1105 3296 1152 3341 et
1193 3286 1352 3341 locuti
1394 3297 1515 3341 sunt
1554 3284 1869 3357 nequitiam,
1913 3284 1966 3339 id
2005 3292 2107 3351 est,
2137 3269 2184 3331 Ο
2218 3285 2299 3340 vel
2331 3285 2472 3339 nulla
2504 3295 2609 3340 est.
2659 3286 2763 3357 lpsi
2810 3298 3077 3345 ornantur
3115 3289 3324 3348 divitiis
3360 3311 3375 3348 :
3416 3294 3503 3365 qui
3547 3269 3627 3348 tibi
3663 3307 3747 3346 ser-

518 3376 667 3445 prius
708 3378 978 3447 nequitias
1019 3379 1159 3449 apud
1202 3395 1260 3434 se
1297 3378 1758 3443 deliberaveruut,
1789 3385 1844 3431 et
1885 3384 2004 3446 post
2034 3374 2110 3431 lo-

517 3471 623 3524 cuti
670 3483 819 3537 sunt,
870 3474 951 3528 sic
998 3474 1275 3528 venientes
1323 3473 1389 3527 de
1434 3481 1651 3542 peccato
1684 3472 1735 3525 in
1784 3479 2106 3541 peccaturo:

515 3562 643 3632 quia
686 3564 898 3635 culpam
952 3567 1218 3636 geminat,
1270 3565 1361 3638 qui
1407 3568 1763 3637 excogitatam
1814 3564 2108 3634 nequitiam

515 3654 792 3727 divulgat:
826 3667 881 3711 et
902 3657 1096 3727 duplex
1122 3669 1401 3729 peccatum
1425 3667 1526 3722 est,
1556 3659 1754 3712 malum
1779 3657 2104 3726 excogitare,

514 3763 569 3804 et
612 3752 716 3807 hoc
759 3754 911 3822 quasi
952 3754 1005 3808 in
1049 3753 1249 3808 bonunt
1301 3769 1621 3825 propagare.
1671 3752 2008 3823 Iniquitatem
2052 3751 2106 3804 in

512 3844 715 3900 excelso
754 3847 914 3902 locuti
938 3859 1078 3903 sunt.
1121 3848 1282 3915 Quasi
1314 3849 1457 3902 dicat
1488 3866 1500 3901 :
1534 3846 1720 3901 [λοι-ιιιί
1759 3855 1883 3902 sunt
1920 3844 2110 3914 nequi-

517 3937 667 4003 tiam,
696 3947 751 3993 et
778 3940 880 3993 hoc
923 3956 1027 3993 non
1059 3940 1420 4009 qualicunque
1462 3938 1637 4001 modo,
1670 3936 1762 3992 sed
1792 3938 1845 3990 in
1882 3934 2103 4001 excelso,

515 4027 569 4082 id
598 4037 682 4084 est
713 4029 764 4083 in
793 4029 1028 4098 publico,
1061 4030 1275 4102 gloriati
1303 4038 1431 4084 sunt
1460 4030 1524 4084 de
1554 4029 1792 4099 nequitia
1827 4043 1943 4090 sua,
1972 4036 2026 4082 et
2052 4028 2103 4080 in

513 4122 774 4176 cathedra
817 4123 1135 4193 pestilentiae
1168 4124 1541 4194 praesidentes,
1584 4122 1703 4175 aliis
1740 4121 1987 4191 nequitiae
2015 4120 2105 4175 de-

514 4211 709 4266 derunt
734 4214 1103 4269 auctoritates.
1135 4214 1284 4269 Unde
1313 4198 1510 4270 Paulus
1537 4231 1549 4267 :
1581 4213 1877 4269 Auferatur
1898 4212 2108 4268 clamor

512 4300 581 4356 de
610 4301 788 4358 taedio
812 4314 1048 4360 vestrum
1074 4306 1288 4377 (Ep/tes.
1323 4307 1415 4377 tv).
1439 4306 1500 4359 Et
1522 4306 1600 4360 sic
1624 4314 1909 4375 posuerunt
1931 4305 1985 4359 in
2007 4320 2107 4358 cae-

512 4391 621 4447 lum
661 4412 719 4450 os
758 4414 937 4463 suum,
966 4396 1018 4451 id
1045 4406 1148 4462 est,
1177 4406 1362 4452 contra
1396 4396 1561 4450 Deum
1591 4395 1728 4450 male
1754 4394 1915 4449 locuti
1957 4401 2100 4460 sunt,

512 4484 567 4539 in
595 4486 739 4541 illum
764 4488 1030 4553 videlicet,
1057 4504 1215 4559 quem
1247 4488 1390 4543 nulla
1422 4487 1598 4559 lingua
1625 4485 1821 4542 suilicit
1849 4486 2098 4554 laudare;

513 4593 619 4633 non
653 4579 947 4635 timuerunt
976 4581 1339 4652 blasphemias
1359 4580 1587 4650 jactare.
1617 4579 1685 4634 Et
1712 4580 1891 4650 lingua
1921 4597 2101 4635 eorum

2211 3375 2383 3442 viuut,
2428 3368 2748 3447 premuntur
2777 3380 3008 3437 miseriis
3042 3389 3097 3435 et
3135 3384 3421 3455 angustiis.
3470 3384 3583 3440 llaec
3607 3383 3744 3440 omnia

2211 3476 2496 3540 postquam
2527 3471 2868 3527 consideravi
2888 3514 2902 3539 ,
2946 3489 3240 3532 conversus
3271 3478 3340 3534 ad
3372 3480 3615 3549 meipsuut
3643 3478 3745 3530 dice-

2211 3558 2371 3612 bam:
2403 3561 2463 3615 Si
2488 3561 2715 3616 narrabo
2739 3565 2836 3630 sic,
2866 3579 2954 3619 tne
2977 3566 3226 3622 videlicet
3260 3569 3385 3625 sine
3419 3570 3568 3625 causa
3599 3567 3742 3635 ἱιιειξῦο

2208 3656 2417 3714 catum,
2469 3649 2671 3706 frustra
2717 3653 2805 3723 pie
2856 3663 2911 3709 et
2958 3655 3275 3713 innocenter
3328 3659 3541 3723 vixisse,
3590 3656 3739 3711 frustra

2208 3741 2530 3811 castigatum
2566 3751 2622 3798 et
2652 3743 3003 3815 flagellatum,
3047 3747 3171 3817 quia
3203 3763 3369 3805 careo
3416 3749 3561 3806 bonis
3588 3756 3738 3816 tenipo-

2209 3831 2448 3899 ralibus,
2500 3835 2698 3905 quibus
2750 3836 3027 3894 abundant
3078 3840 3347 3896 bonorum
3410 3849 3732 3913 ρει-διιεειιοιιις.

2207 3922 2344 3978 Ecce
2370 3927 2652 3991 nationem,
2681 3928 2734 3984 id
2760 3940 2865 3995 est,
2894 3932 3292 3998 auctoritatem,
3317 3933 3735 4004 ﬁliorumluorttnt,

2205 4014 2477 4071 Abraham
2512 4019 2758 4075 videlicet
2801 4031 2857 4076 et
2883 4022 3053 4089 Isaae,
3097 4026 3392 4096 reprobaoi,
3436 4026 3486 4081 id
3525 4032 3613 4085 est,
3645 4037 3739 4076 εοε-

2207 4109 2434 4178 tctnpsi,
2492 4111 2616 4180 quia
2666 4111 2841 4168 nullus
2896 4113 3105 4169 illorum
3160 4131 3374 4172 mecum
3426 4115 3662 4173 consentit
3699 4111 3739 4162 itt

2205 4201 2328 4269 hoc,
2361 4213 2418 4257 ut
2462 4206 2787 4274 contemptis
2826 4207 3076 4273 aeternis,
3115 4206 3498 4278 possideantur
3531 4217 3694 4262 mlerna
3726 4218 3735 4253 :

2206 4308 2305 4348 nec
2356 4293 2730 4365 llagellanduut
2779 4311 2901 4351 esse
2946 4312 3043 4367 pro
3088 4276 3506 4369 tetupoi‘alibns,
3549 4295 3629 4352 sed
3666 4305 3738 4363 ι)ιό

2204 4386 2451 4451 internis;
2505 4396 2561 4442 et
2615 4387 2695 4443 sic
2742 4390 2992 4445 omnibus
3040 4388 3201 4457 visis,
3254 4391 3601 4446 existimabam
3639 4382 3738 4441 utile

2205 4479 2353 4544 mihi,
2398 4479 2654 4537 subaudis
2696 4480 2831 4547 fore,
2875 4493 2931 4537 ut
2970 4499 3331 4555 cognoscerem
3374 4486 3515 4550 illud,
3557 4481 3738 4555 qualiter

2205 4572 2347 4627 Deus
2385 4573 2620 4627 humana
2666 4572 2937 4642 disponat,
2980 4584 3034 4629 et
3081 4588 3139 4630 se
3181 4576 3485 4631 colentibus
3520 4586 3734 4643 tempora-

513 4672 752 4737 transiuit
793 4673 848 4727 in
871 4684 1032 4739 terra,
1058 4675 1111 4730 id
1137 4684 1238 4740 est,
1266 4676 1557 4729 lunnauam
1598 4674 2004 4745 possibilitatem
2047 4687 2101 4731 et

2214 4666 2273 4720 lia
2323 4666 2638 4732 subtrahat,
2693 4673 2747 4721 et
2797 4681 2903 4720 non
2959 4682 3017 4722 se
3066 4666 3370 4723 colentibus
3421 4668 3605 4723 habere
3648 4675 3735 4732 per.

511 4770 689 4817 metas
721 4762 938 4818 humani
967 4766 1197 4835 generis,
1229 4765 1352 4822 licet
1384 4767 1435 4820 in
1465 4776 1606 4821 terra
1637 4775 1781 4821 esset
1820 4767 2013 4837 posita,
2047 4766 2098 4822 id

510 4861 616 4920 est,
642 4853 694 4908 in
725 4854 898 4927 fragili
929 4872 1053 4912 vase
1081 4867 1131 4912 et
1159 4859 1266 4913 cito
1295 4857 1556 4913 mutabili.
1581 4857 1716 4934 Nota
1743 4858 1975 4932 qualiter
2001 4859 2102 4913 lin-

512 4959 612 5014 gua
656 4961 844 5027 eorum
893 4949 1156 5004 transivit.
1205 4948 1320 5004 Non
1356 4951 1597 5019 cogitant
1638 4950 1780 5005 enim
1823 4965 1881 5006 se
1923 4951 2103 5007 subito

510 5055 669 5109 posse
697 5042 860 5115 mori,
887 5058 1009 5097 cum
1038 5044 1163 5098 talia
1204 5043 1536 5113 loquuntur:
1566 5045 1658 5099 sed
1700 5044 1853 5113 quasi
1888 5060 2102 5116 semper

510 5132 730 5198 victuri,
757 5120 979 5204 grandia
1008 5135 1304 5190 minantur.
1339 5133 1399 5188 lli
1429 5134 1562 5190 tales
1586 5149 1744 5204 quam
1771 5133 1946 5206 fragili
1973 5149 2098 5189 vase

466 5288 474 5301 ν
509 5225 748 5294 cooperti
793 5236 939 5292 sunt,
985 5225 1233 5282 nesciunt
1273 5218 1421 5296 quod
1459 5223 1719 5294 scriptum
1763 5233 1848 5281 est
1886 5241 1899 5278 :
1944 5223 2101 5280 Exiet

509 5317 723 5386 spiritus
748 5304 795 5371 et
820 5328 1100 5373 revertetur
1123 5318 1175 5371 in
1206 5326 1400 5371 terram
1421 5333 1571 5371 suam
1601 5313 1773 5389 (Psal.
1797 5315 1974 5388 CXLV).
2001 5314 2098 5372 Vel

510 5410 590 5464 sic
616 5428 629 5464 :
661 5409 865 5482 Lingua
894 5426 1075 5465 eorum
1106 5411 1344 5465 transivit
1368 5425 1557 5465 omnes
1587 5410 1639 5463 in
1667 5420 1830 5476 terra,
1861 5409 1911 5463 id
1938 5419 2018 5464 est
2045 5409 2096 5464 in

508 5503 806 5559 Stabilitate
853 5504 1092 5573 positos,
1142 5502 1539 5559 contemnendo
1580 5518 1674 5558 eos
1720 5503 1773 5557 in
1817 5500 2099 5558 alfectione

509 5595 691 5651 cordis
716 5597 823 5663 sui,
854 5598 979 5652 dum
1007 5597 1111 5653 sibi
1143 5597 1281 5653 bona
1309 5596 1626 5668 temporalia
1651 5595 2096 5663 attribuerentur,

508 5694 568 5743 et
611 5686 731 5742 aliis
772 5687 1134 5745 auferrentur.
1182 5687 1310 5743 Ideo
1341 5698 1663 5743 conrertetur
1701 5685 1924 5758 populus
1956 5703 2098 5743 meus

508 5776 615 5832 hic.
657 5778 820 5846 Quasi
857 5780 1041 5835 dicat:
1074 5780 1339 5847 Quoniam
1384 5781 1458 5835 illi
1497 5796 1565 5836 ex
1608 5789 1848 5850 tempore
1883 5777 2096 5845 florent,

513 5872 950 5960 ut‘posttuodum
990 5873 1317 5932 :eternaliter
1342 5882 1589 5945 pereant,
1631 5871 1749 5932 ideo
1778 5882 2100 5930 conrertetur

2204 4758 2405 4822 mittit,
2458 4766 2514 4813 et
2566 4758 2664 4812 lto'c
2717 4758 2974 4813 subaudis
3033 4774 3361 4832 cognoscere
3415 4769 3468 4815 et
3516 4754 3735 4826 inquirere

2201 4861 2275 4905 est
2304 4850 2454 4905 labor
2482 4862 2601 4905 ante
2636 4867 2739 4915 me,
2780 4852 2833 4907 id
2862 4860 2966 4918 est,
3000 4854 3172 4922 major
3213 4869 3330 4917 me;
3370 4860 3425 4907 ιιι
3465 4849 3581 4905 illud
3621 4841 3732 4910 τοιιὶ

2201 4949 2314 5010 post
2340 4956 2418 4994 me
2450 4941 2607 5006 venit,
2629 4952 2750 4995 ante
2790 4957 2869 4996 me
2896 4941 3068 5012 [actus
3093 4954 3165 4996 est
3194 4941 3375 5014 (Joan.
3406 4942 3465 5011 ι).
3511 4938 3658 4992 Labor
3677 4940 3732 4986 est

2203 5031 2349 5097 dico,
2400 5041 2520 5084 ante
2558 5047 2661 5096 me,
2702 5032 2865 5086 donec
2907 5033 3094 5086 intrent
3119 5074 3134 5098 ,
3185 5033 3435 5088 videlicet
3477 5028 3732 5085 considera-

2199 5124 2363 5191 tione,
2392 5125 2447 5179 in
2470 5126 2831 5179 sanctuarium
2863 5124 2979 5189 Dei,
3003 5125 3053 5180 in
3076 5125 3342 5181 occultam
3383 5121 3729 5195 dispositionem

2198 5215 2513 5283 Domini;et
2558 5216 2847 5288 intelligam
2892 5219 2945 5272 in
2992 5218 3285 5273 novissimis
3335 5234 3528 5278 eorum,
3567 5213 3611 5267 id
3652 5216 3727 5267 est.

2198 5311 2536 5366 considerem
2567 5310 2862 5365 novissima
2898 5326 3112 5379 eorum,
3165 5312 3256 5383 qui
3303 5311 3393 5366 hic
3426 5305 3632 5364 terrenis
3670 5300 3728 5353 iu-

2199 5402 2374 5465 hiant,
2405 5400 2535 5457 etin
2565 5416 2661 5472 spe
2705 5402 3009 5458 emlestium
3054 5418 3162 5458 non
3209 5403 3474 5457 laborant.
3511 5396 3668 5451 Potest
3686 5394 3727 5440 ει

2200 5493 2280 5549 sic
2341 5492 2596 5565 distingui
2652 5508 2665 5546 :
2708 5492 3092 5548 Existimabam
3140 5502 3194 5548 ut
3244 5503 3587 5563 cognoscerent
3617 5483 3724 5535 Ιιθεο

2199 5588 2435 5660 qualiter
2483 5587 2734 5643 videlicet
2764 5586 2888 5643 nl..li
2922 5588 2974 5643 in
3014 5587 3115 5643 hac
3166 5588 3273 5642 vita
3315 5587 3501 5640 florere
3548 5574 3725 5650 permit-

2200 5690 2418 5747 tttntur;
2450 5681 2545 5736 sed
2577 5680 2729 5734 labor
2760 5691 2833 5734 est
2857 5689 2978 5734 ante
3017 5696 3117 5745 me,
3166 5680 3326 5733 donec
3358 5678 3535 5731 intrent
3560 5670 3606 5725 in
3627 5678 3703 5720 san

2198 5774 2458 5829 ctuarium
2518 5773 2646 5839 Dei,
2682 5782 2729 5827 et
2767 5776 2823 5827 in
2848 5773 3058 5844 alligant
3107 5774 3162 5829 in
3215 5770 3497 5829 novissimis
3542 5771 3720 5818 rerum:

2200 5870 2415 5940 quando
2447 5868 2546 5941 ipsi
2577 5866 2837 5939 puniendi
2863 5876 3007 5925 sunt.
3047 5863 3405 5924 Verumtamen
3440 5864 3625 5934 propter
3648 5847 3721 5902 άθ·
