  <div class='ocr_page' id='page_1' title='image "/cluster/home/n/w/nwhite01/storage/ocr_20150623/131/hvd.32044015471725/267.png"; bbox 0 0 3918 6412; ppageno 0'>
   <div class='ocr_carea' id='block_1_1' title="bbox 546 297 652 354">
    <p class='ocr_par' dir='ltr' id='par_1_1' title="bbox 546 297 652 354">
     <span class='ocr_line' id='line_1_1' title="bbox 546 297 652 354; baseline 0 -1"><span class='ocrx_word' id='word_1_1' title='bbox 546 297 652 354; x_wconf 66' lang='lat'><strong>523</strong></span> 
     </span>
    </p>
   </div>
   <div class='ocr_carea' id='block_1_2' title="bbox 1173 286 3747 369">
    <p class='ocr_par' dir='ltr' id='par_1_2' title="bbox 1173 286 3747 369">
     <span class='ocr_line' id='line_1_2' title="bbox 1173 286 3747 369; baseline 0.001 -12"><span class='ocrx_word' id='word_1_2' title='bbox 1173 300 1429 360; x_wconf 67' lang='lat' dir='ltr'><strong>DEMIGII</strong></span> <span class='ocrx_word' id='word_1_3' title='bbox 1471 300 2126 362; x_wconf 76' lang='lat' dir='ltr'><strong>ANTISSIODORENSIS</strong></span> <span class='ocrx_word' id='word_1_4' title='bbox 2165 301 2312 361; x_wconf 80' lang='lat' dir='ltr'><strong>OPP.</strong></span> <span class='ocrx_word' id='word_1_5' title='bbox 2355 304 2554 363; x_wconf 75' lang='lat' dir='ltr'><strong>PARS.</strong></span> <span class='ocrx_word' id='word_1_6' title='bbox 2596 304 2636 360; x_wconf 86' lang='grc' dir='ltr'><strong>Ι.</strong></span> <span class='ocrx_word' id='word_1_7' title='bbox 2680 333 2748 347; x_wconf 84' lang='grc'><strong>--</strong></span> <span class='ocrx_word' id='word_1_8' title='bbox 2779 286 3189 362; x_wconf 76' lang='lat' dir='ltr'><strong>EXEGETICA.</strong></span> <span class='ocrx_word' id='word_1_9' title='bbox 3664 310 3747 369; x_wconf 67' lang='lat'><strong>59,1</strong></span> 
     </span>
    </p>
   </div>
   <div class='ocr_carea' id='block_1_3' title="bbox 547 408 3749 486">
    <p class='ocr_par' dir='ltr' id='par_1_3' title="bbox 547 408 3749 486">
     <span class='ocr_line' id='line_1_3' title="bbox 547 408 3749 486; baseline 0.003 -23"><span class='ocrx_word' id='word_1_10' title='bbox 547 423 737 477; x_wconf 67' lang='lat' dir='ltr'><strong>pauere</strong></span> <span class='ocrx_word' id='word_1_11' title='bbox 774 410 831 467; x_wconf 85' lang='lat' dir='ltr'><strong>in</strong></span> <span class='ocrx_word' id='word_1_12' title='bbox 881 408 1101 465; x_wconf 85' lang='lat' dir='ltr'><strong>Domino</strong></span> <span class='ocrx_word' id='word_1_13' title='bbox 1132 411 1239 468; x_wconf 85' lang='lat' dir='ltr'><strong>Deo</strong></span> <span class='ocrx_word' id='word_1_14' title='bbox 1281 431 1421 484; x_wconf 77' lang='lat' dir='ltr'><strong>spem</strong></span> <span class='ocrx_word' id='word_1_15' title='bbox 1469 428 1655 476; x_wconf 81' lang='lat' dir='ltr'><strong>meum,</strong></span> <span class='ocrx_word' id='word_1_16' title='bbox 1691 410 1743 466; x_wconf 88' lang='lat' dir='ltr'><strong>id</strong></span> <span class='ocrx_word' id='word_1_17' title='bbox 1768 419 1868 478; x_wconf 90' lang='lat' dir='ltr'><strong>est,</strong></span> <span class='ocrx_word' id='word_1_18' title='bbox 1901 412 1980 467; x_wconf 86' lang='lat' dir='ltr'><strong>sic</strong></span> <span class='ocrx_word' id='word_1_19' title='bbox 2008 412 2128 467; x_wconf 91' lang='lat' dir='ltr'><strong>volo</strong></span> <span class='ocrx_word' id='word_1_20' title='bbox 2154 414 2205 475; x_wconf 79' lang='grc' dir='ltr'><strong>Α</strong></span> <span class='ocrx_word' id='word_1_21' title='bbox 2237 435 2254 468; x_wconf 70' lang='grc' dir='ltr'>ι</span> <span class='ocrx_word' id='word_1_22' title='bbox 2299 417 2468 473; x_wconf 91' lang='lat' dir='ltr'><strong>scaris</strong></span> <span class='ocrx_word' id='word_1_23' title='bbox 2516 417 2569 471; x_wconf 90' lang='lat' dir='ltr'><strong>in</strong></span> <span class='ocrx_word' id='word_1_24' title='bbox 2616 415 2796 471; x_wconf 88' lang='lat' dir='ltr'><strong>ﬁnem.</strong></span> <span class='ocrx_word' id='word_1_25' title='bbox 2835 415 3063 486; x_wconf 82' lang='lat' dir='ltr'><strong>Respice</strong></span> <span class='ocrx_word' id='word_1_26' title='bbox 3111 416 3164 470; x_wconf 91' lang='lat' dir='ltr'><strong>in</strong></span> <span class='ocrx_word' id='word_1_27' title='bbox 3202 424 3569 472; x_wconf 85' lang='lat' dir='ltr'><strong>testamentum</strong></span> <span class='ocrx_word' id='word_1_28' title='bbox 3611 428 3749 483; x_wconf 85' lang='lat' dir='ltr'><strong>tuum,</strong></span> 
     </span>
    </p>
   </div>
   <div class='ocr_carea' id='block_1_4' title="bbox 551 496 2125 574">
    <p class='ocr_par' dir='ltr' id='par_1_4' title="bbox 551 496 2125 574">
     <span class='ocr_line' id='line_1_4' title="bbox 551 496 2125 574; baseline 0.004 -24"><span class='ocrx_word' id='word_1_29' title='bbox 551 498 829 554; x_wconf 66' lang='lat' dir='ltr'><strong>adhaerere</strong></span> <span class='ocrx_word' id='word_1_30' title='bbox 873 508 932 553; x_wconf 92' lang='lat' dir='ltr'><strong>ut</strong></span> <span class='ocrx_word' id='word_1_31' title='bbox 977 496 1030 555; x_wconf 93' lang='lat' dir='ltr'><strong>in</strong></span> <span class='ocrx_word' id='word_1_32' title='bbox 1061 502 1151 558; x_wconf 93' lang='lat' dir='ltr'><strong>illo</strong></span> <span class='ocrx_word' id='word_1_33' title='bbox 1199 513 1403 557; x_wconf 87' lang='lat' dir='ltr'><strong>tantum</strong></span> <span class='ocrx_word' id='word_1_34' title='bbox 1430 498 1579 574; x_wconf 75' lang='lat' dir='ltr'><strong>spem</strong></span> <span class='ocrx_word' id='word_1_35' title='bbox 1625 517 1795 557; x_wconf 87' lang='lat' dir='ltr'><strong>meam</strong></span> <span class='ocrx_word' id='word_1_36' title='bbox 1827 518 2045 572; x_wconf 88' lang='lat' dir='ltr'><strong>ponam,</strong></span> <span class='ocrx_word' id='word_1_37' title='bbox 2073 503 2125 557; x_wconf 92' lang='lat' dir='ltr'><strong>in</strong></span> 
     </span>
    </p>
   </div>
   <div class='ocr_carea' id='block_1_5' title="bbox 552 591 2126 661">
    <p class='ocr_par' dir='ltr' id='par_1_5' title="bbox 552 591 2126 661">
     <span class='ocr_line' id='line_1_5' title="bbox 552 591 2126 661; baseline 0.006 -23"><span class='ocrx_word' id='word_1_38' title='bbox 552 600 656 657; x_wconf 89' lang='lat' dir='ltr'><strong>qua</strong></span> <span class='ocrx_word' id='word_1_39' title='bbox 687 603 780 658; x_wconf 88' lang='lat' dir='ltr'><strong>spe</strong></span> <span class='ocrx_word' id='word_1_40' title='bbox 823 597 877 645; x_wconf 89' lang='lat' dir='ltr'><strong>et</strong></span> <span class='ocrx_word' id='word_1_41' title='bbox 919 591 971 644; x_wconf 92' lang='lat' dir='ltr'><strong>in</strong></span> <span class='ocrx_word' id='word_1_42' title='bbox 1004 607 1108 661; x_wconf 90' lang='lat' dir='ltr'><strong>quo</strong></span> <span class='ocrx_word' id='word_1_43' title='bbox 1136 607 1319 647; x_wconf 89' lang='lat' dir='ltr'><strong>amore</strong></span> <span class='ocrx_word' id='word_1_44' title='bbox 1362 592 1482 647; x_wconf 84' lang='lat' dir='ltr'><strong>nolo</strong></span> <span class='ocrx_word' id='word_1_45' title='bbox 1526 592 1671 647; x_wconf 90' lang='lat' dir='ltr'><strong>solus</strong></span> <span class='ocrx_word' id='word_1_46' title='bbox 1709 607 1850 658; x_wconf 87' lang='lat' dir='ltr'><strong>esse,</strong></span> <span class='ocrx_word' id='word_1_47' title='bbox 1879 594 2025 649; x_wconf 87' lang='lat' dir='ltr'><strong>velut</strong></span> <span class='ocrx_word' id='word_1_48' title='bbox 2052 594 2126 648; x_wconf 88' lang='lat' dir='ltr'><strong>illi</strong></span> 
     </span>
    </p>
   </div>
   <div class='ocr_carea' id='block_1_6' title="bbox 552 679 2128 753">
    <p class='ocr_par' dir='ltr' id='par_1_6' title="bbox 552 679 2128 753">
     <span class='ocr_line' id='line_1_6' title="bbox 552 679 2128 753; baseline 0.006 -22"><span class='ocrx_word' id='word_1_49' title='bbox 552 679 645 748; x_wconf 80' lang='lat' dir='ltr'><strong>qui</strong></span> <span class='ocrx_word' id='word_1_50' title='bbox 689 680 944 735; x_wconf 73' lang='lat' dir='ltr'><strong>mundum</strong></span> <span class='ocrx_word' id='word_1_51' title='bbox 980 692 1202 753; x_wconf 81' lang='lat' dir='ltr'><strong>amant,</strong></span> <span class='ocrx_word' id='word_1_52' title='bbox 1250 685 1301 738; x_wconf 93' lang='lat' dir='ltr'><strong>in</strong></span> <span class='ocrx_word' id='word_1_53' title='bbox 1342 684 1550 739; x_wconf 90' lang='lat' dir='ltr'><strong>incesto</strong></span> <span class='ocrx_word' id='word_1_54' title='bbox 1579 699 1765 740; x_wconf 88' lang='lat' dir='ltr'><strong>amore</strong></span> <span class='ocrx_word' id='word_1_55' title='bbox 1804 700 1902 741; x_wconf 90' lang='lat' dir='ltr'><strong>suo</strong></span> <span class='ocrx_word' id='word_1_56' title='bbox 1940 685 2128 741; x_wconf 89' lang='lat' dir='ltr'><strong>nolunt</strong></span> 
     </span>
    </p>
   </div>
   <div class='ocr_carea' id='block_1_7' title="bbox 552 764 2137 856">
    <p class='ocr_par' dir='ltr' id='par_1_7' title="bbox 552 764 2137 856">
     <span class='ocr_line' id='line_1_7' title="bbox 552 764 2137 856; baseline 0.008 -36"><span class='ocrx_word' id='word_1_57' title='bbox 552 764 980 834; x_wconf 10' lang='lat' dir='ltr'><strong>haberegsocios.</strong></span> <span class='ocrx_word' id='word_1_58' title='bbox 1022 772 1148 827; x_wconf 81' lang='lat' dir='ltr'><strong>Mihi</strong></span> <span class='ocrx_word' id='word_1_59' title='bbox 1193 782 1370 829; x_wconf 88' lang='lat' dir='ltr'><strong>autem</strong></span> <span class='ocrx_word' id='word_1_60' title='bbox 1421 775 1501 830; x_wconf 92' lang='lat' dir='ltr'><strong>sic</strong></span> <span class='ocrx_word' id='word_1_61' title='bbox 1547 774 1863 831; x_wconf 84' lang='lat' dir='ltr'><strong>delectabile</strong></span> <span class='ocrx_word' id='word_1_62' title='bbox 1908 785 1993 832; x_wconf 92' lang='lat' dir='ltr'><strong>est</strong></span> <span class='ocrx_word' id='word_1_63' title='bbox 2034 764 2137 856; x_wconf 88' lang='lat' dir='ltr'><strong>tibi</strong></span> 
     </span>
    </p>
   </div>
   <div class='ocr_carea' id='block_1_8' title="bbox 553 857 2129 939">
    <p class='ocr_par' dir='ltr' id='par_1_8' title="bbox 553 857 2129 939">
     <span class='ocr_line' id='line_1_8' title="bbox 553 857 2129 939; baseline 0.006 -27"><span class='ocrx_word' id='word_1_64' title='bbox 553 857 673 919; x_wconf 76' lang='lat' dir='ltr'><strong>Deo.</strong></span> <span class='ocrx_word' id='word_1_65' title='bbox 709 860 1016 939; x_wconf 63' lang='lat' dir='ltr'><strong>adhaerere,</strong></span> <span class='ocrx_word' id='word_1_66' title='bbox 1062 874 1118 918; x_wconf 87' lang='lat' dir='ltr'><strong>ut</strong></span> <span class='ocrx_word' id='word_1_67' title='bbox 1163 866 1467 921; x_wconf 87' lang='lat' dir='ltr'><strong>annuntiem</strong></span> <span class='ocrx_word' id='word_1_68' title='bbox 1512 882 1691 921; x_wconf 79' lang='lat' dir='ltr'><strong>omnes</strong></span> <span class='ocrx_word' id='word_1_69' title='bbox 1736 867 2129 937; x_wconf 64' lang='lat' dir='ltr'><strong>praedicationes</strong></span> 
     </span>
    </p>
   </div>
   <div class='ocr_carea' id='block_1_9' title="bbox 546 952 2130 1029">
    <p class='ocr_par' dir='ltr' id='par_1_9' title="bbox 546 952 2130 1029">
     <span class='ocr_line' id='line_1_9' title="bbox 546 952 2130 1029; baseline 0.007 -27"><span class='ocrx_word' id='word_1_70' title='bbox 546 959 701 1014; x_wconf 78' lang='lat' dir='ltr'><strong>tuas,</strong></span> <span class='ocrx_word' id='word_1_71' title='bbox 737 959 796 1005; x_wconf 81' lang='lat' dir='ltr'><strong>u&#39;t</strong></span> <span class='ocrx_word' id='word_1_72' title='bbox 842 952 921 1008; x_wconf 88' lang='lat' dir='ltr'><strong>sic</strong></span> <span class='ocrx_word' id='word_1_73' title='bbox 956 956 1325 1027; x_wconf 87' lang='lat' dir='ltr'><strong>annuntiando</strong></span> <span class='ocrx_word' id='word_1_74' title='bbox 1354 957 1485 1012; x_wconf 90' lang='lat' dir='ltr'><strong>mihi</strong></span> <span class='ocrx_word' id='word_1_75' title='bbox 1532 956 1819 1029; x_wconf 74' lang='lat' dir='ltr'><strong>adiungam</strong></span> <span class='ocrx_word' id='word_1_76' title='bbox 1864 957 2041 1013; x_wconf 89' lang='lat' dir='ltr'><strong>socios</strong></span> <span class='ocrx_word' id='word_1_77' title='bbox 2075 960 2130 1013; x_wconf 87' lang='lat' dir='ltr'><strong>in</strong></span> 
     </span>
    </p>
   </div>
   <div class='ocr_carea' id='block_1_10' title="bbox 553 1042 2130 1117">
    <p class='ocr_par' dir='ltr' id='par_1_10' title="bbox 553 1042 2130 1117">
     <span class='ocr_line' id='line_1_10' title="bbox 553 1042 2130 1117; baseline 0.008 -25"><span class='ocrx_word' id='word_1_78' title='bbox 553 1042 973 1098; x_wconf 81' lang='lat' dir='ltr'><strong>amore&#39;tuo.Et</strong></span> <span class='ocrx_word' id='word_1_79' title='bbox 1012 1044 1208 1114; x_wconf 86' lang='lat' dir='ltr'><strong>quibus</strong></span> <span class='ocrx_word' id='word_1_80' title='bbox 1241 1046 1607 1117; x_wconf 81' lang='lat' dir='ltr'><strong>annuntiabo?</strong></span> <span class='ocrx_word' id='word_1_81' title='bbox 1634 1047 1785 1112; x_wconf 84' lang='lat' dir='ltr'><strong>Sion,</strong></span> <span class='ocrx_word' id='word_1_82' title='bbox 1821 1047 1872 1101; x_wconf 87' lang='lat' dir='ltr'><strong>id</strong></span> <span class='ocrx_word' id='word_1_83' title='bbox 1900 1056 1984 1103; x_wconf 92' lang='lat' dir='ltr'><strong>est</strong></span> <span class='ocrx_word' id='word_1_84' title='bbox 2024 1047 2130 1104; x_wconf 84' lang='lat' dir='ltr'><strong>illis</strong></span> 
     </span>
    </p>
   </div>
   <div class='ocr_carea' id='block_1_11' title="bbox 554 1134 2133 1209">
    <p class='ocr_par' dir='ltr' id='par_1_11' title="bbox 554 1134 2133 1209">
     <span class='ocr_line' id='line_1_11' title="bbox 554 1134 2133 1209; baseline 0.005 -22"><span class='ocrx_word' id='word_1_85' title='bbox 554 1134 646 1203; x_wconf 85' lang='lat' dir='ltr'><strong>qui</strong></span> <span class='ocrx_word' id='word_1_86' title='bbox 695 1143 823 1189; x_wconf 90' lang='lat' dir='ltr'><strong>sunt</strong></span> <span class='ocrx_word' id='word_1_87' title='bbox 869 1136 943 1191; x_wconf 85' lang='lat' dir='ltr'><strong>in.</strong></span> <span class='ocrx_word' id='word_1_88' title='bbox 975 1137 1428 1208; x_wconf 84' lang='lat' dir='ltr'><strong>contemplatione</strong></span> <span class='ocrx_word' id='word_1_89' title='bbox 1474 1138 1816 1207; x_wconf 80' lang='lat' dir='ltr'><strong>futurorum;</strong></span> <span class='ocrx_word' id='word_1_90' title='bbox 1860 1140 1953 1209; x_wconf 81' lang='lat' dir='ltr'><strong>qui</strong></span> <span class='ocrx_word' id='word_1_91' title='bbox 2007 1146 2133 1197; x_wconf 88' lang='lat' dir='ltr'><strong>sunt</strong></span> 
     </span>
    </p>
   </div>
   <div class='ocr_carea' id='block_1_12' title="bbox 551 1218 2129 1302">
    <p class='ocr_par' dir='ltr' id='par_1_12' title="bbox 551 1218 2129 1302">
     <span class='ocr_line' id='line_1_12' title="bbox 551 1218 2129 1302; baseline 0.005 -26"><span class='ocrx_word' id='word_1_92' title='bbox 551 1223 712 1278; x_wconf 77' lang='lat' dir='ltr'><strong>etiam</strong></span> <span class='ocrx_word' id='word_1_93' title='bbox 742 1223 870 1292; x_wconf 88' lang='lat' dir='ltr'><strong>ﬁlia,</strong></span> <span class='ocrx_word' id='word_1_94' title='bbox 903 1218 1158 1297; x_wconf 87' lang='lat' dir='ltr'><strong>quoniam</strong></span> <span class='ocrx_word' id='word_1_95' title='bbox 1198 1228 1278 1283; x_wconf 89' lang='lat' dir='ltr'><strong>eis</strong></span> <span class='ocrx_word' id='word_1_96' title='bbox 1324 1236 1477 1284; x_wconf 88' lang='lat' dir='ltr'><strong>tanta</strong></span> <span class='ocrx_word' id='word_1_97' title='bbox 1526 1229 1799 1302; x_wconf 83' lang='lat' dir='ltr'><strong>diligentia</strong></span> <span class='ocrx_word' id='word_1_98' title='bbox 1841 1239 1925 1286; x_wconf 92' lang='lat' dir='ltr'><strong>est</strong></span> <span class='ocrx_word' id='word_1_99' title='bbox 1973 1229 2129 1286; x_wconf 87' lang='lat' dir='ltr'><strong>adhi-</strong></span> 
     </span>
    </p>
   </div>
   <div class='ocr_carea' id='block_1_13' title="bbox 551 1305 2132 1393">
    <p class='ocr_par' dir='ltr' id='par_1_13' title="bbox 551 1305 2132 1393">
     <span class='ocr_line' id='line_1_13' title="bbox 551 1305 2132 1393; baseline 0.004 -23"><span class='ocrx_word' id='word_1_100' title='bbox 551 1305 725 1372; x_wconf 77' lang='lat' dir='ltr'><strong>benda</strong></span> <span class='ocrx_word' id='word_1_101' title='bbox 755 1326 814 1373; x_wconf 92' lang='lat' dir='ltr'><strong>ut</strong></span> <span class='ocrx_word' id='word_1_102' title='bbox 857 1319 909 1373; x_wconf 90' lang='lat' dir='ltr'><strong>in</strong></span> <span class='ocrx_word' id='word_1_103' title='bbox 955 1327 1106 1375; x_wconf 89' lang='lat' dir='ltr'><strong>casto</strong></span> <span class='ocrx_word' id='word_1_104' title='bbox 1151 1335 1334 1376; x_wconf 90' lang='lat' dir='ltr'><strong>amore</strong></span> <span class='ocrx_word' id='word_1_105' title='bbox 1378 1321 1471 1377; x_wconf 84' lang='lat' dir='ltr'><strong>Dei</strong></span> <span class='ocrx_word' id='word_1_106' title='bbox 1512 1306 1893 1393; x_wconf 74' lang='lat' dir='ltr'><strong>perseverent,</strong></span> <span class='ocrx_word' id='word_1_107' title='bbox 1931 1330 2132 1393; x_wconf 88' lang='lat' dir='ltr'><strong>quanta</strong></span> 
     </span>
    </p>
   </div>
   <div class='ocr_carea' id='block_1_14' title="bbox 552 1406 2131 1484">
    <p class='ocr_par' dir='ltr' id='par_1_14' title="bbox 552 1406 2131 1484">
     <span class='ocr_line' id='line_1_14' title="bbox 552 1406 2131 1484; baseline 0.004 -22"><span class='ocrx_word' id='word_1_108' title='bbox 552 1406 826 1481; x_wconf 79' lang='lat' dir='ltr'><strong>diligentia</strong></span> <span class='ocrx_word' id='word_1_109' title='bbox 862 1411 1224 1467; x_wconf 70' lang='lat' dir='ltr'><strong>custodiendae</strong></span> <span class='ocrx_word' id='word_1_110' title='bbox 1266 1421 1391 1467; x_wconf 92' lang='lat' dir='ltr'><strong>sunt</strong></span> <span class='ocrx_word' id='word_1_111' title='bbox 1430 1411 1552 1467; x_wconf 75' lang='lat' dir='ltr'><strong>ﬁlia:</strong></span> <span class='ocrx_word' id='word_1_112' title='bbox 1577 1428 1643 1467; x_wconf 91' lang='lat' dir='ltr'><strong>ne</strong></span> <span class='ocrx_word' id='word_1_113' title='bbox 1667 1422 1791 1467; x_wconf 86' lang='lat' dir='ltr'><strong>ante</strong></span> <span class='ocrx_word' id='word_1_114' title='bbox 1816 1422 2024 1484; x_wconf 88' lang='lat' dir='ltr'><strong>tempus</strong></span> <span class='ocrx_word' id='word_1_115' title='bbox 2051 1411 2131 1469; x_wconf 87' lang='lat' dir='ltr'><strong>le-</strong></span> 
     </span>
    </p>
   </div>
   <div class='ocr_carea' id='block_1_15' title="bbox 551 1498 2132 1572">
    <p class='ocr_par' dir='ltr' id='par_1_15' title="bbox 551 1498 2132 1572">
     <span class='ocr_line' id='line_1_15' title="bbox 551 1498 2132 1572; baseline 0.003 -20"><span class='ocrx_word' id='word_1_116' title='bbox 551 1498 689 1566; x_wconf 78' lang='lat' dir='ltr'><strong>galis</strong></span> <span class='ocrx_word' id='word_1_117' title='bbox 715 1499 945 1572; x_wconf 85' lang='lat' dir='ltr'><strong>coujugii</strong></span> <span class='ocrx_word' id='word_1_118' title='bbox 993 1500 1125 1556; x_wconf 86' lang='lat' dir='ltr'><strong>ﬁant</strong></span> <span class='ocrx_word' id='word_1_119' title='bbox 1173 1501 1493 1557; x_wconf 71' lang='lat' dir='ltr'><strong>fornicarite.</strong></span> <span class='ocrx_word' id='word_1_120' title='bbox 1525 1501 1650 1558; x_wconf 71' lang='lat' dir='ltr'><strong>llmc</strong></span> <span class='ocrx_word' id='word_1_121' title='bbox 1689 1503 2025 1558; x_wconf 85' lang='lat' dir='ltr'><strong>annuntiatio</strong></span> <span class='ocrx_word' id='word_1_122' title='bbox 2055 1502 2132 1557; x_wconf 85' lang='lat' dir='ltr'><strong>l&#39;a-</strong></span> 
     </span>
    </p>
   </div>
   <div class='ocr_carea' id='block_1_16' title="bbox 534 1589 2133 1664">
    <p class='ocr_par' dir='ltr' id='par_1_16' title="bbox 534 1589 2133 1664">
     <span class='ocr_line' id='line_1_16' title="bbox 534 1589 2133 1664; baseline 0.004 -21"><span class='ocrx_word' id='word_1_123' title='bbox 534 1589 740 1645; x_wconf 49' lang='lat' dir='ltr'><strong>.(T-ienda</strong></span> <span class='ocrx_word' id='word_1_124' title='bbox 768 1601 850 1647; x_wconf 91' lang='lat' dir='ltr'><strong>est</strong></span> <span class='ocrx_word' id='word_1_125' title='bbox 881 1592 935 1646; x_wconf 88' lang='lat' dir='ltr'><strong>in</strong></span> <span class='ocrx_word' id='word_1_126' title='bbox 961 1593 1154 1661; x_wconf 82' lang='lat' dir='ltr'><strong>portis,</strong></span> <span class='ocrx_word' id='word_1_127' title='bbox 1186 1592 1238 1649; x_wconf 89' lang='lat' dir='ltr'><strong>id</strong></span> <span class='ocrx_word' id='word_1_128' title='bbox 1271 1601 1354 1649; x_wconf 91' lang='lat' dir='ltr'><strong>est</strong></span> <span class='ocrx_word' id='word_1_129' title='bbox 1397 1593 1448 1648; x_wconf 92' lang='lat' dir='ltr'><strong>in</strong></span> <span class='ocrx_word' id='word_1_130' title='bbox 1480 1592 1788 1660; x_wconf 88' lang='lat' dir='ltr'><strong>virtutibus,</strong></span> <span class='ocrx_word' id='word_1_131' title='bbox 1814 1609 1934 1663; x_wconf 74' lang='lat' dir='ltr'><strong>qua:</strong></span> <span class='ocrx_word' id='word_1_132' title='bbox 1963 1602 2133 1664; x_wconf 62' lang='lat' dir='ltr'><strong>portae</strong></span> 
     </span>
    </p>
   </div>
   <div class='ocr_carea' id='block_1_17' title="bbox 550 1682 2131 1754">
    <p class='ocr_par' dir='ltr' id='par_1_17' title="bbox 550 1682 2131 1754">
     <span class='ocr_line' id='line_1_17' title="bbox 550 1682 2131 1754; baseline 0.002 -20"><span class='ocrx_word' id='word_1_133' title='bbox 550 1692 680 1735; x_wconf 77' lang='lat' dir='ltr'><strong>sum</strong></span> <span class='ocrx_word' id='word_1_134' title='bbox 709 1682 775 1736; x_wconf 89' lang='lat' dir='ltr'><strong>ad</strong></span> <span class='ocrx_word' id='word_1_135' title='bbox 805 1696 1090 1752; x_wconf 86' lang='lat' dir='ltr'><strong>supernam</strong></span> <span class='ocrx_word' id='word_1_136' title='bbox 1118 1683 1315 1748; x_wconf 90' lang='lat' dir='ltr'><strong>vitam;</strong></span> <span class='ocrx_word' id='word_1_137' title='bbox 1347 1683 1472 1754; x_wconf 89' lang='lat' dir='ltr'><strong>quia</strong></span> <span class='ocrx_word' id='word_1_138' title='bbox 1499 1683 1796 1739; x_wconf 88' lang='lat' dir='ltr'><strong>cavendum</strong></span> <span class='ocrx_word' id='word_1_139' title='bbox 1826 1692 1909 1739; x_wconf 90' lang='lat' dir='ltr'><strong>est</strong></span> <span class='ocrx_word' id='word_1_140' title='bbox 1939 1683 2131 1752; x_wconf 67' lang='lat' dir='ltr'><strong>prtedi-</strong></span> 
     </span>
    </p>
   </div>
   <div class='ocr_carea' id='block_1_18' title="bbox 2232 507 3756 578">
    <p class='ocr_par' dir='ltr' id='par_1_18' title="bbox 2232 507 3756 578">
     <span class='ocr_line' id='line_1_18' title="bbox 2232 507 3756 578; baseline 0.006 -18"><span class='ocrx_word' id='word_1_141' title='bbox 2232 527 2251 560; x_wconf 73' lang='lat' dir='ltr'><strong>c</strong></span> <span class='ocrx_word' id='word_1_142' title='bbox 2296 510 2423 578; x_wconf 89' lang='lat' dir='ltr'><strong>quia</strong></span> <span class='ocrx_word' id='word_1_143' title='bbox 2453 509 2641 578; x_wconf 83' lang='lat' dir='ltr'><strong>repleti</strong></span> <span class='ocrx_word' id='word_1_144' title='bbox 2685 517 2810 564; x_wconf 92' lang='lat' dir='ltr'><strong>sunt</strong></span> <span class='ocrx_word' id='word_1_145' title='bbox 2834 508 2924 578; x_wconf 92' lang='lat' dir='ltr'><strong>qui</strong></span> <span class='ocrx_word' id='word_1_146' title='bbox 2962 507 3232 563; x_wconf 86' lang='lat' dir='ltr'><strong>obscurati</strong></span> <span class='ocrx_word' id='word_1_147' title='bbox 3264 515 3412 574; x_wconf 83' lang='lat' dir='ltr'><strong>sunt,</strong></span> <span class='ocrx_word' id='word_1_148' title='bbox 3442 517 3594 565; x_wconf 67' lang='lat' dir='ltr'><strong>terra:</strong></span> <span class='ocrx_word' id='word_1_149' title='bbox 3616 511 3756 570; x_wconf 84' lang='lat' dir='ltr'><strong>domi-</strong></span> 
     </span>
    </p>
   </div>
   <div class='ocr_carea' id='block_1_19' title="bbox 2230 590 3756 671">
    <p class='ocr_par' dir='ltr' id='par_1_19' title="bbox 2230 590 3756 671">
     <span class='ocr_line' id='line_1_19' title="bbox 2230 590 3756 671; baseline 0.003 -17"><span class='ocrx_word' id='word_1_150' title='bbox 2230 618 2251 654; x_wconf 76' lang='grc' dir='ltr'>ι</span> <span class='ocrx_word' id='word_1_151' title='bbox 2294 603 2396 658; x_wconf 90' lang='lat' dir='ltr'><strong>bus</strong></span> <span class='ocrx_word' id='word_1_152' title='bbox 2453 590 2845 671; x_wconf 35' lang='lat' dir='ltr'><strong>iniquilatuma</strong></span> <span class='ocrx_word' id='word_1_153' title='bbox 2880 600 2957 656; x_wconf 85' lang='lat' dir='ltr'><strong>Ne</strong></span> <span class='ocrx_word' id='word_1_154' title='bbox 3014 608 3292 655; x_wconf 85' lang='lat' dir='ltr'><strong>avertatur</strong></span> <span class='ocrx_word' id='word_1_155' title='bbox 3337 600 3554 657; x_wconf 85' lang='lat' dir='ltr'><strong>humilis</strong></span> <span class='ocrx_word' id='word_1_156' title='bbox 3615 601 3756 660; x_wconf 76' lang='lat' dir='ltr'><strong>lactus</strong></span> 
     </span>
    </p>
   </div>
   <div class='ocr_carea' id='block_1_20' title="bbox 2232 689 3754 760">
    <p class='ocr_par' dir='ltr' id='par_1_20' title="bbox 2232 689 3754 760">
     <span class='ocr_line' id='line_1_20' title="bbox 2232 689 3754 760; baseline 0.005 -17"><span class='ocrx_word' id='word_1_157' title='bbox 2232 710 2250 743; x_wconf 72' lang='grc' dir='ltr'>ι</span> <span class='ocrx_word' id='word_1_158' title='bbox 2296 692 2581 758; x_wconf 79' lang='lat' dir='ltr'><strong>confusus;</strong></span> <span class='ocrx_word' id='word_1_159' title='bbox 2643 705 2848 760; x_wconf 84' lang='lat' dir='ltr'><strong>pauper</strong></span> <span class='ocrx_word' id='word_1_160' title='bbox 2902 698 2957 745; x_wconf 89' lang='lat' dir='ltr'><strong>et</strong></span> <span class='ocrx_word' id='word_1_161' title='bbox 3024 690 3178 759; x_wconf 87' lang='lat' dir='ltr'><strong>inops</strong></span> <span class='ocrx_word' id='word_1_162' title='bbox 3241 689 3536 745; x_wconf 86' lang='lat' dir='ltr'><strong>laudabunt</strong></span> <span class='ocrx_word' id='word_1_163' title='bbox 3595 706 3754 750; x_wconf 86' lang='lat' dir='ltr'><strong>nomen</strong></span> 
     </span>
    </p>
   </div>
   <div class='ocr_carea' id='block_1_21' title="bbox 2232 779 3752 851">
    <p class='ocr_par' dir='ltr' id='par_1_21' title="bbox 2232 779 3752 851">
     <span class='ocr_line' id='line_1_21' title="bbox 2232 779 3752 851; baseline 0.004 -17"><span class='ocrx_word' id='word_1_164' title='bbox 2232 801 2257 847; x_wconf 80' lang='lat' dir='ltr'><strong>t_</strong></span> <span class='ocrx_word' id='word_1_165' title='bbox 2295 790 2464 837; x_wconf 91' lang='lat' dir='ltr'><strong>tuum.</strong></span> <span class='ocrx_word' id='word_1_166' title='bbox 2523 782 2789 850; x_wconf 78' lang='lat' dir='ltr'><strong>Exsurge,</strong></span> <span class='ocrx_word' id='word_1_167' title='bbox 2847 781 3026 843; x_wconf 90' lang='lat' dir='ltr'><strong>Deus,</strong></span> <span class='ocrx_word' id='word_1_168' title='bbox 3070 779 3259 851; x_wconf 88' lang='lat' dir='ltr'><strong>judica</strong></span> <span class='ocrx_word' id='word_1_169' title='bbox 3319 797 3540 837; x_wconf 84' lang='lat' dir='ltr'><strong>causam</strong></span> <span class='ocrx_word' id='word_1_170' title='bbox 3591 794 3752 840; x_wconf 82' lang='lat' dir='ltr'><strong>tuam:</strong></span> 
     </span>
    </p>
   </div>
   <div class='ocr_carea' id='block_1_22' title="bbox 2232 870 3757 944">
    <p class='ocr_par' dir='ltr' id='par_1_22' title="bbox 2232 870 3757 944">
     <span class='ocr_line' id='line_1_22' title="bbox 2232 870 3757 944; baseline 0.005 -23"><span class='ocrx_word' id='word_1_171' title='bbox 2232 888 2252 921; x_wconf 72' lang='grc' dir='ltr'><strong><em>ι</em></strong></span> <span class='ocrx_word' id='word_1_172' title='bbox 2297 884 2503 925; x_wconf 89' lang='lat' dir='ltr'><strong>memor</strong></span> <span class='ocrx_word' id='word_1_173' title='bbox 2529 879 2646 925; x_wconf 86' lang='lat' dir='ltr'><strong>esto</strong></span> <span class='ocrx_word' id='word_1_174' title='bbox 2675 870 3124 941; x_wconf 90' lang='lat' dir='ltr'><strong>improperiorum</strong></span> <span class='ocrx_word' id='word_1_175' title='bbox 3170 881 3407 934; x_wconf 91' lang='lat' dir='ltr'><strong>tuorum,</strong></span> <span class='ocrx_word' id='word_1_176' title='bbox 3454 886 3630 926; x_wconf 87' lang='lat' dir='ltr'><strong>eorum</strong></span> <span class='ocrx_word' id='word_1_177' title='bbox 3664 889 3757 944; x_wconf 70' lang='lat' dir='ltr'><strong>quae</strong></span> 
     </span>
    </p>
   </div>
   <div class='ocr_carea' id='block_1_23' title="bbox 2233 958 3759 1028">
    <p class='ocr_par' dir='ltr' id='par_1_23' title="bbox 2233 958 3759 1028">
     <span class='ocr_line' id='line_1_23' title="bbox 2233 958 3759 1028; baseline 0.006 -16"><span class='ocrx_word' id='word_1_178' title='bbox 2233 975 2252 1011; x_wconf 77' lang='grc' dir='ltr'>ι</span> <span class='ocrx_word' id='word_1_179' title='bbox 2299 958 2367 1013; x_wconf 90' lang='lat' dir='ltr'><strong>ab</strong></span> <span class='ocrx_word' id='word_1_180' title='bbox 2396 958 2680 1028; x_wconf 89' lang='lat' dir='ltr'><strong>insipiente</strong></span> <span class='ocrx_word' id='word_1_181' title='bbox 2709 968 2835 1015; x_wconf 86' lang='lat' dir='ltr'><strong>sunt</strong></span> <span class='ocrx_word' id='word_1_182' title='bbox 2865 968 2977 1015; x_wconf 91' lang='lat' dir='ltr'><strong>tota</strong></span> <span class='ocrx_word' id='word_1_183' title='bbox 3021 959 3129 1015; x_wconf 91' lang='lat' dir='ltr'><strong>die.</strong></span> <span class='ocrx_word' id='word_1_184' title='bbox 3168 958 3245 1015; x_wconf 84' lang='lat' dir='ltr'><strong>Ne</strong></span> <span class='ocrx_word' id='word_1_185' title='bbox 3272 960 3600 1016; x_wconf 80' lang='lat' dir='ltr'><strong>obliviscaris</strong></span> <span class='ocrx_word' id='word_1_186' title='bbox 3632 978 3759 1021; x_wconf 84' lang='lat' dir='ltr'><strong>voces</strong></span> 
     </span>
    </p>
   </div>
   <div class='ocr_carea' id='block_1_24' title="bbox 2233 1050 3760 1122">
    <p class='ocr_par' dir='ltr' id='par_1_24' title="bbox 2233 1050 3760 1122">
     <span class='ocr_line' id='line_1_24' title="bbox 2233 1050 3760 1122; baseline 0.003 -18"><span class='ocrx_word' id='word_1_187' title='bbox 2233 1071 2252 1104; x_wconf 74' lang='grc' dir='ltr'>ι</span> <span class='ocrx_word' id='word_1_188' title='bbox 2297 1052 2637 1107; x_wconf 87' lang='lat' dir='ltr'><strong>inimicorum</strong></span> <span class='ocrx_word' id='word_1_189' title='bbox 2670 1059 2917 1117; x_wconf 87' lang='lat' dir='ltr'><strong>tuorum;</strong></span> <span class='ocrx_word' id='word_1_190' title='bbox 2957 1050 3206 1122; x_wconf 86' lang='lat' dir='ltr'><strong>superbia</strong></span> <span class='ocrx_word' id='word_1_191' title='bbox 3241 1066 3430 1107; x_wconf 88' lang='lat' dir='ltr'><strong>eorum</strong></span> <span class='ocrx_word' id='word_1_192' title='bbox 3454 1052 3548 1122; x_wconf 84' lang='lat' dir='ltr'><strong>qui</strong></span> <span class='ocrx_word' id='word_1_193' title='bbox 3581 1063 3629 1108; x_wconf 89' lang='lat' dir='ltr'><strong>te</strong></span> <span class='ocrx_word' id='word_1_194' title='bbox 3659 1053 3760 1109; x_wconf 81' lang='lat' dir='ltr'><strong>ode—</strong></span> 
     </span>
    </p>
   </div>
   <div class='ocr_carea' id='block_1_25' title="bbox 2236 1144 3013 1215">
    <p class='ocr_par' dir='ltr' id='par_1_25' title="bbox 2236 1144 3013 1215">
     <span class='ocr_line' id='line_1_25' title="bbox 2236 1144 3013 1215; baseline 0.001 -19"><span class='ocrx_word' id='word_1_195' title='bbox 2236 1161 2255 1195; x_wconf 70' lang='grc' dir='ltr'>ς</span> <span class='ocrx_word' id='word_1_196' title='bbox 2299 1152 2427 1199; x_wconf 90' lang='lat' dir='ltr'><strong>runt</strong></span> <span class='ocrx_word' id='word_1_197' title='bbox 2457 1144 2703 1199; x_wconf 86' lang='lat' dir='ltr'><strong>ascendit</strong></span> <span class='ocrx_word' id='word_1_198' title='bbox 2729 1157 2962 1215; x_wconf 86' lang='lat' dir='ltr'><strong>semper.</strong></span> <span class='ocrx_word' id='word_1_199' title='bbox 2994 1164 3013 1197; x_wconf 74' lang='grc' dir='ltr'><strong><em>ι</em></strong></span> 
     </span>
    </p>
   </div>
   <div class='ocr_carea' id='block_1_26' title="bbox 2786 1230 3239 1289">
    <p class='ocr_par' dir='ltr' id='par_1_26' title="bbox 2786 1230 3239 1289">
     <span class='ocr_line' id='line_1_26' title="bbox 2786 1230 3239 1289; baseline 0.002 -1"><span class='ocrx_word' id='word_1_200' title='bbox 2786 1230 3239 1289; x_wconf 80' lang='lat' dir='ltr'><strong>ENARRATIO.</strong></span> 
     </span>
    </p>
   </div>
   <div class='ocr_carea' id='block_1_27' title="bbox 2300 1320 3758 1397">
    <p class='ocr_par' dir='ltr' id='par_1_27' title="bbox 2300 1320 3758 1397">
     <span class='ocr_line' id='line_1_27' title="bbox 2300 1320 3758 1397; baseline 0 -18"><span class='ocrx_word' id='word_1_201' title='bbox 2300 1323 2496 1394; x_wconf 69' lang='lat' dir='ltr'><strong>Asopia.</strong></span> <span class='ocrx_word' id='word_1_202' title='bbox 2542 1320 2703 1379; x_wconf 83' lang='lat' dir='ltr'><strong>Istius</strong></span> <span class='ocrx_word' id='word_1_203' title='bbox 2753 1323 2988 1379; x_wconf 88' lang='lat' dir='ltr'><strong>nominis</strong></span> <span class='ocrx_word' id='word_1_204' title='bbox 3037 1332 3121 1379; x_wconf 90' lang='lat' dir='ltr'><strong>est</strong></span> <span class='ocrx_word' id='word_1_205' title='bbox 3164 1322 3360 1379; x_wconf 84' lang='lat' dir='ltr'><strong>Latina</strong></span> <span class='ocrx_word' id='word_1_206' title='bbox 3414 1324 3758 1397; x_wconf 81' lang='lat' dir='ltr'><strong>interpretatio,</strong></span> 
     </span>
    </p>
   </div>
   <div class='ocr_carea' id='block_1_28' title="bbox 2231 1412 3759 1487">
    <p class='ocr_par' dir='ltr' id='par_1_28' title="bbox 2231 1412 3759 1487">
     <span class='ocr_line' id='line_1_28' title="bbox 2231 1412 3759 1487; baseline 0.002 -21"><span class='ocrx_word' id='word_1_207' title='bbox 2231 1428 2549 1483; x_wconf 73' lang='lat' dir='ltr'><strong>congregans</strong></span> <span class='ocrx_word' id='word_1_208' title='bbox 2587 1412 2673 1469; x_wconf 87' lang='lat' dir='ltr'><strong>vel</strong></span> <span class='ocrx_word' id='word_1_209' title='bbox 2716 1414 3084 1485; x_wconf 84' lang='lat' dir='ltr'><strong>congregatio:</strong></span> <span class='ocrx_word' id='word_1_210' title='bbox 3114 1413 3301 1470; x_wconf 64' lang='lat' dir='ltr'><strong>Graeca</strong></span> <span class='ocrx_word' id='word_1_211' title='bbox 3343 1430 3494 1481; x_wconf 78' lang='lat' dir='ltr'><strong>voce,</strong></span> <span class='ocrx_word' id='word_1_212' title='bbox 3521 1432 3759 1487; x_wconf 67' lang='lat' dir='ltr'><strong>synagoga.</strong></span> 
     </span>
    </p>
   </div>
   <div class='ocr_carea' id='block_1_29' title="bbox 2229 1502 3759 1576">
    <p class='ocr_par' dir='ltr' id='par_1_29' title="bbox 2229 1502 3759 1576">
     <span class='ocr_line' id='line_1_29' title="bbox 2229 1502 3759 1576; baseline 0.001 -18"><span class='ocrx_word' id='word_1_213' title='bbox 2229 1502 2335 1558; x_wconf 86' lang='lat' dir='ltr'><strong>Per</strong></span> <span class='ocrx_word' id='word_1_214' title='bbox 2378 1503 2849 1575; x_wconf 77' lang='lat' dir='ltr'><strong>congregationem</strong></span> <span class='ocrx_word' id='word_1_215' title='bbox 2891 1512 3070 1559; x_wconf 90' lang='lat' dir='ltr'><strong>autem</strong></span> <span class='ocrx_word' id='word_1_216' title='bbox 3101 1512 3279 1574; x_wconf 86' lang='lat' dir='ltr'><strong>potest</strong></span> <span class='ocrx_word' id='word_1_217' title='bbox 3324 1505 3497 1576; x_wconf 90' lang='lat' dir='ltr'><strong>accipi</strong></span> <span class='ocrx_word' id='word_1_218' title='bbox 3540 1515 3637 1560; x_wconf 89' lang='lat' dir='ltr'><strong>tam</strong></span> <span class='ocrx_word' id='word_1_219' title='bbox 3660 1521 3759 1559; x_wconf 89' lang='lat' dir='ltr'><strong>cou-</strong></span> 
     </span>
    </p>
   </div>
   <div class='ocr_carea' id='block_1_30' title="bbox 2231 1584 3758 1665">
    <p class='ocr_par' dir='ltr' id='par_1_30' title="bbox 2231 1584 3758 1665">
     <span class='ocr_line' id='line_1_30' title="bbox 2231 1584 3758 1665; baseline 0.001 -19"><span class='ocrx_word' id='word_1_220' title='bbox 2231 1592 2475 1664; x_wconf 89' lang='lat' dir='ltr'><strong>gregatio</strong></span> <span class='ocrx_word' id='word_1_221' title='bbox 2507 1593 2787 1649; x_wconf 86' lang='lat' dir='ltr'><strong>hominum</strong></span> <span class='ocrx_word' id='word_1_222' title='bbox 2820 1609 2983 1664; x_wconf 88' lang='lat' dir='ltr'><strong>quam</strong></span> <span class='ocrx_word' id='word_1_223' title='bbox 3028 1584 3364 1649; x_wconf 87' lang='lat' dir='ltr'><strong>animalium.</strong></span> <span class='ocrx_word' id='word_1_224' title='bbox 3407 1594 3513 1650; x_wconf 86' lang='lat' dir='ltr'><strong>Sed</strong></span> <span class='ocrx_word' id='word_1_225' title='bbox 3553 1597 3758 1665; x_wconf 83' lang='lat' dir='ltr'><strong>quoniam</strong></span> 
     </span>
    </p>
   </div>
   <div class='ocr_carea' id='block_1_31' title="bbox 2232 1676 3759 1758">
    <p class='ocr_par' dir='ltr' id='par_1_31' title="bbox 2232 1676 3759 1758">
     <span class='ocr_line' id='line_1_31' title="bbox 2232 1676 3759 1758; baseline 0.001 -19"><span class='ocrx_word' id='word_1_226' title='bbox 2232 1700 2361 1741; x_wconf 90' lang='lat' dir='ltr'><strong>usus</strong></span> <span class='ocrx_word' id='word_1_227' title='bbox 2380 1685 2544 1741; x_wconf 86' lang='lat' dir='ltr'><strong>habet</strong></span> <span class='ocrx_word' id='word_1_228' title='bbox 2568 1694 2628 1741; x_wconf 89' lang='lat' dir='ltr'><strong>ut</strong></span> <span class='ocrx_word' id='word_1_229' title='bbox 2654 1680 2753 1756; x_wconf 89' lang='lat' dir='ltr'><strong>per</strong></span> <span class='ocrx_word' id='word_1_230' title='bbox 2783 1676 3121 1758; x_wconf 83' lang='lat' dir='ltr'><strong>Synagogam</strong></span> <span class='ocrx_word' id='word_1_231' title='bbox 3150 1701 3368 1758; x_wconf 86' lang='lat' dir='ltr'><strong>semper</strong></span> <span class='ocrx_word' id='word_1_232' title='bbox 3404 1684 3668 1743; x_wconf 68' lang='lat' dir='ltr'><strong>Iudaicum</strong></span> <span class='ocrx_word' id='word_1_233' title='bbox 3688 1703 3759 1755; x_wconf 78' lang='lat' dir='ltr'><strong>po-</strong></span> 
     </span>
    </p>
   </div>
   <div class='ocr_carea' id='block_1_32' title="bbox 551 1767 3758 1848">
    <p class='ocr_par' dir='ltr' id='par_1_32' title="bbox 551 1767 3758 1848">
     <span class='ocr_line' id='line_1_32' title="bbox 551 1767 3758 1848; baseline 0.002 -27"><span class='ocrx_word' id='word_1_234' title='bbox 551 1768 745 1833; x_wconf 84' lang='lat' dir='ltr'><strong>catori,</strong></span> <span class='ocrx_word' id='word_1_235' title='bbox 777 1779 835 1823; x_wconf 89' lang='lat' dir='ltr'><strong>ut</strong></span> <span class='ocrx_word' id='word_1_236' title='bbox 866 1768 917 1822; x_wconf 87' lang='lat' dir='ltr'><strong>id</strong></span> <span class='ocrx_word' id='word_1_237' title='bbox 945 1769 1088 1839; x_wconf 88' lang='lat' dir='ltr'><strong>quod</strong></span> <span class='ocrx_word' id='word_1_238' title='bbox 1117 1769 1282 1824; x_wconf 85' lang='lat' dir='ltr'><strong>verbo</strong></span> <span class='ocrx_word' id='word_1_239' title='bbox 1315 1768 1599 1839; x_wconf 51' lang='lat' dir='ltr'><strong>praedicat,</strong></span> <span class='ocrx_word' id='word_1_240' title='bbox 1630 1783 1794 1839; x_wconf 87' lang='lat' dir='ltr'><strong>opere</strong></span> <span class='ocrx_word' id='word_1_241' title='bbox 1827 1768 2122 1839; x_wconf 86' lang='lat' dir='ltr'><strong>compleat;</strong></span> <span class='ocrx_word' id='word_1_242' title='bbox 2155 1767 2199 1826; x_wconf 84' lang='grc' dir='ltr'><strong>Β</strong></span> <span class='ocrx_word' id='word_1_243' title='bbox 2227 1775 2409 1845; x_wconf 78' lang='lat' dir='ltr'><strong>pulum</strong></span> <span class='ocrx_word' id='word_1_244' title='bbox 2435 1775 2784 1846; x_wconf 81' lang='lat' dir='ltr'><strong>accipiamus,</strong></span> <span class='ocrx_word' id='word_1_245' title='bbox 2808 1775 2971 1832; x_wconf 74' lang='lat' dir='ltr'><strong>ethic</strong></span> <span class='ocrx_word' id='word_1_246' title='bbox 3003 1791 3216 1848; x_wconf 86' lang='lat' dir='ltr'><strong>quoque</strong></span> <span class='ocrx_word' id='word_1_247' title='bbox 3240 1791 3339 1847; x_wconf 80' lang='lat' dir='ltr'><strong>per</strong></span> <span class='ocrx_word' id='word_1_248' title='bbox 3357 1775 3537 1845; x_wconf 83' lang='lat' dir='ltr'><strong>Asaph</strong></span> <span class='ocrx_word' id='word_1_249' title='bbox 3559 1778 3758 1832; x_wconf 83' lang='lat' dir='ltr'><strong>eumdem</strong></span> 
     </span>
    </p>
   </div>
   <div class='ocr_carea' id='block_1_33' title="bbox 470 1857 2128 1935">
    <p class='ocr_par' dir='ltr' id='par_1_33' title="bbox 470 1857 2128 1935">
     <span class='ocr_line' id='line_1_33' title="bbox 470 1857 2128 1935; baseline 0.004 -26"><span class='ocrx_word' id='word_1_250' title='bbox 470 1926 485 1935; x_wconf 27' lang='grc' dir='ltr'>δ</span> <span class='ocrx_word' id='word_1_251' title='bbox 551 1859 633 1913; x_wconf 88' lang='lat' dir='ltr'><strong>vel</strong></span> <span class='ocrx_word' id='word_1_252' title='bbox 661 1859 713 1913; x_wconf 85' lang='lat' dir='ltr'><strong>in</strong></span> <span class='ocrx_word' id='word_1_253' title='bbox 736 1859 919 1929; x_wconf 84' lang='lat' dir='ltr'><strong>portis,</strong></span> <span class='ocrx_word' id='word_1_254' title='bbox 950 1859 1005 1914; x_wconf 92' lang='lat' dir='ltr'><strong>id</strong></span> <span class='ocrx_word' id='word_1_255' title='bbox 1028 1867 1114 1915; x_wconf 89' lang='lat' dir='ltr'><strong>est</strong></span> <span class='ocrx_word' id='word_1_256' title='bbox 1140 1859 1193 1914; x_wconf 91' lang='lat' dir='ltr'><strong>in</strong></span> <span class='ocrx_word' id='word_1_257' title='bbox 1237 1857 1543 1926; x_wconf 81' lang='lat' dir='ltr'><strong>manifesto,</strong></span> <span class='ocrx_word' id='word_1_258' title='bbox 1576 1859 1909 1915; x_wconf 91' lang='lat' dir='ltr'><strong>annuntiabo</strong></span> <span class='ocrx_word' id='word_1_259' title='bbox 1936 1860 2128 1929; x_wconf 64' lang='lat' dir='ltr'><strong>praedi-</strong></span> 
     </span>
    </p>
   </div>
   <div class='ocr_carea' id='block_1_34' title="bbox 546 1949 2129 2018">
    <p class='ocr_par' dir='ltr' id='par_1_34' title="bbox 546 1949 2129 2018">
     <span class='ocr_line' id='line_1_34' title="bbox 546 1949 2129 2018; baseline 0.002 -14"><span class='ocrx_word' id='word_1_260' title='bbox 546 1950 790 2006; x_wconf 89' lang='lat' dir='ltr'><strong>cationes</strong></span> <span class='ocrx_word' id='word_1_261' title='bbox 819 1959 958 2016; x_wconf 90' lang='lat' dir='ltr'><strong>tuas,</strong></span> <span class='ocrx_word' id='word_1_262' title='bbox 990 1960 1045 2007; x_wconf 92' lang='lat' dir='ltr'><strong>et</strong></span> <span class='ocrx_word' id='word_1_263' title='bbox 1086 1966 1192 2007; x_wconf 90' lang='lat' dir='ltr'><strong>non</strong></span> <span class='ocrx_word' id='word_1_264' title='bbox 1237 1951 1465 2008; x_wconf 88' lang='lat' dir='ltr'><strong>occulte.</strong></span> <span class='ocrx_word' id='word_1_265' title='bbox 1519 1949 1667 2007; x_wconf 88' lang='lat' dir='ltr'><strong>Unde</strong></span> <span class='ocrx_word' id='word_1_266' title='bbox 1703 1950 1831 2007; x_wconf 92' lang='lat' dir='ltr'><strong>illud</strong></span> <span class='ocrx_word' id='word_1_267' title='bbox 1862 1968 1880 2006; x_wconf 85' lang='lat'><strong>:</strong></span> <span class='ocrx_word' id='word_1_268' title='bbox 1908 1950 2013 2018; x_wconf 84' lang='lat' dir='ltr'><strong>Qui</strong></span> <span class='ocrx_word' id='word_1_269' title='bbox 2046 1967 2129 2007; x_wconf 87' lang='lat' dir='ltr'><strong>me</strong></span> 
     </span>
    </p>
   </div>
   <div class='ocr_carea' id='block_1_35' title="bbox 528 2039 2127 2112">
    <p class='ocr_par' dir='ltr' id='par_1_35' title="bbox 528 2039 2127 2112">
     <span class='ocr_line' id='line_1_35' title="bbox 528 2039 2127 2112; baseline 0.003 -20"><span class='ocrx_word' id='word_1_270' title='bbox 528 2039 807 2095; x_wconf 59' lang='lat' dir='ltr'><strong>erubuerit</strong></span> <span class='ocrx_word' id='word_1_271' title='bbox 852 2057 1027 2096; x_wconf 86' lang='lat' dir='ltr'><strong>coram</strong></span> <span class='ocrx_word' id='word_1_272' title='bbox 1066 2041 1381 2107; x_wconf 79' lang='lat' dir='ltr'><strong>hominibus,</strong></span> <span class='ocrx_word' id='word_1_273' title='bbox 1422 2050 1470 2095; x_wconf 89' lang='lat' dir='ltr'><strong>et</strong></span> <span class='ocrx_word' id='word_1_274' title='bbox 1503 2057 1597 2112; x_wconf 84' lang='lat' dir='ltr'><strong>ego</strong></span> <span class='ocrx_word' id='word_1_275' title='bbox 1644 2042 1962 2097; x_wconf 87' lang='lat' dir='ltr'><strong>erubescam</strong></span> <span class='ocrx_word' id='word_1_276' title='bbox 2008 2057 2127 2097; x_wconf 85' lang='lat' dir='ltr'><strong>eum</strong></span> 
     </span>
    </p>
   </div>
   <div class='ocr_carea' id='block_1_36' title="bbox 529 2132 2128 2205">
    <p class='ocr_par' dir='ltr' id='par_1_36' title="bbox 529 2132 2128 2205">
     <span class='ocr_line' id='line_1_36' title="bbox 529 2132 2128 2205; baseline 0.002 -20"><span class='ocrx_word' id='word_1_277' title='bbox 529 2149 724 2186; x_wconf 32' lang='lat' dir='ltr'><strong>icorant</strong></span> <span class='ocrx_word' id='word_1_278' title='bbox 750 2133 959 2204; x_wconf 79' lang='lat' dir='ltr'><strong>angelis</strong></span> <span class='ocrx_word' id='word_1_279' title='bbox 976 2134 1092 2189; x_wconf 81' lang='lat' dir='ltr'><strong>Dei.</strong></span> <span class='ocrx_word' id='word_1_280' title='bbox 1133 2132 1198 2187; x_wconf 83' lang='lat' dir='ltr'><strong>Et</strong></span> <span class='ocrx_word' id='word_1_281' title='bbox 1225 2136 1315 2205; x_wconf 84' lang='lat' dir='ltr'><strong>qui</strong></span> <span class='ocrx_word' id='word_1_282' title='bbox 1343 2151 1423 2188; x_wconf 86' lang='lat' dir='ltr'><strong>me</strong></span> <span class='ocrx_word' id='word_1_283' title='bbox 1449 2132 1734 2189; x_wconf 78' lang='lat' dir='ltr'><strong>confessus</strong></span> <span class='ocrx_word' id='word_1_284' title='bbox 1758 2132 1922 2189; x_wconf 76' lang='lat' dir='ltr'><strong>fuerit</strong></span> <span class='ocrx_word' id='word_1_285' title='bbox 1951 2150 2128 2188; x_wconf 83' lang='lat' dir='ltr'><strong>coram</strong></span> 
     </span>
    </p>
   </div>
   <div class='ocr_carea' id='block_1_37' title="bbox 544 2218 2128 2292">
    <p class='ocr_par' dir='ltr' id='par_1_37' title="bbox 544 2218 2128 2292">
     <span class='ocr_line' id='line_1_37' title="bbox 544 2218 2128 2292; baseline 0.001 -18"><span class='ocrx_word' id='word_1_286' title='bbox 544 2222 858 2285; x_wconf 72' lang='lat' dir='ltr'><strong>liminibus,</strong></span> <span class='ocrx_word' id='word_1_287' title='bbox 888 2232 936 2277; x_wconf 85' lang='lat' dir='ltr'><strong>et</strong></span> <span class='ocrx_word' id='word_1_288' title='bbox 979 2239 1070 2292; x_wconf 87' lang='lat' dir='ltr'><strong>ego</strong></span> <span class='ocrx_word' id='word_1_289' title='bbox 1098 2239 1216 2277; x_wconf 83' lang='lat' dir='ltr'><strong>eum</strong></span> <span class='ocrx_word' id='word_1_290' title='bbox 1244 2221 1527 2291; x_wconf 80' lang='lat' dir='ltr'><strong>conﬁtebor</strong></span> <span class='ocrx_word' id='word_1_291' title='bbox 1562 2220 1730 2276; x_wconf 87' lang='lat' dir='ltr'><strong>etiam</strong></span> <span class='ocrx_word' id='word_1_292' title='bbox 1760 2237 1936 2275; x_wconf 87' lang='lat' dir='ltr'><strong>coram</strong></span> <span class='ocrx_word' id='word_1_293' title='bbox 1967 2218 2128 2276; x_wconf 82' lang='lat' dir='ltr'><strong>Patre</strong></span> 
     </span>
    </p>
   </div>
   <div class='ocr_carea' id='block_1_38' title="bbox 548 2311 2130 2385">
    <p class='ocr_par' dir='ltr' id='par_1_38' title="bbox 548 2311 2130 2385">
     <span class='ocr_line' id='line_1_38' title="bbox 548 2311 2130 2385; baseline 0.001 -19"><span class='ocrx_word' id='word_1_294' title='bbox 548 2330 661 2367; x_wconf 73' lang='grc' dir='ltr'><strong>πεεο</strong></span> <span class='ocrx_word' id='word_1_295' title='bbox 685 2312 835 2383; x_wconf 85' lang='lat' dir='ltr'><strong>(Luc.</strong></span> <span class='ocrx_word' id='word_1_296' title='bbox 866 2329 954 2380; x_wconf 78' lang='lat' dir='ltr'><strong>Ix;</strong></span> <span class='ocrx_word' id='word_1_297' title='bbox 987 2313 1177 2368; x_wconf 79' lang='lat' dir='ltr'><strong>Matth.</strong></span> <span class='ocrx_word' id='word_1_298' title='bbox 1206 2312 1282 2385; x_wconf 73' lang='grc' dir='ltr'><strong>κ).</strong></span> <span class='ocrx_word' id='word_1_299' title='bbox 1305 2312 1403 2368; x_wconf 81' lang='lat' dir='ltr'><strong>Vel</strong></span> <span class='ocrx_word' id='word_1_300' title='bbox 1428 2312 1482 2366; x_wconf 84' lang='lat' dir='ltr'><strong>in</strong></span> <span class='ocrx_word' id='word_1_301' title='bbox 1505 2313 1694 2384; x_wconf 80' lang='lat' dir='ltr'><strong>portis,</strong></span> <span class='ocrx_word' id='word_1_302' title='bbox 1726 2311 1780 2367; x_wconf 88' lang='lat' dir='ltr'><strong>id</strong></span> <span class='ocrx_word' id='word_1_303' title='bbox 1807 2321 1890 2368; x_wconf 92' lang='lat' dir='ltr'><strong>est</strong></span> <span class='ocrx_word' id='word_1_304' title='bbox 1917 2312 1970 2368; x_wconf 89' lang='lat' dir='ltr'><strong>in</strong></span> <span class='ocrx_word' id='word_1_305' title='bbox 2002 2326 2130 2382; x_wconf 86' lang='lat' dir='ltr'><strong>apo-</strong></span> 
     </span>
    </p>
   </div>
   <div class='ocr_carea' id='block_1_39' title="bbox 548 2404 2171 2470">
    <p class='ocr_par' dir='ltr' id='par_1_39' title="bbox 548 2404 2171 2470">
     <span class='ocr_line' id='line_1_39' title="bbox 548 2404 2171 2470; baseline -0.001 -10"><span class='ocrx_word' id='word_1_306' title='bbox 548 2406 700 2460; x_wconf 87' lang='lat' dir='ltr'><strong>stolis</strong></span> <span class='ocrx_word' id='word_1_307' title='bbox 758 2406 898 2470; x_wconf 88' lang='lat' dir='ltr'><strong>tuis,</strong></span> <span class='ocrx_word' id='word_1_308' title='bbox 946 2420 1131 2461; x_wconf 88' lang='lat' dir='ltr'><strong>eorum</strong></span> <span class='ocrx_word' id='word_1_309' title='bbox 1175 2405 1588 2462; x_wconf 85' lang='lat' dir='ltr'><strong>auctoritatibus</strong></span> <span class='ocrx_word' id='word_1_310' title='bbox 1638 2404 1887 2461; x_wconf 88' lang='lat' dir='ltr'><strong>videlicet</strong></span> <span class='ocrx_word' id='word_1_311' title='bbox 1932 2404 2171 2461; x_wconf 38' lang='grc' dir='ltr'><strong>(ιο-[ὴν</strong></span> 
     </span>
    </p>
   </div>
   <div class='ocr_carea' id='block_1_40' title="bbox 479 2496 2129 2570">
    <p class='ocr_par' dir='ltr' id='par_1_40' title="bbox 479 2496 2129 2570">
     <span class='ocr_line' id='line_1_40' title="bbox 479 2496 2129 2570; baseline 0.001 -17"><span class='ocrx_word' id='word_1_312' title='bbox 479 2502 482 2504; x_wconf 65' lang='grc'>⁷</span> <span class='ocrx_word' id='word_1_313' title='bbox 549 2500 747 2554; x_wconf 80' lang='lat' dir='ltr'><strong>mando</strong></span> <span class='ocrx_word' id='word_1_314' title='bbox 772 2499 1031 2570; x_wconf 78' lang='lat' dir='ltr'><strong>quidquid</strong></span> <span class='ocrx_word' id='word_1_315' title='bbox 1054 2499 1104 2553; x_wconf 93' lang='lat' dir='ltr'><strong>in</strong></span> <span class='ocrx_word' id='word_1_316' title='bbox 1130 2508 1218 2554; x_wconf 92' lang='lat' dir='ltr'><strong>tua</strong></span> <span class='ocrx_word' id='word_1_317' title='bbox 1245 2498 1627 2570; x_wconf 56' lang='lat' dir='ltr'><strong>praedicatione</strong></span> <span class='ocrx_word' id='word_1_318' title='bbox 1666 2498 1948 2554; x_wconf 90' lang='lat' dir='ltr'><strong>annuntio.</strong></span> <span class='ocrx_word' id='word_1_319' title='bbox 1975 2496 2129 2556; x_wconf 86' lang='lat' dir='ltr'><strong>Unde</strong></span> 
     </span>
    </p>
   </div>
   <div class='ocr_carea' id='block_1_41' title="bbox 547 2587 1867 2662">
    <p class='ocr_par' dir='ltr' id='par_1_41' title="bbox 547 2587 1867 2662">
     <span class='ocr_line' id='line_1_41' title="bbox 547 2587 1867 2662; baseline 0.001 -20"><span class='ocrx_word' id='word_1_320' title='bbox 547 2590 672 2646; x_wconf 78' lang='lat' dir='ltr'><strong>alibi</strong></span> <span class='ocrx_word' id='word_1_321' title='bbox 701 2608 714 2644; x_wconf 93' lang='lat'>:</span> <span class='ocrx_word' id='word_1_322' title='bbox 743 2588 973 2645; x_wconf 77' lang='lat' dir='ltr'><strong>Narrate</strong></span> <span class='ocrx_word' id='word_1_323' title='bbox 1000 2590 1053 2645; x_wconf 87' lang='lat' dir='ltr'><strong>in</strong></span> <span class='ocrx_word' id='word_1_324' title='bbox 1083 2590 1312 2645; x_wconf 81' lang='lat' dir='ltr'><strong>turribus</strong></span> <span class='ocrx_word' id='word_1_325' title='bbox 1338 2590 1452 2660; x_wconf 82' lang='lat' dir='ltr'><strong>ejus</strong></span> <span class='ocrx_word' id='word_1_326' title='bbox 1479 2587 1648 2661; x_wconf 78' lang='lat' dir='ltr'><strong>(Psal.</strong></span> <span class='ocrx_word' id='word_1_327' title='bbox 1677 2588 1867 2662; x_wconf 62' lang='lat' dir='ltr'><strong>XLVII).</strong></span> 
     </span>
    </p>
   </div>
   <div class='ocr_carea' id='block_1_42' title="bbox 1045 2677 1631 2735">
    <p class='ocr_par' dir='ltr' id='par_1_42' title="bbox 1045 2677 1631 2735">
     <span class='ocr_line' id='line_1_42' title="bbox 1045 2677 1631 2735; baseline -0.003 -1"><span class='ocrx_word' id='word_1_328' title='bbox 1045 2678 1366 2735; x_wconf 78' lang='lat' dir='ltr'><strong>PSALMUS</strong></span> <span class='ocrx_word' id='word_1_329' title='bbox 1399 2677 1631 2733; x_wconf 74' lang='lat' dir='ltr'><strong>LXXIII.</strong></span> 
     </span>
    </p>
   </div>
   <div class='ocr_carea' id='block_1_43' title="bbox 939 2768 1821 2825">
    <p class='ocr_par' dir='ltr' id='par_1_43' title="bbox 939 2768 1821 2825">
     <span class='ocr_line' id='line_1_43' title="bbox 939 2768 1821 2825; baseline -0.002 -1"><span class='ocrx_word' id='word_1_330' title='bbox 939 2783 1429 2825; x_wconf 66' lang='lat' dir='ltr'><strong>aursLLEcrus</strong></span> <span class='ocrx_word' id='word_1_331' title='bbox 1488 2783 1721 2824; x_wconf 57' lang='lat' dir='ltr'><strong>asses.</strong></span> <span class='ocrx_word' id='word_1_332' title='bbox 1816 2768 1821 2772; x_wconf 78' lang='grc'><strong>’</strong></span> 
     </span>
    </p>
   </div>
   <div class='ocr_carea' id='block_1_44' title="bbox 618 2857 2126 2936">
    <p class='ocr_par' dir='ltr' id='par_1_44' title="bbox 618 2857 2126 2936">
     <span class='ocr_line' id='line_1_44' title="bbox 618 2857 2126 2936; baseline -0.003 -21"><span class='ocrx_word' id='word_1_333' title='bbox 618 2882 639 2915; x_wconf 70' lang='grc' dir='ltr'>ί</span> <span class='ocrx_word' id='word_1_334' title='bbox 673 2861 902 2933; x_wconf 76' lang='grc' dir='ltr'><strong>Ἠιίιιιῑό,</strong></span> <span class='ocrx_word' id='word_1_335' title='bbox 935 2860 1094 2929; x_wconf 88' lang='lat' dir='ltr'><strong>Deus,</strong></span> <span class='ocrx_word' id='word_1_336' title='bbox 1125 2860 1367 2932; x_wconf 91' lang='lat' dir='ltr'><strong>repulisti</strong></span> <span class='ocrx_word' id='word_1_337' title='bbox 1393 2861 1446 2916; x_wconf 92' lang='lat' dir='ltr'><strong>in</strong></span> <span class='ocrx_word' id='word_1_338' title='bbox 1476 2859 1636 2936; x_wconf 83' lang='lat' dir='ltr'><strong>ﬁnem</strong></span> <span class='ocrx_word' id='word_1_339' title='bbox 1658 2899 1674 2927; x_wconf 93' lang='lat'><strong>,</strong></span> <span class='ocrx_word' id='word_1_340' title='bbox 1704 2859 1873 2914; x_wconf 88' lang='lat' dir='ltr'><strong>iratus</strong></span> <span class='ocrx_word' id='word_1_341' title='bbox 1907 2865 1994 2913; x_wconf 88' lang='lat' dir='ltr'><strong>est</strong></span> <span class='ocrx_word' id='word_1_342' title='bbox 2041 2857 2126 2911; x_wconf 86' lang='lat' dir='ltr'><strong>l‘u-</strong></span> 
     </span>
    </p>
   </div>
   <div class='ocr_carea' id='block_1_45' title="bbox 542 2949 2130 3026">
    <p class='ocr_par' dir='ltr' id='par_1_45' title="bbox 542 2949 2130 3026">
     <span class='ocr_line' id='line_1_45' title="bbox 542 2949 2130 3026; baseline -0.003 -20"><span class='ocrx_word' id='word_1_343' title='bbox 542 2973 571 3006; x_wconf 72' lang='grc' dir='ltr'><strong>-ι</strong></span> <span class='ocrx_word' id='word_1_344' title='bbox 620 2970 706 3010; x_wconf 86' lang='lat' dir='ltr'><strong>ror</strong></span> <span class='ocrx_word' id='word_1_345' title='bbox 759 2963 881 3009; x_wconf 88' lang='lat' dir='ltr'><strong>tuus</strong></span> <span class='ocrx_word' id='word_1_346' title='bbox 922 2969 1084 3026; x_wconf 90' lang='lat' dir='ltr'><strong>super</strong></span> <span class='ocrx_word' id='word_1_347' title='bbox 1127 2968 1256 3009; x_wconf 90' lang='lat' dir='ltr'><strong>oves</strong></span> <span class='ocrx_word' id='word_1_348' title='bbox 1300 2967 1515 3024; x_wconf 64' lang='lat' dir='ltr'><strong>pascua:</strong></span> <span class='ocrx_word' id='word_1_349' title='bbox 1564 2950 1702 3007; x_wconf 70' lang='lat' dir='ltr'><strong>tuae?</strong></span> <span class='ocrx_word' id='word_1_350' title='bbox 1754 2949 1961 3006; x_wconf 87' lang='lat' dir='ltr'><strong>Memor</strong></span> <span class='ocrx_word' id='word_1_351' title='bbox 2011 2958 2130 3004; x_wconf 91' lang='lat' dir='ltr'><strong>esto</strong></span> 
     </span>
    </p>
   </div>
   <div class='ocr_carea' id='block_1_46' title="bbox 551 3040 2124 3117">
    <p class='ocr_par' dir='ltr' id='par_1_46' title="bbox 551 3040 2124 3117">
     <span class='ocr_line' id='line_1_46' title="bbox 551 3040 2124 3117; baseline -0.002 -21"><span class='ocrx_word' id='word_1_352' title='bbox 551 3067 569 3096; x_wconf 80' lang='grc' dir='ltr'>ι</span> <span class='ocrx_word' id='word_1_353' title='bbox 619 3045 1049 3117; x_wconf 81' lang='lat' dir='ltr'><strong>congregationis</strong></span> <span class='ocrx_word' id='word_1_354' title='bbox 1103 3053 1241 3111; x_wconf 79' lang='lat' dir='ltr'><strong>tuae,</strong></span> <span class='ocrx_word' id='word_1_355' title='bbox 1293 3059 1455 3114; x_wconf 89' lang='lat' dir='ltr'><strong>quam</strong></span> <span class='ocrx_word' id='word_1_356' title='bbox 1510 3042 1796 3113; x_wconf 85' lang='lat' dir='ltr'><strong>possedisti</strong></span> <span class='ocrx_word' id='word_1_357' title='bbox 1836 3041 1904 3096; x_wconf 88' lang='lat' dir='ltr'><strong>ab</strong></span> <span class='ocrx_word' id='word_1_358' title='bbox 1953 3040 2124 3096; x_wconf 92' lang='lat' dir='ltr'><strong>initio.</strong></span> 
     </span>
    </p>
   </div>
   <div class='ocr_carea' id='block_1_47' title="bbox 2228 1865 3760 1943">
    <p class='ocr_par' dir='ltr' id='par_1_47' title="bbox 2228 1865 3760 1943">
     <span class='ocr_line' id='line_1_47' title="bbox 2228 1865 3760 1943; baseline 0.002 -25"><span class='ocrx_word' id='word_1_359' title='bbox 2228 1865 2480 1943; x_wconf 86' lang='lat' dir='ltr'><strong>populum</strong></span> <span class='ocrx_word' id='word_1_360' title='bbox 2514 1865 2894 1937; x_wconf 89' lang='lat' dir='ltr'><strong>designemus;</strong></span> <span class='ocrx_word' id='word_1_361' title='bbox 2940 1873 2996 1922; x_wconf 88' lang='lat' dir='ltr'><strong>et</strong></span> <span class='ocrx_word' id='word_1_362' title='bbox 3039 1881 3145 1922; x_wconf 88' lang='lat' dir='ltr'><strong>non</strong></span> <span class='ocrx_word' id='word_1_363' title='bbox 3187 1865 3585 1937; x_wconf 88' lang='lat' dir='ltr'><strong>qualescunque</strong></span> <span class='ocrx_word' id='word_1_364' title='bbox 3618 1867 3663 1923; x_wconf 91' lang='lat' dir='ltr'><strong>in</strong></span> <span class='ocrx_word' id='word_1_365' title='bbox 3689 1882 3760 1938; x_wconf 89' lang='lat' dir='ltr'><strong>po-</strong></span> 
     </span>
    </p>
   </div>
   <div class='ocr_carea' id='block_1_48' title="bbox 2226 1954 3756 2028">
    <p class='ocr_par' dir='ltr' id='par_1_48' title="bbox 2226 1954 3756 2028">
     <span class='ocr_line' id='line_1_48' title="bbox 2226 1954 3756 2028; baseline 0.001 -19"><span class='ocrx_word' id='word_1_366' title='bbox 2226 1955 2353 2027; x_wconf 92' lang='lat' dir='ltr'><strong>pulo</strong></span> <span class='ocrx_word' id='word_1_367' title='bbox 2380 1954 2471 2011; x_wconf 91' lang='lat' dir='ltr'><strong>illo</strong></span> <span class='ocrx_word' id='word_1_368' title='bbox 2496 1954 2795 2026; x_wconf 89' lang='lat' dir='ltr'><strong>accipiendi</strong></span> <span class='ocrx_word' id='word_1_369' title='bbox 2836 1964 2963 2012; x_wconf 90' lang='lat' dir='ltr'><strong>sunt</strong></span> <span class='ocrx_word' id='word_1_370' title='bbox 2994 1955 3103 2021; x_wconf 90' lang='lat' dir='ltr'><strong>hic,</strong></span> <span class='ocrx_word' id='word_1_371' title='bbox 3132 1956 3225 2012; x_wconf 88' lang='lat' dir='ltr'><strong>sed</strong></span> <span class='ocrx_word' id='word_1_372' title='bbox 3273 1955 3351 2011; x_wconf 90' lang='lat' dir='ltr'><strong>illi</strong></span> <span class='ocrx_word' id='word_1_373' title='bbox 3395 1965 3594 2012; x_wconf 86' lang='lat' dir='ltr'><strong>tantum</strong></span> <span class='ocrx_word' id='word_1_374' title='bbox 3617 1959 3693 2028; x_wconf 86' lang='lat' dir='ltr'><strong>qui</strong></span> <span class='ocrx_word' id='word_1_375' title='bbox 3720 1958 3756 2010; x_wconf 89' lang='lat' dir='ltr'><strong>in</strong></span> 
     </span>
    </p>
   </div>
   <div class='ocr_carea' id='block_1_49' title="bbox 2227 2045 3754 2119">
    <p class='ocr_par' dir='ltr' id='par_1_49' title="bbox 2227 2045 3754 2119">
     <span class='ocr_line' id='line_1_49' title="bbox 2227 2045 3754 2119; baseline 0.001 -18"><span class='ocrx_word' id='word_1_376' title='bbox 2227 2045 2432 2101; x_wconf 88' lang='lat' dir='ltr'><strong>semine</strong></span> <span class='ocrx_word' id='word_1_377' title='bbox 2458 2057 2584 2102; x_wconf 89' lang='lat' dir='ltr'><strong>sunt</strong></span> <span class='ocrx_word' id='word_1_378' title='bbox 2605 2047 2910 2118; x_wconf 91' lang='lat' dir='ltr'><strong>reputandi,</strong></span> <span class='ocrx_word' id='word_1_379' title='bbox 2940 2063 3045 2103; x_wconf 86' lang='lat' dir='ltr'><strong>non</strong></span> <span class='ocrx_word' id='word_1_380' title='bbox 3069 2047 3212 2104; x_wconf 88' lang='lat' dir='ltr'><strong>inter</strong></span> <span class='ocrx_word' id='word_1_381' title='bbox 3237 2047 3423 2119; x_wconf 85' lang='lat' dir='ltr'><strong>paleas</strong></span> <span class='ocrx_word' id='word_1_382' title='bbox 3454 2048 3754 2112; x_wconf 86' lang='lat' dir='ltr'><strong>numerandi;</strong></span> 
     </span>
    </p>
   </div>
   <div class='ocr_carea' id='block_1_50' title="bbox 2228 2136 3756 2210">
    <p class='ocr_par' dir='ltr' id='par_1_50' title="bbox 2228 2136 3756 2210">
     <span class='ocr_line' id='line_1_50' title="bbox 2228 2136 3756 2210; baseline 0.003 -20"><span class='ocrx_word' id='word_1_383' title='bbox 2228 2151 2334 2191; x_wconf 91' lang='lat' dir='ltr'><strong>non</strong></span> <span class='ocrx_word' id='word_1_384' title='bbox 2374 2136 2471 2192; x_wconf 89' lang='lat' dir='ltr'><strong>ﬁlii</strong></span> <span class='ocrx_word' id='word_1_385' title='bbox 2520 2137 2753 2195; x_wconf 71' lang='lat' dir='ltr'><strong>Abt-alue</strong></span> <span class='ocrx_word' id='word_1_386' title='bbox 2795 2148 2918 2195; x_wconf 91' lang='lat' dir='ltr'><strong>sunt</strong></span> <span class='ocrx_word' id='word_1_387' title='bbox 2965 2140 3258 2196; x_wconf 85' lang='lat' dir='ltr'><strong>secundum</strong></span> <span class='ocrx_word' id='word_1_388' title='bbox 3288 2156 3533 2207; x_wconf 90' lang='lat' dir='ltr'><strong>carnem,</strong></span> <span class='ocrx_word' id='word_1_389' title='bbox 3575 2141 3657 2197; x_wconf 89' lang='lat' dir='ltr'><strong>sed</strong></span> <span class='ocrx_word' id='word_1_390' title='bbox 3690 2142 3756 2210; x_wconf 87' lang='lat' dir='ltr'><strong>qui</strong></span> 
     </span>
    </p>
   </div>
   <div class='ocr_carea' id='block_1_51' title="bbox 2228 2225 3756 2287">
    <p class='ocr_par' dir='ltr' id='par_1_51' title="bbox 2228 2225 3756 2287">
     <span class='ocr_line' id='line_1_51' title="bbox 2228 2225 3756 2287; baseline 0.001 -5"><span class='ocrx_word' id='word_1_391' title='bbox 2228 2240 2353 2282; x_wconf 90' lang='lat' dir='ltr'><strong>eum</strong></span> <span class='ocrx_word' id='word_1_392' title='bbox 2382 2225 2665 2287; x_wconf 86' lang='lat' dir='ltr'><strong>imitantur</strong></span> <span class='ocrx_word' id='word_1_393' title='bbox 2694 2229 2987 2284; x_wconf 90' lang='lat' dir='ltr'><strong>secundum</strong></span> <span class='ocrx_word' id='word_1_394' title='bbox 3019 2226 3203 2284; x_wconf 85' lang='lat' dir='ltr'><strong>ﬁdem.</strong></span> <span class='ocrx_word' id='word_1_395' title='bbox 3236 2227 3310 2285; x_wconf 88' lang='lat' dir='ltr'><strong>Ut</strong></span> <span class='ocrx_word' id='word_1_396' title='bbox 3348 2240 3526 2286; x_wconf 88' lang='lat' dir='ltr'><strong>autem</strong></span> <span class='ocrx_word' id='word_1_397' title='bbox 3558 2229 3670 2284; x_wconf 80' lang='lat' dir='ltr'><strong>tales</strong></span> <span class='ocrx_word' id='word_1_398' title='bbox 3694 2230 3756 2284; x_wconf 83' lang='lat' dir='ltr'><strong>in-</strong></span> 
     </span>
    </p>
   </div>
   <div class='ocr_carea' id='block_1_52' title="bbox 2231 2314 3753 2389">
    <p class='ocr_par' dir='ltr' id='par_1_52' title="bbox 2231 2314 3753 2389">
     <span class='ocr_line' id='line_1_52' title="bbox 2231 2314 3753 2389; baseline -0.001 -17"><span class='ocrx_word' id='word_1_399' title='bbox 2231 2316 2553 2389; x_wconf 85' lang='lat' dir='ltr'><strong>telligamus,</strong></span> <span class='ocrx_word' id='word_1_400' title='bbox 2594 2326 2748 2374; x_wconf 90' lang='lat' dir='ltr'><strong>notat</strong></span> <span class='ocrx_word' id='word_1_401' title='bbox 2791 2317 2949 2374; x_wconf 88' lang='lat' dir='ltr'><strong>nobis</strong></span> <span class='ocrx_word' id='word_1_402' title='bbox 2984 2314 3455 2377; x_wconf 31' lang='lat' dir='ltr'><strong>hoc‘vocabulum</strong></span> <span class='ocrx_word' id='word_1_403' title='bbox 3499 2319 3753 2383; x_wconf 76' lang='lat' dir='ltr'><strong>iiuellecm,</strong></span> 
     </span>
    </p>
   </div>
   <div class='ocr_carea' id='block_1_53' title="bbox 2228 2408 3857 2485">
    <p class='ocr_par' dir='ltr' id='par_1_53' title="bbox 2228 2408 3857 2485">
     <span class='ocr_line' id='line_1_53' title="bbox 2228 2408 3857 2485; baseline 0.001 -22"><span class='ocrx_word' id='word_1_404' title='bbox 2228 2410 2371 2480; x_wconf 89' lang='lat' dir='ltr'><strong>quod</strong></span> <span class='ocrx_word' id='word_1_405' title='bbox 2412 2408 2656 2482; x_wconf 77' lang='lat' dir='ltr'><strong>jungitur</strong></span> <span class='ocrx_word' id='word_1_406' title='bbox 2710 2410 2909 2481; x_wconf 70' lang='lat' dir='ltr'><strong>Asopia.</strong></span> <span class='ocrx_word' id='word_1_407' title='bbox 2956 2408 3091 2465; x_wconf 82' lang='lat' dir='ltr'><strong>Nam</strong></span> <span class='ocrx_word' id='word_1_408' title='bbox 3152 2426 3345 2467; x_wconf 84' lang='lat' dir='ltr'><strong>eorum</strong></span> <span class='ocrx_word' id='word_1_409' title='bbox 3407 2427 3510 2466; x_wconf 81' lang='lat' dir='ltr'><strong>vox</strong></span> <span class='ocrx_word' id='word_1_410' title='bbox 3559 2419 3634 2466; x_wconf 91' lang='lat' dir='ltr'><strong>est</strong></span> <span class='ocrx_word' id='word_1_411' title='bbox 3682 2411 3756 2465; x_wconf 86' lang='lat' dir='ltr'><strong>hoc</strong></span> <span class='ocrx_word' id='word_1_412' title='bbox 3856 2408 3857 2485; x_wconf 57' lang='grc' dir='ltr'><em>ξ</em></span> 
     </span>
    </p>
   </div>
   <div class='ocr_carea' id='block_1_54' title="bbox 2226 2500 3751 2583">
    <p class='ocr_par' dir='ltr' id='par_1_54' title="bbox 2226 2500 3751 2583">
     <span class='ocr_line' id='line_1_54' title="bbox 2226 2500 3751 2583; baseline -0.001 -27"><span class='ocrx_word' id='word_1_413' title='bbox 2226 2500 2457 2573; x_wconf 90' lang='lat' dir='ltr'><strong>psalmo,</strong></span> <span class='ocrx_word' id='word_1_414' title='bbox 2489 2501 2581 2573; x_wconf 90' lang='lat' dir='ltr'><strong>qui</strong></span> <span class='ocrx_word' id='word_1_415' title='bbox 2614 2511 2935 2573; x_wconf 87' lang='lat' dir='ltr'><strong>receperunt</strong></span> <span class='ocrx_word' id='word_1_416' title='bbox 2960 2501 3130 2583; x_wconf 77' lang='lat' dir='ltr'><strong>Vetus</strong></span> <span class='ocrx_word' id='word_1_417' title='bbox 3162 2501 3584 2569; x_wconf 88' lang='lat' dir='ltr'><strong>Testamentum,</strong></span> <span class='ocrx_word' id='word_1_418' title='bbox 3605 2513 3652 2558; x_wconf 91' lang='lat' dir='ltr'><strong>et</strong></span> <span class='ocrx_word' id='word_1_419' title='bbox 3686 2502 3751 2572; x_wconf 85' lang='lat' dir='ltr'><strong>qni</strong></span> 
     </span>
    </p>
   </div>
   <div class='ocr_carea' id='block_1_55' title="bbox 2124 2592 3753 2662">
    <p class='ocr_par' dir='ltr' id='par_1_55' title="bbox 2124 2592 3753 2662">
     <span class='ocr_line' id='line_1_55' title="bbox 2124 2592 3753 2662; baseline 0.001 -14"><span class='ocrx_word' id='word_1_420' title='bbox 2124 2639 2133 2648; x_wconf 73' lang='grc'>,</span> <span class='ocrx_word' id='word_1_421' title='bbox 2226 2606 2326 2662; x_wconf 89' lang='lat' dir='ltr'><strong>per</strong></span> <span class='ocrx_word' id='word_1_422' title='bbox 2376 2593 2507 2648; x_wconf 92' lang='lat' dir='ltr'><strong>illud</strong></span> <span class='ocrx_word' id='word_1_423' title='bbox 2556 2592 2765 2650; x_wconf 88' lang='lat' dir='ltr'><strong>Novum</strong></span> <span class='ocrx_word' id='word_1_424' title='bbox 2817 2593 3224 2651; x_wconf 84' lang='lat' dir='ltr'><strong>Testamentum</strong></span> <span class='ocrx_word' id='word_1_425' title='bbox 3267 2596 3634 2652; x_wconf 80' lang='lat' dir='ltr'><strong>intellexerunt</strong></span> <span class='ocrx_word' id='word_1_426' title='bbox 3665 2610 3753 2651; x_wconf 78' lang='lat' dir='ltr'><strong>esse</strong></span> 
     </span>
    </p>
   </div>
   <div class='ocr_carea' id='block_1_56' title="bbox 2227 2682 3750 2759">
    <p class='ocr_par' dir='ltr' id='par_1_56' title="bbox 2227 2682 3750 2759">
     <span class='ocr_line' id='line_1_56' title="bbox 2227 2682 3750 2759; baseline 0.001 -21"><span class='ocrx_word' id='word_1_427' title='bbox 2227 2682 2488 2740; x_wconf 78' lang='lat' dir='ltr'><strong>futurum.</strong></span> <span class='ocrx_word' id='word_1_428' title='bbox 2538 2685 2593 2740; x_wconf 89' lang='lat' dir='ltr'><strong>ln</strong></span> <span class='ocrx_word' id='word_1_429' title='bbox 2647 2685 2843 2756; x_wconf 89' lang='lat' dir='ltr'><strong>quibus</strong></span> <span class='ocrx_word' id='word_1_430' title='bbox 2882 2685 3095 2743; x_wconf 89' lang='lat' dir='ltr'><strong>duobus</strong></span> <span class='ocrx_word' id='word_1_431' title='bbox 3138 2686 3503 2744; x_wconf 83' lang='lat' dir='ltr'><strong>Testamentis</strong></span> <span class='ocrx_word' id='word_1_432' title='bbox 3537 2695 3750 2759; x_wconf 57' lang='lat' dir='ltr'><strong>precept:</strong></span> 
     </span>
    </p>
   </div>
   <div class='ocr_carea' id='block_1_57' title="bbox 2228 2774 3748 2851">
    <p class='ocr_par' dir='ltr' id='par_1_57' title="bbox 2228 2774 3748 2851">
     <span class='ocr_line' id='line_1_57' title="bbox 2228 2774 3748 2851; baseline -0.001 -18"><span class='ocrx_word' id='word_1_433' title='bbox 2228 2786 2354 2833; x_wconf 91' lang='lat' dir='ltr'><strong>sunt</strong></span> <span class='ocrx_word' id='word_1_434' title='bbox 2384 2777 2604 2843; x_wconf 88' lang='lat' dir='ltr'><strong>eadem;</strong></span> <span class='ocrx_word' id='word_1_435' title='bbox 2634 2778 2762 2847; x_wconf 86' lang='lat' dir='ltr'><strong>quia</strong></span> <span class='ocrx_word' id='word_1_436' title='bbox 2805 2774 2919 2835; x_wconf 64' lang='lat' dir='ltr'><strong>haec</strong></span> <span class='ocrx_word' id='word_1_437' title='bbox 2947 2789 3241 2851; x_wconf 72' lang='lat' dir='ltr'><strong>praecepta,</strong></span> <span class='ocrx_word' id='word_1_438' title='bbox 3285 2778 3414 2835; x_wconf 83' lang='lat' dir='ltr'><strong>Non</strong></span> <span class='ocrx_word' id='word_1_439' title='bbox 3453 2780 3748 2842; x_wconf 73' lang='lat' dir='ltr'><strong>nnecliabm&#39;t,</strong></span> 
     </span>
    </p>
   </div>
   <div class='ocr_carea' id='block_1_58' title="bbox 2230 2857 3750 2944">
    <p class='ocr_par' dir='ltr' id='par_1_58' title="bbox 2230 2857 3750 2944">
     <span class='ocr_line' id='line_1_58' title="bbox 2230 2857 3750 2944; baseline 0.001 -21"><span class='ocrx_word' id='word_1_440' title='bbox 2230 2867 2354 2924; x_wconf 86' lang='lat' dir='ltr'><strong>Non</strong></span> <span class='ocrx_word' id='word_1_441' title='bbox 2384 2869 2584 2939; x_wconf 80' lang='lat' dir='ltr'><strong>furtum</strong></span> <span class='ocrx_word' id='word_1_442' title='bbox 2615 2869 2801 2939; x_wconf 77' lang='lat' dir='ltr'><strong>facies,</strong></span> <span class='ocrx_word' id='word_1_443' title='bbox 2830 2882 2886 2927; x_wconf 89' lang='lat' dir='ltr'><strong>et</strong></span> <span class='ocrx_word' id='word_1_444' title='bbox 2928 2857 3141 2936; x_wconf 64' lang='lat' dir='ltr'><strong>cietéra,</strong></span> <span class='ocrx_word' id='word_1_445' title='bbox 3199 2880 3436 2944; x_wconf 87' lang='lat' dir='ltr'><strong>utroque</strong></span> <span class='ocrx_word' id='word_1_446' title='bbox 3465 2871 3750 2929; x_wconf 84' lang='lat' dir='ltr'><strong>Testamento</strong></span> 
     </span>
    </p>
   </div>
   <div class='ocr_carea' id='block_1_59' title="bbox 2229 2950 3749 3020">
    <p class='ocr_par' dir='ltr' id='par_1_59' title="bbox 2229 2950 3749 3020">
     <span class='ocr_line' id='line_1_59' title="bbox 2229 2950 3749 3020; baseline 0.002 -4"><span class='ocrx_word' id='word_1_447' title='bbox 2229 2970 2355 3016; x_wconf 90' lang='lat' dir='ltr'><strong>sunt</strong></span> <span class='ocrx_word' id='word_1_448' title='bbox 2385 2961 2593 3016; x_wconf 89' lang='lat' dir='ltr'><strong>eadem.</strong></span> <span class='ocrx_word' id='word_1_449' title='bbox 2621 2961 2893 3018; x_wconf 87' lang='lat' dir='ltr'><strong>Promissa</strong></span> <span class='ocrx_word' id='word_1_450' title='bbox 2940 2970 3122 3019; x_wconf 89' lang='lat' dir='ltr'><strong>autem</strong></span> <span class='ocrx_word' id='word_1_451' title='bbox 3166 2962 3398 3019; x_wconf 90' lang='lat' dir='ltr'><strong>duorum</strong></span> <span class='ocrx_word' id='word_1_452' title='bbox 3439 2950 3749 3020; x_wconf 81' lang='lat' dir='ltr'><strong>Testamento-</strong></span> 
     </span>
    </p>
   </div>
   <div class='ocr_carea' id='block_1_60' title="bbox 2232 3049 3747 3124">
    <p class='ocr_par' dir='ltr' id='par_1_60' title="bbox 2232 3049 3747 3124">
     <span class='ocr_line' id='line_1_60' title="bbox 2232 3049 3747 3124; baseline -0.001 -17"><span class='ocrx_word' id='word_1_453' title='bbox 2232 3067 2349 3107; x_wconf 82' lang='lat' dir='ltr'><strong>rum</strong></span> <span class='ocrx_word' id='word_1_454' title='bbox 2384 3060 2510 3106; x_wconf 90' lang='lat' dir='ltr'><strong>sunt</strong></span> <span class='ocrx_word' id='word_1_455' title='bbox 2532 3051 2769 3118; x_wconf 91' lang='lat' dir='ltr'><strong>diversa,</strong></span> <span class='ocrx_word' id='word_1_456' title='bbox 2791 3052 2918 3122; x_wconf 88' lang='lat' dir='ltr'><strong>quia</strong></span> <span class='ocrx_word' id='word_1_457' title='bbox 2944 3053 3209 3124; x_wconf 87' lang='lat' dir='ltr'><strong>promissa</strong></span> <span class='ocrx_word' id='word_1_458' title='bbox 3238 3049 3456 3111; x_wconf 82' lang='lat' dir='ltr'><strong>Veteris</strong></span> <span class='ocrx_word' id='word_1_459' title='bbox 3480 3051 3747 3110; x_wconf 82' lang='lat' dir='ltr'><strong>Testamenti</strong></span> 
     </span>
    </p>
   </div>
   <div class='ocr_carea' id='block_1_61' title="bbox 550 3128 3748 3215">
    <p class='ocr_par' dir='ltr' id='par_1_61' title="bbox 550 3128 3748 3215">
     <span class='ocr_line' id='line_1_61' title="bbox 550 3128 3748 3215; baseline 0.003 -28"><span class='ocrx_word' id='word_1_460' title='bbox 550 3157 569 3187; x_wconf 74' lang='grc' dir='ltr'>ι</span> <span class='ocrx_word' id='word_1_461' title='bbox 618 3137 909 3193; x_wconf 83' lang='lat' dir='ltr'><strong>Rcdemisti</strong></span> <span class='ocrx_word' id='word_1_462' title='bbox 942 3137 1146 3209; x_wconf 79' lang='lat' dir='ltr'><strong>virgam</strong></span> <span class='ocrx_word' id='word_1_463' title='bbox 1167 3134 1500 3191; x_wconf 73' lang='lat' dir='ltr'><strong>hmreditatis</strong></span> <span class='ocrx_word' id='word_1_464' title='bbox 1531 3143 1635 3190; x_wconf 70' lang='lat' dir='ltr'><strong>tute</strong></span> <span class='ocrx_word' id='word_1_465' title='bbox 1664 3151 1677 3189; x_wconf 89' lang='lat'><strong>:</strong></span> <span class='ocrx_word' id='word_1_466' title='bbox 1703 3148 1859 3189; x_wconf 89' lang='lat' dir='ltr'><strong>mons</strong></span> <span class='ocrx_word' id='word_1_467' title='bbox 1882 3131 2037 3197; x_wconf 89' lang='lat' dir='ltr'><strong>Sion,</strong></span> <span class='ocrx_word' id='word_1_468' title='bbox 2067 3132 2120 3185; x_wconf 86' lang='lat' dir='ltr'><strong>in</strong></span> <span class='ocrx_word' id='word_1_469' title='bbox 2148 3128 2193 3188; x_wconf 89' lang='lat' dir='ltr'><strong>C</strong></span> <span class='ocrx_word' id='word_1_470' title='bbox 2223 3150 2349 3196; x_wconf 73' lang='lat' dir='ltr'><strong>sum</strong></span> <span class='ocrx_word' id='word_1_471' title='bbox 2388 3141 2503 3196; x_wconf 66' lang='lat' dir='ltr'><strong>haec</strong></span> <span class='ocrx_word' id='word_1_472' title='bbox 2527 3158 2542 3195; x_wconf 88' lang='lat'><strong>:</strong></span> <span class='ocrx_word' id='word_1_473' title='bbox 2566 3139 2734 3195; x_wconf 80' lang='lat' dir='ltr'><strong>Terra</strong></span> <span class='ocrx_word' id='word_1_474' title='bbox 2761 3139 3040 3209; x_wconf 86' lang='lat' dir='ltr'><strong>Chanaan,</strong></span> <span class='ocrx_word' id='word_1_475' title='bbox 3077 3151 3217 3199; x_wconf 90' lang='lat' dir='ltr'><strong>terra</strong></span> <span class='ocrx_word' id='word_1_476' title='bbox 3246 3145 3491 3215; x_wconf 87' lang='lat' dir='ltr'><strong>copiosa,</strong></span> <span class='ocrx_word' id='word_1_477' title='bbox 3524 3143 3748 3199; x_wconf 73' lang='lat' dir='ltr'><strong>abundans</strong></span> 
     </span>
    </p>
   </div>
   <div class='ocr_carea' id='block_1_62' title="bbox 553 3227 2124 3301">
    <p class='ocr_par' dir='ltr' id='par_1_62' title="bbox 553 3227 2124 3301">
     <span class='ocr_line' id='line_1_62' title="bbox 553 3227 2124 3301; baseline 0.001 -19"><span class='ocrx_word' id='word_1_478' title='bbox 553 3251 571 3282; x_wconf 77' lang='grc' dir='ltr'>ι</span> <span class='ocrx_word' id='word_1_479' title='bbox 615 3246 723 3301; x_wconf 92' lang='lat' dir='ltr'><strong>quo</strong></span> <span class='ocrx_word' id='word_1_480' title='bbox 750 3230 1003 3285; x_wconf 87' lang='lat' dir='ltr'><strong>habitasti</strong></span> <span class='ocrx_word' id='word_1_481' title='bbox 1029 3230 1083 3285; x_wconf 91' lang='lat' dir='ltr'><strong>in</strong></span> <span class='ocrx_word' id='word_1_482' title='bbox 1115 3245 1200 3285; x_wconf 90' lang='lat' dir='ltr'><strong>eo.</strong></span> <span class='ocrx_word' id='word_1_483' title='bbox 1230 3229 1373 3285; x_wconf 88' lang='lat' dir='ltr'><strong>Leva</strong></span> <span class='ocrx_word' id='word_1_484' title='bbox 1396 3228 1588 3284; x_wconf 88' lang='lat' dir='ltr'><strong>manus</strong></span> <span class='ocrx_word' id='word_1_485' title='bbox 1614 3236 1730 3285; x_wconf 91' lang='lat' dir='ltr'><strong>tuas</strong></span> <span class='ocrx_word' id='word_1_486' title='bbox 1757 3228 1812 3283; x_wconf 93' lang='lat' dir='ltr'><strong>in</strong></span> <span class='ocrx_word' id='word_1_487' title='bbox 1842 3227 2124 3299; x_wconf 74' lang='lat' dir='ltr'><strong>superbius</strong></span> 
     </span>
    </p>
   </div>
   <div class='ocr_carea' id='block_1_63' title="bbox 552 3320 2125 3393">
    <p class='ocr_par' dir='ltr' id='par_1_63' title="bbox 552 3320 2125 3393">
     <span class='ocr_line' id='line_1_63' title="bbox 552 3320 2125 3393; baseline -0.001 -18"><span class='ocrx_word' id='word_1_488' title='bbox 552 3344 569 3375; x_wconf 77' lang='grc' dir='ltr'>ι</span> <span class='ocrx_word' id='word_1_489' title='bbox 598 3339 805 3379; x_wconf 71' lang='lat' dir='ltr'><strong>eorum</strong></span> <span class='ocrx_word' id='word_1_490' title='bbox 837 3322 890 3378; x_wconf 93' lang='lat' dir='ltr'><strong>in</strong></span> <span class='ocrx_word' id='word_1_491' title='bbox 927 3323 1088 3381; x_wconf 89' lang='lat' dir='ltr'><strong>ﬁnem</strong></span> <span class='ocrx_word' id='word_1_492' title='bbox 1116 3340 1130 3377; x_wconf 90' lang='lat'><strong>:</strong></span> <span class='ocrx_word' id='word_1_493' title='bbox 1159 3329 1360 3393; x_wconf 86' lang='lat' dir='ltr'><strong>quanta</strong></span> <span class='ocrx_word' id='word_1_494' title='bbox 1400 3320 1722 3393; x_wconf 84' lang='lat' dir='ltr'><strong>malignatus</strong></span> <span class='ocrx_word' id='word_1_495' title='bbox 1747 3330 1832 3378; x_wconf 88' lang='lat' dir='ltr'><strong>est</strong></span> <span class='ocrx_word' id='word_1_496' title='bbox 1875 3321 2125 3376; x_wconf 86' lang='lat' dir='ltr'><strong>inimicus</strong></span> 
     </span>
    </p>
   </div>
   <div class='ocr_carea' id='block_1_64' title="bbox 552 3412 2124 3486">
    <p class='ocr_par' dir='ltr' id='par_1_64' title="bbox 552 3412 2124 3486">
     <span class='ocr_line' id='line_1_64' title="bbox 552 3412 2124 3486; baseline 0 -19"><span class='ocrx_word' id='word_1_497' title='bbox 552 3435 569 3467; x_wconf 74' lang='grc' dir='ltr'>ι</span> <span class='ocrx_word' id='word_1_498' title='bbox 617 3415 668 3470; x_wconf 91' lang='lat' dir='ltr'><strong>in</strong></span> <span class='ocrx_word' id='word_1_499' title='bbox 696 3414 913 3476; x_wconf 68' lang='lat' dir='ltr'><strong>sancto!</strong></span> <span class='ocrx_word' id='word_1_500' title='bbox 936 3414 1232 3486; x_wconf 81' lang='lat' dir='ltr'><strong>Etgloriati</strong></span> <span class='ocrx_word' id='word_1_501' title='bbox 1257 3420 1382 3469; x_wconf 90' lang='lat' dir='ltr'><strong>sunt</strong></span> <span class='ocrx_word' id='word_1_502' title='bbox 1406 3413 1498 3485; x_wconf 93' lang='lat' dir='ltr'><strong>qui</strong></span> <span class='ocrx_word' id='word_1_503' title='bbox 1522 3413 1841 3479; x_wconf 87' lang='lat' dir='ltr'><strong>oderuntte,</strong></span> <span class='ocrx_word' id='word_1_504' title='bbox 1867 3413 1921 3468; x_wconf 90' lang='lat' dir='ltr'><strong>in</strong></span> <span class='ocrx_word' id='word_1_505' title='bbox 1947 3412 2124 3468; x_wconf 87' lang='lat' dir='ltr'><strong>medio</strong></span> 
     </span>
    </p>
   </div>
   <div class='ocr_carea' id='block_1_65' title="bbox 552 3504 2123 3577">
    <p class='ocr_par' dir='ltr' id='par_1_65' title="bbox 552 3504 2123 3577">
     <span class='ocr_line' id='line_1_65' title="bbox 552 3504 2123 3577; baseline 0.001 -18"><span class='ocrx_word' id='word_1_506' title='bbox 552 3526 570 3559; x_wconf 71' lang='grc' dir='ltr'>ι</span> <span class='ocrx_word' id='word_1_507' title='bbox 616 3506 972 3563; x_wconf 80' lang='lat' dir='ltr'><strong>sclemnitatis</strong></span> <span class='ocrx_word' id='word_1_508' title='bbox 1002 3514 1126 3561; x_wconf 69' lang='lat' dir='ltr'><strong>tuae.</strong></span> <span class='ocrx_word' id='word_1_509' title='bbox 1158 3504 1477 3562; x_wconf 53' lang='lat' dir='ltr'><strong>&#39;Posuerunt</strong></span> <span class='ocrx_word' id='word_1_510' title='bbox 1509 3507 1660 3577; x_wconf 90' lang='lat' dir='ltr'><strong>signa</strong></span> <span class='ocrx_word' id='word_1_511' title='bbox 1692 3520 1811 3572; x_wconf 89' lang='lat' dir='ltr'><strong>sua,</strong></span> <span class='ocrx_word' id='word_1_512' title='bbox 1851 3506 2037 3577; x_wconf 86' lang='lat' dir='ltr'><strong>signa;</strong></span> <span class='ocrx_word' id='word_1_513' title='bbox 2069 3514 2123 3562; x_wconf 91' lang='lat' dir='ltr'><strong>et</strong></span> 
     </span>
    </p>
   </div>
   <div class='ocr_carea' id='block_1_66' title="bbox 549 3595 2119 3668">
    <p class='ocr_par' dir='ltr' id='par_1_66' title="bbox 549 3595 2119 3668">
     <span class='ocr_line' id='line_1_66' title="bbox 549 3595 2119 3668; baseline 0.001 -20"><span class='ocrx_word' id='word_1_514' title='bbox 549 3616 568 3648; x_wconf 80' lang='grc' dir='ltr'>ι</span> <span class='ocrx_word' id='word_1_515' title='bbox 616 3613 721 3652; x_wconf 91' lang='lat' dir='ltr'><strong>non</strong></span> <span class='ocrx_word' id='word_1_516' title='bbox 753 3605 1119 3668; x_wconf 84' lang='lat' dir='ltr'><strong>cognoverunt</strong></span> <span class='ocrx_word' id='word_1_517' title='bbox 1167 3595 1309 3653; x_wconf 76' lang='lat' dir='ltr'><strong>Sicut</strong></span> <span class='ocrx_word' id='word_1_518' title='bbox 1347 3597 1401 3652; x_wconf 94' lang='lat' dir='ltr'><strong>in</strong></span> <span class='ocrx_word' id='word_1_519' title='bbox 1428 3597 1577 3652; x_wconf 79' lang='lat' dir='ltr'><strong>exitu</strong></span> <span class='ocrx_word' id='word_1_520' title='bbox 1629 3612 1789 3666; x_wconf 89' lang='lat' dir='ltr'><strong>super</strong></span> <span class='ocrx_word' id='word_1_521' title='bbox 1827 3611 2119 3651; x_wconf 89' lang='lat' dir='ltr'><strong>summum.</strong></span> 
     </span>
    </p>
   </div>
   <div class='ocr_carea' id='block_1_67' title="bbox 551 3686 2119 3760">
    <p class='ocr_par' dir='ltr' id='par_1_67' title="bbox 551 3686 2119 3760">
     <span class='ocr_line' id='line_1_67' title="bbox 551 3686 2119 3760; baseline 0 -19"><span class='ocrx_word' id='word_1_522' title='bbox 551 3688 773 3755; x_wconf 64' lang='lat' dir='ltr'><strong>«‘Quasi</strong></span> <span class='ocrx_word' id='word_1_523' title='bbox 803 3689 856 3743; x_wconf 91' lang='lat' dir='ltr'><strong>in</strong></span> <span class='ocrx_word' id='word_1_524' title='bbox 898 3688 1031 3744; x_wconf 87' lang='lat' dir='ltr'><strong>silva</strong></span> <span class='ocrx_word' id='word_1_525' title='bbox 1061 3688 1326 3760; x_wconf 88' lang='lat' dir='ltr'><strong>lignorum</strong></span> <span class='ocrx_word' id='word_1_526' title='bbox 1362 3688 1650 3744; x_wconf 83' lang='lat' dir='ltr'><strong>securibus</strong></span> <span class='ocrx_word' id='word_1_527' title='bbox 1692 3688 2008 3743; x_wconf 79' lang='lat' dir='ltr'><strong>exciderunt</strong></span> <span class='ocrx_word' id='word_1_528' title='bbox 2031 3686 2119 3756; x_wconf 85' lang='lat' dir='ltr'><strong>ja-</strong></span> 
     </span>
    </p>
   </div>
   <div class='ocr_carea' id='block_1_68' title="bbox 542 3778 2122 3852">
    <p class='ocr_par' dir='ltr' id='par_1_68' title="bbox 542 3778 2122 3852">
     <span class='ocr_line' id='line_1_68' title="bbox 542 3778 2122 3852; baseline 0.003 -22"><span class='ocrx_word' id='word_1_529' title='bbox 542 3797 569 3830; x_wconf 68' lang='grc'><strong><em>4</em></strong></span> <span class='ocrx_word' id='word_1_530' title='bbox 616 3796 752 3837; x_wconf 89' lang='lat' dir='ltr'><strong>nuas</strong></span> <span class='ocrx_word' id='word_1_531' title='bbox 789 3779 904 3850; x_wconf 85' lang='lat' dir='ltr'><strong>ejus</strong></span> <span class='ocrx_word' id='word_1_532' title='bbox 948 3781 1004 3836; x_wconf 79' lang='lat' dir='ltr'><strong>in</strong></span> <span class='ocrx_word' id='word_1_533' title='bbox 1038 3781 1303 3852; x_wconf 87' lang='lat' dir='ltr'><strong>idipsum;</strong></span> <span class='ocrx_word' id='word_1_534' title='bbox 1345 3780 1399 3835; x_wconf 91' lang='lat' dir='ltr'><strong>in</strong></span> <span class='ocrx_word' id='word_1_535' title='bbox 1428 3780 1603 3836; x_wconf 88' lang='lat' dir='ltr'><strong>securi</strong></span> <span class='ocrx_word' id='word_1_536' title='bbox 1638 3788 1694 3836; x_wconf 89' lang='lat' dir='ltr'><strong>et</strong></span> <span class='ocrx_word' id='word_1_537' title='bbox 1736 3780 1882 3837; x_wconf 89' lang='lat' dir='ltr'><strong>ascia</strong></span> <span class='ocrx_word' id='word_1_538' title='bbox 1918 3778 2122 3849; x_wconf 74' lang='lat' dir='ltr'><strong>deiece-</strong></span> 
     </span>
    </p>
   </div>
   <div class='ocr_carea' id='block_1_69' title="bbox 546 3870 2141 3949">
    <p class='ocr_par' dir='ltr' id='par_1_69' title="bbox 546 3870 2141 3949">
     <span class='ocr_line' id='line_1_69' title="bbox 546 3870 2141 3949; baseline 0.003 -27"><span class='ocrx_word' id='word_1_539' title='bbox 546 3892 565 3922; x_wconf 73' lang='grc' dir='ltr'>ι</span> <span class='ocrx_word' id='word_1_540' title='bbox 612 3881 735 3926; x_wconf 91' lang='lat' dir='ltr'><strong>runt</strong></span> <span class='ocrx_word' id='word_1_541' title='bbox 762 3871 1287 3928; x_wconf 82' lang='lat' dir='ltr'><strong>eam.1ncenderunt</strong></span> <span class='ocrx_word' id='word_1_542' title='bbox 1313 3870 1420 3943; x_wconf 91' lang='lat' dir='ltr'><strong>igni</strong></span> <span class='ocrx_word' id='word_1_543' title='bbox 1448 3873 1819 3928; x_wconf 90' lang='lat' dir='ltr'><strong>sanctuarium</strong></span> <span class='ocrx_word' id='word_1_544' title='bbox 1844 3881 2031 3940; x_wconf 89' lang='lat' dir='ltr'><strong>tuum;</strong></span> <span class='ocrx_word' id='word_1_545' title='bbox 2065 3873 2141 3949; x_wconf 87' lang='lat' dir='ltr'><strong>in_</strong></span> 
     </span>
    </p>
   </div>
   <div class='ocr_carea' id='block_1_70' title="bbox 548 3961 2120 4031">
    <p class='ocr_par' dir='ltr' id='par_1_70' title="bbox 548 3961 2120 4031">
     <span class='ocr_line' id='line_1_70' title="bbox 548 3961 2120 4031; baseline 0.003 -20"><span class='ocrx_word' id='word_1_546' title='bbox 548 3981 567 4011; x_wconf 85' lang='grc'><em>‹</em></span> <span class='ocrx_word' id='word_1_547' title='bbox 615 3970 752 4015; x_wconf 88' lang='lat' dir='ltr'><strong>terra</strong></span> <span class='ocrx_word' id='word_1_548' title='bbox 781 3961 1087 4031; x_wconf 88' lang='lat' dir='ltr'><strong>polluerunt</strong></span> <span class='ocrx_word' id='word_1_549' title='bbox 1112 3961 1516 4017; x_wconf 86' lang='lat' dir='ltr'><strong>tabernaculum</strong></span> <span class='ocrx_word' id='word_1_550' title='bbox 1561 3961 1793 4017; x_wconf 91' lang='lat' dir='ltr'><strong>nominis</strong></span> <span class='ocrx_word' id='word_1_551' title='bbox 1820 3961 1916 4017; x_wconf 91' lang='lat' dir='ltr'><strong>tui.</strong></span> <span class='ocrx_word' id='word_1_552' title='bbox 1960 3961 2120 4016; x_wconf 79' lang='lat' dir='ltr'><strong>Dixe-</strong></span> 
     </span>
    </p>
   </div>
   <div class='ocr_carea' id='block_1_71' title="bbox 549 4050 2118 4127">
    <p class='ocr_par' dir='ltr' id='par_1_71' title="bbox 549 4050 2118 4127">
     <span class='ocr_line' id='line_1_71' title="bbox 549 4050 2118 4127; baseline 0.003 -26"><span class='ocrx_word' id='word_1_553' title='bbox 549 4069 567 4101; x_wconf 74' lang='grc' dir='ltr'>ι</span> <span class='ocrx_word' id='word_1_554' title='bbox 616 4060 740 4104; x_wconf 91' lang='lat' dir='ltr'><strong>runt</strong></span> <span class='ocrx_word' id='word_1_555' title='bbox 770 4050 821 4127; x_wconf 85' lang='lat' dir='ltr'><strong>in</strong></span> <span class='ocrx_word' id='word_1_556' title='bbox 839 4051 999 4121; x_wconf 88' lang='lat' dir='ltr'><strong>corde</strong></span> <span class='ocrx_word' id='word_1_557' title='bbox 1018 4065 1118 4107; x_wconf 93' lang='lat' dir='ltr'><strong>suo</strong></span> <span class='ocrx_word' id='word_1_558' title='bbox 1140 4052 1390 4124; x_wconf 87' lang='lat' dir='ltr'><strong>cognatio</strong></span> <span class='ocrx_word' id='word_1_559' title='bbox 1403 4065 1591 4107; x_wconf 90' lang='lat' dir='ltr'><strong>eorum</strong></span> <span class='ocrx_word' id='word_1_560' title='bbox 1612 4051 1806 4106; x_wconf 89' lang='lat' dir='ltr'><strong>simul:</strong></span> <span class='ocrx_word' id='word_1_561' title='bbox 1830 4050 2118 4118; x_wconf 86' lang='lat' dir='ltr'><strong>Quiescere</strong></span> 
     </span>
    </p>
   </div>
   <div class='ocr_carea' id='block_1_72' title="bbox 548 4142 2113 4215">
    <p class='ocr_par' dir='ltr' id='par_1_72' title="bbox 548 4142 2113 4215">
     <span class='ocr_line' id='line_1_72' title="bbox 548 4142 2113 4215; baseline 0.005 -23"><span class='ocrx_word' id='word_1_562' title='bbox 548 4163 564 4192; x_wconf 79' lang='grc' dir='ltr'><strong>ι</strong></span> <span class='ocrx_word' id='word_1_563' title='bbox 619 4142 877 4199; x_wconf 74' lang='lat' dir='ltr'><strong>faciamus</strong></span> <span class='ocrx_word' id='word_1_564' title='bbox 924 4158 1114 4201; x_wconf 90' lang='lat' dir='ltr'><strong>omnes</strong></span> <span class='ocrx_word' id='word_1_565' title='bbox 1156 4145 1272 4202; x_wconf 80' lang='lat' dir='ltr'><strong>dies</strong></span> <span class='ocrx_word' id='word_1_566' title='bbox 1314 4146 1482 4203; x_wconf 78' lang='lat' dir='ltr'><strong>festos</strong></span> <span class='ocrx_word' id='word_1_567' title='bbox 1525 4144 1622 4200; x_wconf 90' lang='lat' dir='ltr'><strong>Dei</strong></span> <span class='ocrx_word' id='word_1_568' title='bbox 1670 4160 1700 4200; x_wconf 91' lang='lat' dir='ltr'><strong>a</strong></span> <span class='ocrx_word' id='word_1_569' title='bbox 1747 4153 1907 4200; x_wconf 87' lang='lat' dir='ltr'><strong>terra.</strong></span> <span class='ocrx_word' id='word_1_570' title='bbox 1953 4144 2113 4215; x_wconf 86' lang='lat' dir='ltr'><strong>Signa</strong></span> 
     </span>
    </p>
   </div>
   <div class='ocr_carea' id='block_1_73' title="bbox 546 4236 2113 4317">
    <p class='ocr_par' dir='ltr' id='par_1_73' title="bbox 546 4236 2113 4317">
     <span class='ocr_line' id='line_1_73' title="bbox 546 4236 2113 4317; baseline 0.006 -32"><span class='ocrx_word' id='word_1_571' title='bbox 546 4255 564 4285; x_wconf 76' lang='grc' dir='ltr'>ι</span> <span class='ocrx_word' id='word_1_572' title='bbox 611 4245 793 4290; x_wconf 87' lang='lat' dir='ltr'><strong>nostra</strong></span> <span class='ocrx_word' id='word_1_573' title='bbox 821 4251 926 4292; x_wconf 93' lang='lat' dir='ltr'><strong>non</strong></span> <span class='ocrx_word' id='word_1_574' title='bbox 961 4236 1215 4305; x_wconf 76' lang='lat' dir='ltr'><strong>vidimus,</strong></span> <span class='ocrx_word' id='word_1_575' title='bbox 1241 4238 1355 4317; x_wconf 86' lang='lat' dir='ltr'><strong>jam</strong></span> <span class='ocrx_word' id='word_1_576' title='bbox 1382 4254 1489 4295; x_wconf 89' lang='lat' dir='ltr'><strong>non</strong></span> <span class='ocrx_word' id='word_1_577' title='bbox 1522 4245 1606 4294; x_wconf 88' lang='lat' dir='ltr'><strong>est</strong></span> <span class='ocrx_word' id='word_1_578' title='bbox 1626 4237 1910 4309; x_wconf 89' lang='lat' dir='ltr'><strong>propheta,</strong></span> <span class='ocrx_word' id='word_1_579' title='bbox 1937 4246 1994 4293; x_wconf 89' lang='lat' dir='ltr'><strong>et</strong></span> <span class='ocrx_word' id='word_1_580' title='bbox 2021 4253 2113 4294; x_wconf 85' lang='lat' dir='ltr'><strong>nos</strong></span> 
     </span>
    </p>
   </div>
   <div class='ocr_carea' id='block_1_74' title="bbox 545 4330 2110 4404">
    <p class='ocr_par' dir='ltr' id='par_1_74' title="bbox 545 4330 2110 4404">
     <span class='ocr_line' id='line_1_74' title="bbox 545 4330 2110 4404; baseline 0.003 -22"><span class='ocrx_word' id='word_1_581' title='bbox 545 4349 563 4382; x_wconf 71' lang='grc' dir='ltr'>ι</span> <span class='ocrx_word' id='word_1_582' title='bbox 611 4345 715 4384; x_wconf 90' lang='lat' dir='ltr'><strong>non</strong></span> <span class='ocrx_word' id='word_1_583' title='bbox 749 4340 1037 4404; x_wconf 86' lang='lat' dir='ltr'><strong>cognoscet</strong></span> <span class='ocrx_word' id='word_1_584' title='bbox 1065 4332 1315 4404; x_wconf 87' lang='lat' dir='ltr'><strong>amplius.</strong></span> <span class='ocrx_word' id='word_1_585' title='bbox 1365 4332 1678 4404; x_wconf 89' lang='lat' dir='ltr'><strong>Usquequo,</strong></span> <span class='ocrx_word' id='word_1_586' title='bbox 1708 4330 1871 4396; x_wconf 90' lang='lat' dir='ltr'><strong>Deus,</strong></span> <span class='ocrx_word' id='word_1_587' title='bbox 1912 4331 2110 4401; x_wconf 48' lang='lat' dir='ltr'><strong>impro.</strong></span> 
     </span>
    </p>
   </div>
   <div class='ocr_carea' id='block_1_75' title="bbox 546 4420 2110 4497">
    <p class='ocr_par' dir='ltr' id='par_1_75' title="bbox 546 4420 2110 4497">
     <span class='ocr_line' id='line_1_75' title="bbox 546 4420 2110 4497; baseline 0.003 -25"><span class='ocrx_word' id='word_1_588' title='bbox 546 4440 564 4472; x_wconf 74' lang='grc' dir='ltr'>ι</span> <span class='ocrx_word' id='word_1_589' title='bbox 611 4422 820 4492; x_wconf 84' lang='lat' dir='ltr'><strong>perahit</strong></span> <span class='ocrx_word' id='word_1_590' title='bbox 851 4420 1136 4493; x_wconf 84' lang='lat' dir='ltr'><strong>inimicus;</strong></span> <span class='ocrx_word' id='word_1_591' title='bbox 1168 4425 1348 4481; x_wconf 89' lang='lat' dir='ltr'><strong>irritat</strong></span> <span class='ocrx_word' id='word_1_592' title='bbox 1371 4424 1712 4497; x_wconf 80' lang='lat' dir='ltr'><strong>adversarius</strong></span> <span class='ocrx_word' id='word_1_593' title='bbox 1736 4438 1930 4479; x_wconf 89' lang='lat' dir='ltr'><strong>nomen</strong></span> <span class='ocrx_word' id='word_1_594' title='bbox 1963 4432 2110 4478; x_wconf 91' lang='lat' dir='ltr'><strong>tuum</strong></span> 
     </span>
    </p>
   </div>
   <div class='ocr_carea' id='block_1_76' title="bbox 545 4506 2115 4586">
    <p class='ocr_par' dir='ltr' id='par_1_76' title="bbox 545 4506 2115 4586">
     <span class='ocr_line' id='line_1_76' title="bbox 545 4506 2115 4586; baseline 0.004 -22"><span class='ocrx_word' id='word_1_595' title='bbox 545 4531 565 4563; x_wconf 73' lang='grc' dir='ltr'><strong><em>ι</em></strong></span> <span class='ocrx_word' id='word_1_596' title='bbox 611 4514 665 4568; x_wconf 91' lang='lat' dir='ltr'><strong>in</strong></span> <span class='ocrx_word' id='word_1_597' title='bbox 699 4514 894 4569; x_wconf 78' lang='lat' dir='ltr'><strong>ﬁnem?</strong></span> <span class='ocrx_word' id='word_1_598' title='bbox 942 4514 1138 4586; x_wconf 81' lang='lat' dir='ltr'><strong>thuid</strong></span> <span class='ocrx_word' id='word_1_599' title='bbox 1181 4517 1381 4573; x_wconf 89' lang='lat' dir='ltr'><strong>avertis</strong></span> <span class='ocrx_word' id='word_1_600' title='bbox 1409 4506 1626 4572; x_wconf 87' lang='lat' dir='ltr'><strong>manum</strong></span> <span class='ocrx_word' id='word_1_601' title='bbox 1668 4524 1813 4570; x_wconf 92' lang='lat' dir='ltr'><strong>tuam</strong></span> <span class='ocrx_word' id='word_1_602' title='bbox 1852 4513 2115 4571; x_wconf 80' lang='lat' dir='ltr'><strong>etdexte-</strong></span> 
     </span>
    </p>
   </div>
   <div class='ocr_carea' id='block_1_77' title="bbox 537 4603 2117 4664">
    <p class='ocr_par' dir='ltr' id='par_1_77' title="bbox 537 4603 2117 4664">
     <span class='ocr_line' id='line_1_77' title="bbox 537 4603 2117 4664; baseline 0.004 -10"><span class='ocrx_word' id='word_1_603' title='bbox 537 4620 558 4654; x_wconf 78' lang='grc' dir='ltr'>ι</span> <span class='ocrx_word' id='word_1_604' title='bbox 616 4619 730 4658; x_wconf 89' lang='lat' dir='ltr'><strong>ram</strong></span> <span class='ocrx_word' id='word_1_605' title='bbox 761 4614 907 4658; x_wconf 87' lang='lat' dir='ltr'><strong>tuam</strong></span> <span class='ocrx_word' id='word_1_606' title='bbox 949 4605 1015 4662; x_wconf 78' lang='lat' dir='ltr'><strong>ile</strong></span> <span class='ocrx_word' id='word_1_607' title='bbox 1049 4608 1225 4663; x_wconf 87' lang='lat' dir='ltr'><strong>medio</strong></span> <span class='ocrx_word' id='word_1_608' title='bbox 1256 4607 1376 4664; x_wconf 91' lang='lat' dir='ltr'><strong>sinu</strong></span> <span class='ocrx_word' id='word_1_609' title='bbox 1409 4617 1500 4662; x_wconf 93' lang='lat' dir='ltr'><strong>tuo</strong></span> <span class='ocrx_word' id='word_1_610' title='bbox 1529 4608 1582 4661; x_wconf 93' lang='lat' dir='ltr'><strong>in</strong></span> <span class='ocrx_word' id='word_1_611' title='bbox 1619 4604 1818 4660; x_wconf 87' lang='lat' dir='ltr'><strong>ﬁnem?</strong></span> <span class='ocrx_word' id='word_1_612' title='bbox 1843 4603 1985 4660; x_wconf 91' lang='lat' dir='ltr'><strong>Deus</strong></span> <span class='ocrx_word' id='word_1_613' title='bbox 2020 4620 2117 4661; x_wconf 87' lang='lat' dir='ltr'><strong>au-</strong></span> 
     </span>
    </p>
   </div>
   <div class='ocr_carea' id='block_1_78' title="bbox 539 4695 2115 4769">
    <p class='ocr_par' dir='ltr' id='par_1_78' title="bbox 539 4695 2115 4769">
     <span class='ocr_line' id='line_1_78' title="bbox 539 4695 2115 4769; baseline 0.003 -23"><span class='ocrx_word' id='word_1_614' title='bbox 539 4714 557 4746; x_wconf 78' lang='grc' dir='ltr'>ι</span> <span class='ocrx_word' id='word_1_615' title='bbox 613 4704 718 4750; x_wconf 87' lang='lat' dir='ltr'><strong>tem</strong></span> <span class='ocrx_word' id='word_1_616' title='bbox 745 4711 836 4751; x_wconf 80' lang='lat' dir='ltr'><strong>rex</strong></span> <span class='ocrx_word' id='word_1_617' title='bbox 875 4707 1058 4752; x_wconf 90' lang='lat' dir='ltr'><strong>noster</strong></span> <span class='ocrx_word' id='word_1_618' title='bbox 1081 4708 1207 4754; x_wconf 88' lang='lat' dir='ltr'><strong>ante</strong></span> <span class='ocrx_word' id='word_1_619' title='bbox 1231 4698 1447 4765; x_wconf 70' lang='lat' dir='ltr'><strong>saecula,</strong></span> <span class='ocrx_word' id='word_1_620' title='bbox 1475 4706 1731 4769; x_wconf 86' lang='lat' dir='ltr'><strong>operatus</strong></span> <span class='ocrx_word' id='word_1_621' title='bbox 1766 4703 1849 4751; x_wconf 91' lang='lat' dir='ltr'><strong>est</strong></span> <span class='ocrx_word' id='word_1_622' title='bbox 1885 4695 2115 4751; x_wconf 88' lang='lat' dir='ltr'><strong>salutem</strong></span> 
     </span>
    </p>
   </div>
   <div class='ocr_carea' id='block_1_79' title="bbox 540 4784 2115 4843">
    <p class='ocr_par' dir='ltr' id='par_1_79' title="bbox 540 4784 2115 4843">
     <span class='ocr_line' id='line_1_79' title="bbox 540 4784 2115 4843; baseline 0.003 -7"><span class='ocrx_word' id='word_1_623' title='bbox 540 4805 557 4836; x_wconf 78' lang='grc' dir='ltr'>ι</span> <span class='ocrx_word' id='word_1_624' title='bbox 612 4785 665 4840; x_wconf 93' lang='lat' dir='ltr'><strong>in</strong></span> <span class='ocrx_word' id='word_1_625' title='bbox 715 4786 891 4840; x_wconf 90' lang='lat' dir='ltr'><strong>medio</strong></span> <span class='ocrx_word' id='word_1_626' title='bbox 936 4793 1112 4841; x_wconf 70' lang='lat' dir='ltr'><strong>terrae.</strong></span> <span class='ocrx_word' id='word_1_627' title='bbox 1170 4787 1250 4842; x_wconf 94' lang='lat' dir='ltr'><strong>Tu</strong></span> <span class='ocrx_word' id='word_1_628' title='bbox 1303 4786 1632 4843; x_wconf 82' lang='lat' dir='ltr'><strong>conﬁrmasti</strong></span> <span class='ocrx_word' id='word_1_629' title='bbox 1672 4785 1734 4840; x_wconf 92' lang='lat' dir='ltr'><strong>.in</strong></span> <span class='ocrx_word' id='word_1_630' title='bbox 1780 4784 1981 4840; x_wconf 90' lang='lat' dir='ltr'><strong>virtute</strong></span> <span class='ocrx_word' id='word_1_631' title='bbox 2025 4794 2115 4840; x_wconf 87' lang='lat' dir='ltr'><strong>tua</strong></span> 
     </span>
    </p>
   </div>
   <div class='ocr_carea' id='block_1_80' title="bbox 536 4876 2115 4951">
    <p class='ocr_par' dir='ltr' id='par_1_80' title="bbox 536 4876 2115 4951">
     <span class='ocr_line' id='line_1_80' title="bbox 536 4876 2115 4951; baseline 0.004 -25"><span class='ocrx_word' id='word_1_632' title='bbox 536 4895 556 4926; x_wconf 74' lang='grc' dir='ltr'><strong><em>ι</em></strong></span> <span class='ocrx_word' id='word_1_633' title='bbox 610 4892 780 4944; x_wconf 89' lang='lat' dir='ltr'><strong>mare,</strong></span> <span class='ocrx_word' id='word_1_634' title='bbox 812 4876 1189 4934; x_wconf 89' lang='lat' dir='ltr'><strong>contribulasti</strong></span> <span class='ocrx_word' id='word_1_635' title='bbox 1223 4879 1397 4951; x_wconf 91' lang='lat' dir='ltr'><strong>capita</strong></span> <span class='ocrx_word' id='word_1_636' title='bbox 1428 4879 1723 4934; x_wconf 88' lang='lat' dir='ltr'><strong>draconum</strong></span> <span class='ocrx_word' id='word_1_637' title='bbox 1748 4878 1802 4932; x_wconf 88' lang='lat' dir='ltr'><strong>in</strong></span> <span class='ocrx_word' id='word_1_638' title='bbox 1831 4877 2005 4949; x_wconf 82' lang='lat' dir='ltr'><strong>aquis.</strong></span> <span class='ocrx_word' id='word_1_639' title='bbox 2033 4876 2115 4932; x_wconf 89' lang='lat' dir='ltr'><strong>Tu</strong></span> 
     </span>
    </p>
   </div>
   <div class='ocr_carea' id='block_1_81' title="bbox 490 4966 2113 5043">
    <p class='ocr_par' dir='ltr' id='par_1_81' title="bbox 490 4966 2113 5043">
     <span class='ocr_line' id='line_1_81' title="bbox 490 4966 2113 5043; baseline 0.003 -24"><span class='ocrx_word' id='word_1_640' title='bbox 490 4988 558 5019; x_wconf 63' lang='grc' dir='ltr'><strong>ν(</strong></span> <span class='ocrx_word' id='word_1_641' title='bbox 590 4966 923 5043; x_wconf 56' lang='lat' dir='ltr'><strong>confregisti</strong></span> <span class='ocrx_word' id='word_1_642' title='bbox 970 4969 1145 5040; x_wconf 89' lang='lat' dir='ltr'><strong>capita</strong></span> <span class='ocrx_word' id='word_1_643' title='bbox 1192 4969 1469 5037; x_wconf 89' lang='lat' dir='ltr'><strong>draconis,</strong></span> <span class='ocrx_word' id='word_1_644' title='bbox 1517 4969 1709 5025; x_wconf 90' lang='lat' dir='ltr'><strong>dedisti</strong></span> <span class='ocrx_word' id='word_1_645' title='bbox 1756 4984 1881 5024; x_wconf 86' lang='lat' dir='ltr'><strong>eum</strong></span> <span class='ocrx_word' id='word_1_646' title='bbox 1926 4984 2113 5026; x_wconf 82' lang='lat' dir='ltr'><strong>escam</strong></span> 
     </span>
    </p>
   </div>
   <div class='ocr_carea' id='block_1_82' title="bbox 533 5058 2112 5133">
    <p class='ocr_par' dir='ltr' id='par_1_82' title="bbox 533 5058 2112 5133">
     <span class='ocr_line' id='line_1_82' title="bbox 533 5058 2112 5133; baseline 0.003 -21"><span class='ocrx_word' id='word_1_647' title='bbox 533 5079 558 5112; x_wconf 78' lang='grc'><strong>‹</strong></span> <span class='ocrx_word' id='word_1_648' title='bbox 606 5058 816 5132; x_wconf 81' lang='lat' dir='ltr'><strong>populis</strong></span> <span class='ocrx_word' id='word_1_649' title='bbox 844 5058 1186 5133; x_wconf 64' lang='lat' dir='ltr'><strong>EthiOpum.</strong></span> <span class='ocrx_word' id='word_1_650' title='bbox 1215 5060 1296 5116; x_wconf 84' lang='lat' dir='ltr'><strong>Tu</strong></span> <span class='ocrx_word' id='word_1_651' title='bbox 1323 5060 1574 5132; x_wconf 87' lang='lat' dir='ltr'><strong>dirupisti</strong></span> <span class='ocrx_word' id='word_1_652' title='bbox 1604 5059 1781 5116; x_wconf 80' lang='lat' dir='ltr'><strong>fontes</strong></span> <span class='ocrx_word' id='word_1_653' title='bbox 1808 5068 1863 5116; x_wconf 89' lang='lat' dir='ltr'><strong>et</strong></span> <span class='ocrx_word' id='word_1_654' title='bbox 1898 5068 2112 5116; x_wconf 81' lang='lat' dir='ltr'><strong>torren-</strong></span> 
     </span>
    </p>
   </div>
   <div class='ocr_carea' id='block_1_83' title="bbox 530 5153 2113 5221">
    <p class='ocr_par' dir='ltr' id='par_1_83' title="bbox 530 5153 2113 5221">
     <span class='ocr_line' id='line_1_83' title="bbox 530 5153 2113 5221; baseline 0.004 -17"><span class='ocrx_word' id='word_1_655' title='bbox 530 5171 558 5204; x_wconf 62' lang='lat'><strong>4</strong></span> <span class='ocrx_word' id='word_1_656' title='bbox 605 5163 718 5221; x_wconf 87' lang='lat' dir='ltr'><strong>tes;</strong></span> <span class='ocrx_word' id='word_1_657' title='bbox 758 5162 813 5208; x_wconf 90' lang='lat' dir='ltr'><strong>tu</strong></span> <span class='ocrx_word' id='word_1_658' title='bbox 844 5153 1059 5209; x_wconf 90' lang='lat' dir='ltr'><strong>siceasti</strong></span> <span class='ocrx_word' id='word_1_659' title='bbox 1090 5153 1284 5210; x_wconf 81' lang='lat' dir='ltr'><strong>ﬂuvios</strong></span> <span class='ocrx_word' id='word_1_660' title='bbox 1324 5154 1522 5209; x_wconf 88' lang='lat' dir='ltr'><strong>Ethan.</strong></span> <span class='ocrx_word' id='word_1_661' title='bbox 1565 5153 1714 5219; x_wconf 79' lang='lat' dir='ltr'><strong>Tuus</strong></span> <span class='ocrx_word' id='word_1_662' title='bbox 1755 5163 1840 5209; x_wconf 91' lang='lat' dir='ltr'><strong>est</strong></span> <span class='ocrx_word' id='word_1_663' title='bbox 1885 5154 2021 5218; x_wconf 83' lang='lat' dir='ltr'><strong>dies,</strong></span> <span class='ocrx_word' id='word_1_664' title='bbox 2058 5162 2113 5211; x_wconf 89' lang='lat' dir='ltr'><strong>et</strong></span> 
     </span>
    </p>
   </div>
   <div class='ocr_carea' id='block_1_84' title="bbox 537 5244 2108 5311">
    <p class='ocr_par' dir='ltr' id='par_1_84' title="bbox 537 5244 2108 5311">
     <span class='ocr_line' id='line_1_84' title="bbox 537 5244 2108 5311; baseline 0.003 -15"><span class='ocrx_word' id='word_1_665' title='bbox 537 5268 556 5296; x_wconf 76' lang='grc' dir='ltr'>ι</span> <span class='ocrx_word' id='word_1_666' title='bbox 602 5255 693 5311; x_wconf 79' lang='lat' dir='ltr'><strong>tua</strong></span> <span class='ocrx_word' id='word_1_667' title='bbox 733 5254 818 5300; x_wconf 90' lang='lat' dir='ltr'><strong>est</strong></span> <span class='ocrx_word' id='word_1_668' title='bbox 849 5260 954 5300; x_wconf 76' lang='lat' dir='ltr'><strong>nox</strong></span> <span class='ocrx_word' id='word_1_669' title='bbox 980 5261 996 5300; x_wconf 88' lang='lat'><strong>:</strong></span> <span class='ocrx_word' id='word_1_670' title='bbox 1020 5254 1076 5300; x_wconf 94' lang='lat' dir='ltr'><strong>tu</strong></span> <span class='ocrx_word' id='word_1_671' title='bbox 1104 5244 1399 5302; x_wconf 78' lang='lat' dir='ltr'><strong>fabricatus</strong></span> <span class='ocrx_word' id='word_1_672' title='bbox 1439 5259 1501 5301; x_wconf 87' lang='lat' dir='ltr'><strong>es</strong></span> <span class='ocrx_word' id='word_1_673' title='bbox 1544 5260 1795 5300; x_wconf 88' lang='lat' dir='ltr'><strong>auroram</strong></span> <span class='ocrx_word' id='word_1_674' title='bbox 1823 5253 1878 5302; x_wconf 92' lang='lat' dir='ltr'><strong>ct</strong></span> <span class='ocrx_word' id='word_1_675' title='bbox 1920 5244 2108 5301; x_wconf 90' lang='lat' dir='ltr'><strong>solem.</strong></span> 
     </span>
    </p>
   </div>
   <div class='ocr_carea' id='block_1_85' title="bbox 528 5336 2109 5411">
    <p class='ocr_par' dir='ltr' id='par_1_85' title="bbox 528 5336 2109 5411">
     <span class='ocr_line' id='line_1_85' title="bbox 528 5336 2109 5411; baseline 0.003 -24"><span class='ocrx_word' id='word_1_676' title='bbox 528 5356 555 5387; x_wconf 59' lang='grc' dir='ltr'>ι</span> <span class='ocrx_word' id='word_1_677' title='bbox 606 5338 685 5393; x_wconf 88' lang='lat' dir='ltr'><strong>Tu</strong></span> <span class='ocrx_word' id='word_1_678' title='bbox 716 5337 889 5393; x_wconf 86' lang='lat' dir='ltr'><strong>fecisti</strong></span> <span class='ocrx_word' id='word_1_679' title='bbox 925 5352 1114 5392; x_wconf 88' lang='lat' dir='ltr'><strong>omnes</strong></span> <span class='ocrx_word' id='word_1_680' title='bbox 1145 5336 1405 5392; x_wconf 90' lang='lat' dir='ltr'><strong>terminos</strong></span> <span class='ocrx_word' id='word_1_681' title='bbox 1436 5345 1612 5403; x_wconf 59' lang='lat' dir='ltr'><strong>terra),</strong></span> <span class='ocrx_word' id='word_1_682' title='bbox 1642 5344 1885 5411; x_wconf 68' lang='lat' dir='ltr'><strong>testatem</strong></span> <span class='ocrx_word' id='word_1_683' title='bbox 1915 5346 1970 5393; x_wconf 91' lang='lat' dir='ltr'><strong>et</strong></span> <span class='ocrx_word' id='word_1_684' title='bbox 1997 5352 2109 5404; x_wconf 84' lang='lat' dir='ltr'><strong>ver,</strong></span> 
     </span>
    </p>
   </div>
   <div class='ocr_carea' id='block_1_86' title="bbox 547 5426 2116 5499">
    <p class='ocr_par' dir='ltr' id='par_1_86' title="bbox 547 5426 2116 5499">
     <span class='ocr_line' id='line_1_86' title="bbox 547 5426 2116 5499; baseline 0.003 -22"><span class='ocrx_word' id='word_1_685' title='bbox 547 5447 562 5477; x_wconf 76' lang='grc' dir='ltr'><strong><em>ι</em></strong></span> <span class='ocrx_word' id='word_1_686' title='bbox 605 5437 660 5485; x_wconf 92' lang='lat' dir='ltr'><strong>tu</strong></span> <span class='ocrx_word' id='word_1_687' title='bbox 688 5428 963 5499; x_wconf 89' lang='lat' dir='ltr'><strong>plasmasti</strong></span> <span class='ocrx_word' id='word_1_688' title='bbox 1013 5443 1098 5483; x_wconf 87' lang='lat' dir='ltr'><strong>ea.</strong></span> <span class='ocrx_word' id='word_1_689' title='bbox 1130 5426 1335 5483; x_wconf 82' lang='lat' dir='ltr'><strong>Memor</strong></span> <span class='ocrx_word' id='word_1_690' title='bbox 1360 5436 1476 5482; x_wconf 92' lang='lat' dir='ltr'><strong>esto</strong></span> <span class='ocrx_word' id='word_1_691' title='bbox 1516 5426 1697 5497; x_wconf 87' lang='lat' dir='ltr'><strong>hujus,</strong></span> <span class='ocrx_word' id='word_1_692' title='bbox 1738 5427 1986 5483; x_wconf 91' lang='lat' dir='ltr'><strong>inimicus</strong></span> <span class='ocrx_word' id='word_1_693' title='bbox 2014 5427 2116 5481; x_wconf 87' lang='lat' dir='ltr'><strong>im-</strong></span> 
     </span>
    </p>
   </div>
   <div class='ocr_carea' id='block_1_87' title="bbox 533 5508 2117 5590">
    <p class='ocr_par' dir='ltr' id='par_1_87' title="bbox 533 5508 2117 5590">
     <span class='ocr_line' id='line_1_87' title="bbox 533 5508 2117 5590; baseline 0.003 -20"><span class='ocrx_word' id='word_1_694' title='bbox 533 5541 566 5570; x_wconf 63' lang='grc' dir='ltr'><strong>ει</strong></span> <span class='ocrx_word' id='word_1_695' title='bbox 614 5519 923 5589; x_wconf 82' lang='lat' dir='ltr'><strong>properavit</strong></span> <span class='ocrx_word' id='word_1_696' title='bbox 958 5519 1206 5585; x_wconf 88' lang='lat' dir='ltr'><strong>Domino,</strong></span> <span class='ocrx_word' id='word_1_697' title='bbox 1235 5527 1291 5574; x_wconf 92' lang='lat' dir='ltr'><strong>et</strong></span> <span class='ocrx_word' id='word_1_698' title='bbox 1316 5508 1547 5590; x_wconf 81' lang='lat' dir='ltr'><strong>populus</strong></span> <span class='ocrx_word' id='word_1_699' title='bbox 1574 5519 1830 5589; x_wconf 87' lang='lat' dir='ltr'><strong>insipiens</strong></span> <span class='ocrx_word' id='word_1_700' title='bbox 1874 5518 2117 5574; x_wconf 77' lang='lat' dir='ltr'><strong>incitavit</strong></span> 
     </span>
    </p>
   </div>
   <div class='ocr_carea' id='block_1_88' title="bbox 548 5610 2114 5670">
    <p class='ocr_par' dir='ltr' id='par_1_88' title="bbox 548 5610 2114 5670">
     <span class='ocr_line' id='line_1_88' title="bbox 548 5610 2114 5670; baseline 0.002 -6"><span class='ocrx_word' id='word_1_701' title='bbox 548 5633 564 5664; x_wconf 78' lang='grc' dir='ltr'>ι</span> <span class='ocrx_word' id='word_1_702' title='bbox 602 5629 806 5670; x_wconf 80' lang='lat' dir='ltr'><strong>nomen</strong></span> <span class='ocrx_word' id='word_1_703' title='bbox 832 5624 1008 5669; x_wconf 84' lang='lat' dir='ltr'><strong>tuum.</strong></span> <span class='ocrx_word' id='word_1_704' title='bbox 1046 5612 1123 5668; x_wconf 76' lang='lat' dir='ltr'><strong>Ne</strong></span> <span class='ocrx_word' id='word_1_705' title='bbox 1145 5613 1326 5667; x_wconf 88' lang='lat' dir='ltr'><strong>tradas</strong></span> <span class='ocrx_word' id='word_1_706' title='bbox 1366 5611 1558 5667; x_wconf 84' lang='lat' dir='ltr'><strong>bestiis</strong></span> <span class='ocrx_word' id='word_1_707' title='bbox 1587 5613 1817 5666; x_wconf 90' lang='lat' dir='ltr'><strong>animam</strong></span> <span class='ocrx_word' id='word_1_708' title='bbox 1859 5610 2114 5667; x_wconf 87' lang='lat' dir='ltr'><strong>conﬁten-</strong></span> 
     </span>
    </p>
   </div>
   <div class='ocr_carea' id='block_1_89' title="bbox 538 5702 2109 5774">
    <p class='ocr_par' dir='ltr' id='par_1_89' title="bbox 538 5702 2109 5774">
     <span class='ocr_line' id='line_1_89' title="bbox 538 5702 2109 5774; baseline 0.001 -16"><span class='ocrx_word' id='word_1_709' title='bbox 538 5724 558 5758; x_wconf 76' lang='grc' dir='ltr'><strong><em>ο</em></strong></span> <span class='ocrx_word' id='word_1_710' title='bbox 607 5715 711 5759; x_wconf 89' lang='lat' dir='ltr'><strong>tem</strong></span> <span class='ocrx_word' id='word_1_711' title='bbox 743 5702 863 5771; x_wconf 91' lang='lat' dir='ltr'><strong>tibi,</strong></span> <span class='ocrx_word' id='word_1_712' title='bbox 914 5713 967 5760; x_wconf 91' lang='lat' dir='ltr'><strong>ct</strong></span> <span class='ocrx_word' id='word_1_713' title='bbox 1007 5704 1214 5759; x_wconf 80' lang='lat' dir='ltr'><strong>animas</strong></span> <span class='ocrx_word' id='word_1_714' title='bbox 1243 5718 1536 5774; x_wconf 86' lang='lat' dir='ltr'><strong>pauperum</strong></span> <span class='ocrx_word' id='word_1_715' title='bbox 1574 5714 1783 5759; x_wconf 90' lang='lat' dir='ltr'><strong>tuorum</strong></span> <span class='ocrx_word' id='word_1_716' title='bbox 1814 5718 1881 5758; x_wconf 88' lang='lat' dir='ltr'><strong>ne</strong></span> <span class='ocrx_word' id='word_1_717' title='bbox 1922 5703 2109 5760; x_wconf 85' lang='lat' dir='ltr'><strong>oblivi-</strong></span> 
     </span>
    </p>
   </div>
   <div class='ocr_carea' id='block_1_90' title="bbox 2225 3229 3746 3305">
    <p class='ocr_par' dir='ltr' id='par_1_90' title="bbox 2225 3229 3746 3305">
     <span class='ocr_line' id='line_1_90' title="bbox 2225 3229 3746 3305; baseline -0.001 -19"><span class='ocrx_word' id='word_1_718' title='bbox 2225 3232 2365 3286; x_wconf 90' lang='lat' dir='ltr'><strong>lacte</strong></span> <span class='ocrx_word' id='word_1_719' title='bbox 2399 3240 2455 3291; x_wconf 88' lang='lat' dir='ltr'><strong>et</strong></span> <span class='ocrx_word' id='word_1_720' title='bbox 2481 3230 2669 3297; x_wconf 84' lang='lat' dir='ltr'><strong>melle;</strong></span> <span class='ocrx_word' id='word_1_721' title='bbox 2698 3246 2925 3304; x_wconf 90' lang='lat' dir='ltr'><strong>regnum</strong></span> <span class='ocrx_word' id='word_1_722' title='bbox 2978 3233 3292 3305; x_wconf 84' lang='lat' dir='ltr'><strong>temporale,</strong></span> <span class='ocrx_word' id='word_1_723' title='bbox 3332 3234 3584 3305; x_wconf 86' lang='lat' dir='ltr'><strong>subjectio</strong></span> <span class='ocrx_word' id='word_1_724' title='bbox 3615 3229 3746 3288; x_wconf 88' lang='lat' dir='ltr'><strong>inimi-</strong></span> 
     </span>
    </p>
   </div>
   <div class='ocr_carea' id='block_1_91' title="bbox 2225 3319 3745 3392">
    <p class='ocr_par' dir='ltr' id='par_1_91' title="bbox 2225 3319 3745 3392">
     <span class='ocr_line' id='line_1_91' title="bbox 2225 3319 3745 3392; baseline -0.001 -15"><span class='ocrx_word' id='word_1_725' title='bbox 2225 3337 2433 3387; x_wconf 88' lang='lat' dir='ltr'><strong>corum,</strong></span> <span class='ocrx_word' id='word_1_726' title='bbox 2478 3319 2780 3377; x_wconf 82' lang='lat' dir='ltr'><strong>fecunditas</strong></span> <span class='ocrx_word' id='word_1_727' title='bbox 2828 3338 3056 3379; x_wconf 80' lang='lat' dir='ltr'><strong>uxorum</strong></span> <span class='ocrx_word' id='word_1_728' title='bbox 3083 3332 3138 3379; x_wconf 90' lang='lat' dir='ltr'><strong>et</strong></span> <span class='ocrx_word' id='word_1_729' title='bbox 3165 3324 3434 3392; x_wconf 88' lang='lat' dir='ltr'><strong>ﬁliorum;</strong></span> <span class='ocrx_word' id='word_1_730' title='bbox 3458 3324 3642 3381; x_wconf 82' lang='lat' dir='ltr'><strong>Novum</strong></span> <span class='ocrx_word' id='word_1_731' title='bbox 3677 3337 3745 3376; x_wconf 80' lang='lat' dir='ltr'><strong>au-</strong></span> 
     </span>
    </p>
   </div>
   <div class='ocr_carea' id='block_1_92' title="bbox 2225 3414 3738 3491">
    <p class='ocr_par' dir='ltr' id='par_1_92' title="bbox 2225 3414 3738 3491">
     <span class='ocr_line' id='line_1_92' title="bbox 2225 3414 3738 3491; baseline 0.003 -18"><span class='ocrx_word' id='word_1_732' title='bbox 2225 3426 2330 3473; x_wconf 90' lang='lat' dir='ltr'><strong>tem</strong></span> <span class='ocrx_word' id='word_1_733' title='bbox 2378 3414 2783 3471; x_wconf 84' lang='lat' dir='ltr'><strong>Testamentum</strong></span> <span class='ocrx_word' id='word_1_734' title='bbox 2816 3416 2908 3472; x_wconf 90' lang='lat' dir='ltr'><strong>tibi</strong></span> <span class='ocrx_word' id='word_1_735' title='bbox 2954 3418 3222 3488; x_wconf 90' lang='lat' dir='ltr'><strong>promittit</strong></span> <span class='ocrx_word' id='word_1_736' title='bbox 3281 3433 3504 3491; x_wconf 88' lang='lat' dir='ltr'><strong>regnum</strong></span> <span class='ocrx_word' id='word_1_737' title='bbox 3549 3415 3738 3477; x_wconf 63' lang='lat' dir='ltr'><strong>celeste.</strong></span> 
     </span>
    </p>
   </div>
   <div class='ocr_carea' id='block_1_93' title="bbox 2223 3502 3741 3580">
    <p class='ocr_par' dir='ltr' id='par_1_93' title="bbox 2223 3502 3741 3580">
     <span class='ocr_line' id='line_1_93' title="bbox 2223 3502 3741 3580; baseline -0.003 -19"><span class='ocrx_word' id='word_1_738' title='bbox 2223 3502 2607 3574; x_wconf 87' lang='lat' dir='ltr'><strong>subjectionem</strong></span> <span class='ocrx_word' id='word_1_739' title='bbox 2658 3520 2789 3560; x_wconf 90' lang='lat' dir='ltr'><strong>vero</strong></span> <span class='ocrx_word' id='word_1_740' title='bbox 2840 3505 3179 3562; x_wconf 90' lang='lat' dir='ltr'><strong>inimicorum</strong></span> <span class='ocrx_word' id='word_1_741' title='bbox 3241 3507 3311 3563; x_wconf 89' lang='lat' dir='ltr'><strong>de</strong></span> <span class='ocrx_word' id='word_1_742' title='bbox 3361 3508 3550 3580; x_wconf 86' lang='lat' dir='ltr'><strong>quibus</strong></span> <span class='ocrx_word' id='word_1_743' title='bbox 3588 3506 3741 3562; x_wconf 86' lang='lat' dir='ltr'><strong>dictum</strong></span> 
     </span>
    </p>
   </div>
   <div class='ocr_carea' id='block_1_94' title="bbox 2220 3594 3743 3655">
    <p class='ocr_par' dir='ltr' id='par_1_94' title="bbox 2220 3594 3743 3655">
     <span class='ocr_line' id='line_1_94' title="bbox 2220 3594 3743 3655; baseline -0.003 -3"><span class='ocrx_word' id='word_1_744' title='bbox 2220 3605 2342 3653; x_wconf 87' lang='lat' dir='ltr'><strong>est:</strong></span> <span class='ocrx_word' id='word_1_745' title='bbox 2376 3594 2499 3651; x_wconf 87' lang='lat' dir='ltr'><strong>Non</strong></span> <span class='ocrx_word' id='word_1_746' title='bbox 2542 3606 2616 3651; x_wconf 83' lang='lat' dir='ltr'><strong>est</strong></span> <span class='ocrx_word' id='word_1_747' title='bbox 2669 3596 2818 3650; x_wconf 78' lang='lat' dir='ltr'><strong>nobis</strong></span> <span class='ocrx_word' id='word_1_748' title='bbox 2867 3597 3167 3653; x_wconf 82' lang='lat' dir='ltr'><strong>colluctatio</strong></span> <span class='ocrx_word' id='word_1_749' title='bbox 3210 3598 3460 3655; x_wconf 74' lang='lat' dir='ltr'><strong>adversus</strong></span> <span class='ocrx_word' id='word_1_750' title='bbox 3503 3613 3680 3654; x_wconf 71' lang='lat' dir='ltr'><strong>carnem</strong></span> <span class='ocrx_word' id='word_1_751' title='bbox 3708 3603 3743 3649; x_wconf 78' lang='lat' dir='ltr'><strong>et</strong></span> 
     </span>
    </p>
   </div>
   <div class='ocr_carea' id='block_1_95' title="bbox 2220 3682 3738 3759">
    <p class='ocr_par' dir='ltr' id='par_1_95' title="bbox 2220 3682 3738 3759">
     <span class='ocr_line' id='line_1_95' title="bbox 2220 3682 3738 3759; baseline 0.001 -18"><span class='ocrx_word' id='word_1_752' title='bbox 2220 3686 2547 3757; x_wconf 78' lang='lat' dir='ltr'><strong>sanguinem,</strong></span> <span class='ocrx_word' id='word_1_753' title='bbox 2577 3686 2667 3741; x_wconf 83' lang='lat' dir='ltr'><strong>sed</strong></span> <span class='ocrx_word' id='word_1_754' title='bbox 2696 3686 2949 3741; x_wconf 81' lang='lat' dir='ltr'><strong>adversus</strong></span> <span class='ocrx_word' id='word_1_755' title='bbox 2964 3682 3251 3759; x_wconf 76' lang='lat' dir='ltr'><strong>potestates</strong></span> <span class='ocrx_word' id='word_1_756' title='bbox 3282 3691 3596 3746; x_wconf 80' lang='lat' dir='ltr'><strong>tenebrarum</strong></span> <span class='ocrx_word' id='word_1_757' title='bbox 3623 3686 3738 3758; x_wconf 56' lang='lat' dir='ltr'><strong>(Eph</strong></span> 
     </span>
    </p>
   </div>
   <div class='ocr_carea' id='block_1_96' title="bbox 2219 3776 3741 3848">
    <p class='ocr_par' dir='ltr' id='par_1_96' title="bbox 2219 3776 3741 3848">
     <span class='ocr_line' id='line_1_96' title="bbox 2219 3776 3741 3848; baseline 0.001 -18"><span class='ocrx_word' id='word_1_758' title='bbox 2219 3776 2319 3848; x_wconf 75' lang='grc' dir='ltr'><strong>γι),</strong></span> <span class='ocrx_word' id='word_1_759' title='bbox 2354 3777 2444 3833; x_wconf 86' lang='lat' dir='ltr'><strong>Sic</strong></span> <span class='ocrx_word' id='word_1_760' title='bbox 2473 3789 2597 3833; x_wconf 90' lang='lat' dir='ltr'><strong>sunt</strong></span> <span class='ocrx_word' id='word_1_761' title='bbox 2623 3777 2890 3848; x_wconf 85' lang='lat' dir='ltr'><strong>promissa</strong></span> <span class='ocrx_word' id='word_1_762' title='bbox 2917 3778 3130 3835; x_wconf 89' lang='lat' dir='ltr'><strong>diversa</strong></span> <span class='ocrx_word' id='word_1_763' title='bbox 3160 3780 3392 3837; x_wconf 91' lang='lat' dir='ltr'><strong>duorum</strong></span> <span class='ocrx_word' id='word_1_764' title='bbox 3434 3782 3741 3838; x_wconf 84' lang='lat' dir='ltr'><strong>Testamento-</strong></span> 
     </span>
    </p>
   </div>
   <div class='ocr_carea' id='block_1_97' title="bbox 2220 3867 3811 3941">
    <p class='ocr_par' dir='ltr' id='par_1_97' title="bbox 2220 3867 3811 3941">
     <span class='ocr_line' id='line_1_97' title="bbox 2220 3867 3811 3941; baseline -0.001 -17"><span class='ocrx_word' id='word_1_765' title='bbox 2220 3885 2370 3936; x_wconf 84' lang='lat' dir='ltr'><strong>rum;</strong></span> <span class='ocrx_word' id='word_1_766' title='bbox 2411 3871 2504 3925; x_wconf 91' lang='lat' dir='ltr'><strong>sed</strong></span> <span class='ocrx_word' id='word_1_767' title='bbox 2549 3879 2673 3925; x_wconf 88' lang='lat' dir='ltr'><strong>nota</strong></span> <span class='ocrx_word' id='word_1_768' title='bbox 2721 3870 2847 3941; x_wconf 89' lang='lat' dir='ltr'><strong>quia</strong></span> <span class='ocrx_word' id='word_1_769' title='bbox 2900 3871 3164 3941; x_wconf 90' lang='lat' dir='ltr'><strong>promissa</strong></span> <span class='ocrx_word' id='word_1_770' title='bbox 3215 3869 3425 3929; x_wconf 81' lang='lat' dir='ltr'><strong>Veteris</strong></span> <span class='ocrx_word' id='word_1_771' title='bbox 3472 3867 3738 3929; x_wconf 82' lang='lat' dir='ltr'><strong>Testamenti</strong></span> <span class='ocrx_word' id='word_1_772' title='bbox 3806 3916 3811 3923; x_wconf 96' lang='lat'><strong>.</strong></span> 
     </span>
    </p>
   </div>
   <div class='ocr_carea' id='block_1_98' title="bbox 2218 3960 3739 4038">
    <p class='ocr_par' dir='ltr' id='par_1_98' title="bbox 2218 3960 3739 4038">
     <span class='ocr_line' id='line_1_98' title="bbox 2218 3960 3739 4038; baseline -0.003 -20"><span class='ocrx_word' id='word_1_773' title='bbox 2218 3964 2618 4034; x_wconf 85' lang='lat' dir='ltr'><strong>praecedebant,</strong></span> <span class='ocrx_word' id='word_1_774' title='bbox 2645 3964 2772 4034; x_wconf 89' lang='lat' dir='ltr'><strong>quia</strong></span> <span class='ocrx_word' id='word_1_775' title='bbox 2798 3964 2950 4036; x_wconf 89' lang='lat' dir='ltr'><strong>prius</strong></span> <span class='ocrx_word' id='word_1_776' title='bbox 2974 3964 3228 4032; x_wconf 86' lang='lat' dir='ltr'><strong>animale,</strong></span> <span class='ocrx_word' id='word_1_777' title='bbox 3253 3965 3450 4023; x_wconf 89' lang='lat' dir='ltr'><strong>deinde</strong></span> <span class='ocrx_word' id='word_1_778' title='bbox 3476 3965 3601 4038; x_wconf 88' lang='lat' dir='ltr'><strong>quod</strong></span> <span class='ocrx_word' id='word_1_779' title='bbox 3625 3960 3739 4033; x_wconf 84' lang='lat' dir='ltr'><strong>spiri-</strong></span> 
     </span>
    </p>
   </div>
   <div class='ocr_carea' id='block_1_99' title="bbox 2222 4054 3736 4123">
    <p class='ocr_par' dir='ltr' id='par_1_99' title="bbox 2222 4054 3736 4123">
     <span class='ocr_line' id='line_1_99' title="bbox 2222 4054 3736 4123; baseline -0.003 -12"><span class='ocrx_word' id='word_1_780' title='bbox 2222 4055 2346 4111; x_wconf 89' lang='lat' dir='ltr'><strong>tale.</strong></span> <span class='ocrx_word' id='word_1_781' title='bbox 2381 4054 2595 4110; x_wconf 80' lang='lat' dir='ltr'><strong>Primus</strong></span> <span class='ocrx_word' id='word_1_782' title='bbox 2625 4055 2761 4111; x_wconf 85' lang='lat' dir='ltr'><strong>enim</strong></span> <span class='ocrx_word' id='word_1_783' title='bbox 2790 4056 2941 4112; x_wconf 82' lang='lat' dir='ltr'><strong>homo</strong></span> <span class='ocrx_word' id='word_1_784' title='bbox 2969 4056 3034 4112; x_wconf 88' lang='lat' dir='ltr'><strong>de</strong></span> <span class='ocrx_word' id='word_1_785' title='bbox 3077 4067 3218 4113; x_wconf 85' lang='lat' dir='ltr'><strong>terra</strong></span> <span class='ocrx_word' id='word_1_786' title='bbox 3253 4068 3508 4123; x_wconf 81' lang='lat' dir='ltr'><strong>terrenus,</strong></span> <span class='ocrx_word' id='word_1_787' title='bbox 3535 4054 3736 4113; x_wconf 64' lang='lat' dir='ltr'><strong>acunila</strong></span> 
     </span>
    </p>
   </div>
   <div class='ocr_carea' id='block_1_100' title="bbox 2220 4144 3736 4220">
    <p class='ocr_par' dir='ltr' id='par_1_100' title="bbox 2220 4144 3736 4220">
     <span class='ocr_line' id='line_1_100' title="bbox 2220 4144 3736 4220; baseline 0.001 -21"><span class='ocrx_word' id='word_1_788' title='bbox 2220 4145 2371 4199; x_wconf 80' lang='lat' dir='ltr'><strong>homo</strong></span> <span class='ocrx_word' id='word_1_789' title='bbox 2398 4144 2462 4200; x_wconf 87' lang='lat' dir='ltr'><strong>de</strong></span> <span class='ocrx_word' id='word_1_790' title='bbox 2489 4144 2615 4200; x_wconf 70' lang='lat' dir='ltr'><strong>ccio</strong></span> <span class='ocrx_word' id='word_1_791' title='bbox 2641 4144 2859 4201; x_wconf 75' lang='lat' dir='ltr'><strong>caelestis</strong></span> <span class='ocrx_word' id='word_1_792' title='bbox 2888 4144 2939 4216; x_wconf 84' lang='grc'><strong>(1</strong></span> <span class='ocrx_word' id='word_1_793' title='bbox 2975 4144 3096 4202; x_wconf 88' lang='lat' dir='ltr'><strong>Cor.</strong></span> <span class='ocrx_word' id='word_1_794' title='bbox 3124 4147 3233 4220; x_wconf 79' lang='lat' dir='ltr'><strong>xv),</strong></span> <span class='ocrx_word' id='word_1_795' title='bbox 3261 4150 3330 4204; x_wconf 91' lang='lat' dir='ltr'><strong>ad</strong></span> <span class='ocrx_word' id='word_1_796' title='bbox 3361 4148 3621 4220; x_wconf 72' lang='lat' dir='ltr'><strong>imaginem</strong></span> <span class='ocrx_word' id='word_1_797' title='bbox 3642 4155 3736 4197; x_wconf 72' lang='lat' dir='ltr'><strong>vero</strong></span> 
     </span>
    </p>
   </div>
   <div class='ocr_carea' id='block_1_101' title="bbox 2221 4235 3735 4306">
    <p class='ocr_par' dir='ltr' id='par_1_101' title="bbox 2221 4235 3735 4306">
     <span class='ocr_line' id='line_1_101' title="bbox 2221 4235 3735 4306; baseline -0.003 -16"><span class='ocrx_word' id='word_1_798' title='bbox 2221 4236 2419 4290; x_wconf 88' lang='lat' dir='ltr'><strong>terreni</strong></span> <span class='ocrx_word' id='word_1_799' title='bbox 2459 4235 2695 4305; x_wconf 90' lang='lat' dir='ltr'><strong>pertinet</strong></span> <span class='ocrx_word' id='word_1_800' title='bbox 2722 4235 2888 4292; x_wconf 85' lang='lat' dir='ltr'><strong>Vetus</strong></span> <span class='ocrx_word' id='word_1_801' title='bbox 2927 4236 3365 4306; x_wconf 85' lang='lat' dir='ltr'><strong>Testamentum,</strong></span> <span class='ocrx_word' id='word_1_802' title='bbox 3407 4240 3471 4294; x_wconf 91' lang='lat' dir='ltr'><strong>ad</strong></span> <span class='ocrx_word' id='word_1_803' title='bbox 3510 4236 3735 4305; x_wconf 82' lang='lat' dir='ltr'><strong>imaginem</strong></span> 
     </span>
    </p>
   </div>
   <div class='ocr_carea' id='block_1_102' title="bbox 2218 4318 3733 4402">
    <p class='ocr_par' dir='ltr' id='par_1_102' title="bbox 2218 4318 3733 4402">
     <span class='ocr_line' id='line_1_102' title="bbox 2218 4318 3733 4402; baseline -0.002 -21"><span class='ocrx_word' id='word_1_804' title='bbox 2218 4326 2457 4382; x_wconf 86' lang='lat' dir='ltr'><strong>caelestis</strong></span> <span class='ocrx_word' id='word_1_805' title='bbox 2500 4326 2746 4393; x_wconf 83' lang='lat' dir='ltr'><strong>Novum;</strong></span> <span class='ocrx_word' id='word_1_806' title='bbox 2791 4328 2885 4383; x_wconf 87' lang='lat' dir='ltr'><strong>sed</strong></span> <span class='ocrx_word' id='word_1_807' title='bbox 2934 4337 3111 4384; x_wconf 87' lang='lat' dir='ltr'><strong>tamen</strong></span> <span class='ocrx_word' id='word_1_808' title='bbox 3157 4320 3438 4402; x_wconf 84' lang='lat' dir='ltr'><strong>utriusque</strong></span> <span class='ocrx_word' id='word_1_809' title='bbox 3469 4318 3733 4386; x_wconf 82' lang='lat' dir='ltr'><strong>Testamenti</strong></span> 
     </span>
    </p>
   </div>
   <div class='ocr_carea' id='block_1_103' title="bbox 2219 4418 3732 4492">
    <p class='ocr_par' dir='ltr' id='par_1_103' title="bbox 2219 4418 3732 4492">
     <span class='ocr_line' id='line_1_103' title="bbox 2219 4418 3732 4492; baseline -0.005 -18"><span class='ocrx_word' id='word_1_810' title='bbox 2219 4419 2360 4474; x_wconf 86' lang='lat' dir='ltr'><strong>idem</strong></span> <span class='ocrx_word' id='word_1_811' title='bbox 2393 4427 2475 4475; x_wconf 90' lang='lat' dir='ltr'><strong>est</strong></span> <span class='ocrx_word' id='word_1_812' title='bbox 2504 4428 2716 4476; x_wconf 84' lang='lat' dir='ltr'><strong>auctor.</strong></span> <span class='ocrx_word' id='word_1_813' title='bbox 2749 4418 2882 4476; x_wconf 87' lang='lat' dir='ltr'><strong>Nam</strong></span> <span class='ocrx_word' id='word_1_814' title='bbox 2913 4421 3003 4492; x_wconf 84' lang='lat' dir='ltr'><strong>qui</strong></span> <span class='ocrx_word' id='word_1_815' title='bbox 3056 4436 3153 4492; x_wconf 92' lang='lat' dir='ltr'><strong>per</strong></span> <span class='ocrx_word' id='word_1_816' title='bbox 3180 4423 3352 4479; x_wconf 80' lang='lat' dir='ltr'><strong>Vetus</strong></span> <span class='ocrx_word' id='word_1_817' title='bbox 3396 4423 3732 4479; x_wconf 84' lang='lat' dir='ltr'><strong>Testamentum</strong></span> 
     </span>
    </p>
   </div>
   <div class='ocr_carea' id='block_1_104' title="bbox 2219 4508 3731 4583">
    <p class='ocr_par' dir='ltr' id='par_1_104' title="bbox 2219 4508 3731 4583">
     <span class='ocr_line' id='line_1_104' title="bbox 2219 4508 3731 4583; baseline -0.003 -18"><span class='ocrx_word' id='word_1_818' title='bbox 2219 4510 2470 4581; x_wconf 90' lang='lat' dir='ltr'><strong>promisit</strong></span> <span class='ocrx_word' id='word_1_819' title='bbox 2513 4526 2736 4583; x_wconf 86' lang='lat' dir='ltr'><strong>regnum</strong></span> <span class='ocrx_word' id='word_1_820' title='bbox 2771 4512 3087 4582; x_wconf 88' lang='lat' dir='ltr'><strong>temporale,</strong></span> <span class='ocrx_word' id='word_1_821' title='bbox 3131 4512 3245 4583; x_wconf 88' lang='lat' dir='ltr'><strong>ipse</strong></span> <span class='ocrx_word' id='word_1_822' title='bbox 3273 4514 3432 4568; x_wconf 88' lang='lat' dir='ltr'><strong>etiam</strong></span> <span class='ocrx_word' id='word_1_823' title='bbox 3462 4528 3551 4583; x_wconf 88' lang='lat' dir='ltr'><strong>per</strong></span> <span class='ocrx_word' id='word_1_824' title='bbox 3575 4508 3731 4563; x_wconf 79' lang='lat' dir='ltr'><strong>Novum</strong></span> 
     </span>
    </p>
   </div>
   <div class='ocr_carea' id='block_1_105' title="bbox 2218 4603 3731 4678">
    <p class='ocr_par' dir='ltr' id='par_1_105' title="bbox 2218 4603 3731 4678">
     <span class='ocr_line' id='line_1_105' title="bbox 2218 4603 3731 4678; baseline -0.002 -19"><span class='ocrx_word' id='word_1_825' title='bbox 2218 4603 2467 4675; x_wconf 90' lang='lat' dir='ltr'><strong>promisit</strong></span> <span class='ocrx_word' id='word_1_826' title='bbox 2496 4619 2721 4677; x_wconf 89' lang='lat' dir='ltr'><strong>regnum</strong></span> <span class='ocrx_word' id='word_1_827' title='bbox 2747 4605 3007 4673; x_wconf 65' lang='lat' dir='ltr'><strong>caeleste;</strong></span> <span class='ocrx_word' id='word_1_828' title='bbox 3048 4608 3141 4663; x_wconf 89' lang='lat' dir='ltr'><strong>sed</strong></span> <span class='ocrx_word' id='word_1_829' title='bbox 3162 4608 3439 4678; x_wconf 67' lang='lat' dir='ltr'><strong>praecessit</strong></span> <span class='ocrx_word' id='word_1_830' title='bbox 3472 4605 3613 4661; x_wconf 84' lang='lat' dir='ltr'><strong>Vetus</strong></span> <span class='ocrx_word' id='word_1_831' title='bbox 3641 4610 3731 4669; x_wconf 81' lang='lat' dir='ltr'><strong>pro-</strong></span> 
     </span>
    </p>
   </div>
   <div class='ocr_carea' id='block_1_106' title="bbox 2220 4692 3728 4769">
    <p class='ocr_par' dir='ltr' id='par_1_106' title="bbox 2220 4692 3728 4769">
     <span class='ocr_line' id='line_1_106' title="bbox 2220 4692 3728 4769; baseline -0.004 -20"><span class='ocrx_word' id='word_1_832' title='bbox 2220 4694 2439 4750; x_wconf 85' lang='lat' dir='ltr'><strong>mittens</strong></span> <span class='ocrx_word' id='word_1_833' title='bbox 2474 4695 2809 4765; x_wconf 88' lang='lat' dir='ltr'><strong>temporalia,</strong></span> <span class='ocrx_word' id='word_1_834' title='bbox 2844 4697 2971 4767; x_wconf 88' lang='lat' dir='ltr'><strong>quia</strong></span> <span class='ocrx_word' id='word_1_835' title='bbox 3004 4696 3237 4753; x_wconf 86' lang='lat' dir='ltr'><strong>carnalis</strong></span> <span class='ocrx_word' id='word_1_836' title='bbox 3263 4697 3485 4769; x_wconf 91' lang='lat' dir='ltr'><strong>populus</strong></span> <span class='ocrx_word' id='word_1_837' title='bbox 3530 4692 3728 4749; x_wconf 81' lang='lat' dir='ltr'><strong>inducen-</strong></span> 
     </span>
    </p>
   </div>
   <div class='ocr_carea' id='block_1_107' title="bbox 2221 4773 3729 4858">
    <p class='ocr_par' dir='ltr' id='par_1_107' title="bbox 2221 4773 3729 4858">
     <span class='ocr_line' id='line_1_107' title="bbox 2221 4773 3729 4858; baseline -0.003 -18"><span class='ocrx_word' id='word_1_838' title='bbox 2221 4785 2321 4842; x_wconf 88' lang='lat' dir='ltr'><strong>dus</strong></span> <span class='ocrx_word' id='word_1_839' title='bbox 2348 4784 2468 4842; x_wconf 86' lang='lat' dir='ltr'><strong>erat</strong></span> <span class='ocrx_word' id='word_1_840' title='bbox 2482 4802 2584 4857; x_wconf 91' lang='lat' dir='ltr'><strong>per</strong></span> <span class='ocrx_word' id='word_1_841' title='bbox 2620 4786 2956 4858; x_wconf 85' lang='lat' dir='ltr'><strong>temporalia,</strong></span> <span class='ocrx_word' id='word_1_842' title='bbox 2986 4798 3045 4843; x_wconf 92' lang='lat' dir='ltr'><strong>ut</strong></span> <span class='ocrx_word' id='word_1_843' title='bbox 3071 4788 3149 4843; x_wconf 92' lang='lat' dir='ltr'><strong>sic</strong></span> <span class='ocrx_word' id='word_1_844' title='bbox 3168 4788 3402 4844; x_wconf 89' lang='lat' dir='ltr'><strong>disceret</strong></span> <span class='ocrx_word' id='word_1_845' title='bbox 3425 4796 3591 4842; x_wconf 86' lang='lat' dir='ltr'><strong>amare</strong></span> <span class='ocrx_word' id='word_1_846' title='bbox 3614 4773 3729 4836; x_wconf 66' lang='lat' dir='ltr'><strong>cale-</strong></span> 
     </span>
    </p>
   </div>
   <div class='ocr_carea' id='block_1_108' title="bbox 2219 4868 3727 4950">
    <p class='ocr_par' dir='ltr' id='par_1_108' title="bbox 2219 4868 3727 4950">
     <span class='ocr_line' id='line_1_108' title="bbox 2219 4868 3727 4950; baseline 0.005 -18"><span class='ocrx_word' id='word_1_847' title='bbox 2219 4877 2355 4945; x_wconf 88' lang='lat' dir='ltr'><strong>stia;</strong></span> <span class='ocrx_word' id='word_1_848' title='bbox 2396 4878 2523 4949; x_wconf 86' lang='lat' dir='ltr'><strong>quia</strong></span> <span class='ocrx_word' id='word_1_849' title='bbox 2566 4877 2682 4949; x_wconf 88' lang='lat' dir='ltr'><strong>ipsa</strong></span> <span class='ocrx_word' id='word_1_850' title='bbox 2719 4878 3036 4950; x_wconf 89' lang='lat' dir='ltr'><strong>temporalia</strong></span> <span class='ocrx_word' id='word_1_851' title='bbox 3064 4894 3186 4949; x_wconf 61' lang='lat' dir='ltr'><strong>quae</strong></span> <span class='ocrx_word' id='word_1_852' title='bbox 3218 4876 3595 4950; x_wconf 68' lang='lat' dir='ltr'><strong>praecedebant,</strong></span> <span class='ocrx_word' id='word_1_853' title='bbox 3615 4868 3727 4938; x_wconf 59' lang='lat' dir='ltr'><strong>sitna</strong></span> 
     </span>
    </p>
   </div>
   <div class='ocr_carea' id='block_1_109' title="bbox 2219 4968 3725 5049">
    <p class='ocr_par' dir='ltr' id='par_1_109' title="bbox 2219 4968 3725 5049">
     <span class='ocr_line' id='line_1_109' title="bbox 2219 4968 3725 5049; baseline -0.009 -24"><span class='ocrx_word' id='word_1_854' title='bbox 2219 4970 2437 5026; x_wconf 81' lang='lat' dir='ltr'><strong>luerunt</strong></span> <span class='ocrx_word' id='word_1_855' title='bbox 2481 4969 2781 5027; x_wconf 76' lang='lat' dir='ltr'><strong>ctelestium</strong></span> <span class='ocrx_word' id='word_1_856' title='bbox 2825 4980 2882 5027; x_wconf 91' lang='lat' dir='ltr'><strong>et</strong></span> <span class='ocrx_word' id='word_1_857' title='bbox 2938 4986 3003 5029; x_wconf 88' lang='lat' dir='ltr'><strong>ea</strong></span> <span class='ocrx_word' id='word_1_858' title='bbox 3049 4973 3494 5049; x_wconf 83' lang='lat' dir='ltr'><strong>promittentium.</strong></span> <span class='ocrx_word' id='word_1_859' title='bbox 3537 4968 3725 5036; x_wconf 82' lang='lat' dir='ltr'><strong>Regnum</strong></span> 
     </span>
    </p>
   </div>
   <div class='ocr_carea' id='block_1_110' title="bbox 2218 5050 3725 5137">
    <p class='ocr_par' dir='ltr' id='par_1_110' title="bbox 2218 5050 3725 5137">
     <span class='ocr_line' id='line_1_110' title="bbox 2218 5050 3725 5137; baseline -0.009 -18"><span class='ocrx_word' id='word_1_860' title='bbox 2218 5062 2363 5119; x_wconf 88' lang='lat' dir='ltr'><strong>enim</strong></span> <span class='ocrx_word' id='word_1_861' title='bbox 2395 5062 2690 5136; x_wconf 86' lang='lat' dir='ltr'><strong>temporale</strong></span> <span class='ocrx_word' id='word_1_862' title='bbox 2735 5052 3340 5137; x_wconf 33' lang='lat' dir='ltr'><strong>signiﬁcabat&#39;regnum</strong></span> <span class='ocrx_word' id='word_1_863' title='bbox 3380 5050 3725 5137; x_wconf 76' lang='lat' dir='ltr'><strong>cmleste:sub-</strong></span> 
     </span>
    </p>
   </div>
   <div class='ocr_carea' id='block_1_111' title="bbox 2213 5136 3725 5225">
    <p class='ocr_par' dir='ltr' id='par_1_111' title="bbox 2213 5136 3725 5225">
     <span class='ocr_line' id='line_1_111' title="bbox 2213 5136 3725 5225; baseline -0.006 -14"><span class='ocrx_word' id='word_1_864' title='bbox 2213 5152 2382 5225; x_wconf 83' lang='lat' dir='ltr'><strong>jectio</strong></span> <span class='ocrx_word' id='word_1_865' title='bbox 2411 5154 2753 5211; x_wconf 90' lang='lat' dir='ltr'><strong>inimicorum</strong></span> <span class='ocrx_word' id='word_1_866' title='bbox 2792 5153 3147 5220; x_wconf 76' lang='lat' dir='ltr'><strong>exteriorum,</strong></span> <span class='ocrx_word' id='word_1_867' title='bbox 3183 5136 3549 5223; x_wconf 74' lang='lat' dir='ltr'><strong>Subiectionem</strong></span> <span class='ocrx_word' id='word_1_868' title='bbox 3589 5136 3725 5198; x_wconf 70' lang='lat' dir='ltr'><strong>inimi‘</strong></span> 
     </span>
    </p>
   </div>
   <div class='ocr_carea' id='block_1_112' title="bbox 2219 5239 3720 5316">
    <p class='ocr_par' dir='ltr' id='par_1_112' title="bbox 2219 5239 3720 5316">
     <span class='ocr_line' id='line_1_112' title="bbox 2219 5239 3720 5316; baseline -0.008 -13"><span class='ocrx_word' id='word_1_869' title='bbox 2219 5261 2407 5303; x_wconf 89' lang='lat' dir='ltr'><strong>corum</strong></span> <span class='ocrx_word' id='word_1_870' title='bbox 2450 5245 2797 5311; x_wconf 87' lang='lat' dir='ltr'><strong>interiorum;</strong></span> <span class='ocrx_word' id='word_1_871' title='bbox 2845 5260 3016 5316; x_wconf 87' lang='lat' dir='ltr'><strong>genus</strong></span> <span class='ocrx_word' id='word_1_872' title='bbox 3063 5245 3395 5303; x_wconf 88' lang='lat' dir='ltr'><strong>diversarum</strong></span> <span class='ocrx_word' id='word_1_873' title='bbox 3444 5239 3720 5297; x_wconf 74' lang='lat' dir='ltr'><strong>victimarum</strong></span> 
     </span>
    </p>
   </div>
   <div class='ocr_carea' id='block_1_113' title="bbox 2218 5332 3721 5409">
    <p class='ocr_par' dir='ltr' id='par_1_113' title="bbox 2218 5332 3721 5409">
     <span class='ocr_line' id='line_1_113' title="bbox 2218 5332 3721 5409; baseline -0.006 -16"><span class='ocrx_word' id='word_1_874' title='bbox 2218 5336 2558 5409; x_wconf 84' lang='lat' dir='ltr'><strong>signiﬁcabat</strong></span> <span class='ocrx_word' id='word_1_875' title='bbox 2592 5336 2863 5395; x_wconf 89' lang='lat' dir='ltr'><strong>Christum</strong></span> <span class='ocrx_word' id='word_1_876' title='bbox 2892 5352 2990 5408; x_wconf 89' lang='lat' dir='ltr'><strong>pro</strong></span> <span class='ocrx_word' id='word_1_877' title='bbox 3021 5337 3193 5394; x_wconf 89' lang='lat' dir='ltr'><strong>salute</strong></span> <span class='ocrx_word' id='word_1_878' title='bbox 3235 5337 3498 5393; x_wconf 90' lang='lat' dir='ltr'><strong>hominum</strong></span> <span class='ocrx_word' id='word_1_879' title='bbox 3522 5332 3569 5386; x_wconf 92' lang='lat' dir='ltr'><strong>in</strong></span> <span class='ocrx_word' id='word_1_880' title='bbox 3600 5332 3721 5380; x_wconf 67' lang='lat' dir='ltr'><strong>cruce</strong></span> 
     </span>
    </p>
   </div>
   <div class='ocr_carea' id='block_1_114' title="bbox 2217 5414 3718 5500">
    <p class='ocr_par' dir='ltr' id='par_1_114' title="bbox 2217 5414 3718 5500">
     <span class='ocr_line' id='line_1_114' title="bbox 2217 5414 3718 5500; baseline -0.007 -15"><span class='ocrx_word' id='word_1_881' title='bbox 2217 5443 2557 5500; x_wconf 90' lang='lat' dir='ltr'><strong>suspensum.</strong></span> <span class='ocrx_word' id='word_1_882' title='bbox 2606 5428 2820 5497; x_wconf 86' lang='lat' dir='ltr'><strong>Quare?</strong></span> <span class='ocrx_word' id='word_1_883' title='bbox 2862 5427 2997 5496; x_wconf 88' lang='lat' dir='ltr'><strong>Quia</strong></span> <span class='ocrx_word' id='word_1_884' title='bbox 3035 5414 3253 5500; x_wconf 86' lang='lat' dir='ltr'><strong>impleta</strong></span> <span class='ocrx_word' id='word_1_885' title='bbox 3295 5436 3414 5485; x_wconf 90' lang='lat' dir='ltr'><strong>sunt</strong></span> <span class='ocrx_word' id='word_1_886' title='bbox 3449 5421 3604 5481; x_wconf 82' lang='lat' dir='ltr'><strong>omnia</strong></span> <span class='ocrx_word' id='word_1_887' title='bbox 3630 5424 3718 5484; x_wconf 68' lang='grc' dir='ltr'><strong>(ιιιίε</strong></span> 
     </span>
    </p>
   </div>
   <div class='ocr_carea' id='block_1_115' title="bbox 2215 5509 3718 5594">
    <p class='ocr_par' dir='ltr' id='par_1_115' title="bbox 2215 5509 3718 5594">
     <span class='ocr_line' id='line_1_115' title="bbox 2215 5509 3718 5594; baseline -0.007 -17"><span class='ocrx_word' id='word_1_888' title='bbox 2215 5520 2656 5593; x_wconf 81' lang='lat' dir='ltr'><strong>signiﬁcabantur</strong></span> <span class='ocrx_word' id='word_1_889' title='bbox 2688 5514 2787 5594; x_wconf 86' lang='lat' dir='ltr'><strong>per</strong></span> <span class='ocrx_word' id='word_1_890' title='bbox 2817 5521 2932 5587; x_wconf 90' lang='lat' dir='ltr'><strong>illa,</strong></span> <span class='ocrx_word' id='word_1_891' title='bbox 2973 5520 3171 5577; x_wconf 87' lang='lat' dir='ltr'><strong>debent</strong></span> <span class='ocrx_word' id='word_1_892' title='bbox 3216 5535 3425 5578; x_wconf 87' lang='lat' dir='ltr'><strong>cessare</strong></span> <span class='ocrx_word' id='word_1_893' title='bbox 3463 5509 3718 5586; x_wconf 66' lang='lat' dir='ltr'><strong>promitten-</strong></span> 
     </span>
    </p>
   </div>
   <div class='ocr_carea' id='block_1_116' title="bbox 2216 5604 3715 5693">
    <p class='ocr_par' dir='ltr' id='par_1_116' title="bbox 2216 5604 3715 5693">
     <span class='ocr_line' id='line_1_116' title="bbox 2216 5604 3715 5693; baseline -0.001 -28"><span class='ocrx_word' id='word_1_894' title='bbox 2216 5610 2330 5666; x_wconf 88' lang='lat' dir='ltr'><strong>tia:</strong></span> <span class='ocrx_word' id='word_1_895' title='bbox 2364 5611 2513 5666; x_wconf 90' lang='lat' dir='ltr'><strong>venit</strong></span> <span class='ocrx_word' id='word_1_896' title='bbox 2554 5611 2700 5667; x_wconf 90' lang='lat' dir='ltr'><strong>enim</strong></span> <span class='ocrx_word' id='word_1_897' title='bbox 2722 5604 2725 5607; x_wconf 60' lang='grc'><em>’</em></span> <span class='ocrx_word' id='word_1_898' title='bbox 2747 5611 3015 5680; x_wconf 87' lang='lat' dir='ltr'><strong>Christus,</strong></span> <span class='ocrx_word' id='word_1_899' title='bbox 3046 5627 3077 5667; x_wconf 88' lang='lat' dir='ltr'><strong>a</strong></span> <span class='ocrx_word' id='word_1_900' title='bbox 3103 5612 3373 5684; x_wconf 83' lang='lat' dir='ltr'><strong>prOphetis</strong></span> <span class='ocrx_word' id='word_1_901' title='bbox 3411 5609 3491 5664; x_wconf 92' lang='lat' dir='ltr'><strong>diu</strong></span> <span class='ocrx_word' id='word_1_902' title='bbox 3530 5607 3715 5693; x_wconf 40' lang='lat' dir='ltr'><strong>promi.&quot;</strong></span> 
     </span>
    </p>
   </div>
   <div class='ocr_carea' id='block_1_117' title="bbox 2212 5693 3712 5778">
    <p class='ocr_par' dir='ltr' id='par_1_117' title="bbox 2212 5693 3712 5778">
     <span class='ocr_line' id='line_1_117' title="bbox 2212 5693 3712 5778; baseline -0.008 -18"><span class='ocrx_word' id='word_1_903' title='bbox 2212 5704 2394 5762; x_wconf 86' lang='lat' dir='ltr'><strong>tiatus.</strong></span> <span class='ocrx_word' id='word_1_904' title='bbox 2440 5703 2604 5778; x_wconf 89' lang='lat' dir='ltr'><strong>Signa</strong></span> <span class='ocrx_word' id='word_1_905' title='bbox 2649 5705 2793 5761; x_wconf 84' lang='lat' dir='ltr'><strong>enim</strong></span> <span class='ocrx_word' id='word_1_906' title='bbox 2832 5721 2956 5762; x_wconf 90' lang='lat' dir='ltr'><strong>eum</strong></span> <span class='ocrx_word' id='word_1_907' title='bbox 2997 5705 3208 5761; x_wconf 87' lang='lat' dir='ltr'><strong>venisse</strong></span> <span class='ocrx_word' id='word_1_908' title='bbox 3254 5699 3584 5760; x_wconf 81' lang='lat' dir='ltr'><strong>manifestam,</strong></span> <span class='ocrx_word' id='word_1_909' title='bbox 3618 5693 3712 5756; x_wconf 65' lang='lat' dir='ltr'><strong>quia</strong></span> 
     </span>
    </p>
   </div>
  </div>
