3918 6408
190 323 296 379 5‘25

1321 323 1851 383 ENARRATIONES
1884 328 1951 383 ΙΝ
1988 320 2336 387 ΡΞΑΙΛΙΟΞ(

3336 334 3442 391 526

185 454 296 493 non
341 446 469 491 sunt
500 436 792 505 prophetzc,
836 414 1073 491 nonest
1114 435 1491 502 sacerdotium,
1534 451 1643 495 non
1686 448 1769 495 est
1797 443 1844 502 Α
1871 441 2131 497 deductus
2168 443 2234 499 de
2278 440 2355 497 Ur
2394 439 2789 512 Chaldaeorum,
2820 446 2962 503 vela
3010 455 3245 517 tempore
3274 446 3444 518 Moysi

184 528 407 591 unctio;
461 534 667 579 mutata
716 533 843 580 sunt
890 524 1054 581 etiam
1100 536 1461 592 sacramenta,
1514 541 1574 589 et
1628 531 1768 586 facta

180 618 451 684 feliciora,
486 625 541 670 et
572 615 742 687 magis
782 616 1106 681 salubriora,
1138 618 1262 686 quia
1291 632 1635 676 sacramenta
1668 618 1769 674 Ve-

179 712 319 765 teris
348 708 675 764 Testamenti
714 709 1081 779 promittentia
1127 709 1379 779 salutem,
1432 704 1791 769 sacramenta

180 800 317 854 Novi
349 809 474 855 sunt
516 798 696 853 dantia
726 797 973 853 salutem.
1014 797 1140 853 Haec
1168 799 1353 856 omnia
1381 803 1596 872 impleta
1624 803 1771 856 videt

173 893 353 946 miser
381 890 606 961 populus
642 888 917 955 Iudaicus,
968 898 1025 965 et
1054 897 1234 952 tamen
1275 894 1449 948 adhuc
1495 892 1768 948 Christum

179 984 402 1037 venisse
456 981 684 1037 dubitat.
734 982 960 1051 Recepit
1002 981 1161 1055 prius
1208 985 1543 1055 temporalia,
1574 993 1627 1040 et
1669 1001 1767 1055 pro

173 1090 381 1146 magno
410 1074 626 1140 habuit;
669 1074 811 1129 Deus
840 1082 1018 1128 autem
1060 1078 1155 1143 qni
1184 1078 1263 1132 eis
1305 1078 1474 1143 dedit,
1524 1092 1629 1131 non
1666 1092 1767 1145 pro

173 1181 381 1237 magno
418 1166 629 1232 habuit,
659 1166 784 1234 quia
820 1165 982 1220 etiam
1011 1180 1072 1219 ea
1099 1169 1377 1224 concessit
1401 1168 1585 1233 matis;
1624 1167 1767 1237 quod

171 1273 288 1311 rion
322 1256 556 1321 fecisset,
584 1255 633 1310 si
670 1271 732 1310 ea
761 1272 858 1326 pro
898 1271 1094 1325 magno
1123 1259 1436 1314 habuisset:
1463 1259 1585 1328 quia
1627 1258 1766 1312 bona

169 1349 268 1403 ulla
298 1363 429 1402 vera
475 1354 683 1401 tantum
723 1346 989 1415 recepturi
1040 1359 1167 1404 sunt
1207 1348 1362 1413 boni;
1406 1348 1499 1403 sed
1541 1346 1768 1417 pepulus

168 1439 459 1506 Iudaicus,
503 1440 735 1510 receptis
781 1438 941 1497 bouis
982 1440 1386 1512 temporalibus,
1430 1454 1533 1493 non
1565 1453 1769 1508 praesu-

172 1535 369 1589 mebat
409 1534 475 1590 de
499 1549 563 1589 eo
593 1534 686 1603 qui
732 1532 880 1593 deoit
901 1551 1009 1601 ea;
1039 1536 1134 1590 sed
1176 1535 1374 1589 timens
1395 1549 1459 1589 ea
1490 1533 1763 1595 amittere,

172 1628 526 1683 machinatus
573 1636 662 1686 est
687 1619 828 1685 eum
875 1628 1145 1684 occidere.
1178 1626 1441 1681 Dixerunt
1489 1626 1672 1679 enim:
1707 1622 1765 1678 Si

164 1718 499 1775 dimittimue
538 1738 656 1774 eum
696 1723 797 1785 sic,
834 1721 1034 1774 venient
1088 1717 1311 1774 Romani
1351 1726 1399 1771 et
1447 1716 1625 1769 tollent
1672 1731 1766 1768 no-

1871 541 1927 588 et
1955 534 2153 589 Aaron.
2198 534 2402 588 Mentor
2427 544 2534 589 esto
2567 538 2980 605 congregationis
3020 547 3143 591 tute.
3185 537 3247 591 Et
3280 538 3443 594 debes

1869 612 2079 680 memor
2118 627 2234 697 ejus
2270 642 2407 692 esse,
2454 627 2580 696 quia
2625 635 2680 680 tu
2725 627 2986 681 redemisti
3016 630 3080 683 ab
3122 628 3443 701 Egyptiaca

1872 718 2131 773 servitute
2155 720 2353 789 virgam
2404 720 2721 773 hmreditatis
2767 728 2889 783 tute,
2924 720 2975 774 id
3016 728 3117 784 est,
3155 723 3219 774 ad
3250 724 3350 777 hoc
3382 730 3444 776 ut

1869 817 2013 863 esset
2044 810 2135 863 tibi
2181 809 2466 864 luereditas
2496 818 2639 863 recte
2662 818 2715 863 et
2737 810 2887 879 quasi
2920 825 3014 879 per
3052 810 3253 879 virgam
3295 825 3447 863 men-

1869 911 2071 955 surata.
2124 902 2191 956 Et
2217 918 2337 972 qua:
2385 910 2468 957 est
2505 902 2594 956 illa
2644 902 2961 956 hzercditas?
3008 901 3160 955 Mons
3197 898 3345 965 Sion,
3391 899 3444 954 id

1870 999 1952 1043 est
1978 990 2206 1060 populus
2234 991 2507 1051 Iudaicus.
2536 993 2588 1045 in
2610 1009 2710 1063 quo
2734 993 3090 1057 litereditaris,
3123 992 3195 1046 ita
3224 1001 3282 1045 ut
3310 991 3363 1045 in
3386 1007 3446 1044 eo

1868 1096 2040 1146 esses,
2068 1082 2191 1151 quia
2217 1083 2489 1137 multoties
2525 1082 2651 1136 talia
2677 1082 2825 1153 signa
2867 1083 2920 1137 in
2951 1083 3030 1137 eis
3063 1083 3175 1136 visa
3207 1090 3355 1145 sunt,
3387 1089 3448 1136 ut

1872 1179 1927 1225 tu
1971 1188 2211 1241 praesens
2248 1172 2437 1228 adesse
2485 1174 2737 1229 videaris.
2772 1173 2867 1229 Vel
2905 1175 3006 1239 sic,
3048 1175 3311 1227 redemisti
3342 1174 3451 1228 vir-

1868 1278 1986 1331 gam
2014 1262 2333 1317 hmreditatis
2363 1260 2495 1328 tum,
2526 1265 2577 1320 id
2613 1272 2717 1329 est,
2748 1265 2919 1335 ipsam
2947 1265 3316 1320 hazreditatem
3356 1279 3443 1319 re-

1870 1351 2082 1405 demisti
2114 1352 2265 1423 signo
2291 1353 2454 1426 virgre
2485 1364 2616 1419 tute;
2649 1354 2733 1409 vel
2760 1355 3031 1410 redemisti
3060 1356 3231 1425 ipsam
3272 1355 3445 1409 hatre-

1869 1441 2092 1497 ditatem
2142 1443 2209 1497 ad
2264 1444 2365 1498 hoc
2402 1452 2461 1498 ut
2505 1460 2601 1515 per
2643 1460 2763 1502 eam
2806 1446 2973 1500 multa
3022 1447 3172 1516 signa
3218 1444 3445 1509 faceres,

1869 1533 2010 1587 sicut
2040 1548 2135 1603 per
2176 1536 2381 1606 virgam
2433 1535 2600 1608 Moysi
2644 1544 2900 1606 operatus
2932 1548 3016 1592 est
3039 1554 3053 1591 :
3077 1537 3272 1608 legitur
3303 1537 3446 1591 enim

1870 1623 2169 1696 (Exod.tv)
2214 1627 2357 1697 quod
2390 1626 2598 1698 Moyses
2629 1628 2819 1698 petivit
2866 1629 3077 1699 signum
3121 1644 3150 1683 a
3197 1629 3445 1692 Domino,

1870 1724 1928 1769 ut
1957 1715 2203 1771 crederet
2247 1717 2296 1770 ei
2342 1718 2552 1772 Pharao
2592 1727 2647 1773 et
2696 1717 3025 1775 lsraeliticus
3064 1719 3325 1790 populus;
3358 1721 3445 1775 cui

174 1818 357 1864 suum
382 1806 553 1865 locum
589 1812 770 1884 (Joan.
804 1812 913 1882 xi);
947 1820 1001 1866 et
1024 1810 1339 1866 occiderunt
1364 1824 1508 1873 eum,
1540 1815 1595 1861 et
1626 1807 1764 1861 ami~
1797 1803 1841 1863 Β
1871 1807 2127 1863 Dominus
2152 1810 2407 1880 przecepit
2429 1818 2489 1863 ut
2522 1810 2730 1881 virgam
2760 1826 2921 1884 quam
2959 1812 3010 1865 in
3039 1828 3199 1866 manu
3231 1812 3451 1867 tenebat

173 1914 376 1959 serunt
404 1905 582 1959 locum
618 1912 672 1959 et
720 1912 959 1974 gentem,
996 1912 1052 1957 et
1085 1901 1357 1956 civitatem
1410 1901 1463 1955 in
1511 1915 1615 1970 qua
1642 1914 1765 1954 eum

174 1995 521 2058 uetuerunt,
554 1994 654 2064 ipsi
682 1993 848 2049 occisi
879 1995 1199 2057 amiserunt,
1236 2000 1290 2047 et
1312 2001 1641 2061 eotempore
1660 2004 1767 2060 quo

176 2086 472 2139 Dominum
498 2084 835 2148 occiderunt,
879 2092 938 2138 ut
964 2100 1030 2139 ex
1062 2093 1303 2154 tempore
1340 2084 1767 2138 admonerentur

174 2193 355 2247 quare
392 2178 518 2230 talia
557 2184 891 2247 paterentur.
937 2176 995 2229 In
1038 2175 1277 2245 paschali
1322 2175 1467 2230 enim
1508 2173 1768 2229 solemni-

177 2282 318 2333 tate,
357 2270 575 2339 quando
601 2284 790 2324 omnes
825 2276 1196 2323 convenerant
1221 2266 1420 2322 festum
1466 2266 1762 2332 celebrare,

174 2359 471 2413 Dominum
497 2346 834 2421 occiderunt,
881 2356 983 2426 ipsi
1014 2365 1192 2411 autem
1236 2356 1303 2410 ad
1345 2356 1590 2411 eamdem
1618 2354 1763 2410 cele-

174 2451 486 2505 brationem
545 2450 927 2504 convenientes
978 2449 1187 2503 obsessi
1239 2456 1367 2503 sunt
1418 2464 1448 2502 a
1509 2446 1766 2503 Romanis

174 2540 515 2610 principibus
542 2548 597 2594 et
625 2539 791 2594 multa
821 2538 988 2593 millia
1018 2538 1295 2593 hominum
1332 2548 1457 2593 sunt
1479 2538 1679 2603 occisa,
1711 2546 1765 2593 et

173 2630 378 2684 civitas
419 2644 604 2683 eorum
633 2637 717 2684 est
759 2630 1040 2684 subversa.
1091 2627 1184 2684 Sic
1224 2629 1365 2685 Deus
1388 2630 1589 2699 justus,
1639 2629 1766 2684 licet

177 2737 288 2773 non
322 2736 422 2790 per
456 2720 631 2789 justos
658 2720 924 2786 homines,
972 2719 1100 2775 licet
1143 2735 1249 2774 non
1277 2734 1375 2788 per
1403 2720 1591 2784 bonos,
1617 2718 1764 2788 juste

172 2812 248 2865 ab
280 2811 719 2865 interfectoribus
755 2811 867 2866 suis
894 2826 954 2866 se
981 2810 1294 2865 vindicavit.
1342 2811 1493 2865 Hane
1521 2811 1761 2866 eversio-

175 2919 306 2957 nem
339 2903 583 2973 deplorat
620 2903 801 2973 Asaph
839 2903 893 2957 in
931 2903 1032 2957 hoc
1056 2902 1284 2972 psalmo,
1314 2912 1371 2958 et
1400 2902 1678 2974 distinguit
1707 2901 1763 2957 in

174 2998 286 3051 hoc
310 2997 530 3066 planctu
576 3012 703 3051 vera
751 2996 890 3049 bona
930 3010 963 3048 a
999 3010 1105 3049 non
1144 2994 1319 3060 veris;
1360 3004 1419 3048 ut
1450 3004 1505 3048 tu
1534 2993 1763 3062 quisque

173 3090 371 3144 videas
399 3104 496 3159 per
526 3104 645 3158 quae
673 3098 918 3143 transeas
943 3096 998 3142 et
1027 3102 1146 3157 quae
1174 3096 1477 3157 exspectes,
1524 3101 1643 3155 quae
1674 3098 1759 3138 re-

1870 1895 1921 1948 in
1952 1904 2152 1951 terram
2190 1896 2477 1967 projiceret
2506 1916 2517 1952 :
2544 1897 2780 1968 projecta
2821 1898 2903 1955 eSt
2928 1901 3077 1972 virga
3110 1911 3165 1956 et
3205 1918 3361 1956 versa
3394 1902 3447 1955 in

1868 1996 2202 2055 serpentem;
2262 1987 2470 2061 Moyses
2521 1997 2701 2043 autem
2749 1989 2954 2060 aufugit
3005 1992 3197 2046 timore
3242 2001 3451 2063 perter-

1868 2075 2006 2130 ritus
2042 2094 2055 2129 :
2097 2092 2189 2131 seu
2216 2117 2231 2143 ,
2291 2076 2522 2132 Domino
2575 2078 2919 2152 przecipiente
2946 2118 2962 2145 ,
3012 2094 3299 2145 reversus,
3353 2097 3447 2135 ac—

1866 2165 2009 2234 cepit
2040 2166 2265 2220 caudam
2295 2168 2583 2237 serpentis,
2612 2176 2667 2223 et
2707 2169 2940 2240 priorem
2988 2169 3215 2225 formam
3244 2171 3448 2242 recepit

1866 2256 2038 2326 virga.
2060 2256 2352 2313 Videamus
2373 2259 2689 2331 mysterium
2712 2258 2871 2328 hujus
2894 2258 3051 2315 facti.
3075 2259 3235 2329 Virga
3262 2260 3313 2313 in
3333 2276 3451 2314 ser-

1864 2362 2047 2420 pente,
2069 2350 2317 2408 Christus
2333 2352 2430 2407 fuit
2446 2354 2501 2408 in
2525 2362 2717 2410 morte.
2740 2352 2873 2411 Nam
2890 2368 2987 2428 per
3000 2361 3305 2423 serpentem
3324 2366 3450 2421 pro-

1866 2443 1981 2511 prie
2002 2457 2148 2499 mors
2169 2444 2412 2499 denotari
2432 2454 2628 2516 potest,
2650 2446 2776 2516 quia
2796 2461 3018 2517 serpens
3039 2446 3229 2517 prima:
3260 2443 3452 2497 mortis

1865 2548 2025 2588 causa
2059 2518 2178 2589 fuit.
2208 2536 2286 2591 Eo
2315 2538 2459 2593 enim
2502 2538 2762 2593 suadente
2790 2538 2985 2593 cecidit
3010 2536 3181 2591 Adam
3222 2537 3273 2591 in
3308 2552 3452 2590 mor-

1868 2631 1997 2679 tem.
2041 2625 2188 2698 Fuga
2225 2627 2396 2697 Moysi
2450 2628 2698 2684 timorem
2746 2638 2801 2684 et
2847 2628 3236 2685 dubitationem
3288 2642 3450 2697 quam

1866 2714 2115 2786 discipuli
2152 2718 2457 2773 habuerunt
2502 2720 2556 2774 in
2599 2728 2773 2774 morte
2802 2719 3031 2783 Domini,
3065 2720 3329 2791 designat.
3370 2718 3450 2773 illi

1864 2807 2008 2861 enim
2039 2808 2129 2876 qui
2161 2808 2435 2874 dixerunt,
2466 2807 2573 2863 Nos
2606 2809 2929 2879 putabamus
2974 2810 3114 2879 quod
3148 2809 3451 2878 redemptu-

1866 2912 1959 2953 rus
2000 2908 2143 2953 esset
2179 2898 2342 2954 lsrael
2372 2899 2525 2972 (Luc.
2562 2906 2734 2971 χχιιι),
2767 2901 3159 2970 quodammodo
3195 2901 3245 2953 in
3277 2900 3450 2953 morte

1865 2987 2075 3043 Domini
2112 2990 2467 3059 desperabant
2489 3000 2543 3046 et
2570 2992 2636 3047 ab
2670 3007 2735 3047 eo
2754 2991 2868 3062 jam
2898 3001 3077 3049 mente
3106 2988 3451 3046 recedebant.

1863 3081 2085 3151 Accepit
2112 3081 2322 3153 Moyses
2352 3093 2657 3155 serpentem
2703 3100 2799 3156 per
2837 3086 3062 3140 caudam
3084 3125 3098 3149 ,
3122 3093 3175 3140 et
3202 3085 3452 3139 restituta

173 3181 399 3250 linquas
437 3168 493 3235 et
514 3181 713 3250 quibus
746 3179 1032 3233 inhaerens.
1064 3177 1130 3232 Et
1165 3192 1333 3248 quare
1370 3176 1654 3230 videndum
1682 3181 1763 3228 est
1792 3167 1836 3227 C
1867 3183 1950 3227 est
1976 3174 2146 3245 virga.
2178 3174 2317 3241 Quid
2360 3190 2457 3245 per
2486 3176 2588 3231 hoc
2628 3176 2797 3233 voluit
2827 3177 3086 3247 intelligi?
3115 3177 3296 3233 Cauda
3330 3192 3450 3232 ser-

174 3273 382 3341 quibus
422 3271 707 3325 inhrereas.
743 3269 879 3336 Quia
911 3269 955 3323 si
999 3267 1382 3322 excusabiliter
1428 3264 1764 3320 inhaerebant

176 3363 443 3424 terrenis,
486 3361 683 3431 quibus
714 3361 948 3415 nondum
991 3359 1229 3413 revelata
1276 3368 1402 3413 sunt
1429 3357 1608 3413 divina
1640 3370 1765 3426 pro-

178 3456 352 3509 missa
385 3469 486 3524 per
511 3452 716 3508 Novum
758 3452 1190 3515 Testamentum,
1224 3450 1393 3505 multo
1425 3448 1764 3503 inexcusabi-

178 3549 286 3603 lius
328 3548 411 3602 eis
454 3548 801 3609 inlueremus,
830 3545 1025 3614 quibus
1060 3542 1176 3613 jam
1207 3559 1300 3613 per
1346 3541 1551 3597 Novum
1579 3540 1765 3595 Testa-

179 3648 431 3694 mentum
458 3636 695 3693 -revelata
724 3645 848 3691 sunt
876 3636 1051 3691 divina
1087 3634 1375 3706 promissa.
1405 3632 1548 3687 Dicit
1584 3642 1761 3687 autem

178 3732 259 3787 sic
282 3730 467 3800 Asaplt
490 3748 506 3784 :

255 3820 477 3892 Uti/uid,
518 3820 678 3885 Deus,
711 3820 947 3891 repulisti
990 3820 1045 3873 in
1079 3819 1255 3887 finem,
1302 3819 1468 3871 iratus
1502 3826 1575 3871 est
1615 3815 1766 3885 [uror

177 3924 307 3967 tuus
332 3914 357 3965 ?
383 3911 517 3973 Nota
541 3913 667 3984 quia
702 3926 895 3982 magna
937 3919 1021 3966 est
1052 3909 1263 3965 affectio
1312 3909 1677 3971 lamentantis,
1710 3914 1765 3961 et

178 4005 270 4075 pia
324 3990 632 4073 deprecatio
664 4000 1015 4071 deplorantis,
1056 4015 1119 4055 ea
1150 4014 1268 4069 qua:
1316 4008 1423 4052 tam
1463 3997 1619 4067 longe
1641 4004 1767 4051 sunt

178 4096 372 4149 futura
420 4094 701 4163 deplorare
752 4092 903 4163 quasi
951 4090 1260 4162 prresentia,
1296 4098 1355 4144 ut
1397 4088 1476 4145 sic
1515 4089 1765 4143 ostendat

176 4202 351 4256 quam
386 4186 528 4255 piam
555 4183 891 4238 affectionem
915 4198 1042 4252 erga
1085 4182 1206 4237 illos
1246 4181 1463 4236 habeat.
1492 4180 1656 4248 Quasi
1686 4179 1767 4234 di-

177 4290 273 4336 cat
302 4298 317 4332 :
351 4279 490 4333 Deus
516 4278 695 4343 Pater,
736 4286 812 4338 ut.
846 4276 898 4331 id
927 4286 1009 4330 est
1038 4290 1206 4344 quare
1248 4289 1346 4329 nos
1376 4272 1657 4344 repulisti?
1684 4281 1768 4325 ut—

175 4370 338 4439 quid,
382 4371 432 4424 id
463 4380 566 4433 est,
600 4370 666 4423 ad
708 4384 869 4438 quam
908 4367 1194 4425 utilitatem
1242 4376 1485 4423 nostram
1530 4366 1629 4420 fuit
1674 4365 1763 4419 illa

178 4462 459 4533 repnlsio?
492 4459 743 4531 Repulisti
790 4476 881 4514 nos
921 4461 972 4514 in
1000 4459 1175 4527 linem,
1206 4459 1259 4513 id
1302 4466 1408 4523 est,
1455 4457 1761 4511 omnimoda

178 4552 524 4623 repnlsione;
556 4552 641 4607 vel
670 4550 910 4621 repulisti
952 4566 1051 4605 nos
1084 4551 1377 4621 dirigenda,
1415 4551 1466 4604 in
1492 4560 1543 4607 te
1580 4552 1761 4613 finem,

178 4644 279 4714 qui
338 4641 458 4696 finis
491 4657 549 4697 es
590 4642 750 4696 totius
790 4640 1047 4696 bonitatis
1095 4649 1149 4696 et
1188 4638 1431 4707 iustitiae.
1472 4640 1539 4696 Et
1583 4640 1765 4711 utquid

178 4734 358 4786 iratus
384 4743 458 4787 est
491 4734 638 4803 [uror
659 4745 801 4796 tuus,
836 4734 886 4788 id
914 4742 1016 4798 est,
1049 4733 1116 4787 ad
1145 4733 1273 4803 quid
1314 4741 1655 4804 augmentata
1683 4742 1766 4789 est

180 4823 268 4876 ira
316 4830 425 4885 tua,
476 4839 632 4891 super
673 4839 788 4877 oves
817 4839 1026 4892 pascua:
1057 4833 1183 4884 tum,
1216 4838 1351 4892 quas
1398 4833 1453 4877 tu
1505 4822 1683 4878 fovisti
1713 4832 1769 4879 et

180 4912 502 4967 nutrivisti?
550 4911 661 4967 Hoc
711 4912 831 4966 ideo
875 4912 1002 4982 quia
1047 4912 1279 4967 terrenis
1335 4912 1761 4979 adhmrebamus,

183 5012 244 5057 te
280 5012 546 5071 pastorem
580 5019 685 5057 non
711 5003 1079 5075 cognovimus.
1106 5002 1310 5057 Memor
1334 5013 1442 5057 esto
1480 5020 1763 5075 congrega-

82 5088 85 5089 ⁷
183 5095 352 5148 tionis
396 5103 518 5148 tute.
549 5094 712 5162 Quasi
764 5093 1029 5149 dicat:Si
1072 5095 1149 5150 sic
1194 5094 1457 5166 agendum
1502 5093 1603 5149 fuit
1643 5110 1765 5151 cum

184 5185 385 5258 paleis,
413 5194 594 5243 tamen
621 5184 940 5243 reservanda
966 5193 1091 5240 sunt
1114 5202 1300 5256 grana.
1324 5187 1393 5240 Et
1417 5194 1474 5241 ut
1502 5201 1765 5252 reserves,

185 5293 389 5330 memor
427 5288 535 5332 esto
585 5278 998 5348 congregationis
1041 5285 1164 5341 tute,
1197 5292 1359 5346 quam
1402 5287 1479 5345 tu,
1517 5278 1768 5334 videlicet

186 5370 347 5437 quasi
378 5385 543 5439 grana
584 5371 723 5423 inter
756 5368 960 5438 paleas,
1000 5350 1329 5427 conservasti
1359 5387 1371 5421 :
1397 5386 1555 5439 quam
1588 5386 1764 5439 posse-

189 5458 319 5511 disti
356 5461 419 5512 ab
448 5459 619 5523 initio,
664 5458 716 5512 id
750 5467 833 5512 est
874 5473 904 5511 a
948 5468 1188 5527 tempore
1227 5459 1384 5528 primi
1427 5458 1582 5527 justi,
1632 5459 1764 5514 Abel

190 5550 462 5613 videlicet,
487 5550 610 5618 quia
640 5563 705 5602 ex
734 5563 800 5603 eo
835 5557 1072 5618 tempore
1116 5564 1224 5603 non
1251 5548 1537 5604 defuerunt
1568 5551 1620 5604 in
1664 5566 1762 5621 po-

194 5641 320 5713 pulo
370 5643 459 5695 illo
498 5643 588 5711 qui
636 5642 689 5695 in
732 5641 935 5696 semine
970 5651 1153 5697 essent
1200 5641 1513 5711 rcpntandi;
1567 5642 1650 5697 vel
1699 5643 1763 5697 ab

197 5736 362 5800 initio,
403 5736 453 5790 id
495 5744 597 5801 cst,
631 5750 659 5788 ιι
695 5744 934 5804 tempore
967 5734 1055 5789 illo
1096 5750 1161 5789 ex
1202 5749 1308 5804 quo
1350 5735 1620 5791 Abraham
1664 5735 1765 5791 fuit

1864 3266 2062 3336 pentis,
2091 3268 2391 3337 posteriora
2420 3268 2639 3333 Christi,
2671 3271 3123 3325 resurrectionem
3168 3280 3224 3325 et
3266 3286 3453 3324 ascen-

1863 3357 2091 3422 sionem,
2116 3359 2354 3415 denotat.
2384 3359 2513 3427 Quae
2534 3362 2637 3416 duo
2662 3376 2783 3416 cum
2809 3362 3057 3433 discipuli
3082 3371 3263 3416 mente
3289 3362 3453 3416 attin-

1863 3457 2051 3518 gerent
2076 3458 2131 3504 et
2154 3452 2314 3507 corde
2342 3452 2658 3518 crederent,
2684 3452 2795 3521 jam
2834 3468 3058 3523 serpens
3090 3463 3326 3508 mutatus
3370 3462 3454 3509 est

1865 3540 1917 3595 in
1951 3541 2176 3607 virgam,
2209 3544 2331 3613 quia
2381 3543 2447 3599 de
2489 3560 2595 3613 quo
2643 3554 2856 3601 mortuo
2905 3546 3299 3618 desperabant,
3324 3562 3454 3602 eum

1862 3634 2041 3688 vivum
2090 3644 2275 3704 postea
2328 3638 2645 3692 adorabant.
2695 3638 2930 3694 Thomas
2978 3640 3143 3705 enim,
3174 3639 3264 3707 qui
3301 3639 3453 3709 prius

1864 3726 2145 3794 dubitavit,
2187 3745 2393 3800 ponens
2438 3746 2654 3785 manum
2702 3731 2753 3785 in
2785 3731 2925 3786 latus
2954 3730 3101 3799 ejus,
3130 3732 3268 3785 dixit
3299 3748 3311 3783 ε
3343 3731 3453 3784 Do-

1864 3819 2036 3872 minus
2064 3836 2206 3875 mens
2252 3832 2298 3874 et
2344 3821 2484 3875 Deus
2528 3838 2671 3875 meus
2705 3822 2884 3893 (Joan.
2920 3830 3032 3895 xx).
3065 3822 3247 3878 Potest
3286 3823 3450 3878 etiam

1866 3910 2033 3963 cauda
2077 3912 2343 3979 serpentis
2386 3913 2683 3982 posteriora
2733 3913 2986 3969 Ecclesia:
3014 3914 3289 3970 denotare.
3315 3912 3451 3967 Nam

1866 3999 1912 4053 si
1939 3998 2058 4068 quis
2088 3999 2153 4053 ad
2182 4001 2482 4070 posteriora
2514 4002 2767 4057 Ecclesiae
2790 4005 3106 4073 respexerit,
3136 4019 3257 4059 eam
3289 4004 3451 4058 attin-

1866 4102 1993 4155 gere
2026 4105 2130 4144 non
2157 4089 2440 4153 dubitabit,
2477 4091 2599 4146 licet
2620 4106 2737 4146 eam
2760 4093 2911 4162 prius
2945 4094 3099 4164 quasi
3143 4084 3450 4165 serpentem

1866 4190 1922 4239 et
1968 4188 2234 4235 mortuam
2283 4182 2624 4236 abominatus
2666 4180 2898 4237 fuisset:
2931 4184 3011 4240 sic
3045 4184 3197 4253 virga
3246 4184 3298 4238 in
3338 4199 3453 4239 ser-

1866 4282 2047 4345 pente,
2072 4271 2346 4327 Christum
2370 4273 2421 4327 in
2451 4281 2622 4328 morte
2652 4282 2705 4328 et
2735 4274 3028 4329 Ecclesiam
3057 4274 3450 4345 periclitantem

1867 4363 1921 4418 in
1969 4363 2313 4420 tribulatione
2365 4364 2631 4437 designat.
2679 4366 2820 4419 Alibi
2865 4367 3026 4420 etiam
3060 4350 3308 4421 Christus
3354 4381 3451 4434 per

1868 4462 2172 4524 serpentem
2203 4457 2505 4510 denotatur.
2552 4455 2775 4525 Legitur
2816 4458 2957 4527 quod
3003 4456 3327 4512 lsraeliticus
3356 4472 3450 4526 po—

1870 4546 2025 4615 pulus
2069 4545 2235 4600 multa
2283 4548 2336 4601 in
2366 4547 2578 4605 deserto
2604 4563 2793 4617 passus
2832 4550 2904 4603 sit
2934 4564 2963 4602 a
2994 4548 3367 4620 serpentibus,
3396 4557 3452 4602 et

1866 4650 1932 4689 ex
1965 4634 2069 4690 illis
2097 4637 2247 4692 multi
2278 4637 2476 4691 mortui
2505 4646 2629 4692 sunt
2658 4653 2723 4692 ex
2763 4640 3202 4709 percussionibus
3230 4654 3453 4711 serpen-

1870 4737 2002 4781 tum.
2027 4726 2158 4794 Qure
2185 4728 2337 4799 plaga
2364 4737 2419 4781 nt
2437 4738 2699 4793 cessaret,
2720 4731 2975 4800 prtecepit
2998 4732 3254 4786 Dominus
3279 4731 3451 4803 Moysi

1868 4825 1926 4871 ut
1971 4826 2275 4886 serpentem
2317 4833 2525 4873 teneam
2573 4817 2805 4884 faceret,
2833 4832 2887 4874 et
2918 4837 3040 4875 eum
3089 4823 3140 4876 in
3173 4821 3317 4892 ligno
3346 4822 3452 4878 alte

1866 4916 2111 4977 poneret,
2141 4916 2200 4962 ut
2220 4908 2264 4962 si
2293 4907 2414 4978 quis
2441 4906 2599 4964 laesus
2619 4919 2763 4964 esset
2792 4926 2820 4964 a
2850 4911 3208 4982 serpentibus,
3232 4928 3451 4982 serpen-

1870 5005 1979 5054 tem
2017 4998 2166 5054 illum
2198 4999 2496 5053 intueretur
2534 5008 2589 5053 et
2630 4999 2708 5055 sic
2743 5011 3057 5070 sanaretur;
3091 5010 3145 5057 et
3172 4990 3449 5070 impletum

1868 5099 1953 5145 est
1989 5100 2314 5162 praeceptum
2357 5090 2591 5156 Domini,
2620 5100 2674 5146 et
2713 5094 2889 5148 sanati
2920 5105 3046 5149 sunt
3076 5094 3225 5147 multi
3258 5092 3448 5165 (Nam.

1867 5182 2004 5253 xxi).
2038 5184 2092 5238 In
2120 5185 2222 5240 hoc
2251 5194 2501 5254 serpente
2529 5185 2631 5240 tria
2658 5194 2930 5251 notantur,
2956 5186 3098 5257 quod
3122 5199 3303 5240 tenens
3326 5183 3449 5248 fuit,

1869 5285 1923 5332 et
1958 5276 2243 5349 imaginem
2272 5279 2541 5348 serpentis
2572 5279 2780 5344 habuit,
2812 5288 2866 5333 et
2893 5287 3135 5332 mortuus
3163 5276 3263 5330 fuit
3306 5294 3318 5328 :
3351 5288 3450 5343 per

1870 5382 1972 5433 tes,
2029 5369 2154 5439 quia
2207 5369 2500 5423 durabilius
2552 5379 2635 5425 est
2683 5370 2827 5424 omni
2880 5367 3135 5430 metallo,
3190 5365 3441 5428 divinitas

1868 5458 2070 5515 Christi
2119 5460 2433 5524 denotatur;
2475 5461 2649 5530 imago
2690 5460 2956 5529 serpentis
2984 5457 3253 5530 signiﬁcat
3280 5456 3435 5515 Chri-

1871 5562 2011 5609 stum
2063 5554 2115 5609 in
2157 5554 2504 5610 similitudine
2546 5554 2727 5608 carnis
2774 5552 3118 5622 peccatricis,
3164 5558 3219 5605 et
3255 5564 3359 5604 non
3391 5551 3446 5605 in

1870 5660 2035 5703 carne
2092 5648 2429 5717 peccatriee;
2492 5647 2736 5701 mortuus
2797 5646 2883 5700 ille
2941 5659 3163 5713 serpens
3219 5652 3447 5700 mortem

1871 5738 2068 5793 Christi
2096 5738 2356 5810 designat,
2387 5754 2546 5807 quam
2568 5738 2612 5793 si
2644 5739 2765 5808 quis
2796 5738 3032 5796 intuetur
3058 5737 3161 5795 llde
3181 5746 3230 5795 ct
3261 5748 3445 5808 opere,
