  <div class='ocr_page' id='page_1' title='image "/cluster/home/n/w/nwhite01/storage/ocr_20150623/131/hvd.32044015471725/269.png"; bbox 0 0 3884 5726; ppageno 0'>
   <div class='ocr_carea' id='block_1_1' title="bbox 513 312 616 365">
    <p class='ocr_par' dir='ltr' id='par_1_1' title="bbox 513 312 616 365">
     <span class='ocr_line' id='line_1_1' title="bbox 513 312 616 365; baseline -0.01 0"><span class='ocrx_word' id='word_1_1' title='bbox 513 312 616 365; x_wconf 71' lang='grc'><strong>527</strong></span> 
     </span>
    </p>
   </div>
   <div class='ocr_carea' id='block_1_2' title="bbox 1144 294 3744 363">
    <p class='ocr_par' dir='ltr' id='par_1_2' title="bbox 1144 294 3744 363">
     <span class='ocr_line' id='line_1_2' title="bbox 1144 294 3744 363; baseline -0.005 -2"><span class='ocrx_word' id='word_1_2' title='bbox 1144 304 1398 363; x_wconf 75' lang='lat' dir='ltr'><strong>REMlGll</strong></span> <span class='ocrx_word' id='word_1_3' title='bbox 1439 299 2094 361; x_wconf 72' lang='lat' dir='ltr'><strong>ANTISSIODORENSIS</strong></span> <span class='ocrx_word' id='word_1_4' title='bbox 2130 300 2278 357; x_wconf 82' lang='lat' dir='ltr'><strong>OPP.</strong></span> <span class='ocrx_word' id='word_1_5' title='bbox 2320 297 2497 354; x_wconf 76' lang='lat' dir='ltr'><strong>PARS</strong></span> <span class='ocrx_word' id='word_1_6' title='bbox 2537 297 2576 352; x_wconf 92' lang='grc' dir='ltr'><strong>Ι.</strong></span> <span class='ocrx_word' id='word_1_7' title='bbox 2616 327 2685 336; x_wconf 97' lang='lat'><strong>—</strong></span> <span class='ocrx_word' id='word_1_8' title='bbox 2718 295 3128 352; x_wconf 78' lang='lat' dir='ltr'><strong>EXEGETICA.</strong></span> <span class='ocrx_word' id='word_1_9' title='bbox 3654 294 3744 348; x_wconf 67' lang='lat'><strong>5‘28</strong></span> 
     </span>
    </p>
   </div>
   <div class='ocr_carea' id='block_1_3' title="bbox 511 404 3746 485">
    <p class='ocr_par' dir='ltr' id='par_1_3' title="bbox 511 404 3746 485">
     <span class='ocr_line' id='line_1_3' title="bbox 511 404 3746 485; baseline -0.006 -7"><span class='ocrx_word' id='word_1_10' title='bbox 511 422 765 482; x_wconf 88' lang='lat' dir='ltr'><strong>videlicet</strong></span> <span class='ocrx_word' id='word_1_11' title='bbox 782 434 904 481; x_wconf 86' lang='lat' dir='ltr'><strong>eam</strong></span> <span class='ocrx_word' id='word_1_12' title='bbox 933 418 1213 484; x_wconf 85' lang='lat' dir='ltr'><strong>imitando,</strong></span> <span class='ocrx_word' id='word_1_13' title='bbox 1240 426 1461 475; x_wconf 89' lang='lat' dir='ltr'><strong>sanatur</strong></span> <span class='ocrx_word' id='word_1_14' title='bbox 1487 415 1555 470; x_wconf 86' lang='lat' dir='ltr'><strong>ab</strong></span> <span class='ocrx_word' id='word_1_15' title='bbox 1575 413 1720 469; x_wconf 89' lang='lat' dir='ltr'><strong>omni</strong></span> <span class='ocrx_word' id='word_1_16' title='bbox 1749 410 2092 485; x_wconf 91' lang='lat' dir='ltr'><strong>percussione</strong></span> <span class='ocrx_word' id='word_1_17' title='bbox 2120 416 2166 474; x_wconf 74' lang='grc' dir='ltr'><strong>Α</strong></span> <span class='ocrx_word' id='word_1_18' title='bbox 2198 424 2301 463; x_wconf 91' lang='lat' dir='ltr'><strong>non</strong></span> <span class='ocrx_word' id='word_1_19' title='bbox 2330 409 2673 478; x_wconf 86' lang='lat' dir='ltr'><strong>reperiuntur</strong></span> <span class='ocrx_word' id='word_1_20' title='bbox 2696 406 3099 477; x_wconf 9' lang='lat' dir='ltr'><strong>arborcsrutilcs</strong></span> <span class='ocrx_word' id='word_1_21' title='bbox 3140 405 3206 460; x_wconf 89' lang='lat' dir='ltr'><strong>ad</strong></span> <span class='ocrx_word' id='word_1_22' title='bbox 3234 404 3481 470; x_wconf 76' lang='lat' dir='ltr'><strong>mditicia,</strong></span> <span class='ocrx_word' id='word_1_23' title='bbox 3510 407 3595 460; x_wconf 89' lang='lat' dir='ltr'><strong>sed</strong></span> <span class='ocrx_word' id='word_1_24' title='bbox 3618 406 3746 477; x_wconf 73' lang='lat' dir='ltr'><strong>ligna</strong></span> 
     </span>
    </p>
   </div>
   <div class='ocr_carea' id='block_1_4' title="bbox 510 501 2083 581">
    <p class='ocr_par' dir='ltr' id='par_1_4' title="bbox 510 501 2083 581">
     <span class='ocr_line' id='line_1_4' title="bbox 510 501 2083 581; baseline -0.012 -12"><span class='ocrx_word' id='word_1_25' title='bbox 510 517 847 581; x_wconf 73' lang='lat' dir='ltr'><strong>serpentum,</strong></span> <span class='ocrx_word' id='word_1_26' title='bbox 878 506 1046 562; x_wconf 84' lang='lat' dir='ltr'><strong>idest</strong></span> <span class='ocrx_word' id='word_1_27' title='bbox 1074 505 1143 562; x_wconf 86' lang='lat' dir='ltr'><strong>ab</strong></span> <span class='ocrx_word' id='word_1_28' title='bbox 1171 502 1314 565; x_wconf 90' lang='lat' dir='ltr'><strong>omni</strong></span> <span class='ocrx_word' id='word_1_29' title='bbox 1345 502 1741 573; x_wconf 83' lang='lat' dir='ltr'><strong>impugnatione</strong></span> <span class='ocrx_word' id='word_1_30' title='bbox 1764 501 2083 560; x_wconf 56' lang='lat' dir='ltr'><strong>daemonum.</strong></span> 
     </span>
    </p>
   </div>
   <div class='ocr_carea' id='block_1_5' title="bbox 511 586 2087 663">
    <p class='ocr_par' dir='ltr' id='par_1_5' title="bbox 511 586 2087 663">
     <span class='ocr_line' id='line_1_5' title="bbox 511 586 2087 663; baseline -0.011 -6"><span class='ocrx_word' id='word_1_31' title='bbox 511 600 649 657; x_wconf 69' lang='lat' dir='ltr'><strong>Lena</strong></span> <span class='ocrx_word' id='word_1_32' title='bbox 672 613 859 653; x_wconf 85' lang='lat' dir='ltr'><strong>manus</strong></span> <span class='ocrx_word' id='word_1_33' title='bbox 887 605 1007 651; x_wconf 88' lang='lat' dir='ltr'><strong>tuas</strong></span> <span class='ocrx_word' id='word_1_34' title='bbox 1035 595 1091 647; x_wconf 86' lang='lat' dir='ltr'><strong>in</strong></span> <span class='ocrx_word' id='word_1_35' title='bbox 1115 592 1383 663; x_wconf 75' lang='lat' dir='ltr'><strong>superbius</strong></span> <span class='ocrx_word' id='word_1_36' title='bbox 1415 608 1594 647; x_wconf 85' lang='lat' dir='ltr'><strong>eorum</strong></span> <span class='ocrx_word' id='word_1_37' title='bbox 1633 592 1686 646; x_wconf 89' lang='lat' dir='ltr'><strong>in</strong></span> <span class='ocrx_word' id='word_1_38' title='bbox 1716 590 1891 660; x_wconf 78' lang='lat' dir='ltr'><strong>ﬁnem.</strong></span> <span class='ocrx_word' id='word_1_39' title='bbox 1923 586 2087 656; x_wconf 83' lang='lat' dir='ltr'><strong>Quasi</strong></span> 
     </span>
    </p>
   </div>
   <div class='ocr_carea' id='block_1_6' title="bbox 510 682 2089 754">
    <p class='ocr_par' dir='ltr' id='par_1_6' title="bbox 510 682 2089 754">
     <span class='ocr_line' id='line_1_6' title="bbox 510 682 2089 754; baseline -0.007 -9"><span class='ocrx_word' id='word_1_40' title='bbox 510 690 659 745; x_wconf 88' lang='lat' dir='ltr'><strong>dicat</strong></span> <span class='ocrx_word' id='word_1_41' title='bbox 687 705 701 742; x_wconf 95' lang='lat'><strong>:</strong></span> <span class='ocrx_word' id='word_1_42' title='bbox 733 685 939 749; x_wconf 74' lang='lat' dir='ltr'><strong>Memor</strong></span> <span class='ocrx_word' id='word_1_43' title='bbox 965 691 1082 739; x_wconf 90' lang='lat' dir='ltr'><strong>esto</strong></span> <span class='ocrx_word' id='word_1_44' title='bbox 1110 682 1537 754; x_wconf 91' lang='lat' dir='ltr'><strong>congregationis</strong></span> <span class='ocrx_word' id='word_1_45' title='bbox 1565 692 1699 749; x_wconf 74' lang='lat' dir='ltr'><strong>tute;</strong></span> <span class='ocrx_word' id='word_1_46' title='bbox 1729 688 1783 737; x_wconf 89' lang='lat' dir='ltr'><strong>et</strong></span> <span class='ocrx_word' id='word_1_47' title='bbox 1806 689 1862 735; x_wconf 92' lang='lat' dir='ltr'><strong>ut</strong></span> <span class='ocrx_word' id='word_1_48' title='bbox 1883 695 2089 735; x_wconf 91' lang='lat' dir='ltr'><strong>memor</strong></span> 
     </span>
    </p>
   </div>
   <div class='ocr_carea' id='block_1_7' title="bbox 510 770 2087 846">
    <p class='ocr_par' dir='ltr' id='par_1_7' title="bbox 510 770 2087 846">
     <span class='ocr_line' id='line_1_7' title="bbox 510 770 2087 846; baseline -0.008 -11"><span class='ocrx_word' id='word_1_49' title='bbox 510 778 612 846; x_wconf 88' lang='lat' dir='ltr'><strong>sis,</strong></span> <span class='ocrx_word' id='word_1_50' title='bbox 639 775 748 831; x_wconf 80' lang='lat' dir='ltr'><strong>leva</strong></span> <span class='ocrx_word' id='word_1_51' title='bbox 784 788 972 839; x_wconf 82' lang='lat' dir='ltr'><strong>manus</strong></span> <span class='ocrx_word' id='word_1_52' title='bbox 1009 780 1149 839; x_wconf 90' lang='lat' dir='ltr'><strong>tuas,</strong></span> <span class='ocrx_word' id='word_1_53' title='bbox 1180 771 1233 827; x_wconf 89' lang='lat' dir='ltr'><strong>id</strong></span> <span class='ocrx_word' id='word_1_54' title='bbox 1267 780 1373 837; x_wconf 89' lang='lat' dir='ltr'><strong>est,</strong></span> <span class='ocrx_word' id='word_1_55' title='bbox 1398 785 1592 828; x_wconf 76' lang='lat' dir='ltr'><strong>exerce</strong></span> <span class='ocrx_word' id='word_1_56' title='bbox 1616 770 1910 843; x_wconf 84' lang='lat' dir='ltr'><strong>potentiam</strong></span> <span class='ocrx_word' id='word_1_57' title='bbox 1943 778 2087 824; x_wconf 91' lang='lat' dir='ltr'><strong>tuam</strong></span> 
     </span>
    </p>
   </div>
   <div class='ocr_carea' id='block_1_8' title="bbox 508 859 2087 935">
    <p class='ocr_par' dir='ltr' id='par_1_8' title="bbox 508 859 2087 935">
     <span class='ocr_line' id='line_1_8' title="bbox 508 859 2087 935; baseline -0.004 -15"><span class='ocrx_word' id='word_1_58' title='bbox 508 869 566 920; x_wconf 84' lang='lat' dir='ltr'><strong>in</strong></span> <span class='ocrx_word' id='word_1_59' title='bbox 590 862 864 935; x_wconf 82' lang='lat' dir='ltr'><strong>superbius</strong></span> <span class='ocrx_word' id='word_1_60' title='bbox 894 878 1096 929; x_wconf 84' lang='lat' dir='ltr'><strong>eorum,</strong></span> <span class='ocrx_word' id='word_1_61' title='bbox 1123 861 1176 918; x_wconf 88' lang='lat' dir='ltr'><strong>id</strong></span> <span class='ocrx_word' id='word_1_62' title='bbox 1199 870 1306 930; x_wconf 89' lang='lat' dir='ltr'><strong>est,</strong></span> <span class='ocrx_word' id='word_1_63' title='bbox 1330 870 1522 918; x_wconf 91' lang='lat' dir='ltr'><strong>contra</strong></span> <span class='ocrx_word' id='word_1_64' title='bbox 1560 860 1841 932; x_wconf 87' lang='lat' dir='ltr'><strong>superbias</strong></span> <span class='ocrx_word' id='word_1_65' title='bbox 1883 859 2087 913; x_wconf 79' lang='lat' dir='ltr'><strong>Roma-</strong></span> 
     </span>
    </p>
   </div>
   <div class='ocr_carea' id='block_1_9' title="bbox 508 951 2084 1028">
    <p class='ocr_par' dir='ltr' id='par_1_9' title="bbox 508 951 2084 1028">
     <span class='ocr_line' id='line_1_9' title="bbox 508 951 2084 1028; baseline -0.006 -14"><span class='ocrx_word' id='word_1_66' title='bbox 508 972 744 1023; x_wconf 84' lang='lat' dir='ltr'><strong>norum,</strong></span> <span class='ocrx_word' id='word_1_67' title='bbox 793 955 1072 1028; x_wconf 77' lang='lat' dir='ltr'><strong>dirigenda</strong></span> <span class='ocrx_word' id='word_1_68' title='bbox 1119 969 1215 1010; x_wconf 88' lang='lat' dir='ltr'><strong>eas</strong></span> <span class='ocrx_word' id='word_1_69' title='bbox 1260 954 1314 1009; x_wconf 89' lang='lat' dir='ltr'><strong>in</strong></span> <span class='ocrx_word' id='word_1_70' title='bbox 1352 962 1405 1010; x_wconf 90' lang='lat' dir='ltr'><strong>te</strong></span> <span class='ocrx_word' id='word_1_71' title='bbox 1448 952 1644 1021; x_wconf 79' lang='lat' dir='ltr'><strong>linem;</strong></span> <span class='ocrx_word' id='word_1_72' title='bbox 1693 951 1777 1008; x_wconf 88' lang='lat' dir='ltr'><strong>vel</strong></span> <span class='ocrx_word' id='word_1_73' title='bbox 1806 954 1860 1007; x_wconf 87' lang='lat' dir='ltr'><strong>in</strong></span> <span class='ocrx_word' id='word_1_74' title='bbox 1906 951 2084 1021; x_wconf 78' lang='lat' dir='ltr'><strong>ﬁnem,</strong></span> 
     </span>
    </p>
   </div>
   <div class='ocr_carea' id='block_1_10' title="bbox 506 1042 2085 1110">
    <p class='ocr_par' dir='ltr' id='par_1_10' title="bbox 506 1042 2085 1110">
     <span class='ocr_line' id='line_1_10' title="bbox 506 1042 2085 1110; baseline -0.005 -9"><span class='ocrx_word' id='word_1_75' title='bbox 506 1046 564 1102; x_wconf 89' lang='lat' dir='ltr'><strong>id</strong></span> <span class='ocrx_word' id='word_1_76' title='bbox 601 1054 687 1103; x_wconf 82' lang='lat' dir='ltr'><strong>est</strong></span> <span class='ocrx_word' id='word_1_77' title='bbox 714 1043 863 1101; x_wconf 87' lang='lat' dir='ltr'><strong>iinali</strong></span> <span class='ocrx_word' id='word_1_78' title='bbox 906 1042 1193 1110; x_wconf 85' lang='lat' dir='ltr'><strong>levatione,</strong></span> <span class='ocrx_word' id='word_1_79' title='bbox 1221 1042 1334 1100; x_wconf 87' lang='lat' dir='ltr'><strong>leva</strong></span> <span class='ocrx_word' id='word_1_80' title='bbox 1359 1059 1545 1098; x_wconf 88' lang='lat' dir='ltr'><strong>manus</strong></span> <span class='ocrx_word' id='word_1_81' title='bbox 1588 1052 1706 1097; x_wconf 88' lang='lat' dir='ltr'><strong>tuas</strong></span> <span class='ocrx_word' id='word_1_82' title='bbox 1735 1049 1926 1097; x_wconf 89' lang='lat' dir='ltr'><strong>contra</strong></span> <span class='ocrx_word' id='word_1_83' title='bbox 1971 1054 2085 1094; x_wconf 89' lang='lat' dir='ltr'><strong>eos.</strong></span> 
     </span>
    </p>
   </div>
   <div class='ocr_carea' id='block_1_11' title="bbox 506 1133 2085 1209">
    <p class='ocr_par' dir='ltr' id='par_1_11' title="bbox 506 1133 2085 1209">
     <span class='ocr_line' id='line_1_11' title="bbox 506 1133 2085 1209; baseline -0.006 -14"><span class='ocrx_word' id='word_1_84' title='bbox 506 1137 577 1194; x_wconf 86' lang='lat' dir='ltr'><strong>Et</strong></span> <span class='ocrx_word' id='word_1_85' title='bbox 599 1152 734 1209; x_wconf 90' lang='lat' dir='ltr'><strong>opus</strong></span> <span class='ocrx_word' id='word_1_86' title='bbox 757 1145 863 1205; x_wconf 91' lang='lat' dir='ltr'><strong>est,</strong></span> <span class='ocrx_word' id='word_1_87' title='bbox 890 1136 1014 1208; x_wconf 88' lang='lat' dir='ltr'><strong>quia</strong></span> <span class='ocrx_word' id='word_1_88' title='bbox 1038 1135 1313 1197; x_wconf 88' lang='lat' dir='ltr'><strong>inimicus,</strong></span> <span class='ocrx_word' id='word_1_89' title='bbox 1337 1135 1388 1189; x_wconf 87' lang='lat' dir='ltr'><strong>id</strong></span> <span class='ocrx_word' id='word_1_90' title='bbox 1417 1146 1501 1209; x_wconf 86' lang='lat' dir='ltr'><strong>est</strong></span> <span class='ocrx_word' id='word_1_91' title='bbox 1530 1133 1757 1205; x_wconf 89' lang='lat' dir='ltr'><strong>populus</strong></span> <span class='ocrx_word' id='word_1_92' title='bbox 1793 1133 2085 1196; x_wconf 76' lang='lat' dir='ltr'><strong>Romanus,</strong></span> 
     </span>
    </p>
   </div>
   <div class='ocr_carea' id='block_1_12' title="bbox 506 1226 2084 1301">
    <p class='ocr_par' dir='ltr' id='par_1_12' title="bbox 506 1226 2084 1301">
     <span class='ocr_line' id='line_1_12' title="bbox 506 1226 2084 1301; baseline -0.004 -15"><span class='ocrx_word' id='word_1_93' title='bbox 506 1229 736 1291; x_wconf 87' lang='lat' dir='ltr'><strong>multum</strong></span> <span class='ocrx_word' id='word_1_94' title='bbox 782 1228 1015 1301; x_wconf 82' lang='lat' dir='ltr'><strong>maligne</strong></span> <span class='ocrx_word' id='word_1_95' title='bbox 1056 1228 1167 1299; x_wconf 85' lang='lat' dir='ltr'><strong>egit</strong></span> <span class='ocrx_word' id='word_1_96' title='bbox 1195 1229 1249 1283; x_wconf 94' lang='lat' dir='ltr'><strong>in</strong></span> <span class='ocrx_word' id='word_1_97' title='bbox 1280 1237 1467 1285; x_wconf 91' lang='lat' dir='ltr'><strong>sancto</strong></span> <span class='ocrx_word' id='word_1_98' title='bbox 1497 1228 1634 1291; x_wconf 90' lang='lat' dir='ltr'><strong>loco,</strong></span> <span class='ocrx_word' id='word_1_99' title='bbox 1670 1226 1927 1281; x_wconf 91' lang='lat' dir='ltr'><strong>subaudis</strong></span> <span class='ocrx_word' id='word_1_100' title='bbox 1973 1234 2084 1290; x_wconf 88' lang='lat' dir='ltr'><strong>tuo,</strong></span> 
     </span>
    </p>
   </div>
   <div class='ocr_carea' id='block_1_13' title="bbox 505 1314 2090 1387">
    <p class='ocr_par' dir='ltr' id='par_1_13' title="bbox 505 1314 2090 1387">
     <span class='ocr_line' id='line_1_13' title="bbox 505 1314 2090 1387; baseline -0.003 -16"><span class='ocrx_word' id='word_1_101' title='bbox 505 1318 855 1373; x_wconf 87' lang='lat' dir='ltr'><strong>destruendo.</strong></span> <span class='ocrx_word' id='word_1_102' title='bbox 885 1316 1039 1386; x_wconf 86' lang='lat' dir='ltr'><strong>Quod</strong></span> <span class='ocrx_word' id='word_1_103' title='bbox 1066 1317 1196 1372; x_wconf 84' lang='lat' dir='ltr'><strong>dicit</strong></span> <span class='ocrx_word' id='word_1_104' title='bbox 1226 1333 1241 1373; x_wconf 96' lang='lat'><strong>:</strong></span> <span class='ocrx_word' id='word_1_105' title='bbox 1276 1314 1487 1383; x_wconf 79' lang='lat' dir='ltr'><strong>Quanta</strong></span> <span class='ocrx_word' id='word_1_106' title='bbox 1528 1315 1844 1387; x_wconf 80' lang='lat' dir='ltr'><strong>malignatus</strong></span> <span class='ocrx_word' id='word_1_107' title='bbox 1884 1324 1957 1369; x_wconf 84' lang='lat' dir='ltr'><strong>est</strong></span> <span class='ocrx_word' id='word_1_108' title='bbox 1990 1315 2090 1368; x_wconf 81' lang='lat' dir='ltr'><strong>ini—</strong></span> 
     </span>
    </p>
   </div>
   <div class='ocr_carea' id='block_1_14' title="bbox 504 1406 2089 1479">
    <p class='ocr_par' dir='ltr' id='par_1_14' title="bbox 504 1406 2089 1479">
     <span class='ocr_line' id='line_1_14' title="bbox 504 1406 2089 1479; baseline 0 -18"><span class='ocrx_word' id='word_1_109' title='bbox 504 1407 671 1463; x_wconf 83' lang='lat' dir='ltr'><strong>micus</strong></span> <span class='ocrx_word' id='word_1_110' title='bbox 696 1407 751 1462; x_wconf 88' lang='lat' dir='ltr'><strong>in</strong></span> <span class='ocrx_word' id='word_1_111' title='bbox 774 1408 988 1462; x_wconf 84' lang='lat' dir='ltr'><strong>sancto!</strong></span> <span class='ocrx_word' id='word_1_112' title='bbox 1011 1416 1058 1462; x_wconf 89' lang='lat' dir='ltr'><strong>et</strong></span> <span class='ocrx_word' id='word_1_113' title='bbox 1081 1406 1132 1461; x_wconf 89' lang='lat' dir='ltr'><strong>in</strong></span> <span class='ocrx_word' id='word_1_114' title='bbox 1156 1414 1360 1461; x_wconf 91' lang='lat' dir='ltr'><strong>tantum</strong></span> <span class='ocrx_word' id='word_1_115' title='bbox 1381 1406 1594 1479; x_wconf 75' lang='lat' dir='ltr'><strong>gloriati</strong></span> <span class='ocrx_word' id='word_1_116' title='bbox 1626 1416 1747 1461; x_wconf 87' lang='lat' dir='ltr'><strong>sunt</strong></span> <span class='ocrx_word' id='word_1_117' title='bbox 1770 1406 1836 1461; x_wconf 92' lang='lat' dir='ltr'><strong>de</strong></span> <span class='ocrx_word' id='word_1_118' title='bbox 1861 1406 2089 1461; x_wconf 78' lang='lat' dir='ltr'><strong>victoria</strong></span> 
     </span>
    </p>
   </div>
   <div class='ocr_carea' id='block_1_15' title="bbox 504 1490 2088 1572">
    <p class='ocr_par' dir='ltr' id='par_1_15' title="bbox 504 1490 2088 1572">
     <span class='ocr_line' id='line_1_15' title="bbox 504 1490 2088 1572; baseline 0 -20"><span class='ocrx_word' id='word_1_119' title='bbox 504 1512 604 1553; x_wconf 87' lang='lat' dir='ltr'><strong>sua</strong></span> <span class='ocrx_word' id='word_1_120' title='bbox 652 1498 744 1572; x_wconf 89' lang='lat' dir='ltr'><strong>qui</strong></span> <span class='ocrx_word' id='word_1_121' title='bbox 790 1490 1023 1553; x_wconf 77' lang='lat' dir='ltr'><strong>oderunt&#39;</strong></span> <span class='ocrx_word' id='word_1_122' title='bbox 1043 1508 1111 1561; x_wconf 89' lang='lat' dir='ltr'><strong>te,</strong></span> <span class='ocrx_word' id='word_1_123' title='bbox 1143 1498 1369 1570; x_wconf 75' lang='lat' dir='ltr'><strong>gentiles</strong></span> <span class='ocrx_word' id='word_1_124' title='bbox 1412 1497 1678 1563; x_wconf 81' lang='lat' dir='ltr'><strong>videlicet,</strong></span> <span class='ocrx_word' id='word_1_125' title='bbox 1715 1498 1806 1569; x_wconf 88' lang='lat' dir='ltr'><strong>qui</strong></span> <span class='ocrx_word' id='word_1_126' title='bbox 1855 1498 2088 1552; x_wconf 76' lang='lat' dir='ltr'><strong>maxime</strong></span> 
     </span>
    </p>
   </div>
   <div class='ocr_carea' id='block_1_16' title="bbox 505 1586 2085 1660">
    <p class='ocr_par' dir='ltr' id='par_1_16' title="bbox 505 1586 2085 1660">
     <span class='ocr_line' id='line_1_16' title="bbox 505 1586 2085 1660; baseline 0 -19"><span class='ocrx_word' id='word_1_127' title='bbox 505 1587 760 1642; x_wconf 89' lang='lat' dir='ltr'><strong>dicuntur</strong></span> <span class='ocrx_word' id='word_1_128' title='bbox 794 1596 847 1643; x_wconf 91' lang='lat' dir='ltr'><strong>te</strong></span> <span class='ocrx_word' id='word_1_129' title='bbox 874 1586 1084 1653; x_wconf 91' lang='lat' dir='ltr'><strong>odisse,</strong></span> <span class='ocrx_word' id='word_1_130' title='bbox 1128 1588 1255 1657; x_wconf 89' lang='lat' dir='ltr'><strong>quia</strong></span> <span class='ocrx_word' id='word_1_131' title='bbox 1294 1589 1370 1643; x_wconf 92' lang='lat' dir='ltr'><strong>tui</strong></span> <span class='ocrx_word' id='word_1_132' title='bbox 1407 1589 1766 1660; x_wconf 87' lang='lat' dir='ltr'><strong>cognitionem</strong></span> <span class='ocrx_word' id='word_1_133' title='bbox 1813 1603 2085 1658; x_wconf 81' lang='lat' dir='ltr'><strong>nunquam</strong></span> 
     </span>
    </p>
   </div>
   <div class='ocr_carea' id='block_1_17' title="bbox 504 1676 2088 1749">
    <p class='ocr_par' dir='ltr' id='par_1_17' title="bbox 504 1676 2088 1749">
     <span class='ocr_line' id='line_1_17' title="bbox 504 1676 2088 1749; baseline 0 -17"><span class='ocrx_word' id='word_1_134' title='bbox 504 1685 849 1746; x_wconf 79' lang='lat' dir='ltr'><strong>receperunt.</strong></span> <span class='ocrx_word' id='word_1_135' title='bbox 876 1676 945 1732; x_wconf 82' lang='lat' dir='ltr'><strong>Et</strong></span> <span class='ocrx_word' id='word_1_136' title='bbox 979 1677 1066 1733; x_wconf 90' lang='lat' dir='ltr'><strong>ubi</strong></span> <span class='ocrx_word' id='word_1_137' title='bbox 1099 1677 1309 1749; x_wconf 80' lang='lat' dir='ltr'><strong>gloriati</strong></span> <span class='ocrx_word' id='word_1_138' title='bbox 1337 1676 1499 1733; x_wconf 84' lang='lat' dir='ltr'><strong>sunt?</strong></span> <span class='ocrx_word' id='word_1_139' title='bbox 1533 1677 1600 1734; x_wconf 83' lang='lat' dir='ltr'><strong>In</strong></span> <span class='ocrx_word' id='word_1_140' title='bbox 1629 1679 1798 1734; x_wconf 84' lang='lat' dir='ltr'><strong>medio</strong></span> <span class='ocrx_word' id='word_1_141' title='bbox 1842 1678 2088 1733; x_wconf 85' lang='lat' dir='ltr'><strong>solemni-</strong></span> 
     </span>
    </p>
   </div>
   <div class='ocr_carea' id='block_1_18' title="bbox 2192 495 3747 569">
    <p class='ocr_par' dir='ltr' id='par_1_18' title="bbox 2192 495 3747 569">
     <span class='ocr_line' id='line_1_18' title="bbox 2192 495 3747 569; baseline -0.003 -18"><span class='ocrx_word' id='word_1_142' title='bbox 2192 497 2302 569; x_wconf 85' lang='lat' dir='ltr'><strong>igni</strong></span> <span class='ocrx_word' id='word_1_143' title='bbox 2341 504 2552 551; x_wconf 88' lang='lat' dir='ltr'><strong>tantum</strong></span> <span class='ocrx_word' id='word_1_144' title='bbox 2580 496 2939 550; x_wconf 88' lang='lat' dir='ltr'><strong>comburenda</strong></span> <span class='ocrx_word' id='word_1_145' title='bbox 2969 511 2983 561; x_wconf 91' lang='lat'><strong>;</strong></span> <span class='ocrx_word' id='word_1_146' title='bbox 3014 495 3154 564; x_wconf 89' lang='lat' dir='ltr'><strong>quod</strong></span> <span class='ocrx_word' id='word_1_147' title='bbox 3184 495 3312 550; x_wconf 87' lang='lat' dir='ltr'><strong>dicit</strong></span> <span class='ocrx_word' id='word_1_148' title='bbox 3338 513 3352 548; x_wconf 93' lang='lat'><strong>:</strong></span> <span class='ocrx_word' id='word_1_149' title='bbox 3378 497 3527 561; x_wconf 86' lang='lat' dir='ltr'><strong>quasi</strong></span> <span class='ocrx_word' id='word_1_150' title='bbox 3554 495 3606 548; x_wconf 78' lang='lat' dir='ltr'><strong>in</strong></span> <span class='ocrx_word' id='word_1_151' title='bbox 3629 496 3747 550; x_wconf 67' lang='lat' dir='ltr'><strong>silva</strong></span> 
     </span>
    </p>
   </div>
   <div class='ocr_carea' id='block_1_19' title="bbox 2189 584 3750 656">
    <p class='ocr_par' dir='ltr' id='par_1_19' title="bbox 2189 584 3750 656">
     <span class='ocr_line' id='line_1_19' title="bbox 2189 584 3750 656; baseline -0.003 -15"><span class='ocrx_word' id='word_1_152' title='bbox 2189 586 2449 656; x_wconf 82' lang='lat' dir='ltr'><strong>lignorum</strong></span> <span class='ocrx_word' id='word_1_153' title='bbox 2500 585 2767 641; x_wconf 76' lang='lat' dir='ltr'><strong>securibus</strong></span> <span class='ocrx_word' id='word_1_154' title='bbox 2817 585 3119 639; x_wconf 74' lang='lat' dir='ltr'><strong>exciderunt</strong></span> <span class='ocrx_word' id='word_1_155' title='bbox 3151 584 3352 655; x_wconf 85' lang='lat' dir='ltr'><strong>januas</strong></span> <span class='ocrx_word' id='word_1_156' title='bbox 3419 584 3534 653; x_wconf 83' lang='lat' dir='ltr'><strong>ejus</strong></span> <span class='ocrx_word' id='word_1_157' title='bbox 3575 585 3631 637; x_wconf 82' lang='lat' dir='ltr'><strong>in</strong></span> <span class='ocrx_word' id='word_1_158' title='bbox 3680 585 3750 637; x_wconf 83' lang='lat' dir='ltr'><strong>id-</strong></span> 
     </span>
    </p>
   </div>
   <div class='ocr_carea' id='block_1_20' title="bbox 2186 674 3744 746">
    <p class='ocr_par' dir='ltr' id='par_1_20' title="bbox 2186 674 3744 746">
     <span class='ocr_line' id='line_1_20' title="bbox 2186 674 3744 746; baseline -0.003 -13"><span class='ocrx_word' id='word_1_159' title='bbox 2186 676 2380 746; x_wconf 83' lang='lat' dir='ltr'><strong>ipsum,</strong></span> <span class='ocrx_word' id='word_1_160' title='bbox 2405 677 2458 731; x_wconf 89' lang='lat' dir='ltr'><strong>id</strong></span> <span class='ocrx_word' id='word_1_161' title='bbox 2485 685 2590 741; x_wconf 91' lang='lat' dir='ltr'><strong>cst,</strong></span> <span class='ocrx_word' id='word_1_162' title='bbox 2615 675 2670 730; x_wconf 90' lang='lat' dir='ltr'><strong>in</strong></span> <span class='ocrx_word' id='word_1_163' title='bbox 2700 674 2945 731; x_wconf 81' lang='lat' dir='ltr'><strong>eamdem</strong></span> <span class='ocrx_word' id='word_1_164' title='bbox 2986 674 3316 730; x_wconf 78' lang='lat' dir='ltr'><strong>voluntatem</strong></span> <span class='ocrx_word' id='word_1_165' title='bbox 3346 675 3744 740; x_wconf 79' lang='lat' dir='ltr'><strong>convenientes;</strong></span> 
     </span>
    </p>
   </div>
   <div class='ocr_carea' id='block_1_21' title="bbox 2190 752 3749 836">
    <p class='ocr_par' dir='ltr' id='par_1_21' title="bbox 2190 752 3749 836">
     <span class='ocr_line' id='line_1_21' title="bbox 2190 752 3749 836; baseline -0.002 -15"><span class='ocrx_word' id='word_1_166' title='bbox 2190 768 2246 821; x_wconf 82' lang='lat' dir='ltr'><strong>in</strong></span> <span class='ocrx_word' id='word_1_167' title='bbox 2271 766 2441 822; x_wconf 84' lang='lat' dir='ltr'><strong>securi</strong></span> <span class='ocrx_word' id='word_1_168' title='bbox 2481 776 2531 821; x_wconf 92' lang='lat' dir='ltr'><strong>et</strong></span> <span class='ocrx_word' id='word_1_169' title='bbox 2567 752 2710 821; x_wconf 74' lang='lat' dir='ltr'><strong>ascia</strong></span> <span class='ocrx_word' id='word_1_170' title='bbox 2758 765 3057 835; x_wconf 84' lang='lat' dir='ltr'><strong>dejecerunt</strong></span> <span class='ocrx_word' id='word_1_171' title='bbox 3104 781 3265 832; x_wconf 33' lang='lat' dir='ltr'><strong>eam,&#39;</strong></span> <span class='ocrx_word' id='word_1_172' title='bbox 3295 766 3469 836; x_wconf 85' lang='lat' dir='ltr'><strong>ipsam</strong></span> <span class='ocrx_word' id='word_1_173' title='bbox 3497 765 3749 819; x_wconf 84' lang='lat' dir='ltr'><strong>civitatem</strong></span> 
     </span>
    </p>
   </div>
   <div class='ocr_carea' id='block_1_22' title="bbox 2190 855 3749 912">
    <p class='ocr_par' dir='ltr' id='par_1_22' title="bbox 2190 855 3749 912">
     <span class='ocr_line' id='line_1_22' title="bbox 2190 855 3749 912; baseline -0.001 -2"><span class='ocrx_word' id='word_1_174' title='bbox 2190 856 2463 912; x_wconf 89' lang='lat' dir='ltr'><strong>videlicet.</strong></span> <span class='ocrx_word' id='word_1_175' title='bbox 2514 855 2621 911; x_wconf 91' lang='lat' dir='ltr'><strong>Per</strong></span> <span class='ocrx_word' id='word_1_176' title='bbox 2665 856 2899 911; x_wconf 88' lang='lat' dir='ltr'><strong>securim</strong></span> <span class='ocrx_word' id='word_1_177' title='bbox 2932 865 2989 910; x_wconf 89' lang='lat' dir='ltr'><strong>et</strong></span> <span class='ocrx_word' id='word_1_178' title='bbox 3036 855 3238 911; x_wconf 84' lang='lat' dir='ltr'><strong>asciam</strong></span> <span class='ocrx_word' id='word_1_179' title='bbox 3286 861 3547 911; x_wconf 87' lang='lat' dir='ltr'><strong>notantur</strong></span> <span class='ocrx_word' id='word_1_180' title='bbox 3587 858 3749 910; x_wconf 83' lang='lat' dir='ltr'><strong>omnia</strong></span> 
     </span>
    </p>
   </div>
   <div class='ocr_carea' id='block_1_23' title="bbox 2190 943 3751 1017">
    <p class='ocr_par' dir='ltr' id='par_1_23' title="bbox 2190 943 3751 1017">
     <span class='ocr_line' id='line_1_23' title="bbox 2190 943 3751 1017; baseline -0.003 -16"><span class='ocrx_word' id='word_1_181' title='bbox 2190 961 2387 1017; x_wconf 74' lang='lat' dir='ltr'><strong>genera</strong></span> <span class='ocrx_word' id='word_1_182' title='bbox 2415 947 2897 1001; x_wconf 84' lang='lat' dir='ltr'><strong>instrumentorum</strong></span> <span class='ocrx_word' id='word_1_183' title='bbox 2920 944 3115 1014; x_wconf 85' lang='lat' dir='ltr'><strong>quibus</strong></span> <span class='ocrx_word' id='word_1_184' title='bbox 3141 944 3243 1013; x_wconf 89' lang='lat' dir='ltr'><strong>ipsi</strong></span> <span class='ocrx_word' id='word_1_185' title='bbox 3271 943 3504 998; x_wconf 83' lang='lat' dir='ltr'><strong>Romani</strong></span> <span class='ocrx_word' id='word_1_186' title='bbox 3535 944 3615 999; x_wconf 85' lang='lat' dir='ltr'><strong>nsi</strong></span> <span class='ocrx_word' id='word_1_187' title='bbox 3641 955 3751 998; x_wconf 87' lang='lat' dir='ltr'><strong>sunt</strong></span> 
     </span>
    </p>
   </div>
   <div class='ocr_carea' id='block_1_24' title="bbox 2190 1032 3751 1106">
    <p class='ocr_par' dir='ltr' id='par_1_24' title="bbox 2190 1032 3751 1106">
     <span class='ocr_line' id='line_1_24' title="bbox 2190 1032 3751 1106; baseline -0.003 -15"><span class='ocrx_word' id='word_1_188' title='bbox 2190 1038 2242 1092; x_wconf 91' lang='lat' dir='ltr'><strong>in</strong></span> <span class='ocrx_word' id='word_1_189' title='bbox 2267 1036 2629 1092; x_wconf 86' lang='lat' dir='ltr'><strong>destructione</strong></span> <span class='ocrx_word' id='word_1_190' title='bbox 2669 1035 2927 1091; x_wconf 83' lang='lat' dir='ltr'><strong>civitatis.</strong></span> <span class='ocrx_word' id='word_1_191' title='bbox 2962 1032 3317 1090; x_wconf 80' lang='lat' dir='ltr'><strong>Incendernnt</strong></span> <span class='ocrx_word' id='word_1_192' title='bbox 3361 1035 3476 1106; x_wconf 75' lang='lat' dir='ltr'><strong>igni</strong></span> <span class='ocrx_word' id='word_1_193' title='bbox 3515 1044 3751 1089; x_wconf 79' lang='lat' dir='ltr'><strong>sanctua-</strong></span> 
     </span>
    </p>
   </div>
   <div class='ocr_carea' id='block_1_25' title="bbox 2190 1124 3751 1192">
    <p class='ocr_par' dir='ltr' id='par_1_25' title="bbox 2190 1124 3751 1192">
     <span class='ocr_line' id='line_1_25' title="bbox 2190 1124 3751 1192; baseline -0.001 -11"><span class='ocrx_word' id='word_1_194' title='bbox 2190 1129 2325 1182; x_wconf 87' lang='lat' dir='ltr'><strong>rium</strong></span> <span class='ocrx_word' id='word_1_195' title='bbox 2357 1138 2549 1192; x_wconf 85' lang='lat' dir='ltr'><strong>tuum;</strong></span> <span class='ocrx_word' id='word_1_196' title='bbox 2598 1128 2958 1182; x_wconf 85' lang='lat' dir='ltr'><strong>sanctuarium</strong></span> <span class='ocrx_word' id='word_1_197' title='bbox 3013 1124 3153 1191; x_wconf 85' lang='lat' dir='ltr'><strong>dico,</strong></span> <span class='ocrx_word' id='word_1_198' title='bbox 3201 1126 3376 1183; x_wconf 87' lang='lat' dir='ltr'><strong>solum</strong></span> <span class='ocrx_word' id='word_1_199' title='bbox 3426 1127 3481 1180; x_wconf 89' lang='lat' dir='ltr'><strong>in</strong></span> <span class='ocrx_word' id='word_1_200' title='bbox 3510 1135 3645 1180; x_wconf 79' lang='lat' dir='ltr'><strong>terra</strong></span> <span class='ocrx_word' id='word_1_201' title='bbox 3675 1124 3751 1181; x_wconf 75' lang='lat' dir='ltr'><strong>ilh</strong></span> 
     </span>
    </p>
   </div>
   <div class='ocr_carea' id='block_1_26' title="bbox 2191 1210 3751 1289">
    <p class='ocr_par' dir='ltr' id='par_1_26' title="bbox 2191 1210 3751 1289">
     <span class='ocr_line' id='line_1_26' title="bbox 2191 1210 3751 1289; baseline -0.001 -16"><span class='ocrx_word' id='word_1_202' title='bbox 2191 1219 2411 1275; x_wconf 78' lang='lat' dir='ltr'><strong>factum.</strong></span> <span class='ocrx_word' id='word_1_203' title='bbox 2462 1218 2774 1275; x_wconf 80' lang='lat' dir='ltr'><strong>I’olluerunt</strong></span> <span class='ocrx_word' id='word_1_204' title='bbox 2815 1219 3210 1275; x_wconf 82' lang='lat' dir='ltr'><strong>tabernaculum</strong></span> <span class='ocrx_word' id='word_1_205' title='bbox 3252 1210 3484 1274; x_wconf 83' lang='lat' dir='ltr'><strong>nominis</strong></span> <span class='ocrx_word' id='word_1_206' title='bbox 3519 1220 3615 1285; x_wconf 85' lang='lat' dir='ltr'><strong>tui,</strong></span> <span class='ocrx_word' id='word_1_207' title='bbox 3644 1220 3751 1289; x_wconf 83' lang='lat' dir='ltr'><strong>quia</strong></span> 
     </span>
    </p>
   </div>
   <div class='ocr_carea' id='block_1_27' title="bbox 2191 1310 3750 1382">
    <p class='ocr_par' dir='ltr' id='par_1_27' title="bbox 2191 1310 3750 1382">
     <span class='ocr_line' id='line_1_27' title="bbox 2191 1310 3750 1382; baseline -0.001 -17"><span class='ocrx_word' id='word_1_208' title='bbox 2191 1312 2244 1366; x_wconf 91' lang='lat' dir='ltr'><strong>in</strong></span> <span class='ocrx_word' id='word_1_209' title='bbox 2286 1311 2632 1367; x_wconf 85' lang='lat' dir='ltr'><strong>tabernaculo</strong></span> <span class='ocrx_word' id='word_1_210' title='bbox 2670 1311 2813 1382; x_wconf 89' lang='lat' dir='ltr'><strong>quod</strong></span> <span class='ocrx_word' id='word_1_211' title='bbox 2857 1312 3057 1367; x_wconf 88' lang='lat' dir='ltr'><strong>nomini</strong></span> <span class='ocrx_word' id='word_1_212' title='bbox 3106 1320 3198 1365; x_wconf 92' lang='lat' dir='ltr'><strong>tuo</strong></span> <span class='ocrx_word' id='word_1_213' title='bbox 3242 1310 3340 1364; x_wconf 79' lang='lat' dir='ltr'><strong>fuit</strong></span> <span class='ocrx_word' id='word_1_214' title='bbox 3368 1318 3750 1371; x_wconf 79' lang='lat' dir='ltr'><strong>consecratum.</strong></span> 
     </span>
    </p>
   </div>
   <div class='ocr_carea' id='block_1_28' title="bbox 2190 1397 3754 1473">
    <p class='ocr_par' dir='ltr' id='par_1_28' title="bbox 2190 1397 3754 1473">
     <span class='ocr_line' id='line_1_28' title="bbox 2190 1397 3754 1473; baseline -0.001 -18"><span class='ocrx_word' id='word_1_215' title='bbox 2190 1401 2433 1457; x_wconf 81' lang='lat' dir='ltr'><strong>fecerunt</strong></span> <span class='ocrx_word' id='word_1_216' title='bbox 2481 1416 2744 1473; x_wconf 90' lang='lat' dir='ltr'><strong>equorum</strong></span> <span class='ocrx_word' id='word_1_217' title='bbox 2798 1397 3106 1466; x_wconf 84' lang='lat' dir='ltr'><strong>stabulum;</strong></span> <span class='ocrx_word' id='word_1_218' title='bbox 3162 1410 3217 1455; x_wconf 89' lang='lat' dir='ltr'><strong>et</strong></span> <span class='ocrx_word' id='word_1_219' title='bbox 3262 1401 3538 1466; x_wconf 77' lang='lat' dir='ltr'><strong>dixerunt,</strong></span> <span class='ocrx_word' id='word_1_220' title='bbox 3595 1400 3647 1455; x_wconf 90' lang='lat' dir='ltr'><strong>id</strong></span> <span class='ocrx_word' id='word_1_221' title='bbox 3687 1411 3754 1455; x_wconf 87' lang='lat' dir='ltr'><strong>est</strong></span> 
     </span>
    </p>
   </div>
   <div class='ocr_carea' id='block_1_29' title="bbox 2190 1493 3753 1564">
    <p class='ocr_par' dir='ltr' id='par_1_29' title="bbox 2190 1493 3753 1564">
     <span class='ocr_line' id='line_1_29' title="bbox 2190 1493 3753 1564; baseline -0.003 -16"><span class='ocrx_word' id='word_1_222' title='bbox 2190 1500 2514 1558; x_wconf 88' lang='lat' dir='ltr'><strong>statuerunt,</strong></span> <span class='ocrx_word' id='word_1_223' title='bbox 2564 1495 2617 1548; x_wconf 86' lang='lat' dir='ltr'><strong>in</strong></span> <span class='ocrx_word' id='word_1_224' title='bbox 2661 1494 2816 1548; x_wconf 83' lang='lat' dir='ltr'><strong>corde</strong></span> <span class='ocrx_word' id='word_1_225' title='bbox 2857 1509 2975 1558; x_wconf 83' lang='lat' dir='ltr'><strong>suo,</strong></span> <span class='ocrx_word' id='word_1_226' title='bbox 3019 1503 3073 1548; x_wconf 86' lang='lat' dir='ltr'><strong>et</strong></span> <span class='ocrx_word' id='word_1_227' title='bbox 3100 1507 3289 1548; x_wconf 89' lang='lat' dir='ltr'><strong>onmes</strong></span> <span class='ocrx_word' id='word_1_228' title='bbox 3317 1493 3559 1564; x_wconf 82' lang='lat' dir='ltr'><strong>cognatio</strong></span> <span class='ocrx_word' id='word_1_229' title='bbox 3597 1509 3753 1547; x_wconf 70' lang='lat' dir='ltr'><strong>eorum</strong></span> 
     </span>
    </p>
   </div>
   <div class='ocr_carea' id='block_1_30' title="bbox 2189 1580 3750 1659">
    <p class='ocr_par' dir='ltr' id='par_1_30' title="bbox 2189 1580 3750 1659">
     <span class='ocr_line' id='line_1_30' title="bbox 2189 1580 3750 1659; baseline -0.003 -23"><span class='ocrx_word' id='word_1_230' title='bbox 2189 1580 2346 1636; x_wconf 80' lang='lat' dir='ltr'><strong>simul</strong></span> <span class='ocrx_word' id='word_1_231' title='bbox 2420 1597 2541 1637; x_wconf 90' lang='lat' dir='ltr'><strong>cum</strong></span> <span class='ocrx_word' id='word_1_232' title='bbox 2607 1581 2713 1637; x_wconf 89' lang='lat' dir='ltr'><strong>illis</strong></span> <span class='ocrx_word' id='word_1_233' title='bbox 2782 1591 3212 1647; x_wconf 84' lang='lat' dir='ltr'><strong>consenserunt,</strong></span> <span class='ocrx_word' id='word_1_234' title='bbox 3280 1582 3427 1659; x_wconf 76' lang='lat' dir='ltr'><strong>istud</strong></span> <span class='ocrx_word' id='word_1_235' title='bbox 3493 1582 3750 1637; x_wconf 82' lang='lat' dir='ltr'><strong>dicentes:</strong></span> 
     </span>
    </p>
   </div>
   <div class='ocr_carea' id='block_1_31' title="bbox 2192 1672 3749 1746">
    <p class='ocr_par' dir='ltr' id='par_1_31' title="bbox 2192 1672 3749 1746">
     <span class='ocr_line' id='line_1_31' title="bbox 2192 1672 3749 1746; baseline 0.001 -19"><span class='ocrx_word' id='word_1_236' title='bbox 2192 1672 2468 1739; x_wconf 84' lang='lat' dir='ltr'><strong>Quieseere</strong></span> <span class='ocrx_word' id='word_1_237' title='bbox 2512 1674 2770 1744; x_wconf 81' lang='lat' dir='ltr'><strong>faciamus</strong></span> <span class='ocrx_word' id='word_1_238' title='bbox 2808 1676 2917 1730; x_wconf 85' lang='lat' dir='ltr'><strong>dies</strong></span> <span class='ocrx_word' id='word_1_239' title='bbox 2967 1674 3126 1746; x_wconf 74' lang='lat' dir='ltr'><strong>festos</strong></span> <span class='ocrx_word' id='word_1_240' title='bbox 3178 1676 3271 1731; x_wconf 86' lang='lat' dir='ltr'><strong>Dei</strong></span> <span class='ocrx_word' id='word_1_241' title='bbox 3322 1693 3355 1730; x_wconf 92' lang='lat' dir='ltr'><strong>a</strong></span> <span class='ocrx_word' id='word_1_242' title='bbox 3391 1687 3558 1742; x_wconf 87' lang='lat' dir='ltr'><strong>terra,</strong></span> <span class='ocrx_word' id='word_1_243' title='bbox 3590 1675 3749 1745; x_wconf 81' lang='lat' dir='ltr'><strong>expel-</strong></span> 
     </span>
    </p>
   </div>
   <div class='ocr_carea' id='block_1_32' title="bbox 500 1766 3751 1843">
    <p class='ocr_par' dir='ltr' id='par_1_32' title="bbox 500 1766 3751 1843">
     <span class='ocr_line' id='line_1_32' title="bbox 500 1766 3751 1843; baseline 0 -23"><span class='ocrx_word' id='word_1_244' title='bbox 500 1768 628 1825; x_wconf 75' lang='lat' dir='ltr'><strong>ratis</strong></span> <span class='ocrx_word' id='word_1_245' title='bbox 665 1777 795 1839; x_wconf 82' lang='lat' dir='ltr'><strong>tute,</strong></span> <span class='ocrx_word' id='word_1_246' title='bbox 822 1769 877 1824; x_wconf 91' lang='lat' dir='ltr'><strong>id</strong></span> <span class='ocrx_word' id='word_1_247' title='bbox 904 1770 1068 1825; x_wconf 91' lang='lat' dir='ltr'><strong>estin</strong></span> <span class='ocrx_word' id='word_1_248' title='bbox 1114 1785 1180 1825; x_wconf 90' lang='lat' dir='ltr'><strong>eo</strong></span> <span class='ocrx_word' id='word_1_249' title='bbox 1224 1769 1342 1825; x_wconf 89' lang='lat' dir='ltr'><strong>loco</strong></span> <span class='ocrx_word' id='word_1_250' title='bbox 1390 1770 1479 1827; x_wconf 91' lang='lat' dir='ltr'><strong>ubi</strong></span> <span class='ocrx_word' id='word_1_251' title='bbox 1526 1779 1613 1827; x_wconf 89' lang='lat' dir='ltr'><strong>tua</strong></span> <span class='ocrx_word' id='word_1_252' title='bbox 1648 1770 1962 1827; x_wconf 88' lang='lat' dir='ltr'><strong>solemnitas</strong></span> <span class='ocrx_word' id='word_1_253' title='bbox 1991 1772 2087 1827; x_wconf 87' lang='lat' dir='ltr'><strong>de-</strong></span> <span class='ocrx_word' id='word_1_254' title='bbox 2116 1783 2165 1843; x_wconf 80' lang='grc' dir='ltr'><strong>Β</strong></span> <span class='ocrx_word' id='word_1_255' title='bbox 2192 1766 2350 1823; x_wconf 91' lang='lat' dir='ltr'><strong>lendo</strong></span> <span class='ocrx_word' id='word_1_256' title='bbox 2376 1782 2471 1824; x_wconf 90' lang='lat' dir='ltr'><strong>eos</strong></span> <span class='ocrx_word' id='word_1_257' title='bbox 2494 1767 2746 1823; x_wconf 87' lang='lat' dir='ltr'><strong>videlicet</strong></span> <span class='ocrx_word' id='word_1_258' title='bbox 2786 1785 2962 1823; x_wconf 85' lang='lat' dir='ltr'><strong>omnes</strong></span> <span class='ocrx_word' id='word_1_259' title='bbox 3008 1769 3097 1839; x_wconf 87' lang='lat' dir='ltr'><strong>qui</strong></span> <span class='ocrx_word' id='word_1_260' title='bbox 3130 1768 3182 1823; x_wconf 92' lang='lat' dir='ltr'><strong>in</strong></span> <span class='ocrx_word' id='word_1_261' title='bbox 3212 1784 3311 1824; x_wconf 86' lang='lat' dir='ltr'><strong>suo</strong></span> <span class='ocrx_word' id='word_1_262' title='bbox 3348 1767 3557 1823; x_wconf 88' lang='lat' dir='ltr'><strong>nomini</strong></span> <span class='ocrx_word' id='word_1_263' title='bbox 3585 1767 3751 1823; x_wconf 77' lang='lat' dir='ltr'><strong>sabin-</strong></span> 
     </span>
    </p>
   </div>
   <div class='ocr_carea' id='block_1_33' title="bbox 498 1859 2087 1935">
    <p class='ocr_par' dir='ltr' id='par_1_33' title="bbox 498 1859 2087 1935">
     <span class='ocr_line' id='line_1_33' title="bbox 498 1859 2087 1935; baseline 0.002 -22"><span class='ocrx_word' id='word_1_264' title='bbox 498 1861 657 1915; x_wconf 86' lang='lat' dir='ltr'><strong>beret</strong></span> <span class='ocrx_word' id='word_1_265' title='bbox 685 1859 818 1916; x_wconf 83' lang='lat' dir='ltr'><strong>ﬁeri.</strong></span> <span class='ocrx_word' id='word_1_266' title='bbox 852 1859 984 1915; x_wconf 87' lang='lat' dir='ltr'><strong>Nota</strong></span> <span class='ocrx_word' id='word_1_267' title='bbox 1010 1860 1135 1932; x_wconf 86' lang='lat' dir='ltr'><strong>quia</strong></span> <span class='ocrx_word' id='word_1_268' title='bbox 1162 1861 1471 1933; x_wconf 82' lang='lat' dir='ltr'><strong>congregati</strong></span> <span class='ocrx_word' id='word_1_269' title='bbox 1492 1860 1660 1918; x_wconf 72' lang='lat' dir='ltr'><strong>Judmi</strong></span> <span class='ocrx_word' id='word_1_270' title='bbox 1685 1862 1752 1917; x_wconf 91' lang='lat' dir='ltr'><strong>ad</strong></span> <span class='ocrx_word' id='word_1_271' title='bbox 1776 1861 2087 1935; x_wconf 80' lang='lat' dir='ltr'><strong>pascltalem</strong></span> 
     </span>
    </p>
   </div>
   <div class='ocr_carea' id='block_1_34' title="bbox 500 1950 2089 2025">
    <p class='ocr_par' dir='ltr' id='par_1_34' title="bbox 500 1950 2089 2025">
     <span class='ocr_line' id='line_1_34' title="bbox 500 1950 2089 2025; baseline 0.002 -19"><span class='ocrx_word' id='word_1_272' title='bbox 500 1950 922 2018; x_wconf 75' lang='lat' dir='ltr'><strong>solemnitatem,</strong></span> <span class='ocrx_word' id='word_1_273' title='bbox 966 1952 1245 2023; x_wconf 89' lang='lat' dir='ltr'><strong>perierunt</strong></span> <span class='ocrx_word' id='word_1_274' title='bbox 1272 1968 1304 2006; x_wconf 88' lang='lat' dir='ltr'><strong>a</strong></span> <span class='ocrx_word' id='word_1_275' title='bbox 1345 1952 1638 2019; x_wconf 79' lang='lat' dir='ltr'><strong>Romanis;</strong></span> <span class='ocrx_word' id='word_1_276' title='bbox 1675 1962 1729 2008; x_wconf 89' lang='lat' dir='ltr'><strong>et</strong></span> <span class='ocrx_word' id='word_1_277' title='bbox 1763 1953 1955 2025; x_wconf 84' lang='lat' dir='ltr'><strong>merito</strong></span> <span class='ocrx_word' id='word_1_278' title='bbox 1985 1953 2089 2009; x_wconf 86' lang='lat' dir='ltr'><strong>hoc</strong></span> 
     </span>
    </p>
   </div>
   <div class='ocr_carea' id='block_1_35' title="bbox 503 2041 2089 2113">
    <p class='ocr_par' dir='ltr' id='par_1_35' title="bbox 503 2041 2089 2113">
     <span class='ocr_line' id='line_1_35' title="bbox 503 2041 2089 2113; baseline 0.001 -18"><span class='ocrx_word' id='word_1_279' title='bbox 503 2052 745 2112; x_wconf 90' lang='lat' dir='ltr'><strong>tempore</strong></span> <span class='ocrx_word' id='word_1_280' title='bbox 767 2042 1069 2112; x_wconf 90' lang='lat' dir='ltr'><strong>perierunt,</strong></span> <span class='ocrx_word' id='word_1_281' title='bbox 1099 2041 1225 2113; x_wconf 88' lang='lat' dir='ltr'><strong>quia</strong></span> <span class='ocrx_word' id='word_1_282' title='bbox 1249 2042 1303 2097; x_wconf 95' lang='lat' dir='ltr'><strong>in</strong></span> <span class='ocrx_word' id='word_1_283' title='bbox 1333 2042 1521 2097; x_wconf 88' lang='lat' dir='ltr'><strong>eadem</strong></span> <span class='ocrx_word' id='word_1_284' title='bbox 1553 2043 1895 2098; x_wconf 89' lang='lat' dir='ltr'><strong>solemnitate</strong></span> <span class='ocrx_word' id='word_1_285' title='bbox 1932 2042 2089 2099; x_wconf 80' lang='lat' dir='ltr'><strong>Citri-</strong></span> 
     </span>
    </p>
   </div>
   <div class='ocr_carea' id='block_1_36' title="bbox 498 2132 2089 2205">
    <p class='ocr_par' dir='ltr' id='par_1_36' title="bbox 498 2132 2089 2205">
     <span class='ocr_line' id='line_1_36' title="bbox 498 2132 2089 2205; baseline 0 -18"><span class='ocrx_word' id='word_1_286' title='bbox 498 2141 647 2188; x_wconf 83' lang='lat' dir='ltr'><strong>stum</strong></span> <span class='ocrx_word' id='word_1_287' title='bbox 696 2133 1045 2201; x_wconf 90' lang='lat' dir='ltr'><strong>occiderunt;</strong></span> <span class='ocrx_word' id='word_1_288' title='bbox 1097 2132 1239 2204; x_wconf 89' lang='lat' dir='ltr'><strong>quod</strong></span> <span class='ocrx_word' id='word_1_289' title='bbox 1288 2133 1458 2188; x_wconf 83' lang='lat' dir='ltr'><strong>dicit:</strong></span> <span class='ocrx_word' id='word_1_290' title='bbox 1494 2133 1562 2187; x_wconf 86' lang='lat' dir='ltr'><strong>Et</strong></span> <span class='ocrx_word' id='word_1_291' title='bbox 1590 2134 1803 2205; x_wconf 84' lang='lat' dir='ltr'><strong>gloriati</strong></span> <span class='ocrx_word' id='word_1_292' title='bbox 1838 2143 1958 2189; x_wconf 89' lang='lat' dir='ltr'><strong>sunt</strong></span> <span class='ocrx_word' id='word_1_293' title='bbox 1996 2133 2089 2204; x_wconf 90' lang='lat' dir='ltr'><strong>qui</strong></span> 
     </span>
    </p>
   </div>
   <div class='ocr_carea' id='block_1_37' title="bbox 500 2222 2097 2298">
    <p class='ocr_par' dir='ltr' id='par_1_37' title="bbox 500 2222 2097 2298">
     <span class='ocr_line' id='line_1_37' title="bbox 500 2222 2097 2298; baseline -0.001 -18"><span class='ocrx_word' id='word_1_294' title='bbox 500 2224 721 2280; x_wconf 85' lang='lat' dir='ltr'><strong>oderunt</strong></span> <span class='ocrx_word' id='word_1_295' title='bbox 748 2234 818 2290; x_wconf 91' lang='lat' dir='ltr'><strong>te,</strong></span> <span class='ocrx_word' id='word_1_296' title='bbox 846 2225 899 2287; x_wconf 86' lang='lat' dir='ltr'><strong>in</strong></span> <span class='ocrx_word' id='word_1_297' title='bbox 929 2223 1097 2279; x_wconf 87' lang='lat' dir='ltr'><strong>medio</strong></span> <span class='ocrx_word' id='word_1_298' title='bbox 1132 2222 1474 2289; x_wconf 83' lang='lat' dir='ltr'><strong>solemnitatis</strong></span> <span class='ocrx_word' id='word_1_299' title='bbox 1516 2234 1619 2279; x_wconf 78' lang='lat' dir='ltr'><strong>tute</strong></span> <span class='ocrx_word' id='word_1_300' title='bbox 1654 2241 1667 2254; x_wconf 82' lang='lat'><strong>&#39;</strong></span> <span class='ocrx_word' id='word_1_301' title='bbox 1690 2234 1746 2279; x_wconf 90' lang='lat' dir='ltr'><strong>et</strong></span> <span class='ocrx_word' id='word_1_302' title='bbox 1784 2238 1912 2281; x_wconf 89' lang='lat' dir='ltr'><strong>ecce</strong></span> <span class='ocrx_word' id='word_1_303' title='bbox 1955 2238 2097 2298; x_wconf 11' lang='lat' dir='ltr'><strong>quo-q</strong></span> 
     </span>
    </p>
   </div>
   <div class='ocr_carea' id='block_1_38' title="bbox 494 2313 2085 2387">
    <p class='ocr_par' dir='ltr' id='par_1_38' title="bbox 494 2313 2085 2387">
     <span class='ocr_line' id='line_1_38' title="bbox 494 2313 2085 2387; baseline -0.001 -17"><span class='ocrx_word' id='word_1_304' title='bbox 494 2314 688 2383; x_wconf 81' lang='lat' dir='ltr'><strong>modo,</strong></span> <span class='ocrx_word' id='word_1_305' title='bbox 745 2315 872 2385; x_wconf 88' lang='lat' dir='ltr'><strong>quia</strong></span> <span class='ocrx_word' id='word_1_306' title='bbox 922 2324 1209 2387; x_wconf 82' lang='lat' dir='ltr'><strong>posuerunt</strong></span> <span class='ocrx_word' id='word_1_307' title='bbox 1263 2315 1434 2385; x_wconf 85' lang='lat' dir='ltr'><strong>signa,</strong></span> <span class='ocrx_word' id='word_1_308' title='bbox 1487 2314 1741 2370; x_wconf 84' lang='lat' dir='ltr'><strong>militaria</strong></span> <span class='ocrx_word' id='word_1_309' title='bbox 1798 2313 2085 2378; x_wconf 86' lang='lat' dir='ltr'><strong>subaudis,</strong></span> 
     </span>
    </p>
   </div>
   <div class='ocr_carea' id='block_1_39' title="bbox 497 2404 2088 2481">
    <p class='ocr_par' dir='ltr' id='par_1_39' title="bbox 497 2404 2088 2481">
     <span class='ocr_line' id='line_1_39' title="bbox 497 2404 2088 2481; baseline -0.001 -22"><span class='ocrx_word' id='word_1_310' title='bbox 497 2405 650 2476; x_wconf 73' lang='lat' dir='ltr'><strong>signa</strong></span> <span class='ocrx_word' id='word_1_311' title='bbox 693 2405 814 2461; x_wconf 89' lang='lat' dir='ltr'><strong>dico</strong></span> <span class='ocrx_word' id='word_1_312' title='bbox 860 2418 958 2460; x_wconf 86' lang='lat' dir='ltr'><strong>sua</strong></span> <span class='ocrx_word' id='word_1_313' title='bbox 1001 2405 1171 2477; x_wconf 85' lang='lat' dir='ltr'><strong>signa.</strong></span> <span class='ocrx_word' id='word_1_314' title='bbox 1220 2404 1389 2481; x_wconf 83' lang='lat' dir='ltr'><strong>Signa</strong></span> <span class='ocrx_word' id='word_1_315' title='bbox 1429 2405 1531 2460; x_wconf 90' lang='lat' dir='ltr'><strong>ista</strong></span> <span class='ocrx_word' id='word_1_316' title='bbox 1578 2419 1863 2478; x_wconf 87' lang='lat' dir='ltr'><strong>possumus</strong></span> <span class='ocrx_word' id='word_1_317' title='bbox 1909 2404 2088 2459; x_wconf 88' lang='lat' dir='ltr'><strong>dicere</strong></span> 
     </span>
    </p>
   </div>
   <div class='ocr_carea' id='block_1_40' title="bbox 502 2491 2089 2575">
    <p class='ocr_par' dir='ltr' id='par_1_40' title="bbox 502 2491 2089 2575">
     <span class='ocr_line' id='line_1_40' title="bbox 502 2491 2089 2575; baseline 0 -28"><span class='ocrx_word' id='word_1_318' title='bbox 502 2492 729 2565; x_wconf 84' lang='lat' dir='ltr'><strong>aquilas,</strong></span> <span class='ocrx_word' id='word_1_319' title='bbox 758 2493 1022 2553; x_wconf 87' lang='lat' dir='ltr'><strong>dracones</strong></span> <span class='ocrx_word' id='word_1_320' title='bbox 1045 2496 1348 2574; x_wconf 69' lang='lat' dir='ltr'><strong>cmteraque</strong></span> <span class='ocrx_word' id='word_1_321' title='bbox 1370 2494 1564 2575; x_wconf 85' lang='lat' dir='ltr'><strong>quibus</strong></span> <span class='ocrx_word' id='word_1_322' title='bbox 1592 2494 1864 2552; x_wconf 79' lang='lat' dir='ltr'><strong>exercitus</strong></span> <span class='ocrx_word' id='word_1_323' title='bbox 1889 2491 2089 2548; x_wconf 81' lang='lat' dir='ltr'><strong>Roma-</strong></span> 
     </span>
    </p>
   </div>
   <div class='ocr_carea' id='block_1_41' title="bbox 504 2581 2087 2657">
    <p class='ocr_par' dir='ltr' id='par_1_41' title="bbox 504 2581 2087 2657">
     <span class='ocr_line' id='line_1_41' title="bbox 504 2581 2087 2657; baseline 0 -21"><span class='ocrx_word' id='word_1_324' title='bbox 504 2597 698 2637; x_wconf 91' lang='lat' dir='ltr'><strong>norum</strong></span> <span class='ocrx_word' id='word_1_325' title='bbox 730 2583 809 2639; x_wconf 91' lang='lat' dir='ltr'><strong>uti</strong></span> <span class='ocrx_word' id='word_1_326' title='bbox 857 2581 1066 2640; x_wconf 88' lang='lat' dir='ltr'><strong>solebat</strong></span> <span class='ocrx_word' id='word_1_327' title='bbox 1112 2583 1167 2638; x_wconf 93' lang='lat' dir='ltr'><strong>in</strong></span> <span class='ocrx_word' id='word_1_328' title='bbox 1201 2583 1422 2656; x_wconf 69' lang='lat' dir='ltr'><strong>przelio:</strong></span> <span class='ocrx_word' id='word_1_329' title='bbox 1453 2582 1535 2638; x_wconf 87' lang='lat' dir='ltr'><strong>vel</strong></span> <span class='ocrx_word' id='word_1_330' title='bbox 1580 2585 1730 2657; x_wconf 83' lang='lat' dir='ltr'><strong>signa</strong></span> <span class='ocrx_word' id='word_1_331' title='bbox 1773 2600 1903 2650; x_wconf 90' lang='lat' dir='ltr'><strong>sua,</strong></span> <span class='ocrx_word' id='word_1_332' title='bbox 1934 2583 2087 2653; x_wconf 83' lang='lat' dir='ltr'><strong>signa</strong></span> 
     </span>
    </p>
   </div>
   <div class='ocr_carea' id='block_1_42' title="bbox 498 2673 2088 2747">
    <p class='ocr_par' dir='ltr' id='par_1_42' title="bbox 498 2673 2088 2747">
     <span class='ocr_line' id='line_1_42' title="bbox 498 2673 2088 2747; baseline 0.002 -19"><span class='ocrx_word' id='word_1_333' title='bbox 498 2673 754 2730; x_wconf 76' lang='lat' dir='ltr'><strong>videlicet</strong></span> <span class='ocrx_word' id='word_1_334' title='bbox 794 2674 1134 2747; x_wconf 83' lang='lat' dir='ltr'><strong>phantastica</strong></span> <span class='ocrx_word' id='word_1_335' title='bbox 1173 2683 1229 2731; x_wconf 89' lang='lat' dir='ltr'><strong>et</strong></span> <span class='ocrx_word' id='word_1_336' title='bbox 1262 2675 1483 2732; x_wconf 91' lang='lat' dir='ltr'><strong>deorum</strong></span> <span class='ocrx_word' id='word_1_337' title='bbox 1525 2691 1776 2743; x_wconf 89' lang='lat' dir='ltr'><strong>suorum,</strong></span> <span class='ocrx_word' id='word_1_338' title='bbox 1823 2692 1854 2731; x_wconf 89' lang='lat' dir='ltr'><strong>a</strong></span> <span class='ocrx_word' id='word_1_339' title='bbox 1892 2674 2088 2747; x_wconf 89' lang='lat' dir='ltr'><strong>quibus</strong></span> 
     </span>
    </p>
   </div>
   <div class='ocr_carea' id='block_1_43' title="bbox 494 2760 2086 2839">
    <p class='ocr_par' dir='ltr' id='par_1_43' title="bbox 494 2760 2086 2839">
     <span class='ocr_line' id='line_1_43' title="bbox 494 2760 2086 2839; baseline 0.002 -21"><span class='ocrx_word' id='word_1_340' title='bbox 494 2777 828 2837; x_wconf 63' lang='lat' dir='ltr'><strong>responsum</strong></span> <span class='ocrx_word' id='word_1_341' title='bbox 875 2762 1101 2821; x_wconf 82' lang='lat' dir='ltr'><strong>forsitan</strong></span> <span class='ocrx_word' id='word_1_342' title='bbox 1130 2773 1451 2839; x_wconf 88' lang='lat' dir='ltr'><strong>acceperant</strong></span> <span class='ocrx_word' id='word_1_343' title='bbox 1485 2780 1543 2822; x_wconf 91' lang='lat' dir='ltr'><strong>se</strong></span> <span class='ocrx_word' id='word_1_344' title='bbox 1591 2765 1871 2821; x_wconf 87' lang='lat' dir='ltr'><strong>habituros</strong></span> <span class='ocrx_word' id='word_1_345' title='bbox 1913 2760 2086 2821; x_wconf 88' lang='lat' dir='ltr'><strong>victo-</strong></span> 
     </span>
    </p>
   </div>
   <div class='ocr_carea' id='block_1_44' title="bbox 486 2854 2085 2930">
    <p class='ocr_par' dir='ltr' id='par_1_44' title="bbox 486 2854 2085 2930">
     <span class='ocr_line' id='line_1_44' title="bbox 486 2854 2085 2930; baseline 0.003 -21"><span class='ocrx_word' id='word_1_346' title='bbox 486 2854 675 2922; x_wconf 66' lang='lat' dir='ltr'><strong>:iam;</strong></span> <span class='ocrx_word' id='word_1_347' title='bbox 703 2870 936 2928; x_wconf 89' lang='lat' dir='ltr'><strong>quorum</strong></span> <span class='ocrx_word' id='word_1_348' title='bbox 977 2858 1130 2930; x_wconf 88' lang='lat' dir='ltr'><strong>signa</strong></span> <span class='ocrx_word' id='word_1_349' title='bbox 1168 2865 1468 2929; x_wconf 86' lang='lat' dir='ltr'><strong>posuerunt</strong></span> <span class='ocrx_word' id='word_1_350' title='bbox 1508 2874 1666 2929; x_wconf 84' lang='lat' dir='ltr'><strong>super</strong></span> <span class='ocrx_word' id='word_1_351' title='bbox 1706 2874 2005 2925; x_wconf 88' lang='lat' dir='ltr'><strong>summum,</strong></span> <span class='ocrx_word' id='word_1_352' title='bbox 2031 2856 2085 2913; x_wconf 91' lang='lat' dir='ltr'><strong>id</strong></span> 
     </span>
    </p>
   </div>
   <div class='ocr_carea' id='block_1_45' title="bbox 485 2948 2084 3029">
    <p class='ocr_par' dir='ltr' id='par_1_45' title="bbox 485 2948 2084 3029">
     <span class='ocr_line' id='line_1_45' title="bbox 485 2948 2084 3029; baseline 0.001 -27"><span class='ocrx_word' id='word_1_353' title='bbox 485 2955 588 3002; x_wconf 71' lang='lat' dir='ltr'><strong>est</strong></span> <span class='ocrx_word' id='word_1_354' title='bbox 618 2962 783 3021; x_wconf 84' lang='lat' dir='ltr'><strong>super</strong></span> <span class='ocrx_word' id='word_1_355' title='bbox 820 2949 1001 3029; x_wconf 86' lang='lat' dir='ltr'><strong>templi</strong></span> <span class='ocrx_word' id='word_1_356' title='bbox 1028 2948 1419 3017; x_wconf 88' lang='lat' dir='ltr'><strong>summitatem,</strong></span> <span class='ocrx_word' id='word_1_357' title='bbox 1447 2950 1579 3004; x_wconf 85' lang='lat' dir='ltr'><strong>sicut</strong></span> <span class='ocrx_word' id='word_1_358' title='bbox 1601 2950 1655 3004; x_wconf 86' lang='lat' dir='ltr'><strong>in</strong></span> <span class='ocrx_word' id='word_1_359' title='bbox 1675 2950 1818 3005; x_wconf 70' lang='lat' dir='ltr'><strong>exitu</strong></span> <span class='ocrx_word' id='word_1_360' title='bbox 1845 2950 2050 3005; x_wconf 89' lang='lat' dir='ltr'><strong>viarum</strong></span> <span class='ocrx_word' id='word_1_361' title='bbox 2069 2991 2084 3017; x_wconf 96' lang='lat'><strong>,</strong></span> 
     </span>
    </p>
   </div>
   <div class='ocr_carea' id='block_1_46' title="bbox 503 3038 2082 3114">
    <p class='ocr_par' dir='ltr' id='par_1_46' title="bbox 503 3038 2082 3114">
     <span class='ocr_line' id='line_1_46' title="bbox 503 3038 2082 3114; baseline 0.002 -21"><span class='ocrx_word' id='word_1_362' title='bbox 503 3038 782 3104; x_wconf 85' lang='lat' dir='ltr'><strong>subaudis,</strong></span> <span class='ocrx_word' id='word_1_363' title='bbox 821 3040 962 3097; x_wconf 89' lang='lat' dir='ltr'><strong>solet</strong></span> <span class='ocrx_word' id='word_1_364' title='bbox 1004 3040 1144 3097; x_wconf 80' lang='lat' dir='ltr'><strong>ﬁeri.</strong></span> <span class='ocrx_word' id='word_1_365' title='bbox 1181 3039 1296 3096; x_wconf 83' lang='lat' dir='ltr'><strong>Mos</strong></span> <span class='ocrx_word' id='word_1_366' title='bbox 1338 3040 1482 3097; x_wconf 91' lang='lat' dir='ltr'><strong>enim</strong></span> <span class='ocrx_word' id='word_1_367' title='bbox 1528 3039 1630 3096; x_wconf 75' lang='lat' dir='ltr'><strong>fuit</strong></span> <span class='ocrx_word' id='word_1_368' title='bbox 1676 3040 1973 3114; x_wconf 90' lang='lat' dir='ltr'><strong>antiquitus</strong></span> <span class='ocrx_word' id='word_1_369' title='bbox 2004 3051 2082 3107; x_wconf 91' lang='lat' dir='ltr'><strong>ut,</strong></span> 
     </span>
    </p>
   </div>
   <div class='ocr_carea' id='block_1_47' title="bbox 488 3124 2156 3225">
    <p class='ocr_par' dir='ltr' id='par_1_47' title="bbox 488 3124 2156 3225">
     <span class='ocr_line' id='line_1_47' title="bbox 488 3124 2156 3225; baseline 0.002 -45"><span class='ocrx_word' id='word_1_370' title='bbox 488 3124 649 3182; x_wconf 51' lang='lat' dir='ltr'><strong>facta</strong></span> <span class='ocrx_word' id='word_1_371' title='bbox 675 3128 935 3198; x_wconf 85' lang='lat' dir='ltr'><strong>victoria,</strong></span> <span class='ocrx_word' id='word_1_372' title='bbox 964 3128 1021 3191; x_wconf 85' lang='lat' dir='ltr'><strong>in</strong></span> <span class='ocrx_word' id='word_1_373' title='bbox 1049 3129 1284 3185; x_wconf 77' lang='lat' dir='ltr'><strong>exitibus</strong></span> <span class='ocrx_word' id='word_1_374' title='bbox 1311 3129 1518 3185; x_wconf 89' lang='lat' dir='ltr'><strong>viarum</strong></span> <span class='ocrx_word' id='word_1_375' title='bbox 1554 3131 1706 3202; x_wconf 89' lang='lat' dir='ltr'><strong>signa</strong></span> <span class='ocrx_word' id='word_1_376' title='bbox 1732 3137 2080 3200; x_wconf 87' lang='lat' dir='ltr'><strong>ponerentur,</strong></span> <span class='ocrx_word' id='word_1_377' title='bbox 2110 3160 2156 3225; x_wconf 64' lang='grc' dir='ltr'><strong>ρ</strong></span> 
     </span>
    </p>
   </div>
   <div class='ocr_carea' id='block_1_48' title="bbox 504 3218 2082 3291">
    <p class='ocr_par' dir='ltr' id='par_1_48' title="bbox 504 3218 2082 3291">
     <span class='ocr_line' id='line_1_48' title="bbox 504 3218 2082 3291; baseline 0.004 -22"><span class='ocrx_word' id='word_1_378' title='bbox 504 3226 565 3270; x_wconf 89' lang='lat' dir='ltr'><strong>ut</strong></span> <span class='ocrx_word' id='word_1_379' title='bbox 593 3226 739 3274; x_wconf 87' lang='lat' dir='ltr'><strong>esset</strong></span> <span class='ocrx_word' id='word_1_380' title='bbox 769 3219 1158 3275; x_wconf 86' lang='lat' dir='ltr'><strong>monimentum</strong></span> <span class='ocrx_word' id='word_1_381' title='bbox 1187 3218 1446 3275; x_wconf 70' lang='lat' dir='ltr'><strong>victoriaz.</strong></span> <span class='ocrx_word' id='word_1_382' title='bbox 1475 3218 1602 3275; x_wconf 62' lang='lat' dir='ltr'><strong>llaec</strong></span> <span class='ocrx_word' id='word_1_383' title='bbox 1630 3220 1756 3277; x_wconf 90' lang='lat' dir='ltr'><strong>talia</strong></span> <span class='ocrx_word' id='word_1_384' title='bbox 1782 3220 1934 3291; x_wconf 82' lang='lat' dir='ltr'><strong>signa</strong></span> <span class='ocrx_word' id='word_1_385' title='bbox 1961 3234 2082 3291; x_wconf 71' lang='lat' dir='ltr'><strong>qua:</strong></span> 
     </span>
    </p>
   </div>
   <div class='ocr_carea' id='block_1_49' title="bbox 501 3306 2081 3381">
    <p class='ocr_par' dir='ltr' id='par_1_49' title="bbox 501 3306 2081 3381">
     <span class='ocr_line' id='line_1_49' title="bbox 501 3306 2081 3381; baseline 0.003 -20"><span class='ocrx_word' id='word_1_386' title='bbox 501 3306 751 3363; x_wconf 88' lang='lat' dir='ltr'><strong>solebant</strong></span> <span class='ocrx_word' id='word_1_387' title='bbox 788 3308 914 3379; x_wconf 89' lang='lat' dir='ltr'><strong>poni</strong></span> <span class='ocrx_word' id='word_1_388' title='bbox 962 3308 1018 3364; x_wconf 85' lang='lat' dir='ltr'><strong>in</strong></span> <span class='ocrx_word' id='word_1_389' title='bbox 1053 3307 1216 3375; x_wconf 73' lang='lat' dir='ltr'><strong>exitu,</strong></span> <span class='ocrx_word' id='word_1_390' title='bbox 1247 3318 1545 3379; x_wconf 89' lang='lat' dir='ltr'><strong>posuerunt</strong></span> <span class='ocrx_word' id='word_1_391' title='bbox 1590 3310 1693 3381; x_wconf 90' lang='lat' dir='ltr'><strong>ipsi</strong></span> <span class='ocrx_word' id='word_1_392' title='bbox 1738 3325 1900 3381; x_wconf 91' lang='lat' dir='ltr'><strong>super</strong></span> <span class='ocrx_word' id='word_1_393' title='bbox 1941 3319 2081 3367; x_wconf 87' lang='lat' dir='ltr'><strong>tem-</strong></span> 
     </span>
    </p>
   </div>
   <div class='ocr_carea' id='block_1_50' title="bbox 483 3394 2080 3471">
    <p class='ocr_par' dir='ltr' id='par_1_50' title="bbox 483 3394 2080 3471">
     <span class='ocr_line' id='line_1_50' title="bbox 483 3394 2080 3471; baseline 0.004 -20"><span class='ocrx_word' id='word_1_394' title='bbox 483 3394 680 3467; x_wconf 59' lang='lat' dir='ltr'><strong>.plum;</strong></span> <span class='ocrx_word' id='word_1_395' title='bbox 709 3408 757 3453; x_wconf 83' lang='lat' dir='ltr'><strong>et</strong></span> <span class='ocrx_word' id='word_1_396' title='bbox 790 3414 901 3453; x_wconf 89' lang='lat' dir='ltr'><strong>non</strong></span> <span class='ocrx_word' id='word_1_397' title='bbox 938 3410 1302 3471; x_wconf 69' lang='lat' dir='ltr'><strong>cognouerunt,</strong></span> <span class='ocrx_word' id='word_1_398' title='bbox 1331 3415 1438 3457; x_wconf 92' lang='lat' dir='ltr'><strong>non</strong></span> <span class='ocrx_word' id='word_1_399' title='bbox 1468 3415 1535 3457; x_wconf 78' lang='lat' dir='ltr'><strong>ex</strong></span> <span class='ocrx_word' id='word_1_400' title='bbox 1564 3415 1753 3458; x_wconf 89' lang='lat' dir='ltr'><strong>eorum</strong></span> <span class='ocrx_word' id='word_1_401' title='bbox 1784 3402 2080 3468; x_wconf 88' lang='lat' dir='ltr'><strong>voluntate,</strong></span> 
     </span>
    </p>
   </div>
   <div class='ocr_carea' id='block_1_51' title="bbox 500 3487 2082 3564">
    <p class='ocr_par' dir='ltr' id='par_1_51' title="bbox 500 3487 2082 3564">
     <span class='ocr_line' id='line_1_51' title="bbox 500 3487 2082 3564; baseline 0.004 -22"><span class='ocrx_word' id='word_1_402' title='bbox 500 3487 599 3543; x_wconf 79' lang='lat' dir='ltr'><strong>sed</strong></span> <span class='ocrx_word' id='word_1_403' title='bbox 624 3502 692 3543; x_wconf 81' lang='lat' dir='ltr'><strong>ex</strong></span> <span class='ocrx_word' id='word_1_404' title='bbox 720 3488 900 3545; x_wconf 85' lang='lat' dir='ltr'><strong>divino</strong></span> <span class='ocrx_word' id='word_1_405' title='bbox 928 3497 1059 3546; x_wconf 90' lang='lat' dir='ltr'><strong>nutu</strong></span> <span class='ocrx_word' id='word_1_406' title='bbox 1082 3489 1185 3546; x_wconf 85' lang='lat' dir='ltr'><strong>hoc</strong></span> <span class='ocrx_word' id='word_1_407' title='bbox 1207 3492 1573 3562; x_wconf 88' lang='lat' dir='ltr'><strong>processisse:</strong></span> <span class='ocrx_word' id='word_1_408' title='bbox 1608 3508 1711 3547; x_wconf 88' lang='lat' dir='ltr'><strong>non</strong></span> <span class='ocrx_word' id='word_1_409' title='bbox 1737 3505 2082 3564; x_wconf 82' lang='lat' dir='ltr'><strong>cognoverunt</strong></span> 
     </span>
    </p>
   </div>
   <div class='ocr_carea' id='block_1_52' title="bbox 482 3583 2078 3657">
    <p class='ocr_par' dir='ltr' id='par_1_52' title="bbox 482 3583 2078 3657">
     <span class='ocr_line' id='line_1_52' title="bbox 482 3583 2078 3657; baseline 0.002 -21"><span class='ocrx_word' id='word_1_410' title='bbox 482 3596 564 3638; x_wconf 84' lang='lat' dir='ltr'><strong>.se</strong></span> <span class='ocrx_word' id='word_1_411' title='bbox 611 3592 734 3638; x_wconf 85' lang='lat' dir='ltr'><strong>esse</strong></span> <span class='ocrx_word' id='word_1_412' title='bbox 781 3583 1200 3639; x_wconf 88' lang='lat' dir='ltr'><strong>instrumentum</strong></span> <span class='ocrx_word' id='word_1_413' title='bbox 1238 3583 1361 3640; x_wconf 88' lang='lat' dir='ltr'><strong>irati</strong></span> <span class='ocrx_word' id='word_1_414' title='bbox 1386 3624 1404 3651; x_wconf 94' lang='lat'><strong>,</strong></span> <span class='ocrx_word' id='word_1_415' title='bbox 1447 3600 1553 3640; x_wconf 91' lang='lat' dir='ltr'><strong>non</strong></span> <span class='ocrx_word' id='word_1_416' title='bbox 1589 3600 1813 3657; x_wconf 82' lang='lat' dir='ltr'><strong>regnum</strong></span> <span class='ocrx_word' id='word_1_417' title='bbox 1861 3584 2078 3656; x_wconf 88' lang='lat' dir='ltr'><strong>placati.</strong></span> 
     </span>
    </p>
   </div>
   <div class='ocr_carea' id='block_1_53' title="bbox 502 3672 2085 3747">
    <p class='ocr_par' dir='ltr' id='par_1_53' title="bbox 502 3672 2085 3747">
     <span class='ocr_line' id='line_1_53' title="bbox 502 3672 2085 3747; baseline 0.001 -18"><span class='ocrx_word' id='word_1_418' title='bbox 502 3672 653 3729; x_wconf 82' lang='lat' dir='ltr'><strong>Solet</strong></span> <span class='ocrx_word' id='word_1_419' title='bbox 703 3673 848 3731; x_wconf 91' lang='lat' dir='ltr'><strong>enim</strong></span> <span class='ocrx_word' id='word_1_420' title='bbox 892 3674 1034 3733; x_wconf 90' lang='lat' dir='ltr'><strong>Deus</strong></span> <span class='ocrx_word' id='word_1_421' title='bbox 1082 3673 1262 3731; x_wconf 80' lang='lat' dir='ltr'><strong>facere</strong></span> <span class='ocrx_word' id='word_1_422' title='bbox 1314 3676 1459 3746; x_wconf 89' lang='lat' dir='ltr'><strong>quod</strong></span> <span class='ocrx_word' id='word_1_423' title='bbox 1516 3674 1825 3747; x_wconf 82' lang='lat' dir='ltr'><strong>frequenter</strong></span> <span class='ocrx_word' id='word_1_424' title='bbox 1877 3676 2085 3732; x_wconf 84' lang='lat' dir='ltr'><strong>faciunt</strong></span> 
     </span>
    </p>
   </div>
   <div class='ocr_carea' id='block_1_54' title="bbox 488 3765 2079 3840">
    <p class='ocr_par' dir='ltr' id='par_1_54' title="bbox 488 3765 2079 3840">
     <span class='ocr_line' id='line_1_54' title="bbox 488 3765 2079 3840; baseline 0.004 -23"><span class='ocrx_word' id='word_1_425' title='bbox 488 3765 789 3834; x_wconf 85' lang='lat' dir='ltr'><strong>.homines,</strong></span> <span class='ocrx_word' id='word_1_426' title='bbox 834 3768 928 3840; x_wconf 89' lang='lat' dir='ltr'><strong>qui</strong></span> <span class='ocrx_word' id='word_1_427' title='bbox 983 3767 1243 3839; x_wconf 86' lang='lat' dir='ltr'><strong>colligunt</strong></span> <span class='ocrx_word' id='word_1_428' title='bbox 1288 3768 1662 3840; x_wconf 89' lang='lat' dir='ltr'><strong>qualecunque</strong></span> <span class='ocrx_word' id='word_1_429' title='bbox 1712 3780 2079 3838; x_wconf 89' lang='lat' dir='ltr'><strong>sarmentum,</strong></span> 
     </span>
    </p>
   </div>
   <div class='ocr_carea' id='block_1_55' title="bbox 489 3856 2083 3931">
    <p class='ocr_par' dir='ltr' id='par_1_55' title="bbox 489 3856 2083 3931">
     <span class='ocr_line' id='line_1_55' title="bbox 489 3856 2083 3931; baseline 0.004 -21"><span class='ocrx_word' id='word_1_430' title='bbox 489 3864 558 3910; x_wconf 79' lang='lat' dir='ltr'><strong>et</strong></span> <span class='ocrx_word' id='word_1_431' title='bbox 616 3856 894 3929; x_wconf 85' lang='lat' dir='ltr'><strong>corrigunt</strong></span> <span class='ocrx_word' id='word_1_432' title='bbox 956 3857 1099 3926; x_wconf 23' lang='lat' dir='ltr'><strong>inde,</strong></span> <span class='ocrx_word' id='word_1_433' title='bbox 1140 3858 1314 3927; x_wconf 85' lang='lat' dir='ltr'><strong>tilias;</strong></span> <span class='ocrx_word' id='word_1_434' title='bbox 1369 3860 1564 3931; x_wconf 90' lang='lat' dir='ltr'><strong>quibus</strong></span> <span class='ocrx_word' id='word_1_435' title='bbox 1623 3860 1913 3927; x_wconf 88' lang='lat' dir='ltr'><strong>correctis,</strong></span> <span class='ocrx_word' id='word_1_436' title='bbox 1965 3874 2083 3916; x_wconf 84' lang='lat' dir='ltr'><strong>sar-</strong></span> 
     </span>
    </p>
   </div>
   <div class='ocr_carea' id='block_1_56' title="bbox 492 3950 2080 4023">
    <p class='ocr_par' dir='ltr' id='par_1_56' title="bbox 492 3950 2080 4023">
     <span class='ocr_line' id='line_1_56' title="bbox 492 3950 2080 4023; baseline 0.005 -24"><span class='ocrx_word' id='word_1_437' title='bbox 492 3958 745 4003; x_wconf 79' lang='lat' dir='ltr'><strong>mentum</strong></span> <span class='ocrx_word' id='word_1_438' title='bbox 787 3950 1009 4006; x_wconf 90' lang='lat' dir='ltr'><strong>mittunt</strong></span> <span class='ocrx_word' id='word_1_439' title='bbox 1040 3951 1095 4006; x_wconf 93' lang='lat' dir='ltr'><strong>in</strong></span> <span class='ocrx_word' id='word_1_440' title='bbox 1141 3950 1347 4023; x_wconf 85' lang='lat' dir='ltr'><strong>ignem,</strong></span> <span class='ocrx_word' id='word_1_441' title='bbox 1395 3959 1450 4008; x_wconf 91' lang='lat' dir='ltr'><strong>et</strong></span> <span class='ocrx_word' id='word_1_442' title='bbox 1491 3950 1616 4008; x_wconf 80' lang='lat' dir='ltr'><strong>ﬁliis</strong></span> <span class='ocrx_word' id='word_1_443' title='bbox 1644 3959 1866 4007; x_wconf 82' lang='lat' dir='ltr'><strong>servant</strong></span> <span class='ocrx_word' id='word_1_444' title='bbox 1909 3952 2080 4007; x_wconf 85' lang='lat' dir='ltr'><strong>b:ere-</strong></span> 
     </span>
    </p>
   </div>
   <div class='ocr_carea' id='block_1_57' title="bbox 492 4024 2082 4112">
    <p class='ocr_par' dir='ltr' id='par_1_57' title="bbox 492 4024 2082 4112">
     <span class='ocr_line' id='line_1_57' title="bbox 492 4024 2082 4112; baseline 0.003 -21"><span class='ocrx_word' id='word_1_445' title='bbox 492 4037 776 4096; x_wconf 72' lang='lat' dir='ltr'><strong>ditatem:</strong></span> <span class='ocrx_word' id='word_1_446' title='bbox 804 4036 878 4094; x_wconf 87' lang='lat' dir='ltr'><strong>ita</strong></span> <span class='ocrx_word' id='word_1_447' title='bbox 921 4038 1064 4095; x_wconf 91' lang='lat' dir='ltr'><strong>Deus</strong></span> <span class='ocrx_word' id='word_1_448' title='bbox 1088 4055 1185 4111; x_wconf 89' lang='lat' dir='ltr'><strong>per</strong></span> <span class='ocrx_word' id='word_1_449' title='bbox 1229 4040 1425 4112; x_wconf 90' lang='lat' dir='ltr'><strong>impios</strong></span> <span class='ocrx_word' id='word_1_450' title='bbox 1451 4040 1647 4112; x_wconf 89' lang='lat' dir='ltr'><strong>probat</strong></span> <span class='ocrx_word' id='word_1_451' title='bbox 1688 4024 1830 4112; x_wconf 86' lang='lat' dir='ltr'><strong>pios,</strong></span> <span class='ocrx_word' id='word_1_452' title='bbox 1875 4049 1932 4095; x_wconf 91' lang='lat' dir='ltr'><strong>et</strong></span> <span class='ocrx_word' id='word_1_453' title='bbox 1973 4037 2082 4095; x_wconf 79' lang='lat' dir='ltr'><strong>frc-</strong></span> 
     </span>
    </p>
   </div>
   <div class='ocr_carea' id='block_1_58' title="bbox 490 4128 2081 4202">
    <p class='ocr_par' dir='ltr' id='par_1_58' title="bbox 490 4128 2081 4202">
     <span class='ocr_line' id='line_1_58' title="bbox 490 4128 2081 4202; baseline 0.003 -20"><span class='ocrx_word' id='word_1_454' title='bbox 490 4137 733 4197; x_wconf 14' lang='lat' dir='ltr'><strong>aqueuter</strong></span> <span class='ocrx_word' id='word_1_455' title='bbox 776 4143 874 4200; x_wconf 89' lang='lat' dir='ltr'><strong>per</strong></span> <span class='ocrx_word' id='word_1_456' title='bbox 916 4128 1264 4201; x_wconf 87' lang='lat' dir='ltr'><strong>temporalem</strong></span> <span class='ocrx_word' id='word_1_457' title='bbox 1315 4131 1610 4202; x_wconf 88' lang='lat' dir='ltr'><strong>potentiam</strong></span> <span class='ocrx_word' id='word_1_458' title='bbox 1657 4131 2081 4187; x_wconf 88' lang='lat' dir='ltr'><strong>damnaudorum</strong></span> 
     </span>
    </p>
   </div>
   <div class='ocr_carea' id='block_1_59' title="bbox 495 4218 2082 4288">
    <p class='ocr_par' dir='ltr' id='par_1_59' title="bbox 495 4218 2082 4288">
     <span class='ocr_line' id='line_1_59' title="bbox 495 4218 2082 4288; baseline 0.004 -16"><span class='ocrx_word' id='word_1_459' title='bbox 495 4226 722 4274; x_wconf 75' lang='lat' dir='ltr'><strong>exercet</strong></span> <span class='ocrx_word' id='word_1_460' title='bbox 750 4218 1082 4288; x_wconf 88' lang='lat' dir='ltr'><strong>disciplinam</strong></span> <span class='ocrx_word' id='word_1_461' title='bbox 1126 4219 1527 4278; x_wconf 87' lang='lat' dir='ltr'><strong>salvandorum.</strong></span> <span class='ocrx_word' id='word_1_462' title='bbox 1570 4220 1661 4279; x_wconf 80' lang='lat' dir='ltr'><strong>Vel</strong></span> <span class='ocrx_word' id='word_1_463' title='bbox 1706 4223 1784 4279; x_wconf 91' lang='lat' dir='ltr'><strong>sic</strong></span> <span class='ocrx_word' id='word_1_464' title='bbox 1824 4239 1839 4277; x_wconf 92' lang='lat'><strong>:</strong></span> <span class='ocrx_word' id='word_1_465' title='bbox 1882 4220 2082 4278; x_wconf 80' lang='lat' dir='ltr'><strong>Pusae-</strong></span> 
     </span>
    </p>
   </div>
   <div class='ocr_carea' id='block_1_60' title="bbox 500 4310 2081 4382">
    <p class='ocr_par' dir='ltr' id='par_1_60' title="bbox 500 4310 2081 4382">
     <span class='ocr_line' id='line_1_60' title="bbox 500 4310 2081 4382; baseline 0.005 -21"><span class='ocrx_word' id='word_1_466' title='bbox 500 4319 623 4363; x_wconf 87' lang='lat' dir='ltr'><strong>runt</strong></span> <span class='ocrx_word' id='word_1_467' title='bbox 668 4310 841 4382; x_wconf 76' lang='lat' dir='ltr'><strong>signa,</strong></span> <span class='ocrx_word' id='word_1_468' title='bbox 880 4311 1002 4368; x_wconf 87' lang='lat' dir='ltr'><strong>dico</strong></span> <span class='ocrx_word' id='word_1_469' title='bbox 1042 4328 1166 4379; x_wconf 88' lang='lat' dir='ltr'><strong>sua,</strong></span> <span class='ocrx_word' id='word_1_470' title='bbox 1196 4312 1250 4369; x_wconf 91' lang='lat' dir='ltr'><strong>id</strong></span> <span class='ocrx_word' id='word_1_471' title='bbox 1280 4321 1365 4369; x_wconf 90' lang='lat' dir='ltr'><strong>est</strong></span> <span class='ocrx_word' id='word_1_472' title='bbox 1407 4327 1519 4370; x_wconf 73' lang='lat' dir='ltr'><strong>sua:</strong></span> <span class='ocrx_word' id='word_1_473' title='bbox 1551 4313 1822 4381; x_wconf 81' lang='lat' dir='ltr'><strong>victoriae;</strong></span> <span class='ocrx_word' id='word_1_474' title='bbox 1867 4322 1923 4369; x_wconf 90' lang='lat' dir='ltr'><strong>et</strong></span> <span class='ocrx_word' id='word_1_475' title='bbox 1972 4328 2081 4369; x_wconf 90' lang='lat' dir='ltr'><strong>non</strong></span> 
     </span>
    </p>
   </div>
   <div class='ocr_carea' id='block_1_61' title="bbox 499 4390 2078 4474">
    <p class='ocr_par' dir='ltr' id='par_1_61' title="bbox 499 4390 2078 4474">
     <span class='ocr_line' id='line_1_61' title="bbox 499 4390 2078 4474; baseline 0.002 -21"><span class='ocrx_word' id='word_1_476' title='bbox 499 4390 868 4471; x_wconf 84' lang='lat' dir='ltr'><strong>cognoverunt</strong></span> <span class='ocrx_word' id='word_1_477' title='bbox 927 4400 1070 4457; x_wconf 83' lang='lat' dir='ltr'><strong>sicut</strong></span> <span class='ocrx_word' id='word_1_478' title='bbox 1126 4409 1248 4457; x_wconf 86' lang='lat' dir='ltr'><strong>erat</strong></span> <span class='ocrx_word' id='word_1_479' title='bbox 1296 4401 1353 4457; x_wconf 89' lang='lat' dir='ltr'><strong>in</strong></span> <span class='ocrx_word' id='word_1_480' title='bbox 1405 4402 1551 4458; x_wconf 78' lang='lat' dir='ltr'><strong>exitu</strong></span> <span class='ocrx_word' id='word_1_481' title='bbox 1611 4417 1775 4474; x_wconf 88' lang='lat' dir='ltr'><strong>super</strong></span> <span class='ocrx_word' id='word_1_482' title='bbox 1828 4416 2078 4468; x_wconf 87' lang='lat' dir='ltr'><strong>summo,</strong></span> 
     </span>
    </p>
   </div>
   <div class='ocr_carea' id='block_1_62' title="bbox 2191 1856 3749 1930">
    <p class='ocr_par' dir='ltr' id='par_1_62' title="bbox 2191 1856 3749 1930">
     <span class='ocr_line' id='line_1_62' title="bbox 2191 1856 3749 1930; baseline -0.002 -18"><span class='ocrx_word' id='word_1_483' title='bbox 2191 1856 2357 1913; x_wconf 83' lang='lat' dir='ltr'><strong>tizant</strong></span> <span class='ocrx_word' id='word_1_484' title='bbox 2382 1873 2402 1923; x_wconf 89' lang='lat'><strong>;</strong></span> <span class='ocrx_word' id='word_1_485' title='bbox 2429 1866 2483 1912; x_wconf 92' lang='lat' dir='ltr'><strong>et</strong></span> <span class='ocrx_word' id='word_1_486' title='bbox 2509 1858 2610 1913; x_wconf 86' lang='lat' dir='ltr'><strong>hoc</strong></span> <span class='ocrx_word' id='word_1_487' title='bbox 2636 1857 2828 1914; x_wconf 90' lang='lat' dir='ltr'><strong>merite</strong></span> <span class='ocrx_word' id='word_1_488' title='bbox 2854 1858 3089 1928; x_wconf 88' lang='lat' dir='ltr'><strong>patimur</strong></span> <span class='ocrx_word' id='word_1_489' title='bbox 3117 1860 3243 1927; x_wconf 84' lang='lat' dir='ltr'><strong>quia</strong></span> <span class='ocrx_word' id='word_1_490' title='bbox 3271 1875 3422 1930; x_wconf 78' lang='lat' dir='ltr'><strong>signa</strong></span> <span class='ocrx_word' id='word_1_491' title='bbox 3460 1869 3643 1913; x_wconf 86' lang='lat' dir='ltr'><strong>nostra</strong></span> <span class='ocrx_word' id='word_1_492' title='bbox 3667 1874 3749 1910; x_wconf 77' lang='lat' dir='ltr'><strong>nos</strong></span> 
     </span>
    </p>
   </div>
   <div class='ocr_carea' id='block_1_63' title="bbox 2189 1948 3750 2021">
    <p class='ocr_par' dir='ltr' id='par_1_63' title="bbox 2189 1948 3750 2021">
     <span class='ocr_line' id='line_1_63' title="bbox 2189 1948 3750 2021; baseline -0.002 -17"><span class='ocrx_word' id='word_1_493' title='bbox 2189 1950 2437 2004; x_wconf 78' lang='lat' dir='ltr'><strong>vidimus.</strong></span> <span class='ocrx_word' id='word_1_494' title='bbox 2481 1948 2729 2005; x_wconf 87' lang='lat' dir='ltr'><strong>Ostendit</strong></span> <span class='ocrx_word' id='word_1_495' title='bbox 2765 1949 2854 2005; x_wconf 83' lang='lat' dir='ltr'><strong>hic</strong></span> <span class='ocrx_word' id='word_1_496' title='bbox 2896 1949 3078 2021; x_wconf 79' lang='lat' dir='ltr'><strong>Asapb</strong></span> <span class='ocrx_word' id='word_1_497' title='bbox 3119 1948 3334 2006; x_wconf 75' lang='lat' dir='ltr'><strong>Judmos</strong></span> <span class='ocrx_word' id='word_1_498' title='bbox 3375 1951 3580 2006; x_wconf 89' lang='lat' dir='ltr'><strong>merito</strong></span> <span class='ocrx_word' id='word_1_499' title='bbox 3610 1948 3750 2003; x_wconf 75' lang='lat' dir='ltr'><strong>fuisse</strong></span> 
     </span>
    </p>
   </div>
   <div class='ocr_carea' id='block_1_64' title="bbox 2194 2039 3749 2112">
    <p class='ocr_par' dir='ltr' id='par_1_64' title="bbox 2194 2039 3749 2112">
     <span class='ocr_line' id='line_1_64' title="bbox 2194 2039 3749 2112; baseline -0.003 -18"><span class='ocrx_word' id='word_1_500' title='bbox 2194 2039 2317 2095; x_wconf 90' lang='lat' dir='ltr'><strong>talia</strong></span> <span class='ocrx_word' id='word_1_501' title='bbox 2344 2056 2555 2112; x_wconf 90' lang='lat' dir='ltr'><strong>passos,</strong></span> <span class='ocrx_word' id='word_1_502' title='bbox 2604 2041 2729 2112; x_wconf 90' lang='lat' dir='ltr'><strong>quia</strong></span> <span class='ocrx_word' id='word_1_503' title='bbox 2775 2041 2927 2111; x_wconf 88' lang='lat' dir='ltr'><strong>signa</strong></span> <span class='ocrx_word' id='word_1_504' title='bbox 2965 2055 3085 2111; x_wconf 71' lang='lat' dir='ltr'><strong>qua:</strong></span> <span class='ocrx_word' id='word_1_505' title='bbox 3128 2041 3525 2096; x_wconf 82' lang='lat' dir='ltr'><strong>annuntiabant</strong></span> <span class='ocrx_word' id='word_1_506' title='bbox 3560 2039 3749 2109; x_wconf 80' lang='lat' dir='ltr'><strong>impleta</strong></span> 
     </span>
    </p>
   </div>
   <div class='ocr_carea' id='block_1_65' title="bbox 2189 2130 3748 2203">
    <p class='ocr_par' dir='ltr' id='par_1_65' title="bbox 2189 2130 3748 2203">
     <span class='ocr_line' id='line_1_65' title="bbox 2189 2130 3748 2203; baseline -0.004 -17"><span class='ocrx_word' id='word_1_507' title='bbox 2189 2145 2311 2187; x_wconf 90' lang='lat' dir='ltr'><strong>esse</strong></span> <span class='ocrx_word' id='word_1_508' title='bbox 2353 2146 2475 2202; x_wconf 83' lang='lat' dir='ltr'><strong>quae</strong></span> <span class='ocrx_word' id='word_1_509' title='bbox 2532 2131 2985 2202; x_wconf 82' lang='lat' dir='ltr'><strong>promittebantur</strong></span> <span class='ocrx_word' id='word_1_510' title='bbox 3047 2145 3375 2203; x_wconf 85' lang='lat' dir='ltr'><strong>cognoscere</strong></span> <span class='ocrx_word' id='word_1_511' title='bbox 3434 2130 3748 2189; x_wconf 86' lang='lat' dir='ltr'><strong>noluerunt;</strong></span> 
     </span>
    </p>
   </div>
   <div class='ocr_carea' id='block_1_66' title="bbox 2190 2220 3750 2294">
    <p class='ocr_par' dir='ltr' id='par_1_66' title="bbox 2190 2220 3750 2294">
     <span class='ocr_line' id='line_1_66' title="bbox 2190 2220 3750 2294; baseline -0.003 -17"><span class='ocrx_word' id='word_1_512' title='bbox 2190 2223 2334 2294; x_wconf 87' lang='lat' dir='ltr'><strong>quod</strong></span> <span class='ocrx_word' id='word_1_513' title='bbox 2359 2222 2438 2279; x_wconf 89' lang='lat' dir='ltr'><strong>sic</strong></span> <span class='ocrx_word' id='word_1_514' title='bbox 2468 2223 2635 2278; x_wconf 88' lang='lat' dir='ltr'><strong>dicit:</strong></span> <span class='ocrx_word' id='word_1_515' title='bbox 2692 2221 2859 2294; x_wconf 83' lang='lat' dir='ltr'><strong>Signa</strong></span> <span class='ocrx_word' id='word_1_516' title='bbox 2908 2232 3087 2277; x_wconf 83' lang='lat' dir='ltr'><strong>nostra</strong></span> <span class='ocrx_word' id='word_1_517' title='bbox 3117 2240 3221 2278; x_wconf 86' lang='lat' dir='ltr'><strong>non</strong></span> <span class='ocrx_word' id='word_1_518' title='bbox 3258 2223 3501 2279; x_wconf 67' lang='lat' dir='ltr'><strong>vidimus.</strong></span> <span class='ocrx_word' id='word_1_519' title='bbox 3530 2220 3750 2275; x_wconf 67' lang='lat' dir='ltr'><strong>Vidimus</strong></span> 
     </span>
    </p>
   </div>
   <div class='ocr_carea' id='block_1_67' title="bbox 2191 2311 3749 2387">
    <p class='ocr_par' dir='ltr' id='par_1_67' title="bbox 2191 2311 3749 2387">
     <span class='ocr_line' id='line_1_67' title="bbox 2191 2311 3749 2387; baseline -0.005 -16"><span class='ocrx_word' id='word_1_520' title='bbox 2191 2316 2394 2387; x_wconf 90' lang='lat' dir='ltr'><strong>utique.</strong></span> <span class='ocrx_word' id='word_1_521' title='bbox 2425 2315 2557 2371; x_wconf 82' lang='lat' dir='ltr'><strong>Nam</strong></span> <span class='ocrx_word' id='word_1_522' title='bbox 2594 2315 2712 2387; x_wconf 85' lang='lat' dir='ltr'><strong>jam</strong></span> <span class='ocrx_word' id='word_1_523' title='bbox 2742 2331 2846 2369; x_wconf 88' lang='lat' dir='ltr'><strong>non</strong></span> <span class='ocrx_word' id='word_1_524' title='bbox 2876 2325 2951 2369; x_wconf 86' lang='lat' dir='ltr'><strong>est</strong></span> <span class='ocrx_word' id='word_1_525' title='bbox 2994 2316 3288 2386; x_wconf 78' lang='lat' dir='ltr'><strong>propheta;</strong></span> <span class='ocrx_word' id='word_1_526' title='bbox 3319 2315 3461 2385; x_wconf 90' lang='lat' dir='ltr'><strong>quod</strong></span> <span class='ocrx_word' id='word_1_527' title='bbox 3502 2311 3661 2367; x_wconf 89' lang='lat' dir='ltr'><strong>nobis</strong></span> <span class='ocrx_word' id='word_1_528' title='bbox 3681 2320 3749 2362; x_wconf 76' lang='lat' dir='ltr'><strong>est</strong></span> 
     </span>
    </p>
   </div>
   <div class='ocr_carea' id='block_1_68' title="bbox 2189 2400 3748 2477">
    <p class='ocr_par' dir='ltr' id='par_1_68' title="bbox 2189 2400 3748 2477">
     <span class='ocr_line' id='line_1_68' title="bbox 2189 2400 3748 2477; baseline -0.008 -13"><span class='ocrx_word' id='word_1_529' title='bbox 2189 2406 2401 2477; x_wconf 88' lang='lat' dir='ltr'><strong>signum</strong></span> <span class='ocrx_word' id='word_1_530' title='bbox 2429 2422 2550 2463; x_wconf 89' lang='lat' dir='ltr'><strong>eum</strong></span> <span class='ocrx_word' id='word_1_531' title='bbox 2597 2406 2834 2470; x_wconf 86' lang='lat' dir='ltr'><strong>venisse,</strong></span> <span class='ocrx_word' id='word_1_532' title='bbox 2887 2406 3012 2475; x_wconf 88' lang='lat' dir='ltr'><strong>quia</strong></span> <span class='ocrx_word' id='word_1_533' title='bbox 3051 2406 3428 2477; x_wconf 83' lang='lat' dir='ltr'><strong>prophetatum</strong></span> <span class='ocrx_word' id='word_1_534' title='bbox 3459 2403 3570 2458; x_wconf 78' lang='lat' dir='ltr'><strong>fuit</strong></span> <span class='ocrx_word' id='word_1_535' title='bbox 3594 2419 3609 2457; x_wconf 92' lang='lat'><strong>:</strong></span> <span class='ocrx_word' id='word_1_536' title='bbox 3637 2400 3748 2456; x_wconf 86' lang='lat' dir='ltr'><strong>Cum</strong></span> 
     </span>
    </p>
   </div>
   <div class='ocr_carea' id='block_1_69' title="bbox 2190 2486 3744 2566">
    <p class='ocr_par' dir='ltr' id='par_1_69' title="bbox 2190 2486 3744 2566">
     <span class='ocr_line' id='line_1_69' title="bbox 2190 2486 3744 2566; baseline -0.003 -13"><span class='ocrx_word' id='word_1_537' title='bbox 2190 2486 2399 2553; x_wconf 78' lang='lat' dir='ltr'><strong>venerit</strong></span> <span class='ocrx_word' id='word_1_538' title='bbox 2422 2506 2641 2553; x_wconf 88' lang='lat' dir='ltr'><strong>sanctus</strong></span> <span class='ocrx_word' id='word_1_539' title='bbox 2656 2504 2993 2561; x_wconf 89' lang='lat' dir='ltr'><strong>sanctorum,</strong></span> <span class='ocrx_word' id='word_1_540' title='bbox 3011 2497 3247 2552; x_wconf 89' lang='lat' dir='ltr'><strong>cessabit</strong></span> <span class='ocrx_word' id='word_1_541' title='bbox 3268 2496 3455 2552; x_wconf 91' lang='lat' dir='ltr'><strong>unctio</strong></span> <span class='ocrx_word' id='word_1_542' title='bbox 3474 2495 3642 2566; x_wconf 78' lang='lat' dir='ltr'><strong>(Dan.</strong></span> <span class='ocrx_word' id='word_1_543' title='bbox 3666 2493 3744 2565; x_wconf 81' lang='lat' dir='ltr'><strong>tt).</strong></span> 
     </span>
    </p>
   </div>
   <div class='ocr_carea' id='block_1_70' title="bbox 2192 2586 3745 2658">
    <p class='ocr_par' dir='ltr' id='par_1_70' title="bbox 2192 2586 3745 2658">
     <span class='ocr_line' id='line_1_70' title="bbox 2192 2586 3745 2658; baseline -0.003 -15"><span class='ocrx_word' id='word_1_544' title='bbox 2192 2587 2262 2643; x_wconf 84' lang='lat' dir='ltr'><strong>Et</strong></span> <span class='ocrx_word' id='word_1_545' title='bbox 2291 2604 2383 2643; x_wconf 87' lang='lat' dir='ltr'><strong>nos</strong></span> <span class='ocrx_word' id='word_1_546' title='bbox 2406 2604 2508 2642; x_wconf 90' lang='lat' dir='ltr'><strong>non</strong></span> <span class='ocrx_word' id='word_1_547' title='bbox 2532 2596 2799 2658; x_wconf 78' lang='lat' dir='ltr'><strong>cognoscet</strong></span> <span class='ocrx_word' id='word_1_548' title='bbox 2841 2586 3086 2657; x_wconf 85' lang='lat' dir='ltr'><strong>amplius.</strong></span> <span class='ocrx_word' id='word_1_549' title='bbox 3127 2587 3292 2654; x_wconf 82' lang='lat' dir='ltr'><strong>Quasi</strong></span> <span class='ocrx_word' id='word_1_550' title='bbox 3332 2587 3491 2655; x_wconf 76' lang='lat' dir='ltr'><strong>dicat</strong></span> <span class='ocrx_word' id='word_1_551' title='bbox 3521 2603 3536 2640; x_wconf 94' lang='lat'><strong>:</strong></span> <span class='ocrx_word' id='word_1_552' title='bbox 3585 2587 3745 2642; x_wconf 81' lang='lat' dir='ltr'><strong>Dicen-</strong></span> 
     </span>
    </p>
   </div>
   <div class='ocr_carea' id='block_1_71' title="bbox 2191 2677 3741 2749">
    <p class='ocr_par' dir='ltr' id='par_1_71' title="bbox 2191 2677 3741 2749">
     <span class='ocr_line' id='line_1_71' title="bbox 2191 2677 3741 2749; baseline -0.003 -14"><span class='ocrx_word' id='word_1_553' title='bbox 2191 2679 2319 2736; x_wconf 91' lang='lat' dir='ltr'><strong>dum</strong></span> <span class='ocrx_word' id='word_1_554' title='bbox 2371 2687 2453 2734; x_wconf 89' lang='lat' dir='ltr'><strong>est</strong></span> <span class='ocrx_word' id='word_1_555' title='bbox 2500 2678 2627 2748; x_wconf 90' lang='lat' dir='ltr'><strong>quia</strong></span> <span class='ocrx_word' id='word_1_556' title='bbox 2683 2694 2790 2735; x_wconf 91' lang='lat' dir='ltr'><strong>non</strong></span> <span class='ocrx_word' id='word_1_557' title='bbox 2836 2678 3017 2734; x_wconf 85' lang='lat' dir='ltr'><strong>veniet</strong></span> <span class='ocrx_word' id='word_1_558' title='bbox 3060 2677 3310 2749; x_wconf 86' lang='lat' dir='ltr'><strong>amplius.</strong></span> <span class='ocrx_word' id='word_1_559' title='bbox 3342 2677 3539 2733; x_wconf 80' lang='lat' dir='ltr'><strong>Veniet</strong></span> <span class='ocrx_word' id='word_1_560' title='bbox 3570 2680 3741 2748; x_wconf 84' lang='lat' dir='ltr'><strong>utique,</strong></span> 
     </span>
    </p>
   </div>
   <div class='ocr_carea' id='block_1_72' title="bbox 2190 2767 3741 2839">
    <p class='ocr_par' dir='ltr' id='par_1_72' title="bbox 2190 2767 3741 2839">
     <span class='ocr_line' id='line_1_72' title="bbox 2190 2767 3741 2839; baseline -0.003 -14"><span class='ocrx_word' id='word_1_561' title='bbox 2190 2769 2286 2825; x_wconf 90' lang='lat' dir='ltr'><strong>sed</strong></span> <span class='ocrx_word' id='word_1_562' title='bbox 2316 2784 2422 2825; x_wconf 92' lang='lat' dir='ltr'><strong>non</strong></span> <span class='ocrx_word' id='word_1_563' title='bbox 2455 2768 2633 2823; x_wconf 82' lang='lat' dir='ltr'><strong>veniet</strong></span> <span class='ocrx_word' id='word_1_564' title='bbox 2662 2783 2729 2824; x_wconf 86' lang='lat' dir='ltr'><strong>eo</strong></span> <span class='ocrx_word' id='word_1_565' title='bbox 2750 2768 2911 2823; x_wconf 91' lang='lat' dir='ltr'><strong>modo</strong></span> <span class='ocrx_word' id='word_1_566' title='bbox 2938 2783 3046 2839; x_wconf 93' lang='lat' dir='ltr'><strong>quo</strong></span> <span class='ocrx_word' id='word_1_567' title='bbox 3074 2768 3224 2838; x_wconf 90' lang='lat' dir='ltr'><strong>prius</strong></span> <span class='ocrx_word' id='word_1_568' title='bbox 3250 2768 3417 2823; x_wconf 78' lang='lat' dir='ltr'><strong>venit.</strong></span> <span class='ocrx_word' id='word_1_569' title='bbox 3447 2767 3609 2824; x_wconf 80' lang='lat' dir='ltr'><strong>Venit</strong></span> <span class='ocrx_word' id='word_1_570' title='bbox 3627 2768 3741 2822; x_wconf 80' lang='lat' dir='ltr'><strong>enim</strong></span> 
     </span>
    </p>
   </div>
   <div class='ocr_carea' id='block_1_73' title="bbox 2190 2850 3742 2930">
    <p class='ocr_par' dir='ltr' id='par_1_73' title="bbox 2190 2850 3742 2930">
     <span class='ocr_line' id='line_1_73' title="bbox 2190 2850 3742 2930; baseline -0.003 -13"><span class='ocrx_word' id='word_1_571' title='bbox 2190 2862 2361 2927; x_wconf 90' lang='lat' dir='ltr'><strong>mitis,</strong></span> <span class='ocrx_word' id='word_1_572' title='bbox 2384 2860 2560 2917; x_wconf 81' lang='lat' dir='ltr'><strong>veniet</strong></span> <span class='ocrx_word' id='word_1_573' title='bbox 2581 2850 2856 2916; x_wconf 84' lang='lat' dir='ltr'><strong>terribilis.</strong></span> <span class='ocrx_word' id='word_1_574' title='bbox 2882 2859 3398 2930; x_wconf 83' lang='lat' dir='ltr'><strong>Venitjudicandus,</strong></span> <span class='ocrx_word' id='word_1_575' title='bbox 3428 2862 3609 2917; x_wconf 88' lang='lat' dir='ltr'><strong>veniet</strong></span> <span class='ocrx_word' id='word_1_576' title='bbox 3626 2860 3742 2930; x_wconf 86' lang='lat' dir='ltr'><strong>judi-</strong></span> 
     </span>
    </p>
   </div>
   <div class='ocr_carea' id='block_1_74' title="bbox 2189 2949 3743 3023">
    <p class='ocr_par' dir='ltr' id='par_1_74' title="bbox 2189 2949 3743 3023">
     <span class='ocr_line' id='line_1_74' title="bbox 2189 2949 3743 3023; baseline -0.005 -13"><span class='ocrx_word' id='word_1_577' title='bbox 2189 2964 2430 3010; x_wconf 85' lang='lat' dir='ltr'><strong>caturus.</strong></span> <span class='ocrx_word' id='word_1_578' title='bbox 2447 2951 2630 3018; x_wconf 81' lang='lat' dir='ltr'><strong>Venit,</strong></span> <span class='ocrx_word' id='word_1_579' title='bbox 2645 2960 2701 3007; x_wconf 90' lang='lat' dir='ltr'><strong>et</strong></span> <span class='ocrx_word' id='word_1_580' title='bbox 2719 2949 3021 3007; x_wconf 80' lang='lat' dir='ltr'><strong>oil&#39;endistis</strong></span> <span class='ocrx_word' id='word_1_581' title='bbox 3044 2952 3096 3006; x_wconf 92' lang='lat' dir='ltr'><strong>in</strong></span> <span class='ocrx_word' id='word_1_582' title='bbox 3117 2966 3240 3007; x_wconf 91' lang='lat' dir='ltr'><strong>cum</strong></span> <span class='ocrx_word' id='word_1_583' title='bbox 3257 2952 3565 3023; x_wconf 75' lang='lat' dir='ltr'><strong>iacentem;</strong></span> <span class='ocrx_word' id='word_1_584' title='bbox 3590 2959 3743 3006; x_wconf 82' lang='lat' dir='ltr'><strong>cavete</strong></span> 
     </span>
    </p>
   </div>
   <div class='ocr_carea' id='block_1_75' title="bbox 2187 3038 3741 3113">
    <p class='ocr_par' dir='ltr' id='par_1_75' title="bbox 2187 3038 3741 3113">
     <span class='ocr_line' id='line_1_75' title="bbox 2187 3038 3741 3113; baseline -0.004 -15"><span class='ocrx_word' id='word_1_585' title='bbox 2187 3057 2310 3099; x_wconf 91' lang='lat' dir='ltr'><strong>eum</strong></span> <span class='ocrx_word' id='word_1_586' title='bbox 2329 3042 2558 3113; x_wconf 89' lang='lat' dir='ltr'><strong>desuper</strong></span> <span class='ocrx_word' id='word_1_587' title='bbox 2572 3040 2893 3097; x_wconf 89' lang='lat' dir='ltr'><strong>venientem.</strong></span> <span class='ocrx_word' id='word_1_588' title='bbox 2914 3038 3211 3113; x_wconf 82' lang='lat' dir='ltr'><strong>Usquequo,</strong></span> <span class='ocrx_word' id='word_1_589' title='bbox 3228 3042 3388 3109; x_wconf 85' lang='lat' dir='ltr'><strong>Deus,</strong></span> <span class='ocrx_word' id='word_1_590' title='bbox 3404 3039 3741 3113; x_wconf 73' lang='lat' dir='ltr'><strong>improperan</strong></span> 
     </span>
    </p>
   </div>
   <div class='ocr_carea' id='block_1_76' title="bbox 2188 3129 3741 3205">
    <p class='ocr_par' dir='ltr' id='par_1_76' title="bbox 2188 3129 3741 3205">
     <span class='ocr_line' id='line_1_76' title="bbox 2188 3129 3741 3205; baseline -0.004 -14"><span class='ocrx_word' id='word_1_591' title='bbox 2188 3135 2428 3191; x_wconf 87' lang='lat' dir='ltr'><strong>inimicus</strong></span> <span class='ocrx_word' id='word_1_592' title='bbox 2452 3133 2699 3205; x_wconf 83' lang='lat' dir='ltr'><strong>?Asaph,</strong></span> <span class='ocrx_word' id='word_1_593' title='bbox 2725 3132 3029 3205; x_wconf 84' lang='lat' dir='ltr'><strong>intelligens</strong></span> <span class='ocrx_word' id='word_1_594' title='bbox 3050 3143 3103 3189; x_wconf 91' lang='lat' dir='ltr'><strong>et</strong></span> <span class='ocrx_word' id='word_1_595' title='bbox 3119 3134 3306 3190; x_wconf 86' lang='lat' dir='ltr'><strong>videns</strong></span> <span class='ocrx_word' id='word_1_596' title='bbox 3323 3135 3405 3191; x_wconf 92' lang='lat' dir='ltr'><strong>sic</strong></span> <span class='ocrx_word' id='word_1_597' title='bbox 3425 3132 3649 3205; x_wconf 88' lang='lat' dir='ltr'><strong>deprimi</strong></span> <span class='ocrx_word' id='word_1_598' title='bbox 3668 3129 3741 3186; x_wconf 86' lang='lat' dir='ltr'><strong>Ju-</strong></span> 
     </span>
    </p>
   </div>
   <div class='ocr_carea' id='block_1_77' title="bbox 2187 3225 3741 3300">
    <p class='ocr_par' dir='ltr' id='par_1_77' title="bbox 2187 3225 3741 3300">
     <span class='ocr_line' id='line_1_77' title="bbox 2187 3225 3741 3300; baseline -0.004 -14"><span class='ocrx_word' id='word_1_599' title='bbox 2187 3229 2331 3286; x_wconf 75' lang='lat' dir='ltr'><strong>dteos</strong></span> <span class='ocrx_word' id='word_1_600' title='bbox 2367 3244 2398 3283; x_wconf 91' lang='lat' dir='ltr'><strong>a</strong></span> <span class='ocrx_word' id='word_1_601' title='bbox 2437 3228 2772 3300; x_wconf 87' lang='lat' dir='ltr'><strong>principibus</strong></span> <span class='ocrx_word' id='word_1_602' title='bbox 2814 3226 3092 3294; x_wconf 81' lang='lat' dir='ltr'><strong>Romanis,</strong></span> <span class='ocrx_word' id='word_1_603' title='bbox 3115 3229 3270 3299; x_wconf 88' lang='lat' dir='ltr'><strong>quasi</strong></span> <span class='ocrx_word' id='word_1_604' title='bbox 3315 3230 3396 3284; x_wconf 92' lang='lat' dir='ltr'><strong>eis</strong></span> <span class='ocrx_word' id='word_1_605' title='bbox 3438 3225 3741 3285; x_wconf 85' lang='lat' dir='ltr'><strong>eondolendo</strong></span> 
     </span>
    </p>
   </div>
   <div class='ocr_carea' id='block_1_78' title="bbox 2185 3324 3738 3397">
    <p class='ocr_par' dir='ltr' id='par_1_78' title="bbox 2185 3324 3738 3397">
     <span class='ocr_line' id='line_1_78' title="bbox 2185 3324 3738 3397; baseline -0.003 -15"><span class='ocrx_word' id='word_1_606' title='bbox 2185 3324 2318 3382; x_wconf 87' lang='lat' dir='ltr'><strong>dicit</strong></span> <span class='ocrx_word' id='word_1_607' title='bbox 2345 3344 2357 3379; x_wconf 94' lang='lat'><strong>:</strong></span> <span class='ocrx_word' id='word_1_608' title='bbox 2382 3324 2522 3381; x_wconf 87' lang='lat' dir='ltr'><strong>Deus</strong></span> <span class='ocrx_word' id='word_1_609' title='bbox 2559 3325 2743 3392; x_wconf 90' lang='lat' dir='ltr'><strong>Pater,</strong></span> <span class='ocrx_word' id='word_1_610' title='bbox 2758 3325 3115 3397; x_wconf 83' lang='lat' dir='ltr'><strong>usquequo,id</strong></span> <span class='ocrx_word' id='word_1_611' title='bbox 3135 3326 3493 3396; x_wconf 90' lang='lat' dir='ltr'><strong>estquandiu,</strong></span> <span class='ocrx_word' id='word_1_612' title='bbox 3520 3327 3738 3394; x_wconf 78' lang='lat' dir='ltr'><strong>imprope-</strong></span> 
     </span>
    </p>
   </div>
   <div class='ocr_carea' id='block_1_79' title="bbox 2186 3412 3738 3488">
    <p class='ocr_par' dir='ltr' id='par_1_79' title="bbox 2186 3412 3738 3488">
     <span class='ocr_line' id='line_1_79' title="bbox 2186 3412 3738 3488; baseline -0.004 -18"><span class='ocrx_word' id='word_1_613' title='bbox 2186 3416 2321 3472; x_wconf 82' lang='lat' dir='ltr'><strong>rabit</strong></span> <span class='ocrx_word' id='word_1_614' title='bbox 2346 3416 2587 3471; x_wconf 85' lang='lat' dir='ltr'><strong>inimicus</strong></span> <span class='ocrx_word' id='word_1_615' title='bbox 2614 3415 2813 3487; x_wconf 83' lang='lat' dir='ltr'><strong>papula</strong></span> <span class='ocrx_word' id='word_1_616' title='bbox 2841 3414 2973 3471; x_wconf 79' lang='lat' dir='ltr'><strong>tuo?</strong></span> <span class='ocrx_word' id='word_1_617' title='bbox 3014 3423 3068 3471; x_wconf 91' lang='lat' dir='ltr'><strong>et</strong></span> <span class='ocrx_word' id='word_1_618' title='bbox 3103 3430 3383 3488; x_wconf 89' lang='lat' dir='ltr'><strong>usquequo</strong></span> <span class='ocrx_word' id='word_1_619' title='bbox 3414 3412 3738 3470; x_wconf 78' lang='lat' dir='ltr'><strong>irritabitad-</strong></span> 
     </span>
    </p>
   </div>
   <div class='ocr_carea' id='block_1_80' title="bbox 2185 3505 3734 3578">
    <p class='ocr_par' dir='ltr' id='par_1_80' title="bbox 2185 3505 3734 3578">
     <span class='ocr_line' id='line_1_80' title="bbox 2185 3505 3734 3578; baseline 0.001 -17"><span class='ocrx_word' id='word_1_620' title='bbox 2185 3507 2467 3572; x_wconf 76' lang='lat' dir='ltr'><strong>rersarius,</strong></span> <span class='ocrx_word' id='word_1_621' title='bbox 2498 3506 2549 3561; x_wconf 91' lang='lat' dir='ltr'><strong>id</strong></span> <span class='ocrx_word' id='word_1_622' title='bbox 2587 3515 2671 3561; x_wconf 87' lang='lat' dir='ltr'><strong>est</strong></span> <span class='ocrx_word' id='word_1_623' title='bbox 2698 3505 2914 3577; x_wconf 84' lang='lat' dir='ltr'><strong>gentilis</strong></span> <span class='ocrx_word' id='word_1_624' title='bbox 2941 3506 3193 3578; x_wconf 89' lang='lat' dir='ltr'><strong>populus,</strong></span> <span class='ocrx_word' id='word_1_625' title='bbox 3224 3522 3413 3561; x_wconf 89' lang='lat' dir='ltr'><strong>nomen</strong></span> <span class='ocrx_word' id='word_1_626' title='bbox 3459 3518 3608 3560; x_wconf 79' lang='lat' dir='ltr'><strong>tuum</strong></span> <span class='ocrx_word' id='word_1_627' title='bbox 3637 3505 3734 3564; x_wconf 67' lang='lat' dir='ltr'><strong>hoc,</strong></span> 
     </span>
    </p>
   </div>
   <div class='ocr_carea' id='block_1_81' title="bbox 2185 3596 3736 3672">
    <p class='ocr_par' dir='ltr' id='par_1_81' title="bbox 2185 3596 3736 3672">
     <span class='ocr_line' id='line_1_81' title="bbox 2185 3596 3736 3672; baseline -0.002 -19"><span class='ocrx_word' id='word_1_628' title='bbox 2185 3598 2325 3672; x_wconf 91' lang='lat' dir='ltr'><strong>quod</strong></span> <span class='ocrx_word' id='word_1_629' title='bbox 2348 3609 2433 3656; x_wconf 88' lang='lat' dir='ltr'><strong>est</strong></span> <span class='ocrx_word' id='word_1_630' title='bbox 2458 3600 2642 3656; x_wconf 85' lang='lat' dir='ltr'><strong>Deus?</strong></span> <span class='ocrx_word' id='word_1_631' title='bbox 2664 3599 2781 3655; x_wconf 87' lang='lat' dir='ltr'><strong>Erit</strong></span> <span class='ocrx_word' id='word_1_632' title='bbox 2804 3601 2907 3656; x_wconf 84' lang='lat' dir='ltr'><strong>hoc</strong></span> <span class='ocrx_word' id='word_1_633' title='bbox 2932 3601 2987 3654; x_wconf 86' lang='lat' dir='ltr'><strong>in</strong></span> <span class='ocrx_word' id='word_1_634' title='bbox 3004 3601 3162 3670; x_wconf 79' lang='lat' dir='ltr'><strong>ﬁnem</strong></span> <span class='ocrx_word' id='word_1_635' title='bbox 3206 3617 3224 3656; x_wconf 93' lang='lat'><strong>:</strong></span> <span class='ocrx_word' id='word_1_636' title='bbox 3263 3600 3333 3656; x_wconf 84' lang='lat' dir='ltr'><strong>Et</strong></span> <span class='ocrx_word' id='word_1_637' title='bbox 3362 3602 3551 3672; x_wconf 87' lang='lat' dir='ltr'><strong>utquid</strong></span> <span class='ocrx_word' id='word_1_638' title='bbox 3580 3596 3736 3653; x_wconf 66' lang='lat' dir='ltr'><strong>avertis</strong></span> 
     </span>
    </p>
   </div>
   <div class='ocr_carea' id='block_1_82' title="bbox 2185 3689 3733 3759">
    <p class='ocr_par' dir='ltr' id='par_1_82' title="bbox 2185 3689 3733 3759">
     <span class='ocr_line' id='line_1_82' title="bbox 2185 3689 3733 3759; baseline -0.002 -15"><span class='ocrx_word' id='word_1_639' title='bbox 2185 3707 2396 3745; x_wconf 89' lang='lat' dir='ltr'><strong>manum</strong></span> <span class='ocrx_word' id='word_1_640' title='bbox 2432 3699 2579 3753; x_wconf 85' lang='lat' dir='ltr'><strong>tuam</strong></span> <span class='ocrx_word' id='word_1_641' title='bbox 2619 3699 2667 3746; x_wconf 90' lang='lat' dir='ltr'><strong>et</strong></span> <span class='ocrx_word' id='word_1_642' title='bbox 2715 3691 2981 3746; x_wconf 76' lang='lat' dir='ltr'><strong>dexteram</strong></span> <span class='ocrx_word' id='word_1_643' title='bbox 3026 3704 3207 3759; x_wconf 87' lang='lat' dir='ltr'><strong>tuam,</strong></span> <span class='ocrx_word' id='word_1_644' title='bbox 3256 3692 3307 3747; x_wconf 91' lang='lat' dir='ltr'><strong>id</strong></span> <span class='ocrx_word' id='word_1_645' title='bbox 3356 3703 3442 3747; x_wconf 90' lang='lat' dir='ltr'><strong>est</strong></span> <span class='ocrx_word' id='word_1_646' title='bbox 3484 3689 3733 3747; x_wconf 67' lang='lat' dir='ltr'><strong>Iudaicum</strong></span> 
     </span>
    </p>
   </div>
   <div class='ocr_carea' id='block_1_83' title="bbox 2186 3781 3732 3855">
    <p class='ocr_par' dir='ltr' id='par_1_83' title="bbox 2186 3781 3732 3855">
     <span class='ocr_line' id='line_1_83' title="bbox 2186 3781 3732 3855; baseline -0.001 -19"><span class='ocrx_word' id='word_1_647' title='bbox 2186 3782 2461 3854; x_wconf 89' lang='lat' dir='ltr'><strong>populum,</strong></span> <span class='ocrx_word' id='word_1_648' title='bbox 2492 3782 2585 3854; x_wconf 89' lang='lat' dir='ltr'><strong>qui</strong></span> <span class='ocrx_word' id='word_1_649' title='bbox 2609 3781 2713 3839; x_wconf 82' lang='lat' dir='ltr'><strong>fuit</strong></span> <span class='ocrx_word' id='word_1_650' title='bbox 2739 3798 2934 3839; x_wconf 90' lang='lat' dir='ltr'><strong>manus</strong></span> <span class='ocrx_word' id='word_1_651' title='bbox 2955 3792 3084 3851; x_wconf 90' lang='lat' dir='ltr'><strong>tua;</strong></span> <span class='ocrx_word' id='word_1_652' title='bbox 3124 3793 3180 3841; x_wconf 92' lang='lat' dir='ltr'><strong>et</strong></span> <span class='ocrx_word' id='word_1_653' title='bbox 3215 3799 3321 3839; x_wconf 91' lang='lat' dir='ltr'><strong>non</strong></span> <span class='ocrx_word' id='word_1_654' title='bbox 3351 3783 3732 3855; x_wconf 86' lang='lat' dir='ltr'><strong>qualiscunque,</strong></span> 
     </span>
    </p>
   </div>
   <div class='ocr_carea' id='block_1_84' title="bbox 2186 3873 3733 3947">
    <p class='ocr_par' dir='ltr' id='par_1_84' title="bbox 2186 3873 3733 3947">
     <span class='ocr_line' id='line_1_84' title="bbox 2186 3873 3733 3947; baseline -0.003 -18"><span class='ocrx_word' id='word_1_655' title='bbox 2186 3873 2280 3930; x_wconf 88' lang='lat' dir='ltr'><strong>sed</strong></span> <span class='ocrx_word' id='word_1_656' title='bbox 2305 3873 2545 3941; x_wconf 82' lang='lat' dir='ltr'><strong>dextera,</strong></span> <span class='ocrx_word' id='word_1_657' title='bbox 2601 3874 2725 3946; x_wconf 89' lang='lat' dir='ltr'><strong>quia</strong></span> <span class='ocrx_word' id='word_1_658' title='bbox 2777 3889 2875 3947; x_wconf 87' lang='lat' dir='ltr'><strong>per</strong></span> <span class='ocrx_word' id='word_1_659' title='bbox 2933 3891 3056 3931; x_wconf 92' lang='lat' dir='ltr'><strong>eum</strong></span> <span class='ocrx_word' id='word_1_660' title='bbox 3112 3875 3165 3930; x_wconf 89' lang='lat' dir='ltr'><strong>in</strong></span> <span class='ocrx_word' id='word_1_661' title='bbox 3219 3873 3538 3931; x_wconf 77' lang='lat' dir='ltr'><strong>fortitudine</strong></span> <span class='ocrx_word' id='word_1_662' title='bbox 3574 3885 3733 3944; x_wconf 79' lang='lat' dir='ltr'><strong>magna</strong></span> 
     </span>
    </p>
   </div>
   <div class='ocr_carea' id='block_1_85' title="bbox 2185 3962 3743 4037">
    <p class='ocr_par' dir='ltr' id='par_1_85' title="bbox 2185 3962 3743 4037">
     <span class='ocr_line' id='line_1_85' title="bbox 2185 3962 3743 4037; baseline -0.004 -16"><span class='ocrx_word' id='word_1_663' title='bbox 2185 3965 2354 4021; x_wconf 89' lang='lat' dir='ltr'><strong>multa</strong></span> <span class='ocrx_word' id='word_1_664' title='bbox 2384 3973 2638 4036; x_wconf 89' lang='lat' dir='ltr'><strong>operatus</strong></span> <span class='ocrx_word' id='word_1_665' title='bbox 2676 3980 2737 4022; x_wconf 88' lang='lat' dir='ltr'><strong>es</strong></span> <span class='ocrx_word' id='word_1_666' title='bbox 2785 3966 2978 4037; x_wconf 87' lang='lat' dir='ltr'><strong>signa:</strong></span> <span class='ocrx_word' id='word_1_667' title='bbox 3011 3967 3249 4037; x_wconf 89' lang='lat' dir='ltr'><strong>quandiu</strong></span> <span class='ocrx_word' id='word_1_668' title='bbox 3294 3966 3500 4022; x_wconf 88' lang='lat' dir='ltr'><strong>avertis</strong></span> <span class='ocrx_word' id='word_1_669' title='bbox 3528 3980 3644 4022; x_wconf 89' lang='lat' dir='ltr'><strong>eum</strong></span> <span class='ocrx_word' id='word_1_670' title='bbox 3683 3962 3743 4015; x_wconf 71' lang='lat' dir='ltr'><strong>ds</strong></span> 
     </span>
    </p>
   </div>
   <div class='ocr_carea' id='block_1_86' title="bbox 2186 4054 3767 4123">
    <p class='ocr_par' dir='ltr' id='par_1_86' title="bbox 2186 4054 3767 4123">
     <span class='ocr_line' id='line_1_86' title="bbox 2186 4054 3767 4123; baseline -0.002 -13"><span class='ocrx_word' id='word_1_671' title='bbox 2186 4055 2355 4110; x_wconf 82' lang='lat' dir='ltr'><strong>medio</strong></span> <span class='ocrx_word' id='word_1_672' title='bbox 2392 4054 2514 4110; x_wconf 82' lang='lat' dir='ltr'><strong>sinu</strong></span> <span class='ocrx_word' id='word_1_673' title='bbox 2543 4064 2656 4123; x_wconf 88' lang='lat' dir='ltr'><strong>tuo,</strong></span> <span class='ocrx_word' id='word_1_674' title='bbox 2698 4055 2753 4111; x_wconf 89' lang='lat' dir='ltr'><strong>id</strong></span> <span class='ocrx_word' id='word_1_675' title='bbox 2794 4064 2876 4112; x_wconf 90' lang='lat' dir='ltr'><strong>est</strong></span> <span class='ocrx_word' id='word_1_676' title='bbox 2920 4056 2989 4113; x_wconf 93' lang='lat' dir='ltr'><strong>de</strong></span> <span class='ocrx_word' id='word_1_677' title='bbox 3036 4056 3499 4113; x_wconf 80' lang='lat' dir='ltr'><strong>tirmasocietate</strong></span> <span class='ocrx_word' id='word_1_678' title='bbox 3528 4063 3767 4114; x_wconf 49' lang='lat' dir='ltr'><strong>tuorum“</strong></span> 
     </span>
    </p>
   </div>
   <div class='ocr_carea' id='block_1_87' title="bbox 2185 4139 3729 4217">
    <p class='ocr_par' dir='ltr' id='par_1_87' title="bbox 2185 4139 3729 4217">
     <span class='ocr_line' id='line_1_87' title="bbox 2185 4139 3729 4217; baseline -0.006 -14"><span class='ocrx_word' id='word_1_679' title='bbox 2185 4146 2418 4203; x_wconf 85' lang='lat' dir='ltr'><strong>erit-hoc</strong></span> <span class='ocrx_word' id='word_1_680' title='bbox 2452 4148 2505 4201; x_wconf 88' lang='lat' dir='ltr'><strong>in</strong></span> <span class='ocrx_word' id='word_1_681' title='bbox 2529 4146 2711 4217; x_wconf 77' lang='lat' dir='ltr'><strong>ﬁnem,</strong></span> <span class='ocrx_word' id='word_1_682' title='bbox 2743 4148 2796 4201; x_wconf 89' lang='lat' dir='ltr'><strong>id</strong></span> <span class='ocrx_word' id='word_1_683' title='bbox 2827 4156 2928 4214; x_wconf 88' lang='lat' dir='ltr'><strong>est,</strong></span> <span class='ocrx_word' id='word_1_684' title='bbox 2972 4148 3284 4205; x_wconf 89' lang='lat' dir='ltr'><strong>omnimoda</strong></span> <span class='ocrx_word' id='word_1_685' title='bbox 3325 4139 3729 4203; x_wconf 63' lang='lat' dir='ltr'><strong>aversionehel</strong></span> 
     </span>
    </p>
   </div>
   <div class='ocr_carea' id='block_1_88' title="bbox 2185 4236 3729 4309">
    <p class='ocr_par' dir='ltr' id='par_1_88' title="bbox 2185 4236 3729 4309">
     <span class='ocr_line' id='line_1_88' title="bbox 2185 4236 3729 4309; baseline -0.002 -19"><span class='ocrx_word' id='word_1_686' title='bbox 2185 4236 2385 4292; x_wconf 88' lang='lat' dir='ltr'><strong>avertis</strong></span> <span class='ocrx_word' id='word_1_687' title='bbox 2417 4251 2530 4299; x_wconf 90' lang='lat' dir='ltr'><strong>eos.</strong></span> <span class='ocrx_word' id='word_1_688' title='bbox 2565 4236 2846 4309; x_wconf 89' lang='lat' dir='ltr'><strong>dirigeudo</strong></span> <span class='ocrx_word' id='word_1_689' title='bbox 2898 4239 2953 4293; x_wconf 90' lang='lat' dir='ltr'><strong>in</strong></span> <span class='ocrx_word' id='word_1_690' title='bbox 3000 4246 3053 4295; x_wconf 88' lang='lat' dir='ltr'><strong>te</strong></span> <span class='ocrx_word' id='word_1_691' title='bbox 3100 4239 3282 4294; x_wconf 86' lang='lat' dir='ltr'><strong>linem.</strong></span> <span class='ocrx_word' id='word_1_692' title='bbox 3315 4237 3452 4293; x_wconf 82' lang='lat' dir='ltr'><strong>Nota</strong></span> <span class='ocrx_word' id='word_1_693' title='bbox 3483 4239 3569 4294; x_wconf 87' lang='lat' dir='ltr'><strong>hic</strong></span> <span class='ocrx_word' id='word_1_694' title='bbox 3594 4236 3729 4293; x_wconf 84' lang='lat' dir='ltr'><strong>histo-</strong></span> 
     </span>
    </p>
   </div>
   <div class='ocr_carea' id='block_1_89' title="bbox 2186 4325 3728 4403">
    <p class='ocr_par' dir='ltr' id='par_1_89' title="bbox 2186 4325 3728 4403">
     <span class='ocr_line' id='line_1_89' title="bbox 2186 4325 3728 4403; baseline -0.003 -21"><span class='ocrx_word' id='word_1_695' title='bbox 2186 4327 2320 4383; x_wconf 89' lang='lat' dir='ltr'><strong>riam</strong></span> <span class='ocrx_word' id='word_1_696' title='bbox 2347 4328 2414 4383; x_wconf 91' lang='lat' dir='ltr'><strong>de</strong></span> <span class='ocrx_word' id='word_1_697' title='bbox 2437 4327 2618 4402; x_wconf 84' lang='lat' dir='ltr'><strong>Moyse</strong></span> <span class='ocrx_word' id='word_1_698' title='bbox 2642 4328 2661 4400; x_wconf 96' lang='lat'><strong>(</strong></span> <span class='ocrx_word' id='word_1_699' title='bbox 2684 4326 2856 4384; x_wconf 75' lang='lat' dir='ltr'><strong>Exod.</strong></span> <span class='ocrx_word' id='word_1_700' title='bbox 2884 4345 2957 4385; x_wconf 81' lang='lat' dir='ltr'><strong>rv.</strong></span> <span class='ocrx_word' id='word_1_701' title='bbox 2983 4331 3027 4401; x_wconf 93' lang='lat'><strong>),</strong></span> <span class='ocrx_word' id='word_1_702' title='bbox 3054 4332 3269 4401; x_wconf 82' lang='lat' dir='ltr'><strong>quando</strong></span> <span class='ocrx_word' id='word_1_703' title='bbox 3286 4346 3517 4403; x_wconf 87' lang='lat' dir='ltr'><strong>manum</strong></span> <span class='ocrx_word' id='word_1_704' title='bbox 3541 4325 3728 4385; x_wconf 74' lang='lat' dir='ltr'><strong>retraxit</strong></span> 
     </span>
    </p>
   </div>
   <div class='ocr_carea' id='block_1_90' title="bbox 2185 4415 3724 4492">
    <p class='ocr_par' dir='ltr' id='par_1_90' title="bbox 2185 4415 3724 4492">
     <span class='ocr_line' id='line_1_90' title="bbox 2185 4415 3724 4492; baseline 0.001 -21"><span class='ocrx_word' id='word_1_705' title='bbox 2185 4416 2253 4472; x_wconf 90' lang='lat' dir='ltr'><strong>de</strong></span> <span class='ocrx_word' id='word_1_706' title='bbox 2289 4416 2437 4482; x_wconf 91' lang='lat' dir='ltr'><strong>sinu,</strong></span> <span class='ocrx_word' id='word_1_707' title='bbox 2482 4426 2537 4473; x_wconf 91' lang='lat' dir='ltr'><strong>et</strong></span> <span class='ocrx_word' id='word_1_708' title='bbox 2575 4415 2718 4473; x_wconf 82' lang='lat' dir='ltr'><strong>facta</strong></span> <span class='ocrx_word' id='word_1_709' title='bbox 2760 4426 2844 4474; x_wconf 88' lang='lat' dir='ltr'><strong>est</strong></span> <span class='ocrx_word' id='word_1_710' title='bbox 2896 4419 3042 4491; x_wconf 89' lang='lat' dir='ltr'><strong>lepra</strong></span> <span class='ocrx_word' id='word_1_711' title='bbox 3094 4421 3295 4491; x_wconf 88' lang='lat' dir='ltr'><strong>plena;</strong></span> <span class='ocrx_word' id='word_1_712' title='bbox 3348 4420 3587 4492; x_wconf 85' lang='lat' dir='ltr'><strong>reposuit</strong></span> <span class='ocrx_word' id='word_1_713' title='bbox 3629 4430 3724 4473; x_wconf 76' lang='lat' dir='ltr'><strong>eam</strong></span> 
     </span>
    </p>
   </div>
   <div class='ocr_carea' id='block_1_91' title="bbox 500 4489 3725 4586">
    <p class='ocr_par' dir='ltr' id='par_1_91' title="bbox 500 4489 3725 4586">
     <span class='ocr_line' id='line_1_91' title="bbox 500 4489 3725 4586; baseline 0.001 -26"><span class='ocrx_word' id='word_1_714' title='bbox 500 4489 556 4586; x_wconf 64' lang='grc' dir='ltr'><strong>ίξι</strong></span> <span class='ocrx_word' id='word_1_715' title='bbox 593 4499 707 4557; x_wconf 58' lang='grc' dir='ltr'>εει,</span> <span class='ocrx_word' id='word_1_716' title='bbox 752 4506 861 4548; x_wconf 75' lang='lat' dir='ltr'><strong>non</strong></span> <span class='ocrx_word' id='word_1_717' title='bbox 898 4490 1279 4586; x_wconf 54' lang='lat' dir='ltr'><strong>ifilelle§§mm</strong></span> <span class='ocrx_word' id='word_1_718' title='bbox 1322 4492 1425 4586; x_wconf 35' lang='lat' dir='ltr'><strong>huc</strong></span> <span class='ocrx_word' id='word_1_719' title='bbox 1462 4492 1530 4548; x_wconf 72' lang='lat' dir='ltr'><strong>de</strong></span> <span class='ocrx_word' id='word_1_720' title='bbox 1585 4507 1830 4558; x_wconf 70' lang='grc' dir='ltr'>ευιηιιιο,</span> <span class='ocrx_word' id='word_1_721' title='bbox 1869 4490 1922 4548; x_wconf 72' lang='lat' dir='ltr'><strong>id</strong></span> <span class='ocrx_word' id='word_1_722' title='bbox 1951 4500 2076 4586; x_wconf 52' lang='grc' dir='ltr'><strong>ρει,</strong></span> <span class='ocrx_word' id='word_1_723' title='bbox 2108 4524 2160 4586; x_wconf 77' lang='lat' dir='ltr'><strong>D</strong></span> <span class='ocrx_word' id='word_1_724' title='bbox 2187 4506 2380 4563; x_wconf 89' lang='lat' dir='ltr'><strong>iterum</strong></span> <span class='ocrx_word' id='word_1_725' title='bbox 2423 4505 2645 4577; x_wconf 78' lang='lat' dir='ltr'><strong>iubente</strong></span> <span class='ocrx_word' id='word_1_726' title='bbox 2675 4509 2921 4576; x_wconf 88' lang='lat' dir='ltr'><strong>Domino,</strong></span> <span class='ocrx_word' id='word_1_727' title='bbox 2948 4489 3005 4566; x_wconf 81' lang='lat' dir='ltr'><strong>et</strong></span> <span class='ocrx_word' id='word_1_728' title='bbox 3051 4489 3254 4582; x_wconf 83' lang='lat' dir='ltr'><strong>recepit</strong></span> <span class='ocrx_word' id='word_1_729' title='bbox 3295 4489 3529 4567; x_wconf 78' lang='lat' dir='ltr'><strong>colorem</strong></span> <span class='ocrx_word' id='word_1_730' title='bbox 3553 4517 3725 4565; x_wconf 63' lang='lat' dir='ltr'><strong>cetera</strong></span> 
     </span>
    </p>
   </div>
   <div class='ocr_carea' id='block_1_92' title="bbox 501 4579 2083 4653">
    <p class='ocr_par' dir='ltr' id='par_1_92' title="bbox 501 4579 2083 4653">
     <span class='ocr_line' id='line_1_92' title="bbox 501 4579 2083 4653; baseline 0.003 -19"><span class='ocrx_word' id='word_1_731' title='bbox 501 4579 571 4635; x_wconf 91' lang='lat' dir='ltr'><strong>de</strong></span> <span class='ocrx_word' id='word_1_732' title='bbox 627 4590 855 4650; x_wconf 86' lang='lat' dir='ltr'><strong>paterna</strong></span> <span class='ocrx_word' id='word_1_733' title='bbox 905 4581 1254 4653; x_wconf 90' lang='lat' dir='ltr'><strong>dispositione</strong></span> <span class='ocrx_word' id='word_1_734' title='bbox 1316 4582 1514 4649; x_wconf 80' lang='lat' dir='ltr'><strong>exisse,</strong></span> <span class='ocrx_word' id='word_1_735' title='bbox 1569 4592 1624 4638; x_wconf 92' lang='lat' dir='ltr'><strong>et</strong></span> <span class='ocrx_word' id='word_1_736' title='bbox 1676 4598 1784 4640; x_wconf 90' lang='lat' dir='ltr'><strong>non</strong></span> <span class='ocrx_word' id='word_1_737' title='bbox 1830 4599 1896 4639; x_wconf 84' lang='lat' dir='ltr'><strong>ex</strong></span> <span class='ocrx_word' id='word_1_738' title='bbox 1948 4584 2083 4641; x_wconf 60' lang='lat' dir='ltr'><strong>Deo.</strong></span> 
     </span>
    </p>
   </div>
   <div class='ocr_carea' id='block_1_93' title="bbox 501 4666 2082 4748">
    <p class='ocr_par' dir='ltr' id='par_1_93' title="bbox 501 4666 2082 4748">
     <span class='ocr_line' id='line_1_93' title="bbox 501 4666 2082 4748; baseline 0.003 -22"><span class='ocrx_word' id='word_1_739' title='bbox 501 4685 623 4726; x_wconf 80' lang='lat' dir='ltr'><strong>rum</strong></span> <span class='ocrx_word' id='word_1_740' title='bbox 670 4686 889 4727; x_wconf 89' lang='lat' dir='ltr'><strong>suorum</strong></span> <span class='ocrx_word' id='word_1_741' title='bbox 928 4666 1298 4745; x_wconf 82' lang='lat' dir='ltr'><strong>responsione.</strong></span> <span class='ocrx_word' id='word_1_742' title='bbox 1343 4673 1529 4730; x_wconf 90' lang='lat' dir='ltr'><strong>Potest</strong></span> <span class='ocrx_word' id='word_1_743' title='bbox 1573 4674 1732 4731; x_wconf 87' lang='lat' dir='ltr'><strong>aliter</strong></span> <span class='ocrx_word' id='word_1_744' title='bbox 1780 4675 1882 4747; x_wconf 83' lang='lat' dir='ltr'><strong>legi</strong></span> <span class='ocrx_word' id='word_1_745' title='bbox 1924 4691 2082 4748; x_wconf 90' lang='lat' dir='ltr'><strong>supe-</strong></span> 
     </span>
    </p>
   </div>
   <div class='ocr_carea' id='block_1_94' title="bbox 495 4761 2083 4838">
    <p class='ocr_par' dir='ltr' id='par_1_94' title="bbox 495 4761 2083 4838">
     <span class='ocr_line' id='line_1_94' title="bbox 495 4761 2083 4838; baseline 0.006 -22"><span class='ocrx_word' id='word_1_746' title='bbox 495 4761 618 4817; x_wconf 59' lang='lat' dir='ltr'><strong>rius</strong></span> <span class='ocrx_word' id='word_1_747' title='bbox 645 4779 658 4816; x_wconf 90' lang='lat'><strong>:</strong></span> <span class='ocrx_word' id='word_1_748' title='bbox 692 4761 905 4830; x_wconf 81' lang='lat' dir='ltr'><strong>Quanta</strong></span> <span class='ocrx_word' id='word_1_749' title='bbox 952 4764 1271 4838; x_wconf 87' lang='lat' dir='ltr'><strong>malignatus</strong></span> <span class='ocrx_word' id='word_1_750' title='bbox 1299 4777 1374 4822; x_wconf 87' lang='lat' dir='ltr'><strong>est</strong></span> <span class='ocrx_word' id='word_1_751' title='bbox 1399 4767 1640 4823; x_wconf 83' lang='lat' dir='ltr'><strong>inimicus</strong></span> <span class='ocrx_word' id='word_1_752' title='bbox 1677 4770 1731 4823; x_wconf 85' lang='lat' dir='ltr'><strong>in</strong></span> <span class='ocrx_word' id='word_1_753' title='bbox 1764 4780 1947 4825; x_wconf 87' lang='lat' dir='ltr'><strong>sancto</strong></span> <span class='ocrx_word' id='word_1_754' title='bbox 1969 4770 1991 4824; x_wconf 88' lang='lat'><strong>.&#39;</strong></span> <span class='ocrx_word' id='word_1_755' title='bbox 2028 4779 2083 4827; x_wconf 88' lang='lat' dir='ltr'><strong>et</strong></span> 
     </span>
    </p>
   </div>
   <div class='ocr_carea' id='block_1_95' title="bbox 492 4853 2077 4931">
    <p class='ocr_par' dir='ltr' id='par_1_95' title="bbox 492 4853 2077 4931">
     <span class='ocr_line' id='line_1_95' title="bbox 492 4853 2077 4931; baseline 0.008 -23"><span class='ocrx_word' id='word_1_756' title='bbox 492 4853 609 4909; x_wconf 70' lang='lat' dir='ltr'><strong>hoc</strong></span> <span class='ocrx_word' id='word_1_757' title='bbox 635 4854 847 4921; x_wconf 87' lang='lat' dir='ltr'><strong>merito,</strong></span> <span class='ocrx_word' id='word_1_758' title='bbox 874 4856 1004 4929; x_wconf 76' lang='lat' dir='ltr'><strong>quia</strong></span> <span class='ocrx_word' id='word_1_759' title='bbox 1040 4855 1251 4929; x_wconf 85' lang='lat' dir='ltr'><strong>gloriati</strong></span> <span class='ocrx_word' id='word_1_760' title='bbox 1287 4869 1411 4914; x_wconf 90' lang='lat' dir='ltr'><strong>sunt</strong></span> <span class='ocrx_word' id='word_1_761' title='bbox 1446 4861 1537 4931; x_wconf 88' lang='lat' dir='ltr'><strong>qui</strong></span> <span class='ocrx_word' id='word_1_762' title='bbox 1568 4860 1786 4917; x_wconf 83' lang='lat' dir='ltr'><strong>oderunt</strong></span> <span class='ocrx_word' id='word_1_763' title='bbox 1815 4873 1882 4930; x_wconf 91' lang='lat' dir='ltr'><strong>te,</strong></span> <span class='ocrx_word' id='word_1_764' title='bbox 1907 4861 2077 4921; x_wconf 78' lang='lat' dir='ltr'><strong>Judtci</strong></span> 
     </span>
    </p>
   </div>
   <div class='ocr_carea' id='block_1_96' title="bbox 492 4943 2078 5025">
    <p class='ocr_par' dir='ltr' id='par_1_96' title="bbox 492 4943 2078 5025">
     <span class='ocr_line' id='line_1_96' title="bbox 492 4943 2078 5025; baseline 0.007 -27"><span class='ocrx_word' id='word_1_765' title='bbox 492 4943 773 5013; x_wconf 54' lang='lat' dir='ltr'><strong>uidelicet,</strong></span> <span class='ocrx_word' id='word_1_766' title='bbox 818 4946 875 5002; x_wconf 88' lang='lat' dir='ltr'><strong>in</strong></span> <span class='ocrx_word' id='word_1_767' title='bbox 916 4948 1086 5003; x_wconf 85' lang='lat' dir='ltr'><strong>medio</strong></span> <span class='ocrx_word' id='word_1_768' title='bbox 1121 4948 1475 5006; x_wconf 85' lang='lat' dir='ltr'><strong>.solemnitatis</strong></span> <span class='ocrx_word' id='word_1_769' title='bbox 1516 4962 1661 5019; x_wconf 77' lang='lat' dir='ltr'><strong>tute;</strong></span> <span class='ocrx_word' id='word_1_770' title='bbox 1691 4954 1814 5025; x_wconf 88' lang='lat' dir='ltr'><strong>quia</strong></span> <span class='ocrx_word' id='word_1_771' title='bbox 1863 4954 2078 5024; x_wconf 89' lang='lat' dir='ltr'><strong>quando</strong></span> 
     </span>
    </p>
   </div>
   <div class='ocr_carea' id='block_1_97' title="bbox 505 5038 2080 5110">
    <p class='ocr_par' dir='ltr' id='par_1_97' title="bbox 505 5038 2080 5110">
     <span class='ocr_line' id='line_1_97' title="bbox 505 5038 2080 5110; baseline 0.006 -19"><span class='ocrx_word' id='word_1_772' title='bbox 505 5045 653 5092; x_wconf 88' lang='lat' dir='ltr'><strong>tuam</strong></span> <span class='ocrx_word' id='word_1_773' title='bbox 674 5038 1070 5095; x_wconf 88' lang='lat' dir='ltr'><strong>solemnitatem</strong></span> <span class='ocrx_word' id='word_1_774' title='bbox 1097 5039 1398 5097; x_wconf 89' lang='lat' dir='ltr'><strong>debuerunt</strong></span> <span class='ocrx_word' id='word_1_775' title='bbox 1426 5042 1726 5110; x_wconf 87' lang='lat' dir='ltr'><strong>celebrare,</strong></span> <span class='ocrx_word' id='word_1_776' title='bbox 1755 5060 1861 5099; x_wconf 91' lang='lat' dir='ltr'><strong>non</strong></span> <span class='ocrx_word' id='word_1_777' title='bbox 1887 5044 2080 5101; x_wconf 85' lang='lat' dir='ltr'><strong>timue-</strong></span> 
     </span>
    </p>
   </div>
   <div class='ocr_carea' id='block_1_98' title="bbox 496 5127 2078 5202">
    <p class='ocr_par' dir='ltr' id='par_1_98' title="bbox 496 5127 2078 5202">
     <span class='ocr_line' id='line_1_98' title="bbox 496 5127 2078 5202; baseline 0.007 -23"><span class='ocrx_word' id='word_1_778' title='bbox 496 5134 634 5182; x_wconf 66' lang='lat' dir='ltr'><strong>runt</strong></span> <span class='ocrx_word' id='word_1_779' title='bbox 660 5136 711 5183; x_wconf 89' lang='lat' dir='ltr'><strong>te</strong></span> <span class='ocrx_word' id='word_1_780' title='bbox 738 5127 1002 5185; x_wconf 89' lang='lat' dir='ltr'><strong>occidere.</strong></span> <span class='ocrx_word' id='word_1_781' title='bbox 1033 5128 1245 5196; x_wconf 88' lang='lat' dir='ltr'><strong>Quanta</strong></span> <span class='ocrx_word' id='word_1_782' title='bbox 1280 5131 1600 5202; x_wconf 77' lang='lat' dir='ltr'><strong>malignatus</strong></span> <span class='ocrx_word' id='word_1_783' title='bbox 1632 5141 1718 5186; x_wconf 79' lang='lat' dir='ltr'><strong>est</strong></span> <span class='ocrx_word' id='word_1_784' title='bbox 1752 5133 1997 5187; x_wconf 87' lang='lat' dir='ltr'><strong>inimicus</strong></span> <span class='ocrx_word' id='word_1_785' title='bbox 2023 5135 2078 5189; x_wconf 89' lang='lat' dir='ltr'><strong>in</strong></span> 
     </span>
    </p>
   </div>
   <div class='ocr_carea' id='block_1_99' title="bbox 430 5218 2075 5294">
    <p class='ocr_par' dir='ltr' id='par_1_99' title="bbox 430 5218 2075 5294">
     <span class='ocr_line' id='line_1_99' title="bbox 430 5218 2075 5294; baseline 0.007 -26"><span class='ocrx_word' id='word_1_786' title='bbox 430 5230 435 5235; x_wconf 68' lang='lat'><strong>‘</strong></span> <span class='ocrx_word' id='word_1_787' title='bbox 484 5225 685 5272; x_wconf 64' lang='lat' dir='ltr'><strong>Jancto</strong></span> <span class='ocrx_word' id='word_1_788' title='bbox 710 5218 836 5288; x_wconf 84' lang='lat' dir='ltr'><strong>quia</strong></span> <span class='ocrx_word' id='word_1_789' title='bbox 860 5229 1144 5290; x_wconf 84' lang='lat' dir='ltr'><strong>posuerunt</strong></span> <span class='ocrx_word' id='word_1_790' title='bbox 1173 5220 1323 5291; x_wconf 88' lang='lat' dir='ltr'><strong>signa</strong></span> <span class='ocrx_word' id='word_1_791' title='bbox 1351 5237 1470 5287; x_wconf 91' lang='lat' dir='ltr'><strong>sua,</strong></span> <span class='ocrx_word' id='word_1_792' title='bbox 1492 5222 1666 5291; x_wconf 82' lang='lat' dir='ltr'><strong>signa,</strong></span> <span class='ocrx_word' id='word_1_793' title='bbox 1690 5232 1737 5277; x_wconf 89' lang='lat' dir='ltr'><strong>et</strong></span> <span class='ocrx_word' id='word_1_794' title='bbox 1760 5238 1862 5276; x_wconf 88' lang='lat' dir='ltr'><strong>non</strong></span> <span class='ocrx_word' id='word_1_795' title='bbox 1884 5239 2075 5294; x_wconf 73' lang='lat' dir='ltr'><strong>cogna-</strong></span> 
     </span>
    </p>
   </div>
   <div class='ocr_carea' id='block_1_100' title="bbox 501 5308 2078 5379">
    <p class='ocr_par' dir='ltr' id='par_1_100' title="bbox 501 5308 2078 5379">
     <span class='ocr_line' id='line_1_100' title="bbox 501 5308 2078 5379; baseline 0.008 -22"><span class='ocrx_word' id='word_1_796' title='bbox 501 5314 683 5360; x_wconf 79' lang='lat' dir='ltr'><strong>rerunt</strong></span> <span class='ocrx_word' id='word_1_797' title='bbox 726 5308 860 5362; x_wconf 87' lang='lat' dir='ltr'><strong>sicut</strong></span> <span class='ocrx_word' id='word_1_798' title='bbox 889 5308 944 5379; x_wconf 83' lang='lat' dir='ltr'><strong>in</strong></span> <span class='ocrx_word' id='word_1_799' title='bbox 968 5308 1111 5363; x_wconf 71' lang='lat' dir='ltr'><strong>exitu</strong></span> <span class='ocrx_word' id='word_1_800' title='bbox 1132 5325 1289 5377; x_wconf 89' lang='lat' dir='ltr'><strong>super</strong></span> <span class='ocrx_word' id='word_1_801' title='bbox 1314 5325 1610 5377; x_wconf 86' lang='lat' dir='ltr'><strong>summum;</strong></span> <span class='ocrx_word' id='word_1_802' title='bbox 1641 5320 1696 5366; x_wconf 89' lang='lat' dir='ltr'><strong>et</strong></span> <span class='ocrx_word' id='word_1_803' title='bbox 1725 5327 1831 5369; x_wconf 91' lang='lat' dir='ltr'><strong>non</strong></span> <span class='ocrx_word' id='word_1_804' title='bbox 1871 5322 2078 5371; x_wconf 88' lang='lat' dir='ltr'><strong>tantum</strong></span> 
     </span>
    </p>
   </div>
   <div class='ocr_carea' id='block_1_101' title="bbox 495 5393 2077 5477">
    <p class='ocr_par' dir='ltr' id='par_1_101' title="bbox 495 5393 2077 5477">
     <span class='ocr_line' id='line_1_101' title="bbox 495 5393 2077 5477; baseline 0.009 -29"><span class='ocrx_word' id='word_1_805' title='bbox 495 5393 608 5450; x_wconf 78' lang='lat' dir='ltr'><strong>hoc</strong></span> <span class='ocrx_word' id='word_1_806' title='bbox 629 5394 894 5464; x_wconf 81' lang='lat' dir='ltr'><strong>fecerunt,</strong></span> <span class='ocrx_word' id='word_1_807' title='bbox 907 5400 1003 5455; x_wconf 87' lang='lat' dir='ltr'><strong>sed</strong></span> <span class='ocrx_word' id='word_1_808' title='bbox 1022 5402 1186 5456; x_wconf 88' lang='lat' dir='ltr'><strong>etiam</strong></span> <span class='ocrx_word' id='word_1_809' title='bbox 1202 5400 1402 5470; x_wconf 88' lang='lat' dir='ltr'><strong>januas</strong></span> <span class='ocrx_word' id='word_1_810' title='bbox 1427 5403 1563 5473; x_wconf 87' lang='lat' dir='ltr'><strong>ejus,</strong></span> <span class='ocrx_word' id='word_1_811' title='bbox 1589 5404 1847 5462; x_wconf 89' lang='lat' dir='ltr'><strong>subaudis</strong></span> <span class='ocrx_word' id='word_1_812' title='bbox 1874 5408 2077 5477; x_wconf 90' lang='lat' dir='ltr'><strong>templi,</strong></span> 
     </span>
    </p>
   </div>
   <div class='ocr_carea' id='block_1_102' title="bbox 498 5485 2079 5567">
    <p class='ocr_par' dir='ltr' id='par_1_102' title="bbox 498 5485 2079 5567">
     <span class='ocr_line' id='line_1_102' title="bbox 498 5485 2079 5567; baseline 0.008 -27"><span class='ocrx_word' id='word_1_813' title='bbox 498 5485 807 5539; x_wconf 75' lang='lat' dir='ltr'><strong>exciderunt</strong></span> <span class='ocrx_word' id='word_1_814' title='bbox 831 5489 1120 5539; x_wconf 55' lang='grc' dir='ltr'><strong>νεηνίης-</strong></span> <span class='ocrx_word' id='word_1_815' title='bbox 1152 5491 1304 5546; x_wconf 73' lang='grc' dir='ltr'><strong>(ιυδεί</strong></span> <span class='ocrx_word' id='word_1_816' title='bbox 1337 5493 1489 5549; x_wconf 85' lang='lat' dir='ltr'><strong>lierct</strong></span> <span class='ocrx_word' id='word_1_817' title='bbox 1514 5495 1570 5548; x_wconf 83' lang='lat' dir='ltr'><strong>in</strong></span> <span class='ocrx_word' id='word_1_818' title='bbox 1614 5494 1747 5551; x_wconf 82' lang='lat' dir='ltr'><strong>silva</strong></span> <span class='ocrx_word' id='word_1_819' title='bbox 1793 5496 2079 5567; x_wconf 86' lang='lat' dir='ltr'><strong>lignorum,</strong></span> 
     </span>
    </p>
   </div>
   <div class='ocr_carea' id='block_1_103' title="bbox 1554 5587 2075 5640">
    <p class='ocr_par' dir='ltr' id='par_1_103' title="bbox 1554 5587 2075 5640">
     <span class='ocr_line' id='line_1_103' title="bbox 1554 5587 2075 5640; baseline -0.008 -1"><span class='ocrx_word' id='word_1_820' title='bbox 1554 5587 1588 5598; x_wconf 74' lang='grc'>”</span> <span class='ocrx_word' id='word_1_821' title='bbox 1619 5587 1631 5605; x_wconf 80' lang='grc'><strong><em>’</em></strong></span> <span class='ocrx_word' id='word_1_822' title='bbox 1700 5590 1922 5640; x_wconf 52' lang='grc' dir='ltr'><strong>ηττιηηιηι</strong></span> <span class='ocrx_word' id='word_1_823' title='bbox 1942 5591 2075 5636; x_wconf 66' lang='lat' dir='ltr'><strong>siam</strong></span> 
     </span>
    </p>
   </div>
   <div class='ocr_carea' id='block_1_104' title="bbox 2184 4595 3721 4668">
    <p class='ocr_par' dir='ltr' id='par_1_104' title="bbox 2184 4595 3721 4668">
     <span class='ocr_line' id='line_1_104' title="bbox 2184 4595 3721 4668; baseline -0.004 -14"><span class='ocrx_word' id='word_1_824' title='bbox 2184 4597 2335 4654; x_wconf 90' lang='lat' dir='ltr'><strong>carni</strong></span> <span class='ocrx_word' id='word_1_825' title='bbox 2377 4596 2628 4655; x_wconf 89' lang='lat' dir='ltr'><strong>similem.</strong></span> <span class='ocrx_word' id='word_1_826' title='bbox 2677 4597 2866 4654; x_wconf 83' lang='lat' dir='ltr'><strong>Manus</strong></span> <span class='ocrx_word' id='word_1_827' title='bbox 2915 4601 3193 4656; x_wconf 87' lang='lat' dir='ltr'><strong>subtracta</strong></span> <span class='ocrx_word' id='word_1_828' title='bbox 3238 4599 3307 4657; x_wconf 91' lang='lat' dir='ltr'><strong>de</strong></span> <span class='ocrx_word' id='word_1_829' title='bbox 3333 4600 3458 4656; x_wconf 82' lang='lat' dir='ltr'><strong>sinu</strong></span> <span class='ocrx_word' id='word_1_830' title='bbox 3497 4595 3721 4668; x_wconf 80' lang='lat' dir='ltr'><strong>signiﬁcat</strong></span> 
     </span>
    </p>
   </div>
   <div class='ocr_carea' id='block_1_105' title="bbox 2184 4681 3719 4761">
    <p class='ocr_par' dir='ltr' id='par_1_105' title="bbox 2184 4681 3719 4761">
     <span class='ocr_line' id='line_1_105' title="bbox 2184 4681 3719 4761; baseline -0.001 -18"><span class='ocrx_word' id='word_1_831' title='bbox 2184 4687 2305 4744; x_wconf 87' lang='lat' dir='ltr'><strong>illus</strong></span> <span class='ocrx_word' id='word_1_832' title='bbox 2328 4689 2419 4759; x_wconf 90' lang='lat' dir='ltr'><strong>qui</strong></span> <span class='ocrx_word' id='word_1_833' title='bbox 2471 4703 2504 4743; x_wconf 92' lang='lat' dir='ltr'><strong>a</strong></span> <span class='ocrx_word' id='word_1_834' title='bbox 2546 4688 2805 4744; x_wconf 89' lang='lat' dir='ltr'><strong>societate</strong></span> <span class='ocrx_word' id='word_1_835' title='bbox 2864 4688 3100 4745; x_wconf 86' lang='lat' dir='ltr'><strong>ﬁdelium</strong></span> <span class='ocrx_word' id='word_1_836' title='bbox 3138 4690 3376 4761; x_wconf 80' lang='lat' dir='ltr'><strong>separati</strong></span> <span class='ocrx_word' id='word_1_837' title='bbox 3430 4697 3557 4746; x_wconf 85' lang='lat' dir='ltr'><strong>sunt</strong></span> <span class='ocrx_word' id='word_1_838' title='bbox 3600 4681 3719 4755; x_wconf 73' lang='lat' dir='ltr'><strong>quasi</strong></span> 
     </span>
    </p>
   </div>
   <div class='ocr_carea' id='block_1_106' title="bbox 2182 4770 3717 4850">
    <p class='ocr_par' dir='ltr' id='par_1_106' title="bbox 2182 4770 3717 4850">
     <span class='ocr_line' id='line_1_106' title="bbox 2182 4770 3717 4850; baseline -0.001 -17"><span class='ocrx_word' id='word_1_839' title='bbox 2182 4778 2400 4850; x_wconf 89' lang='lat' dir='ltr'><strong>leprosi,</strong></span> <span class='ocrx_word' id='word_1_840' title='bbox 2427 4777 2481 4833; x_wconf 89' lang='lat' dir='ltr'><strong>id</strong></span> <span class='ocrx_word' id='word_1_841' title='bbox 2506 4784 2590 4834; x_wconf 88' lang='lat' dir='ltr'><strong>est</strong></span> <span class='ocrx_word' id='word_1_842' title='bbox 2617 4787 2959 4849; x_wconf 88' lang='lat' dir='ltr'><strong>peccatorum</strong></span> <span class='ocrx_word' id='word_1_843' title='bbox 2994 4779 3220 4836; x_wconf 90' lang='lat' dir='ltr'><strong>maculis</strong></span> <span class='ocrx_word' id='word_1_844' title='bbox 3247 4777 3591 4837; x_wconf 80' lang='lat' dir='ltr'><strong>contaminati</strong></span> <span class='ocrx_word' id='word_1_845' title='bbox 3613 4790 3627 4841; x_wconf 89' lang='lat'><strong>;</strong></span> <span class='ocrx_word' id='word_1_846' title='bbox 3649 4770 3717 4828; x_wconf 77' lang='lat' dir='ltr'><strong>sed</strong></span> 
     </span>
    </p>
   </div>
   <div class='ocr_carea' id='block_1_107' title="bbox 2180 4869 3717 4943">
    <p class='ocr_par' dir='ltr' id='par_1_107' title="bbox 2180 4869 3717 4943">
     <span class='ocr_line' id='line_1_107' title="bbox 2180 4869 3717 4943; baseline -0.005 -17"><span class='ocrx_word' id='word_1_847' title='bbox 2180 4884 2305 4926; x_wconf 92' lang='lat' dir='ltr'><strong>cum</strong></span> <span class='ocrx_word' id='word_1_848' title='bbox 2328 4869 2444 4941; x_wconf 87' lang='lat' dir='ltr'><strong>jam</strong></span> <span class='ocrx_word' id='word_1_849' title='bbox 2470 4878 2815 4926; x_wconf 85' lang='lat' dir='ltr'><strong>revertuntur</strong></span> <span class='ocrx_word' id='word_1_850' title='bbox 2838 4871 2906 4925; x_wconf 89' lang='lat' dir='ltr'><strong>ad</strong></span> <span class='ocrx_word' id='word_1_851' title='bbox 2955 4870 3271 4943; x_wconf 86' lang='lat' dir='ltr'><strong>societatem</strong></span> <span class='ocrx_word' id='word_1_852' title='bbox 3309 4869 3567 4943; x_wconf 79' lang='lat' dir='ltr'><strong>ﬁdelium,</strong></span> <span class='ocrx_word' id='word_1_853' title='bbox 3595 4878 3717 4920; x_wconf 85' lang='lat' dir='ltr'><strong>mun-</strong></span> 
     </span>
    </p>
   </div>
   <div class='ocr_carea' id='block_1_108' title="bbox 2182 4957 3715 5030">
    <p class='ocr_par' dir='ltr' id='par_1_108' title="bbox 2182 4957 3715 5030">
     <span class='ocr_line' id='line_1_108' title="bbox 2182 4957 3715 5030; baseline -0.005 -17"><span class='ocrx_word' id='word_1_854' title='bbox 2182 4957 2380 5014; x_wconf 87' lang='lat' dir='ltr'><strong>dantur</strong></span> <span class='ocrx_word' id='word_1_855' title='bbox 2420 4974 2450 5013; x_wconf 88' lang='lat' dir='ltr'><strong>a</strong></span> <span class='ocrx_word' id='word_1_856' title='bbox 2497 4960 2773 5030; x_wconf 88' lang='lat' dir='ltr'><strong>peccatis:</strong></span> <span class='ocrx_word' id='word_1_857' title='bbox 2829 4960 2971 5029; x_wconf 89' lang='lat' dir='ltr'><strong>quod</strong></span> <span class='ocrx_word' id='word_1_858' title='bbox 3020 4970 3172 5017; x_wconf 88' lang='lat' dir='ltr'><strong>notat</strong></span> <span class='ocrx_word' id='word_1_859' title='bbox 3229 4976 3423 5017; x_wconf 85' lang='lat' dir='ltr'><strong>manus</strong></span> <span class='ocrx_word' id='word_1_860' title='bbox 3471 4961 3522 5015; x_wconf 92' lang='lat' dir='ltr'><strong>in</strong></span> <span class='ocrx_word' id='word_1_861' title='bbox 3576 4958 3715 5012; x_wconf 81' lang='lat' dir='ltr'><strong>sinum</strong></span> 
     </span>
    </p>
   </div>
   <div class='ocr_carea' id='block_1_109' title="bbox 2182 5049 3714 5126">
    <p class='ocr_par' dir='ltr' id='par_1_109' title="bbox 2182 5049 3714 5126">
     <span class='ocr_line' id='line_1_109' title="bbox 2182 5049 3714 5126; baseline -0.006 -19"><span class='ocrx_word' id='word_1_862' title='bbox 2182 5049 2423 5107; x_wconf 90' lang='lat' dir='ltr'><strong>reducta.</strong></span> <span class='ocrx_word' id='word_1_863' title='bbox 2472 5051 2626 5120; x_wconf 87' lang='lat' dir='ltr'><strong>Quod</strong></span> <span class='ocrx_word' id='word_1_864' title='bbox 2678 5052 2769 5108; x_wconf 87' lang='lat' dir='ltr'><strong>hic</strong></span> <span class='ocrx_word' id='word_1_865' title='bbox 2813 5052 2944 5109; x_wconf 86' lang='lat' dir='ltr'><strong>dicit</strong></span> <span class='ocrx_word' id='word_1_866' title='bbox 2991 5072 3004 5107; x_wconf 93' lang='lat'><strong>:</strong></span> <span class='ocrx_word' id='word_1_867' title='bbox 3053 5051 3250 5126; x_wconf 88' lang='lat' dir='ltr'><strong>thuid</strong></span> <span class='ocrx_word' id='word_1_868' title='bbox 3308 5053 3497 5109; x_wconf 76' lang='lat' dir='ltr'><strong>avertis</strong></span> <span class='ocrx_word' id='word_1_869' title='bbox 3541 5058 3714 5104; x_wconf 74' lang='lat' dir='ltr'><strong>manus!</strong></span> 
     </span>
    </p>
   </div>
   <div class='ocr_carea' id='block_1_110' title="bbox 2181 5132 3716 5210">
    <p class='ocr_par' dir='ltr' id='par_1_110' title="bbox 2181 5132 3716 5210">
     <span class='ocr_line' id='line_1_110' title="bbox 2181 5132 3716 5210; baseline -0.003 -13"><span class='ocrx_word' id='word_1_870' title='bbox 2181 5151 2327 5197; x_wconf 86' lang='lat' dir='ltr'><strong>tuam</strong></span> <span class='ocrx_word' id='word_1_871' title='bbox 2353 5152 2401 5199; x_wconf 88' lang='lat' dir='ltr'><strong>et</strong></span> <span class='ocrx_word' id='word_1_872' title='bbox 2423 5144 2688 5199; x_wconf 77' lang='lat' dir='ltr'><strong>dexteram</strong></span> <span class='ocrx_word' id='word_1_873' title='bbox 2717 5153 2860 5198; x_wconf 86' lang='lat' dir='ltr'><strong>tuam</strong></span> <span class='ocrx_word' id='word_1_874' title='bbox 2890 5144 2954 5199; x_wconf 82' lang='lat' dir='ltr'><strong>de</strong></span> <span class='ocrx_word' id='word_1_875' title='bbox 2990 5145 3163 5200; x_wconf 88' lang='lat' dir='ltr'><strong>medio</strong></span> <span class='ocrx_word' id='word_1_876' title='bbox 3204 5145 3322 5200; x_wconf 85' lang='lat' dir='ltr'><strong>sinu</strong></span> <span class='ocrx_word' id='word_1_877' title='bbox 3350 5154 3441 5199; x_wconf 90' lang='lat' dir='ltr'><strong>tuo</strong></span> <span class='ocrx_word' id='word_1_878' title='bbox 3466 5143 3518 5196; x_wconf 87' lang='lat' dir='ltr'><strong>in</strong></span> <span class='ocrx_word' id='word_1_879' title='bbox 3544 5132 3716 5210; x_wconf 71' lang='lat' dir='ltr'><strong>ﬁnem?</strong></span> 
     </span>
    </p>
   </div>
   <div class='ocr_carea' id='block_1_111' title="bbox 2180 5229 3712 5303">
    <p class='ocr_par' dir='ltr' id='par_1_111' title="bbox 2180 5229 3712 5303">
     <span class='ocr_line' id='line_1_111' title="bbox 2180 5229 3712 5303; baseline -0.005 -17"><span class='ocrx_word' id='word_1_880' title='bbox 2180 5229 2346 5297; x_wconf 88' lang='lat' dir='ltr'><strong>Quasi</strong></span> <span class='ocrx_word' id='word_1_881' title='bbox 2376 5233 2559 5288; x_wconf 88' lang='lat' dir='ltr'><strong>dicat:</strong></span> <span class='ocrx_word' id='word_1_882' title='bbox 2590 5230 2668 5288; x_wconf 78' lang='lat' dir='ltr'><strong>Ne</strong></span> <span class='ocrx_word' id='word_1_883' title='bbox 2693 5232 2915 5303; x_wconf 86' lang='lat' dir='ltr'><strong>patiaris</strong></span> <span class='ocrx_word' id='word_1_884' title='bbox 2944 5246 3165 5288; x_wconf 87' lang='lat' dir='ltr'><strong>manum</strong></span> <span class='ocrx_word' id='word_1_885' title='bbox 3205 5241 3349 5288; x_wconf 92' lang='lat' dir='ltr'><strong>tuam</strong></span> <span class='ocrx_word' id='word_1_886' title='bbox 3395 5233 3463 5287; x_wconf 89' lang='lat' dir='ltr'><strong>de</strong></span> <span class='ocrx_word' id='word_1_887' title='bbox 3499 5230 3610 5286; x_wconf 83' lang='lat' dir='ltr'><strong>sinu</strong></span> <span class='ocrx_word' id='word_1_888' title='bbox 3643 5234 3712 5278; x_wconf 86' lang='lat' dir='ltr'><strong>tuo</strong></span> 
     </span>
    </p>
   </div>
   <div class='ocr_carea' id='block_1_112' title="bbox 2185 5316 3711 5396">
    <p class='ocr_par' dir='ltr' id='par_1_112' title="bbox 2185 5316 3711 5396">
     <span class='ocr_line' id='line_1_112' title="bbox 2185 5316 3711 5396; baseline -0.005 -17"><span class='ocrx_word' id='word_1_889' title='bbox 2185 5324 2419 5392; x_wconf 81' lang='lat' dir='ltr'><strong>extrabi,</strong></span> <span class='ocrx_word' id='word_1_890' title='bbox 2452 5324 2545 5381; x_wconf 89' lang='lat' dir='ltr'><strong>sed</strong></span> <span class='ocrx_word' id='word_1_891' title='bbox 2574 5324 2827 5395; x_wconf 89' lang='lat' dir='ltr'><strong>permitte</strong></span> <span class='ocrx_word' id='word_1_892' title='bbox 2851 5339 2969 5379; x_wconf 86' lang='lat' dir='ltr'><strong>eam</strong></span> <span class='ocrx_word' id='word_1_893' title='bbox 2995 5326 3206 5396; x_wconf 90' lang='lat' dir='ltr'><strong>reponi,</strong></span> <span class='ocrx_word' id='word_1_894' title='bbox 3251 5333 3307 5381; x_wconf 90' lang='lat' dir='ltr'><strong>et</strong></span> <span class='ocrx_word' id='word_1_895' title='bbox 3348 5322 3567 5394; x_wconf 86' lang='lat' dir='ltr'><strong>recipiat</strong></span> <span class='ocrx_word' id='word_1_896' title='bbox 3595 5316 3711 5373; x_wconf 86' lang='lat' dir='ltr'><strong>colo-</strong></span> 
     </span>
    </p>
   </div>
   <div class='ocr_carea' id='block_1_113' title="bbox 2183 5402 3709 5488">
    <p class='ocr_par' dir='ltr' id='par_1_113' title="bbox 2183 5402 3709 5488">
     <span class='ocr_line' id='line_1_113' title="bbox 2183 5402 3709 5488; baseline -0.002 -20"><span class='ocrx_word' id='word_1_897' title='bbox 2183 5417 2301 5468; x_wconf 78' lang='lat' dir='ltr'><strong>rem</strong></span> <span class='ocrx_word' id='word_1_898' title='bbox 2348 5415 2505 5488; x_wconf 80' lang='lat' dir='ltr'><strong>carni</strong></span> <span class='ocrx_word' id='word_1_899' title='bbox 2548 5414 2804 5481; x_wconf 89' lang='lat' dir='ltr'><strong>similem,</strong></span> <span class='ocrx_word' id='word_1_900' title='bbox 2854 5423 2908 5470; x_wconf 88' lang='lat' dir='ltr'><strong>et</strong></span> <span class='ocrx_word' id='word_1_901' title='bbox 2954 5424 3244 5486; x_wconf 85' lang='lat' dir='ltr'><strong>cognoscat</strong></span> <span class='ocrx_word' id='word_1_902' title='bbox 3286 5415 3607 5470; x_wconf 87' lang='lat' dir='ltr'><strong>Creatorem.</strong></span> <span class='ocrx_word' id='word_1_903' title='bbox 3641 5402 3709 5459; x_wconf 69' lang='lat' dir='ltr'><strong>Vel</strong></span> 
     </span>
    </p>
   </div>
   <div class='ocr_carea' id='block_1_114' title="bbox 2186 5502 3709 5577">
    <p class='ocr_par' dir='ltr' id='par_1_114' title="bbox 2186 5502 3709 5577">
     <span class='ocr_line' id='line_1_114' title="bbox 2186 5502 3709 5577; baseline 0.001 -20"><span class='ocrx_word' id='word_1_904' title='bbox 2186 5502 2362 5570; x_wconf 85' lang='lat' dir='ltr'><strong>aliter,</strong></span> <span class='ocrx_word' id='word_1_905' title='bbox 2390 5505 2728 5561; x_wconf 80' lang='lat' dir='ltr'><strong>incenderunt</strong></span> <span class='ocrx_word' id='word_1_906' title='bbox 2770 5506 2878 5577; x_wconf 86' lang='lat' dir='ltr'><strong>igni</strong></span> <span class='ocrx_word' id='word_1_907' title='bbox 2920 5507 3281 5561; x_wconf 84' lang='lat' dir='ltr'><strong>sanctuariunt</strong></span> <span class='ocrx_word' id='word_1_908' title='bbox 3320 5514 3489 5571; x_wconf 74' lang='lat' dir='ltr'><strong>tuum,</strong></span> <span class='ocrx_word' id='word_1_909' title='bbox 3526 5504 3578 5556; x_wconf 82' lang='lat' dir='ltr'><strong>in</strong></span> <span class='ocrx_word' id='word_1_910' title='bbox 3603 5509 3709 5553; x_wconf 78' lang='grc' dir='ltr'>ιιπο</span> 
     </span>
    </p>
   </div>
   <div class='ocr_carea' id='block_1_115' title="bbox 2184 5590 3707 5650">
    <p class='ocr_par' dir='ltr' id='par_1_115' title="bbox 2184 5590 3707 5650">
     <span class='ocr_line' id='line_1_115' title="bbox 2184 5590 3707 5650; baseline -0.011 5"><span class='ocrx_word' id='word_1_911' title='bbox 2184 5591 2481 5642; x_wconf 42' lang='lat' dir='ltr'><strong>“Ollium”!</strong></span> <span class='ocrx_word' id='word_1_912' title='bbox 2510 5596 2903 5650; x_wconf 81' lang='lat' dir='ltr'><strong>tabernaculum</strong></span> <span class='ocrx_word' id='word_1_913' title='bbox 2934 5599 3160 5648; x_wconf 59' lang='lat' dir='ltr'><strong>nomini:</strong></span> <span class='ocrx_word' id='word_1_914' title='bbox 3197 5598 3314 5648; x_wconf 86' lang='lat' dir='ltr'><strong>mi:</strong></span> <span class='ocrx_word' id='word_1_915' title='bbox 3346 5605 3399 5638; x_wconf 68' lang='grc' dir='ltr'>ιι·</span> <span class='ocrx_word' id='word_1_916' title='bbox 3426 5612 3446 5621; x_wconf 43' lang='grc' dir='ltr'>ά</span> <span class='ocrx_word' id='word_1_917' title='bbox 3510 5590 3645 5621; x_wconf 45' lang='grc' dir='ltr'><strong>ληί</strong></span> <span class='ocrx_word' id='word_1_918' title='bbox 3692 5598 3707 5602; x_wconf 71' lang='grc'><em>’</em></span> 
     </span>
    </p>
   </div>
  </div>
