3884 5468
123 480 245 538 5'29

1242 486 1370 543 ENA
1383 484 1771 543 “RATIONES
1808 486 1875 541 ΙΝ
1915 486 2247 544 PSALMOS.

3286 498 3393 553 530

125 598 190 650 in
220 599 382 651 corde
420 614 514 652 suo
552 603 790 668 cognatio
819 618 997 655 eoi-itm
1045 601 1219 665 simul,
1255 602 1305 655 id
1334 611 1437 665 est,
1467 617 1586 656 cum
1613 600 1715 654 illis
1745 605 1788 661 Α
1819 597 1997 654 Eratis
2042 601 2325 671 aliquando
2373 603 2617 668 tenebrw,
2667 619 2801 656 nunc
2844 618 3015 662 autem
3054 609 3147 664 lux
3194 612 3247 664 in
3279 611 3389 665 Do-

124 689 420 743 consensit
474 690 523 741 in
581 690 704 753 hoc,
757 691 1031 755 Quiesrcre
1076 693 1333 762 faciamus
1381 709 1561 747 omnes
1607 692 1715 745 dies

124 774 299 840 festos
341 776 440 829 Dei
482 794 513 830 a
554 789 720 833 terra.
770 780 848 835 Ac
874 783 917 835 si
954 784 1134 839 dicat:
1176 784 1290 838 Non
1324 784 1393 837 sit
1434 784 1573 836 inter
1619 796 1717 836 nos

124 862 397 933 deinceps
460 867 549 935 qui
614 867 808 923 festum
862 869 1024 926 faciat
1102 872 1236 937 Deo,
1299 881 1354 928 et
1423 872 1716 927 Sabbatum

121 961 449 1016 custodiat:
507 972 563 1019 et
632 965 735 1019 hoc
793 966 928 1021 adeo
986 967 1111 1035 quia
1185 967 1335 1036 signa
1392 974 1571 1019 nostra
1615 981 1718 1018 non

122 1050 407 1114 vidimus,
492 1070 589 1123 per
670 1070 789 1124 qua:
854 1058 1218 1127 intelligamus
1276 1072 1334 1112 sc
1399 1071 1591 1113 curare
1654 1056 1719 1110 de

120 1140 463 1195 nobis.Jam
518 1161 618 1198 non
652 1156 729 1199 est
780 1149 1053 1216 propheta,
1108 1149 1197 1217 qui
1256 1148 1563 1203 consoletur
1620 1162 1719 1205 nos

120 1229 183 1281 in
225 1229 555 1298 afflictione;
593 1245 641 1288 et
698 1237 817 1291 ideo
868 1255 959 1292 nos
1004 1228 1103 1293 non
1153 1247 1419 1308 cognoscet
1470 1237 1715 1308 amplius,

120 1322 259 1388 quia
334 1339 441 1378 non
504 1328 684 1381 veniet
746 1330 976 1398 amplius
1054 1329 1120 1384 ad
1184 1330 1516 1384 liberandum
1580 1344 1713 1394 nos;

122 1412 337 1469 frustra
387 1404 530 1473 enim
578 1404 726 1474 sunt.
755 1406 1065 1493 prophetica
1098 1423 1259 1484 dicta,
1291 1436 1411 1490 qute
1454 1436 1575 1477 eum
1621 1436 1718 1490 pro

120 1514 320 1562 nostra
336 1508 509 1564 salute
521 1513 915 1568 annuntiabant
929 1523 1232 1569 venturum.
1255 1513 1545 1585 Usquequo,
1558 1513 1714 1578 Deus,

119 1598 499 1667 improperabit
525 1602 767 1657 inimicus
784 1604 809 1655 ?
834 1604 944 1658 llos
969 1605 1102 1659 duos
1132 1592 1324 1659 versus
1354 1605 1717 1673 praecedentes

118 1691 268 1745 dixit
298 1693 480 1762 Asaplt
512 1695 563 1748 in
599 1710 730 1751 voce
749 1694 1081 1759 Judazorum,
1127 1712 1273 1751 nunc
1308 1696 1503 1749 iterum
1528 1711 1715 1750 vocem

119 1784 364 1837 assumit
405 1786 707 1855 propriam;
742 1789 895 1857 quasi
937 1789 1082 1843 dicat
1107 1805 1122 1843 :
1148 1787 1342 1842 Dicunt
1365 1788 1532 1842 Judtei
1561 1787 1715 1841 Citri-

117 1881 272 1926 stum
305 1891 412 1929 non
437 1877 678 1945 venisse;
710 1879 803 1933 sed
844 1886 919 1944 tu,
969 1879 1131 1943 Deus,
1178 1893 1459 1948 usquequo
1507 1878 1711 1946 impro-

1819 688 1957 743 mino
1988 690 2200 760 (Ep/tes.
2226 692 2311 763 v);
2360 693 2450 763 qui
2493 694 2778 764 aliquando
2828 694 3041 749 fuerunt
3084 698 3389 771 Ethiopcs,

1820 782 1870 837 id
1902 793 1986 838 est
2046 785 2335 855 denigrati,
2371 802 2513 842 nunc
2552 796 2731 841 autem
2770 787 3182 857 splendidissimi
3215 810 3230 854 ;
3263 794 3388 856 quia

1818 873 1951 927 adeo
1980 874 2331 940 conﬁrmasti,
2386 884 2447 929 ut
2498 886 2623 932 sunt
2673 878 2845 931 sancti
2902 877 3155 947 apostoli,
3195 880 3392 948 quibus

1818 964 2059 1017 membra
2112 965 2363 1019 draconis
2414 965 2626 1020 fuerunt
2674 965 2914 1031 refectio,
2967 967 3092 1035 quia
3145 982 3239 1023 eos
3287 968 3389 1023 sibi

1818 1054 2108 1107 secundum
2144 1054 2299 1110 ﬁdem
2338 1057 2770 1127 incorporabant.
2808 1057 2961 1114 Umle
2991 1058 3152 1113 Petro
3186 1058 3389 1114 dictum

1817 1149 1938 1195 est:
1974 1141 2167 1197 Occide
2210 1154 2258 1198 ct
2318 1146 2575 1199 manduca
2628 1148 2765 1214 (Act.
2806 1145 3034 1217 x).lla:c
3089 1146 3211 1202 talis
3266 1162 3390 1202 esca

1820 1230 1918 1286 fuit
1943 1232 2303 1304 prmfigurata,
2333 1237 2548 1304 quando
2570 1237 2781 1309 Moyses
2801 1239 3022 1293 vitulum
3054 1239 3201 1293 illum
3225 1255 3390 1310 quem

1818 1323 2079 1377 adorabat
2125 1324 2447 1381 lsraeliticus
2485 1328 2732 1398 populus,
2773 1328 2825 1383 in
2854 1329 3128 1400 pulverem
3160 1332 3386 1401 redegit,

1817 1424 1871 1469 ct
1911 1416 2143 1483 positum
2192 1417 2245 1470 in
2304 1432 2442 1487 aqua
2486 1420 2567 1474 eis
2596 1420 2660 1474 ad
2690 1420 2978 1475 bibendum
3015 1421 3387 1491 dedit(f§xod.

1816 1508 2011 1577 χχχιι).
2053 1508 2260 1563 Vitulus
2292 1510 2381 1564 ille
2416 1508 2665 1567 redactus
2700 1514 2753 1566 in
2790 1511 3062 1582 pulverem
3112 1512 3381 1581 signiﬁcat

1819 1597 2081 1663 inﬁdeles,
2101 1598 2191 1667 qui
2217 1599 2338 1669 igne
2361 1600 2525 1654 divini
2560 1601 2779 1665 amoris,
2819 1601 3079 1656 elationes
3104 1609 3159 1655 et
3186 1615 3380 1669 super-

1815 1688 1931 1743 bias
1974 1704 2099 1743 suas
2142 1690 2417 1745 humiliter
2457 1693 2781 1759 conﬁtendo,
2822 1693 3204 1757 incenduntur,
3236 1702 3288 1747 et
3314 1694 3391 1747 sic

1816 1794 1953 1848 aqua
2004 1779 2343 1850 baptismatis
2391 1786 2616 1854 aspersi,
2668 1785 2911 1840 ﬁdelibus
2956 1787 3386 1857 incorporantur.

1818 1870 1909 1925 Vel
1940 1869 2116 1935 aliter,
2139 1872 2329 1926 dedisti
2348 1890 2466 1927 eum
2488 1891 2658 1929 escam
2680 1875 2883 1945 populis
2907 1875 3239 1947 lEt/tiopum,
3263 1878 3389 1946 quia

118 1965 345 2031 perabat
373 1967 463 2021 ubi
493 1967 763 2033 inimicus,
798 1970 847 2023 id
880 1976 984 2033 ρει,
1015 1947 1294 2038 usquequo
1324 1947 1428 2022 ηση
1459 1983 1713 2037 τοοοεηο-
1744 1947 1787 2005 Β
1816 1961 2219 2029 persecutiones
2244 1962 2538 2017 inﬁdelium
2565 1964 2719 2034 quasi
2748 1978 2901 2020 escas
2935 1973 2989 2020 et
3012 1964 3234 2020 refectio
3276 1963 3391 2018 fue-

117 2062 315 2107 scetar
339 2054 405 2108 ab
429 2055 668 2121 inimico,
698 2057 749 2111 id
776 2067 877 2123 est,
909 2057 1132 2112 Judaico
1161 2057 1391 2127 populo?
1423 2056 1556 2111 Cum
1584 2071 1712 2110 con-

115 2152 235 2196 stat
260 2157 383 2196 eum
409 2143 665 2199 Sanctum
688 2155 997 2201 sanctorum
1024 2147 1259 2209 venisse,
1285 2160 1562 2214 usquequo
1590 2144 1712 2198 irri-

118 2241 203 2284 tat
227 2232 576 2288 adversarius
600 2249 796 2289 nomen
825 2244 997 2301 tuum,
1023 2236 1074 2290 id
1099 2243 1201 2299 est,
1226 2235 1463 2305 quandiu
1490 2234 1711 2304 patieris

115 2322 412 2378 Iudaicum
465 2326 718 2396 populum
771 2327 983 2381 irritum
1040 2327 1240 2383 habere
1297 2342 1489 2381 nomen
1541 2335 1707 2391 tuum,

116 2414 497 2469 Christianum
536 2416 804 2480 videlicet,
841 2425 896 2471 ct
922 2416 1047 2472 illud
1096 2417 1248 2486 quasi
1292 2432 1485 2470 vanum
1534 2416 1708 2485 impu-

116 2504 339 2573 gnare?
377 2504 441 2558 Et
485 2515 540 2561 ut
571 2506 699 2576 quid
744 2507 931 2561 avertis
980 2524 1191 2561 manum
1224 2508 1415 2560 tuam?
1447 2506 1587 2561 Ecce
1613 2506 1713 2563 ite-

116 2610 247 2648 rum
303 2595 447 2650 dolet
494 2598 922 2665 persecutionem
967 2597 1292 2654 Judmorum.
1328 2597 1491 2664 Quasi
1526 2596 1705 2651 dicat:

118 2686 203 2739 Tu
256 2686 419 2749 Deus,
453 2698 507 2744 et
541 2690 586 2743 si
620 2690 834 2760 repellis
863 2692 928 2745 de
957 2690 1152 2759 populo
1179 2700 1271 2744 tuo
1296 2689 1497 2759 paleas,
1526 2688 1708 2759 utquid

114 2776 318 2829 «stertis
350 2792 560 2831 manum
593 2790 735 2832 tuam
756 2790 803 2832 et
833 2780 1098 2834 dexteram
1120 2792 1283 2845 tuam,
1310 2780 1361 2833 id
1388 2788 1489 2842 est,
1523 2778 1708 2847 utquid

116 2864 347 2933 repellis
378 2865 496 2921 illos
521 2868 611 2936 qui
642 2883 832 2924 manus
867 2878 954 2923 tua
986 2868 1153 2922 futuri
1181 2877 1325 2931 sunt,
1359 2883 1524 2937 grana
1558 2866 1706 2921 vide-

117 2956 255 3011 licet
282 2958 373 3025 qui
400 2958 539 3011 inter
561 2959 738 3027 paleas
770 2968 1132 3024 reservantur,
1177 2960 1240 3014 de
1269 2960 1436 3013 medio
1456 2959 1574 3011 sinu
1597 2968 1705 3021 tuo,

116 3047 173 3100 id
202 3057 292 3101 est
320 3047 387 3103 de
419 3057 504 3102 tua
529 3050 899 3118 protectioue?
923 3060 977 3106 et
1002 3053 1101 3106 hoc
1120 3053 1173 3104 in
1192 3052 1369 3119 ﬁnem,
1389 3050 1439 3104 id
1458 3058 1542 3105 est
1564 3048 1707 3103 ﬁnali

118 3137 456 3191 aversione?
482 3138 566 3193 vel
592 3140 791 3194 avertis
823 3154 914 3195 eos
941 3140 994 3194 in
1030 3150 1081 3195 te
1109 3140 1267 3195 ﬁnem
1293 3140 1548 3195 subaudis
1574 3138 1707 3193 diri-

112 3226 320 3295 genda.
372 3226 511 3281 Deus
556 3239 731 3282 autem
784 3228 894 3283 Rea:
936 3239 1109 3285 noster
1153 3241 1272 3284 ante
1300 3230 1513 3285 sa‘cula.
1544 3230 1704 3296 Quasi

1816 2058 1942 2103 rttnt
1972 2049 2237 2105 ﬁdelibus.
2271 2049 2348 2104 Tu
2384 2052 2629 2123 dirupisti
2659 2054 2823 2117 fontes
2849 2064 2895 2111 et
2922 2064 3196 2108 torrentes.
3222 2055 3389 2121 Quasi

1817 2139 1959 2193 dicat
1988 2158 2000 2193 :
2031 2140 2106 2193 Tu
2138 2140 2460 2209 conﬁrmasti
2502 2160 2665 2209 mare,
2704 2153 2761 2198 tu
2794 2144 3153 2198 contribulasti
3193 2146 3388 2215 capita,

1813 2239 1868 2283 et
1918 2229 2020 2283 hoc
2058 2229 2255 2294 taliter,
2284 2231 2407 2299 quia
2441 2231 2627 2301 fontes,
2659 2233 2710 2287 id
2736 2242 2822 2289 est
2848 2233 3121 2302 apostolos
3152 2243 3291 2299 tuos,
3332 2234 3389 2288 in

1813 2321 2009 2391 quibus
2056 2330 2211 2375 erant
2252 2321 2426 2376 fontes
2476 2338 2627 2393 aqua:
2670 2324 2913 2379 salientis
2951 2325 3003 2379 in
3030 2326 3195 2379 vitam
3234 2334 3391 2379 teter-

1813 2428 1960 2477 nam,
1992 2412 2261 2481 dirupisti,
2297 2412 2349 2468 id
2383 2422 2490 2479 est,
2540 2430 2635 2484 per
2686 2415 2929 2471 diversos
2981 2416 3127 2471 rivos
3169 2415 3388 2471 duxisti.

1812 2501 2072 2570 Dirupisti
2113 2502 2267 2555 etiam
2321 2511 2595 2559 torrentes.
2647 2504 2937 2560 Torrentes
2990 2515 3115 2559 sunt
3172 2505 3248 2560 illi
3296 2505 3391 2576 qui

1812 2590 2069 2659 operibus
2099 2590 2209 2644 Deo
2234 2591 2628 2657 contradicunt,
2677 2596 2771 2648 sed
2813 2601 2989 2650 tamen
3019 2594 3140 2650 aliis
3165 2596 3390 2651 verbum

1812 2681 2211 2751 praedicationis
2231 2682 2644 2749 administrant;
2671 2693 2727 2740 et
2751 2687 2852 2742 hoc
2871 2688 2937 2743 ad
2960 2688 3383 2755 similitudinem,

1812 2773 1938 2842 quia
1987 2782 2201 2829 torrens
2249 2784 2332 2829 est
2374 2791 2513 2845 aqua
2542 2777 2608 2831 de
2642 2785 2823 2832 monte
2852 2778 3032 2848 aliquo
3059 2780 3391 2835 descendens

1811 2880 1932 2920 cum
1986 2866 2209 2935 impetu,
2248 2874 2303 2921 et
2340 2866 2447 2920 cito
2495 2866 2749 2921 deﬁciens
2790 2869 2914 2921 :ita
2958 2876 3013 2922 et
3052 2869 3138 2923 isti
3188 2870 3387 2939 impetu

1810 2957 1922 3011 oris
1971 2955 2256 3011 ﬁuunt:et
2286 2956 2339 3009 in
2389 2957 2645 3026 operibus
2694 2964 2874 3012 tamen
2924 2957 3055 3011 sicci
3102 2965 3249 3021 sunt,
3293 2971 3391 3025 per

1815 3059 1949 3113 quos
2003 3052 2181 3099 tamen
2240 3044 2500 3099 Dominus
2549 3044 2779 3100 salutem
2838 3059 3059 3100 suorum
3111 3052 3387 3115 operatur.

1811 3133 1962 3189 Unde
1992 3134 2044 3187 in
2070 3133 2361 3204 Evangelia
2388 3152 2399 3186 :
2431 3133 2597 3203 Super
2621 3134 2921 3189 cathedram
2955 3133 3125 3205 Moysi
3145 3135 3389 3190 sederunt

1813 3222 2012 3279 Scriba:
2064 3234 2111 3277 et
2168 3220 2431 3277 Phariswi
2470 3238 2488 3276 :
2527 3240 2643 3293 qua:
2689 3231 2871 3279 autem
2922 3226 3151 3279 dixerint
3203 3225 3388 3291 vobis,

112 3294 308 3369 dicat:
338 3316 448 3372 Nos
483 3318 861 3375 dubitabamus
889 3320 1159 3375 Christum
1186 3321 1416 3375 venisse.
1447 3294 1587 3373 Deus
1613 3336 1710 3373 au-
1736 3294 1781 3356 (ἶ
1813 3325 2009 3369 servate
2042 3324 2089 3368 et
2131 3314 2287 3382 facite
2318 3327 2336 3364 :
2380 3315 2665 3368 secundum
2694 3330 2850 3384 opera
2881 3331 3061 3369 eorum
3104 3314 3260 3369 nolite
3304 3315 3389 3383 {a-

114 3401 223 3458 tem
274 3422 367 3459 rea:
418 3418 589 3461 noster
629 3419 747 3462 ante
789 3410 1004 3475 stccula,
1042 3410 1296 3465 subaudis
1324 3424 1443 3474 ens,
1468 3418 1707 3478 operatus

113 3503 194 3546 est
222 3492 472 3560 salutem,
519 3495 728 3550 ﬁrmam
758 3497 915 3553 ﬁdem
944 3499 1048 3563 sui,
1072 3500 1126 3552 in
1154 3500 1323 3552 medio
1344 3509 1515 3563 terrae,
1547 3499 1600 3554 id
1625 3506 1709 3554 est

115 3583 173 3635 in
230 3582 413 3637 medio
458 3584 719 3654 gentium,
766 3600 886 3654 qua:
936 3602 1108 3655 usque
1161 3587 1321 3641 modo
1367 3587 1519 3655 quasi
1563 3593 1705 3641 terra

114 3672 267 3726 culta
293 3673 513 3729 fuerunt
537 3684 592 3730 et
622 3692 721 3731 nos
756 3679 906 3745 quasi
937 3678 1167 3744 cmlum;
1204 3694 1345 3733 nunc
1376 3688 1554 3735 autem
1581 3695 1709 3751 gen-

118 3773 207 3817 tes
251 3762 451 3819 caelum
480 3774 605 3819 sunt
632 3774 688 3820 et
718 3780 815 3821 nos
848 3776 985 3822 terra
1014 3787 1025 3823 :
1057 3770 1157 3838 ipsi
1197 3769 1436 3839 vigilant,
1466 3770 1589 3839 quia
1616 3785 1697 3825 sa-

116 3853 293 3908 lutem
339 3868 679 3925 receperunt,
718 3859 1001 3914 credentes
1031 3859 1304 3936 Christum
1336 3860 1574 3926 venisse;
1608 3876 1706 3916 nos

115 3944 396 4010 Stetimus,
445 3948 569 4017 quia
610 3964 732 4003 eum
774 3950 987 4005 venisse
1040 3952 1216 4005 adhuc
1254 3952 1581 4007 dubitamus.
1611 3953 1708 4007 Vel

114 4034 243 4088 sic:
280 4034 419 4089 Deus
458 4048 633 4091 autem
680 4054 771 4092 rex
818 4048 1011 4105 noster,
1058 4041 1109 4094 id
1133 4049 1217 4095 est
1252 4049 1451 4095 nostra:
1502 4049 1708 4095 natura:

115 4135 454 4195 assumptor,
512 4138 770 4198 operatus
818 4139 900 4184 est
957 4130 1183 4186 salutem
1235 4141 1361 4185 ante
1413 4132 1627 4200 saecula,
1676 4148 1705 4187 a

118 4218 289 4270 Patre
339 4221 797 4288 prmdcstinatam.
835 4223 902 4277 Et
930 4224 1198 4292 quomodo
1239 4234 1490 4294 operatus
1513 4234 1597 4281 est
1622 4241 1708 4281 sa-

114 4312 330 4366 lutem?
355 4313 489 4380 Quia
518 4325 573 4368 tu
606 4315 745 4371 Deus
770 4317 1091 4385 conﬁrmasti
1120 4320 1172 4373 in
1202 4320 1388 4373 virtute
1408 4328 1517 4383 tua,
1544 4319 1596 4374 id
1623 4328 1707 4376 est

116 4404 176 4455 in
205 4414 296 4456 tua
322 4406 644 4471 constantia,
694 4424 858 4474 mare,
903 4408 957 4463 id
1002 4419 1089 4465 est
1138 4410 1549 4467 amaritudinem
1579 4428 1707 4481 gen-

117 4493 283 4557 tium,
332 4504 523 4549 contra
572 4506 623 4549 te
671 4512 885 4567 semper
929 4498 1311 4565 cxistentium;
1346 4501 1706 4556 contribulasti

112 4583 294 4651 capita
328 4585 619 4640 draconum
638 4587 689 4641 in
715 4589 886 4658 aquis,
912 4588 962 4644 id
983 4598 1083 4654 est,
1110 4590 1413 4659 superbiam
1448 4592 1705 4663 maligno-

118 4688 245 4726 rum
306 4675 591 4743 spirituum
646 4677 697 4731 in
759 4678 913 4747 aquis
968 4679 1310 4748 baptismatis
1357 4682 1697 4738 contrivisti:

114 4761 263 4831 quod
297 4763 696 4834 praeﬁguratum
729 4765 831 4821 fuit
857 4767 1071 4836 quando
1105 4783 1255 4823 mare
1286 4768 1526 4823 Rubrum
1553 4779 1700 4826 stare

116 4852 320 4918 fecisti,
350 4864 408 4908 ut
436 4856 791 4911 lsraeliticum
823 4857 1071 4927 populum
1102 4859 1245 4913 sicco
1271 4859 1496 4930 vestigio
1526 4868 1702 4915 trans-

115 4943 362 5011 migrare
407 4943 635 5009 faceres,
683 4954 736 5001 et
769 4947 1043 5017 principes
1072 4948 1123 5001 in
1156 4948 1270 5017 ipso
1292 4948 1429 5002 mari
1453 4948 1699 5003 submer-

112 5048 276 5102 geres
299 5033 501 5101 (Exod.
534 5039 714 5106 χχιιι).
740 5038 873 5093 Nota
897 5040 1023 5109 quia
1050 5055 1200 5095 mare
1226 5039 1426 5106 stabat,
1453 5050 1507 5096 et
1535 5056 1702 5111 popu-

113 5126 196 5180 lus
228 5126 559 5184 lsracliticus
592 5132 643 5186 in
685 5138 830 5184 motu
869 5140 1006 5186 erat.
1049 5118 1103 5188 ln
1145 5148 1293 5189 mare
1330 5134 1471 5204 quod
1502 5134 1699 5200 stabat,

110 5225 308 5285 gentes
358 5216 717 5287 intelligamus
765 5221 816 5274 in
870 5221 971 5277 ﬁde
1022 5223 1280 5279 stabiles:
1315 5223 1484 5281 Judaei
1522 5234 1701 5282 autem

110 5311 468 5358 "nlui-Inliqu
521 5316 642 5362 ηιιῖτι
677 5314 854 5358 {HN-nn
882 5315 946 5351 ria
973 5315 1076 5349 f‘uln
1112 5316 1417 5358 dnltitnnlnc
1472 5319 1699 5356 Inrrnnic

1810 3422 1956 3467 cere;
1978 3405 2190 3477 (Matth.
2218 3404 2395 3474 XXIII).
2426 3404 2501 3457 Tu
2524 3405 2730 3459 siccasti
2751 3405 2937 3473 ﬂuvios
2974 3404 3170 3459 Ethan.
3212 3405 3387 3459 Etltan

1812 3500 2202 3569 interpretatur
2241 3496 2390 3565 fortis
2440 3496 2524 3551 vel
2564 3497 2847 3562 robustus;
2899 3496 2989 3552 ubi
3017 3495 3388 3568 intelliguntur

1808 3588 2110 3658 philosOphi
2154 3596 2209 3642 et
2251 3586 2375 3641 elati
2421 3586 2707 3641 smculares
2748 3587 2815 3641 de
2859 3602 2920 3643 se
2961 3594 3382 3657 praesumentes:

1808 3690 2037 3747 quorum
2065 3676 2256 3731 ﬁuvios
2278 3676 2571 3732 exsiccavit
2595 3676 2871 3743 Dominus,
2903 3676 3029 3746 quia
3055 3691 3239 3732 eorum
3271 3685 3388 3732 tur-

1807 3768 1988 3839 gidam
2038 3776 2361 3838 potestatem
2387 3776 2442 3824 et
2472 3783 2665 3823 vanam
2694 3768 2995 3825 doctrinam
3045 3767 3111 3822 ad
3158 3768 3383 3823 nihilum

1810 3858 2038 3928 redegit.
2081 3856 2385 3912 Exsiccavit
2412 3857 2555 3911 enim
2589 3857 2847 3913 Dominus
2877 3855 3113 3911 inflatam
3144 3864 3382 3926 potesta-

1810 3955 1913 4001 tem
1944 3946 2096 4015 quasi
2130 3946 2394 4015 turgidam
2421 3947 2657 4003 vesicam
2687 3946 2869 4013 l’ilati,
2908 3962 3032 4001 cum
3079 3946 3180 4001 sibi
3208 3947 3382 4001 dixit:

1811 4037 1934 4092 Non
1988 4038 2203 4093 haberes
2261 4039 2313 4091 in
2365 4056 2447 4093 me
2482 4048 2815 4109 potestatem,
2865 4039 2967 4094 nisi
3020 4039 3113 4093 tibi
3164 4040 3387 4109 desuper

1806 4128 1988 4184 datum
2042 4130 2235 4185 fuisset
2278 4130 2459 4201 (Joan.
2512 4130 2648 4201 XIX).
2700 4130 2805 4185 Per
2862 4144 2988 4186 suos
3033 4130 3197 4185 etiam
3242 4128 3381 4184 mul-

1808 4228 1892 4276 tas
1916 4220 2193 4275 doctrinas
2214 4220 2588 4275 haereticorum
2620 4227 2674 4275 et
2701 4235 2869 4275 vanas
2890 4219 3149 4275 elationes
3161 4218 3384 4274 saecula-

1806 4311 1946 4367 rium
1970 4312 2255 4367 destruxit.
2294 4311 2444 4365 Unde
2468 4309 2663 4365 Paulus
2689 4328 2701 4364 :
2731 4310 2908 4381 Elegit
2931 4310 3124 4365 stultos
3151 4320 3206 4364 et
3234 4309 3385 4378 igno-

1805 4402 1960 4470 biles,
2014 4412 2074 4458 ut
2124 4402 2481 4459 confunderet
2534 4401 2715 4457 mundi
2773 4400 3045 4471 sapientes
3096 4406 3150 4453 et
3176 4396 3382 4453 nobiles

1806 4491 1855 4563 (ι
1887 4491 2009 4547 Cor.
2052 4493 2115 4563 ι).

1882 4592 2025 4648 Tuus
2046 4600 2119 4647 est
2152 4592 2260 4646 dies
2285 4601 2334 4647 et
2375 4600 2468 4646 tua
2495 4599 2569 4645 est
2598 4606 2719 4645 nox.
2747 4588 2910 4656 Quasi
2933 4588 3077 4646 dicat
3106 4606 3121 4644 :
3155 4586 3295 4644 Vere
3324 4593 3381 4643 tu

1804 4684 2046 4754 dirupiin
2078 4683 2265 4752 fontes,
2290 4683 2413 4752 quia
2436 4691 2555 4737 tuus
2579 4691 2653 4737 est
2679 4681 2810 4747 dies,
2836 4681 2887 4737 id
2906 4690 3011 4747 est,
3040 4680 3133 4752 qui
3155 4678 3381 4750 perfecti

1805 4781 1931 4829 sunt
1958 4789 1985 4828 a
2029 4782 2079 4828 te
2117 4773 2286 4842 ipsam
2321 4773 2523 4827 habent
2560 4770 2965 4842 perfectionem.
2992 4770 3119 4827 Dies
3148 4777 3277 4825 sunt
3301 4768 3381 4823 illi

1804 4865 1894 4934 qui
1941 4863 2224 4920 altioribus
2266 4862 2522 4919 insistunt
2549 4872 2607 4919 et
2640 4876 2703 4917 ea
2732 4861 2853 4917 aliis
2876 4861 3172 4932 praedicant
3200 4876 3215 4913 :
3250 4872 3379 4922 nox,

1804 4956 1894 5024 qui
1948 4956 2090 5010 circa
2128 4951 2411 5009 historiam
2437 4961 2494 5008 et
2525 4950 2784 5009 moralem
2815 4965 3032 5006 sensum
3053 4960 3382 5004 conversan-

1808 5053 1897 5098 tur
1925 5046 1976 5099 in
2026 5042 2342 5100 instruendo
2384 5042 2540 5100 alios.
2588 5039 2741 5097 Unde
2784 5041 2955 5098 illud:
2984 5039 3108 5095 Dies
3136 5037 3239 5092 diei
3261 5051 3385 5090 eru-
3468 5077 3479 5090 .

1808 5144 1912 5190 ctat
1948 5137 2158 5193 verbum
2200 5145 2247 5190 et
2296 5149 2401 5188 nos
2450 5134 2590 5190 nocti
2636 5131 2835 5186 iudicat
2889 5130 3156 5188 scientiam
3206 5123 3385 5194 (Psal.

1809 5227 1988 5299 xvtu).
2032 5227 2217 5281 Potest
2264 5237 2389 5277 esse
2433 5225 2598 5279 etiam
2634 5220 2723 5276 ille
2760 5220 2905 5277 idem
2937 5234 3039 5276 nox
3070 5215 3244 5285 quiet
3271 5210 3390 5265 dies

1808 5322 1884 5353 oet
1942 5316 2080 5352 volnt
2116 5313 2311 5351 Dnulnc
2346 5311 2441 5334 ne"
2489 5316 2576 5336 "-'
2622 5318 2659 5328 “
2731 5323 2807 5339 λεδ-ν
2843 5326 2857 5340 ο
2886 5311 2996 5342 ’δίκην
3027 5315 3152 5348 ιιηιο
3176 5301 3392 5346 ηιιαησῖη
