3918 6408
3275 384 3302 392 ,η
3341 379 3423 389 ..ν-

565 451 664 508 531
924 412 948 426 "
1194 445 1445 506 Reman
1485 442 2138 504 ANTISSIODORENSIS
2172 443 2320 503 ore.
2363 425 3174 505 pisse-Z’E'x'ECE'rrcli‘.
3690 434 3778 504 εει

567 553 880 634 sapientes:
906 552 1024 624 sol,
1047 557 1370 624 Spirituales.
1406 557 1480 611 Tu
1503 558 1672 627 fecisti
1697 575 1872 614 omnes
1895 561 2140 614 terminos

2243 579 2376 649 perii
2409 593 2617 634 memor
2641 589 2758 635 esto
2788 579 2868 635 sic
2895 598 2907 634 :
2940 580 3022 634 Ne
3059 576 3380 634 obliviscaris
3417 576 3472 631 in
3500 577 3776 645 tuojudicio

570 663 745 709 teme.
785 645 1020 708 Termini
1045 657 1202 703 teme
1226 658 1349 704 sunt
1371 651 1595 719 perfecti
1621 651 2022 721 praedicatores,
2049 651 2140 720 qui

2242 685 2387 723 voces
2414 670 2739 724 inimicorum
2769 679 2996 733 tuorum,
3042 679 3102 723 ut
3146 684 3176 722 a
3212 677 3264 722 te
3300 668 3396 737 ipsi
3441 666 3636 721 inimici
3666 669 3777 724 reci-

569 741 692 799 aliis
729 738 1020 793 terminant
1057 739 1197 810 quid
1227 739 1297 793 sit
1333 739 1649 794 sectandum
1679 749 1734 795 et
1764 741 1892 810 quid
1928 740 2140 810 fugien-

2242 759 2392 828 piant
2428 753 2568 829 quod
2615 760 2736 814 inde
2781 762 3199 830 promerentur;
3243 758 3483 827 superbia
3520 774 3685 810 eorum
3705 762 3776 827 qui

569 835 719 896 dum»
750 830 836 885 νει
873 830 1088 910 termini
1140 838 1298 886 term
1342 839 1468 885 ευηι
1517 831 1591 885 illi
1621 831 1718 901 Qui
1741 847 1839 902 ρον
1866 832 2141 902 Proprium
2241 858 2290 902 te
2316 850 2557 914 oderunt,
2599 851 3084 920 ascenditsemper,
3117 849 3168 902 id
3198 858 3279 903 est
3305 856 3493 902 contra
3525 857 3574 901 te
3599 862 3778 917 semper

567 923 766 979 ἀοηυη)
795 922 1029 1012 SPl'i‘lls
1052 922 1222 1012 ξωξςιί
1254 922 1522 977 lamina”
1552 931 1678 978 9"“
1712 923 1930 979 ab'ams
1955 933 2009 978 εί
2033 924 2144 979 (Ῐίθ-
2243 949 2624 1009 augmentatur
2705 956 2890 996 eorum
2971 941 3240 1012 superbia.
3308 940 3566 994 Ascendit
3621 954 3779 994 eorum

567 1011 1634 1085 tincti.UndeilludzUnusquisqueenim
1656 1013 1922 1084 proprium
1945 1015 2142 1068 donum
2240 1040 2428 1088 contra
2507 1040 2559 1088 ιθ
2625 1033 2912 1104 superbia,
2973 1011 3233 1088 agendat
3299 1039 3491 1086 comm
3567 1043 3658 1083 eos
3709 1037 3778 1081 im

565 1105 718 1158 habet
753 1119 783 1158 a
824 1103 934 1159 Deo
985 1102 1036 1175 (1
1092 1103 1215 1159 Cor.
1255 1110 1374 1176 vn).
1407 1105 1670 1161 .Estatem
1719 1115 1769 1159 et
1812 1122 1900 1160 ver
1921 1116 1978 1161 tu
2000 1106 2142 1176 plas-
2240 1123 2500 1179 vindicia,

553 1197 739 1282 .masti.
772 1195 878 1251 Per
917 1206 1159 1294 aestatem
1199 1197 1574 1270 intelliguntur
1611 1197 1803 1294 spiritu
1848 1198 2137 1263 ferventes,
2223 1251 2226 1256 .
2732 1235 3051 1294 PSALMUS
3088 1235 3300 1292 LXXIV

563 1275 618 1340 et
644 1301 744 1356 per
779 1302 896 1351 ver,
941 1287 1236 1344 virtutibus
1278 1299 1607 1345 vernantes:
1634 1289 1726 1344 vel.
1762 1305 1860 1359 per
1898 1297 2140 1345 aestatem
2732 1275 2756 1292 ⁸
2778 1275 3051 1324 "mm?"
3088 1275 3319 1292 ““""'

561 1376 936 1448 intelliguntur
991 1377 1240 1437 fructum,
1280 1379 1642 1450 colligentes;
1690 1395 1790 1448 per
1835 1395 1949 1445 ver,
2004 1379 2140 1434 bene

561 1468 778 1536 operari
831 1467 1150 1539 incipientes
1179 1469 1363 1538 :quod
1401 1471 1552 1534 dicit,
1589 1480 1822 1526 wstatem
1870 1481 1919 1526 et
1955 1488 2044 1526 ser
2083 1480 2140 1525 tu

2315 1499 2336 1532 ‹
2381 1480 2771 1537 Conlitebimur
2801 1483 2917 1548 tibi,
2955 1484 3120 1548 Deus,
3149 1481 3551 1545 confitebimur,
3576 1489 3627 1534 et
3661 1478 3780 1532 invo-

560 1555 833 1625 plasmasti
863 1573 947 1622 ea,
985 1571 1094 1611 non
1123 1557 1232 1627 ipsa
1265 1573 1342 1613 se.
1373 1557 1524 1614 Unde
1563 1559 1731 1614 illud:
1762 1559 1860 1614 Dei
1883 1562 2018 1615 enim
2047 1561 2142 1618 dei.
2245 1588 2264 1622 ι
2311 1571 2555 1626 cabimus
2583 1586 2779 1628 nomen
2807 1581 2977 1626 tuum.
3009 1571 3366 1626 Narrabimus
3386 1569 3648 1624 mirabilia
3677 1575 3776 1620 tua:

563 1663 691 1699 num
750 1657 846 1714 est,
909 1664 1012 1702 non
1063 1665 1128 1703 ea:
1181 1651 1439 1720 operibus,
1497 1661 1553 1705 ut
1609 1668 1672 1706 ne
1726 1653 1844 1723 quis
1891 1653 2142 1724 glorietur
2225 1677 2266 1710 ,ι
2311 1654 3780 1731 cumacceperotempus,egojustitiasjudicaboJJque-

564 1736 726 1808 (Eph.
764 1738 848 1810 ιι).
883 1738 1088 1794 Memor
1129 1752 1238 1796 esto
1275 1742 1452 1812 hujus,
1493 1743 1737 1798 inimicus
1772 1745 2139 1815 improperavit
2247 1769 2266 1803 s
2311 1749 2807 1816 factaestterra,et
2831 1749 3452 1820 omnesquihabitantin
3467 1759 3780 1816 ea;egocon-

561 1826 807 1883 Domino.
838 1829 1021 1901 Asapb
1050 1831 1238 1887 videns
1267 1832 1384 1888 lucc
1411 1835 1592 1890 omnia
1639 1835 1708 1890 ad
1751 1835 1979 1891 salutem
2003 1853 2137 1908 gen-
2225 1862 2268 1897 -‹
2316 1843 2525 1898 firmavi
2550 1843 2830 1900 columnas
2852 1843 2990 1912 eius.
3019 1843 3138 1897 Dixi
3163 1841 3364 1916 iniquis
3388 1858 3404 1894 :
3436 1838 3611 1893 Nolite
3635 1835 3780 1904 inique

563 1921 696 1975 tium
723 1920 889 1990 facta,
918 1931 973 1978 et
1001 1923 1307 1997 intelligens
1339 1927 1465 1998 quia
1501 1927 1667 1983 multa
1708 1939 1961 1998 operatus
1999 1939 2144 1987 esset
2170 1921 2218 1981 B
2250 1953 2270 1988 ι
2314 1950 2476 2004 agere
2502 1953 2517 2003 ;
2547 1945 2602 1991 et
2635 1934 3071 2006 delinquentibus
3097 1952 3112 1989 :
3143 1933 3320 1988 Nolite
3343 1930 3586 1987 exaltare
3609 1940 3775 2003 cornu;

561 2011 708 2068 Deus
731 2014 783 2068 in
814 2014 1049 2076 oleastro
1079 2016 1303 2084 inserto,
1332 2026 1491 2090 regat
1510 2028 1572 2074 ut
1597 2020 1714 2076 htec
1737 2020 1925 2076 eadem
1953 2037 2143 2091 opere-
2250 2047 2270 2080 s
2317 2027 2482 2082 nolite
2524 2027 2789 2082 extollere
2835 2026 2888 2080 in
2933 2025 3101 2080 altum
3149 2038 3318 2079 cornu
3348 2029 3610 2083 vestrum,
3653 2015 3778 2070 nolite

562 2115 653 2160 tur
681 2106 734 2160 in
761 2106 994 2162 naturali
1039 2107 1204 2174 oliva,
1253 2107 1412 2180 cujus
1445 2110 1583 2165 rami
1616 2110 1772 2166 fracti
1802 2120 1948 2168 sunt.
1977 2111 2143 2179 Quasi
2249 2137 2268 2171 ι
2312 2118 2458 2189 loqui
2493 2118 2754 2173 adversus
2788 2117 2955 2171 Deum
2987 2115 3348 2184 iniquitatem.
3389 2111 3528 2179 Quia
3555 2121 3708 2177 neque
3729 2104 3779 2157 ab

561 2196 710 2252 dicat
729 2197 845 2252 sic:
873 2197 974 2262 Tu,
1003 2197 1249 2264 Domine,
1283 2199 1562 2270 plasmasti
1591 2209 1833 2256 aestatem
1864 2211 1919 2257 et
1948 2218 2063 2268 ver,
2089 2201 2142 2256 id
2250 2229 2268 2263 ι
2312 2211 2542 2274 oriente,
2595 2224 2772 2278 neque
2815 2207 2884 2262 ab
2921 2207 3228 2271 occidente,
3289 2216 3468 2272 neque
3513 2216 3556 2254 a.
3594 2194 3778 2253 desertis

561 2295 668 2351 est,
712 2287 803 2357 qui
838 2287 890 2342 in
914 2289 1164 2360 gentibus
1196 2289 1387 2360 spiritu
1418 2290 1686 2346 ferventes
1709 2300 1764 2345 et
1793 2292 2064 2362 simplices
2089 2294 2143 2348 in
2250 2321 2274 2353 (-
2317 2299 2609 2364 montibus,
2641 2299 2895 2369 quoniam
2935 2297 3078 2352 Deus
3108 2295 3274 2366 judex
3308 2301 3416 2348 est.
3461 2290 3608 2346 Hunc
3640 2284 3776 2341 humi-

561 2377 670 2432 ﬁde
702 2376 898 2444 fecisti,
932 2387 989 2432 tu
1016 2395 1215 2433 memor
1255 2389 1364 2434 esto
1405 2381 1584 2451 hujus,
1626 2383 1882 2437 subaudis
1905 2392 2007 2436 tuae
2030 2383 2144 2453 pla-
2250 2411 2269 2445 ι
2315 2391 2430 2456 liat,
2463 2400 2518 2446 et
2551 2391 2696 2446 hunc
2729 2389 2952 2454 exaltat,
2980 2387 3108 2458 quia
3139 2385 3280 2441 calix
3313 2384 3367 2438 in
3419 2396 3581 2437 manu
3607 2372 3775 2432 Domini

563 2467 852 2524 smationis
900 2467 1055 2524 facta
1091 2470 1148 2525 in
1189 2470 1457 2540 gentibus,
1504 2480 1565 2524 ut
1590 2471 1732 2526 idem
1765 2471 1933 2528 facias
1964 2473 2016 2526 in
2043 2471 2142 2527 Ju-
2223 2501 2274 2535 -σ
2314 2484 2424 2538 vini
2453 2483 2587 2538 meri
2632 2482 2824 2552 plenus
2863 2480 3046 2535 misto.
3096 2478 3163 2532 Et
3211 2473 3494 2532 inclinavit
3528 2487 3592 2527 ex
3628 2471 3712 2523 hoc
3736 2465 3774 2518 in

563 2561 720 2616 daico
761 2560 980 2632 populo,
1015 2561 1067 2615 in
1113 2562 1300 2632 granis
1339 2561 1565 2628 scilicet,
1617 2578 1722 2617 non
1759 2563 1812 2617 in
1855 2564 2042 2634 paleis.
2077 2564 2140 2619 Et

2251 2593 2268 2626 ι
2313 2575 2459 2629 hoc:
2513 2581 2886 2629 verumtamen
2937 2569 3041 2625 lin:
3081 2567 3200 2637 ejus
3245 2581 3349 2622 non
3399 2574 3487 2620 est
3529 2557 3772 2616 exinanita,

565 2667 736 2722 quare
784 2653 945 2720 dico,L
975 2668 1081 2708 non
1115 2652 1168 2706 in
1196 2652 1401 2722 paleis?
1450 2653 1594 2721 Quia.
1639 2656 1903 2721 inimicus,
1958 2657 2010 2710 id
2057 2664 2143 2712 est
2249 2686 2268 2718 ι
2313 2667 2497 2721 bibent
2541 2679 2730 2719 omnes
2758 2671 3073 2733 peccatores
3100 2668 3278 2714 terrae.
3331 2656 3448 2727 Ego
3496 2662 3659 2707 autem
3705 2662 3772 2700 an-

561 2745 742 2814 palea,
768 2744 836 2800 de
862 2743 1060 2815 populo
1086 2745 1198 2811 illo,
1240 2746 1603 2817 improperavit
1635 2746 1881 2814 Domino,
1913 2748 2096 2804 dicens
2124 2766 2137 2802 :

2250 2778 2268 2811 ι
2312 2757 2571 2811 nuntiabo
2620 2755 2676 2809 in
2719 2753 3011 2818 sazculum,
3059 2749 3290 2806 cantabo
3350 2748 3466 2802 Deo
3527 2740 3689 2799 Jacob.
3726 2735 3773 2789 Et

565 2835 680 2891 Nos
701 2837 893 2890 scimus
919 2836 1042 2906 quia
1065 2836 1218 2892 homo
1241 2837 1342 2892 iste
1368 2847 1610 2907 peccator
1635 2847 1709 2892 est
1737 2837 1916 2910 (Joan.
1944 2840 2040 2907 Ix).
2075 2839 2140 2894 Et
2251 2867 2270 2900 ο
2315 2849 2495 2904 omnia
2526 2862 2729 2904 cornua
2771 2853 3117 2915 peccatorum
3147 2840 3508 2911 confringam,
3533 2846 3590 2891 et
3611 2828 3769 2888 exalto

560 2926 782 2998 populus
802 2929 1050 2998 insipiens
1070 2929 1304 2983 incitavit
1329 2945 1515 2984 nomen
1540 2938 1685 2982 tuum
1706 2969 1720 2993 ,
1742 2930 1821 2984 sic
1843 2947 1858 2984 :
1887 2929 1949 2985 Si
1973 2929 2143 2986 Filius
2252 2961 2270 2993 ι
2315 2941 2520 2996 buntur
2543 2953 2749 2994 cornua
2772 2936 2931 3002 justi.
2978 2955 3000 2987 ι

562 3018 662 3127 eei
687 3034 761 3127 es,
804 3019 1084 3127 deseende.
1108 3020 1366 3122 deOcrucOe
1411 3018 1627 3088 (Matth.
1651 3023 1852 3127 xxv")?
1889 3027 1945 3074 et
1971 3019 2101 3127 illud
2569 3065 2574 3070 ι
2809 3067 3238 3127 ΕΝΑηηΑΠο

563 3108 810 3164 Recedea
827 3109 996 3175 nobis,
1010 3111 1282 3165 scientiam
1299 3111 1502 3165 viarum
1524 3120 1734 3164 tuarum
1763 3109 2002 3165 nolumus
2021 3111 2140 3182 (Job

2809 3106 3137 3127 lenllllsll
3158 3106 3176 3123 ιι
3194 3106 3260 3123 νο

3393 3194 3397 3195 ,
3445 3193 3453 3195 _
3605 3190 3619 3195 -
3712 3184 3752 3195 ..ο

565 3199 704 3270 χχι).
724 3199 1039 3254 Memoresto
1055 3201 1237 3271 hujus;
1257 3201 1686 3257 etutmemorsis
1699 3202 1955 3256 netradas
1969 3202 2142 3257 bestiis
2317 3204 2565 3260 Psalmus
2591 3202 2692 3258 iste
2729 3201 2928 3256 tumori
2959 3197 3226 3270 superbiae
3255 3193 3579 3250 medicinam
3605 3184 3769 3244 humili-

563 3292 773 3345 animas
805 3291 1106 3360 conﬁtentes
1143 3293 1254 3355 tibi,
1300 3293 1353 3347 id
1381 3301 1486 3359 est,
1517 3307 1584 3348 ne
1611 3293 1898 3362 permittas
1931 3293 2145 3350 confor-
2172 3275 2217 3339 (ἶ
2251 3295 2379 3350 tatis
2410 3302 2693 3364 apponat:
2728 3292 2830 3348 hoc
2861 3304 3048 3362 agens,
3092 3303 3161 3343 ne
3190 3286 3424 3357 quisque
3475 3280 3705 3351 superbus
3723 3275 3773 3374 tie

565 3382 706 3437 mari
740 3383 949 3450 bestiis,
992 3385 1044 3440 id
1090 3393 1174 3441 est
1221 3385 1520 3442 bestialiter
1555 3386 1880 3454 viventibus,
1908 3388 2144 3443 animam
2248 3400 2314 3441 se
2349 3391 2666 3455 praesumat,
2717 3396 2818 3437 nec
2865 3379 3087 3435 humilis
3131 3377 3201 3432 de
3250 3377 3360 3431 Deo
3407 3374 3767 3464 desperelﬂlu".

565 3473 784 3530 illorum
821 3476 914 3544 qui
969 3476 1244 3532 humiliter
1287 3476 1616 3534 confitentur
1661 3477 1781 3544 tibi,
1830 3479 1978 3534 velut
2027 3479 2142 3534 illi:
2245 3476 2535 3548 promissio
2556 3473 2678 3542 ejus
2710 3481 2856 3529 certe
2883 3481 2966 3527 est
2996 3480 3059 3526 es
3080 3478 3192 3525 rata
3223 3477 3276 3524 et
3313 3468 3765 3548 imoncnssammnl

569 3563 1113 3635 Quidfaciemus,uiri
1134 3566 1324 3638 fratres
1347 3569 1483 3639 (Act.
1510 3567 1696 3638 n)?Et
1720 3569 1926 3624 animas
1950 3586 2147 3641 paupe-
2245 3544 2442 3624 carens
2497 3565 2870 3628 dubitatione,
2925 3577 3044 3632 qua:
3095 3559 3408 3616 consolatur
3467 3555 3683 3610 alﬁictos.
3721 3544 3766 3599 Et

567 3673 687 3711 rum
728 3667 938 3711 tuorum
985 3674 1048 3712 ne
1094 3657 1414 3713 obliviscaris
1439 3659 1491 3712 in
1523 3658 1716 3727 ﬁnem;
1749 3660 1842 3715 sed
1874 3662 2069 3730 respice
2091 3661 2144 3714 in
2247 3674 2418 3731 quare
2457 3655 2730 3711 afflictos?
2762 3653 2897 3721 Quia
2945 3652 3054 3706 vita
3113 3648 3352 3704 hominis
3407 3660 3570 3716 super
3616 3650 3763 3738 terrain

568 3756 931 3802 testamentum
965 3756 1133 3814 tuum,
1187 3747 1241 3803 id
1285 3755 1370 3804 est
1418 3748 1472 3802 in
1523 3756 1667 3802 tuam
1712 3749 2144 3819 promissionem,
2247 3753 2380 3810 nihil
2429 3761 2514 3808 est
2560 3751 2664 3804 nisi
2711 3747 2946 3802 afflictio.
2997 3744 3150 3800 Unde
3196 3741 3334 3797 Job:
3377 3739 3562 3800 Militia
3599 3744 3662 3788 est
3692 3737 3763 3782 rm

567 3851 678 3892 non
710 3836 940 3908 amplius
968 3837 1022 3892 in
1049 3829 1328 3894 nostram:
1360 3839 1412 3893 in
1444 3839 1830 3909 promissiones
1858 3839 2012 3907 Novi,
2038 3856 2144 3896 non
2249 3849 2473 3905 homini;
2513 3862 2670 3916 εαρεγ
2706 3855 2901 3902 terram
2950 3839 3087 3912 (Job
3124 3838 3262 3908 Vir).
3329 3835 3441 3892 Nec
3481 3846 3639 3890 tamen
3675 3839 3760 3916 μέθ’

564 3930 629 3984 in
687 3929 1076 4000 promissiones
1129 3928 1364 3986 Veteris.
1417 3929 1692 3986 Promittit
1739 3934 1884 3988 enim
1939 3934 2145 3989 Novum
2248 3954 2406 4010 spera
2432 3938 2540 3992 vita
2578 3915 2671 3992 est
2722 3943 2870 3988 tanta
2911 3929 3181 4001 eligenda,
3229 3935 3288 3984 et
3329 3928 3551 3982 adversa
3578 3915 3761 3975 vitanda.

568 4019 970 4076 Testamentum
994 4017 1136 4076 istud
1162 4039 1176 4074 :
1205 4019 1340 4076 Ecce
1366 4037 1458 4092 ego
1478 4024 1739 4077 vobiscum
1756 4040 1872 4078 sum
1899 4041 2060 4092 usque
2080 4025 2149 4078 ad
2249 4025 2345 4090 'sed
2385 4041 2613 4100 utraque
2671 4025 2908 4083 cavenda
2936 4043 2950 4079 :
2986 4023 3071 4078 illa
3092 4063 3107 4089 ,
3161 4037 3228 4076 ne
3274 4020 3524 4090 frangat;
3566 4015 3647 4068 ista
3668 4049 3680 4071 ,
3714 4018 3761 4058 ηε

569 4113 1071 4167 consummationem
1126 4111 1306 4167 saeculi
1343 4110 1556 4181 (Matth.
1590 4113 1824 4184 xxvm);
1869 4123 1923 4169 et
1974 4113 2143 4168 illud:
2249 4128 2582 4192 corrumpat,
2611 4127 2668 4172 ut
2689 4115 2981 4186 unicuique
3008 4111 3232 4174 homini,
3262 4111 3314 4164 in
3343 4101 3760 4178 quocunquestal'tl

567 4202 640 4258 Et
667 4219 761 4275 ego
791 4202 1013 4276 diligam
1031 4219 1150 4258 eum
1170 4210 1223 4257 et
1241 4202 1587 4271 manifestabo
1621 4203 1670 4257 ei
1689 4205 1940 4274 meipsum
1963 4202 2144 4274 (Joan.
2251 4228 2432 4270 rerum
2486 4211 2651 4281 degit,
2706 4224 2815 4264 non
2871 4207 2944 4262 si;
2993 4202 3334 4274 refrigerium
3387 4198 3488 4254 nisi
3532 4195 3759 4286 Deus,

565 4296 702 4369 ιιι).
732 4295 791 4352 in
823 4296 927 4354 hoc
956 4293 1373 4353 Testamentum
1397 4294 1624 4365 respice,
1652 4304 1714 4349 ut
1740 4294 1846 4350 illis
1882 4295 1974 4365 qui
1999 4309 2150 4350 aece-
2249 4303 2503 4376 gaudium
2551 4299 2655 4356 nisi
2719 4299 2773 4353 in
2825 4296 2944 4366 ejus
2996 4293 3298 4364 promissis,
3357 4291 3478 4346 vna
3531 4282 3652 4340 enim
3689 4282 3758 4329 ista

566 4398 767 4460 perunt
805 4389 1016 4446 tabulas
1053 4389 1423 4446 hereditatem
1453 4401 1653 4448 serves,
1689 4387 1874 4457 granis
1901 4385 2150 4440 videlicet
2234 4392 2544 4464 quemlibet
2595 4389 2732 4446 fallit
2783 4377 3093 4444 redundans
3125 4383 3404 4438 felicitate.
3460 4379 3588 4434 Deus
3625 4376 3757 4425 autem

568 4496 676 4536 non
704 4481 894 4552 paleis.
932 4481 1000 4536 Et
1031 4497 1203 4552 quare
1231 4497 1337 4537 non
1370 4479 1572 4551 paleis?
1617 4477 1755 4544 Quia
1804 4477 1984 4548 repleti
2027 4488 2146 4532 sunt
2252 4485 2389 4542 fallit
2413 4483 2704 4547 nemiuem,
2736 4481 2861 4550 quia
2891 4492 3054 4533 verax
3085 4485 3170 4532 est
3196 4477 3247 4529 in
3275 4470 3583 4544 promissis;
3608 4470 3757 4556 elﬂll“

568 4574 895 4643 iniquitatem
1057 4573 1319 4627 obscurati
1360 4581 1478 4626 sunt
1523 4581 1675 4624 teme
1717 4569 1930 4636 domus,
2043 4568 2225 4652 est,'“
2254 4588 2501 4633 tenemus
2539 4573 2913 4629 ﬁdelissimum
2946 4569 3349 4652 promissorcm,
3382 4563 3470 4633 qui
3494 4571 3562 4652 (se

567 4632 781 4735 qui'eor
806 4632 961 4719 suum
985 4662 1176 4718 domus
1199 4671 1355 4718 terra:
1376 4662 1638 4727 fecerunt,
1667 4668 1726 4714 ut
1757 4632 1970 4714 terrena
1999 4632 2146 4714 vide;
2175 4632 2227 4692 Β
2255 4632 2418 4724 ίέηάο
2453 4665 2584 4721 feci;
2623 4632 2962 4720 debiiorem:
2991 4647 3098 4715 Sed
3129 4658 3257 4728 quia
3302 4651 3517 4744 homini
3542 4648 3600 4702 ad

567 4755 696 4812 licet
721 4756 792 4812 ibi
821 4763 1027 4810 tantum
1052 4762 1399 4826 reponantur,
1427 4764 1482 4809 ct
1510 4769 1614 4809 non
1639 4751 1959 4823 spiritualla.
1994 4751 2146 4807 Unde
2252 4773 2537 4823 οοηγει-εο,
2604 4754 2876 4811 minandi;
2927 4760 3054 4808 ευιιι
3089 4750 3308 4813 divitiae,
3351 4755 3408 4801 ει
3443 4739 3754 4799 delectationes

569 4843 695 4900 alibi
724 4863 736 4898 :
768 4843 1070 4898 Introibunt
1110 4845 1166 4898 in
1194 4844 1447 4914 inferiora
1481 4853 1635 4898 terrae
1671 4839 1845 4914 (Psal.
1877 4844 2033 4914 uti.)
2066 4839 2147 4896 Ne
2252 4845 2528 4901 mutanda:
2574 4844 2667 4899 sed
2714 4857 2817 4898 non
2864 4839 3284 4897 subtrahendae:
3311 4843 3396 4892 est
3435 4831 3566 4887 enim
3601 4826 3751 4914 ωηιυίξξ

568 4941 837 4988 avertatur
850 4934 1083 4999 humilis,
1112 4934 1164 4988 id
1191 4909 1276 4989 est
1304 4933 1579 4988 humiliter
1599 4909 1819 5003 peccata
1848 4909 2144 4997 confitens,
2253 4936 2545 4993 delectatio
2576 4941 2758 4988 nostra
2792 4947 2899 4988 non
2944 4930 2998 4985 in
3041 4944 3124 4994 re,
3147 4927 3250 4983 sed'
3278 4927 3331 4982 in
3374 4935 3466 4994 spe
3491 4937 3504 4974 :
3553 4909 3752 5014 boui-lli“

564 5021 744 5090 factus
765 5021 1034 5090 confusus,
1057 4997 1102 5076 si
1136 5022 1418 5076 avertitur.
1449 4997 1662 5091 Pauper
1680 5031 1728 5075 et
1749 5023 1920 5091 inops,
1943 5030 2146 5076 aeterna
2238 5025 2495 5098 psalmus
2531 5023 2633 5079 iste
2672 5030 2731 5077 ut
2755 5029 2958 5077 certam
2995 5033 3144 5090 spem
3179 5015 3568 5104 habeamusbl

569 5086 685 5168 sola
714 5086 966 5168 videlicet
995 5086 1385 5179 desiderantes,
1437 5086 1728 5166 laudabunt
1764 5086 1948 5167 nomen
1977 5124 2145 5166 tuum.
2253 5086 2377 5174 ξιιυι·
2402 5118 2455 5172 ἰη
2497 5115 2549 5170 id
2579 5114 2720 5185 quod
2758 5086 3055 5184 speramus.
3091 5109 3227 5164 Nam
3255 5105 3407 5175 cujus
3433 5091 3676 5185 delectatio
3695 5086 3752 5137 εει

571 5203 638 5260 Et
660 5212 719 5258 ut
741 5203 984 5269 laudent,
1011 5219 1250 5273 exsurge,
1299 5203 1461 5269 Deus,
1493 5203 1682 5273 judisa
1727 5219 1944 5256 causam
1978 5212 2144 5268 tuam,
2253 5217 2465 5263 tantum
2508 5207 2562 5260 in
2599 5182 2694 5275 spe
2733 5182 2838 5258 non
2876 5202 3097 5257 fallitur.
3138 5198 3290 5255 Unde
3337 5193 3461 5289 illud
3499 5208 3512 5244 ε

567 5293 625 5348 id
653 5301 739 5350 est
777 5302 1013 5360 tuorum,
1054 5309 1122 5350 ne
1159 5272 1363 5350 frustra
1402 5272 1651 5350 videatur
1691 5293 1942 5349 videlicet
1983 5309 2146 5349 causa
2256 5299 2309 5351 in
2352 5297 2576 5351 Domino
2621 5292 2807 5365 (Psal.
2862 5291 3120 5360 cxsxvi).
3156 5289 3226 5343 Et
3271 5301 3339 5382 ne
3381 5285 3485 5382 cito
3513 5272 3750 5382 ﬁliifilii:

572 5382 665 5439 illa
707 5395 930 5456 propter
968 5353 1131 5456 quam
1170 5393 1522 5442 contemnunt
1557 5375 1840 5455 praesentia
1868 5395 1925 5442 et
1955 5401 2147 5456 exspe—
2255 5390 2458 5446 habere
2492 5402 2590 5458 pro
2625 5353 2734 5456 quo
2757 5353 3107 5446 deleelamut.
3165 5359 3530 5447 subiﬁnsiw“
3560 5353 3746 5458 ξιβαξξί

575 5448 726 5532 ctanl
749 5448 950 5532 fuiura.
984 5448 1190 5533 λοιπον
1213 5488 1322 5533 esto
1355 5448 1792 5548 improperiorum‘
1819 5448 2152 5541 tuorunt-,-eo-
2256 5481 2354 5534 tibi
2369 5448 2840 5548 petitiones-cordis
2883 5473 2960 5527 tui
2988 5471 3007 5544 (
3031 5470 3218 5540 lbid.).
3263 5467 3411 5524 Unde
3439 5448 3746 5548 θτεοΑάάθθίξ

576 5584 694 5622 rum
734 5569 985 5625 videlicet
1026 5587 1142 5640 qua:
1165 5569 1229 5623 ab
1273 5541 1542 5638 insipiente
1573 5579 1691 5623 sunt
1740 5578 1848 5622 tota
1871 5569 1973 5622 die.
2015 5568 2150 5622 lusi-
2255 5541 2428 5636 τίς,ἐί
2461 5585 2566 5625 non
2615 5563 2948 5670 habe-equod
2989 5541 3165 5665 petis;
3212 5541 3743 5670 nisi

577 5659 789 5728 pientes
827 5669 970 5727 sunt,
1019 5662 1321 5717 nescientes
1366 5659 1468 5715 sibi
1510 5659 1563 5713 in
1615 5667 1890 5729 posterum
1935 5672 2152 5724 cavere,
2256 5661 2632 5719 fidelissimum
2680 5658 3000 5722 debitorem,
3053 5653 3144 5724 qui
3191 5632 3728 5757 promittendonffgis‘:

580 5717 611 5804 ξι
645 5751 838 5820 quibus
869 5753 929 5808 lit
951 5717 1333 5824 improperium
1372 5717 1638 5816 fidelibus:
1671 5755 1812 5823 quod
1842 5717 2156 5823 exspectant
2256 5717 2520 5810 deberet?
2547 5749 2760 5805 Titulus
2781 5717 3094 5849 exponitur;
3117 5717 3738 5849 ne:cot‘fﬂml":‘;3:i:

582 5841 759 5896 futura
796 5852 847 5897 et
874 5815 1220 5899 contemnunt
1256 5848 1576 5914 praesentia;
1619 5845 1774 5915 hujus
1803 5846 1921 5901 talis
1952 5845 2152 5914 impro-
2258 5858 2362 5900 non
2393 5840 2749 5912 corrumpas?
2794 5835 3002 5895 Exliibe
3046 5833 3299 5891 videlicet
3338 5824 3468 5900 quod
3494 5815 3736 5890 promi-im"

2220 1364 2294 1422 ,ια
2353 1365 2512 1404 ῑΙΝΕὶΙ
2540 1390 2564 1417 ,,
2613 1365 2680 1405 ηε
2717 1367 3027 1408 εοιιιιιιιιρλε
3049 1392 3065 1418 ,
3105 1364 3339 1406 PSALIUS
3376 1362 3590 1405 CAN'IICI
3623 1363 3777 1404 Δειη.
