  <div class='ocr_page' id='page_1' title='image "/cluster/home/n/w/nwhite01/storage/ocr_20150623/131/hvd.32044015471725/272.png"; bbox 0 0 3918 6408; ppageno 0'>
   <div class='ocr_carea' id='block_1_1' title="bbox 181 438 276 495">
    <p class='ocr_par' dir='ltr' id='par_1_1' title="bbox 181 438 276 495">
     <span class='ocr_line' id='line_1_1' title="bbox 181 438 276 495; baseline 0.021 -2"><span class='ocrx_word' id='word_1_1' title='bbox 181 438 276 495; x_wconf 70' lang='grc' dir='ltr'><strong>ἱδὸ</strong></span> 
     </span>
    </p>
   </div>
   <div class='ocr_carea' id='block_1_2' title="bbox 1270 429 2278 491">
    <p class='ocr_par' dir='ltr' id='par_1_2' title="bbox 1270 429 2278 491">
     <span class='ocr_line' id='line_1_2' title="bbox 1270 429 2278 491; baseline -0.008 0"><span class='ocrx_word' id='word_1_2' title='bbox 1270 431 1799 491; x_wconf 74' lang='lat' dir='ltr'><strong>ENARRATIONES</strong></span> <span class='ocrx_word' id='word_1_3' title='bbox 1838 429 1905 487; x_wconf 81' lang='lat' dir='ltr'><strong>1N</strong></span> <span class='ocrx_word' id='word_1_4' title='bbox 1942 430 2278 488; x_wconf 78' lang='lat' dir='ltr'><strong>PSALMOS.</strong></span> 
     </span>
    </p>
   </div>
   <div class='ocr_carea' id='block_1_3' title="bbox 3327 445 3435 502">
    <p class='ocr_par' dir='ltr' id='par_1_3' title="bbox 3327 445 3435 502">
     <span class='ocr_line' id='line_1_3' title="bbox 3327 445 3435 502; baseline 0.019 -2"><span class='ocrx_word' id='word_1_5' title='bbox 3327 445 3435 502; x_wconf 67' lang='lat'><strong>5&#39;54</strong></span> 
     </span>
    </p>
   </div>
   <div class='ocr_carea' id='block_1_4' title="bbox 141 542 3431 646">
    <p class='ocr_par' dir='ltr' id='par_1_4' title="bbox 141 542 3431 646">
     <span class='ocr_line' id='line_1_4' title="bbox 141 542 3431 646; baseline 0 -42"><span class='ocrx_word' id='word_1_6' title='bbox 141 542 334 646; x_wconf 43' lang='lat' dir='ltr'><strong>il‘ulem</strong></span> <span class='ocrx_word' id='word_1_7' title='bbox 377 567 560 607; x_wconf 80' lang='lat' dir='ltr'><strong>veram</strong></span> <span class='ocrx_word' id='word_1_8' title='bbox 605 561 665 607; x_wconf 77' lang='grc' dir='ltr'><strong>ει·</strong></span> <span class='ocrx_word' id='word_1_9' title='bbox 690 565 860 622; x_wconf 87' lang='lat' dir='ltr'><strong>spem,</strong></span> <span class='ocrx_word' id='word_1_10' title='bbox 913 548 1137 605; x_wconf 91' lang='lat' dir='ltr'><strong>tendens</strong></span> <span class='ocrx_word' id='word_1_11' title='bbox 1181 548 1234 604; x_wconf 92' lang='lat' dir='ltr'><strong>in</strong></span> <span class='ocrx_word' id='word_1_12' title='bbox 1279 550 1459 618; x_wconf 81' lang='lat' dir='ltr'><strong>ﬁnem,</strong></span> <span class='ocrx_word' id='word_1_13' title='bbox 1495 549 1549 604; x_wconf 89' lang='lat' dir='ltr'><strong>id</strong></span> <span class='ocrx_word' id='word_1_14' title='bbox 1579 555 1661 604; x_wconf 92' lang='lat' dir='ltr'><strong>est</strong></span> <span class='ocrx_word' id='word_1_15' title='bbox 1691 547 1743 600; x_wconf 92' lang='lat' dir='ltr'><strong>in</strong></span> <span class='ocrx_word' id='word_1_16' title='bbox 1774 547 1821 608; x_wconf 77' lang='grc' dir='ltr'><strong>Α</strong></span> <span class='ocrx_word' id='word_1_17' title='bbox 1851 560 2012 615; x_wconf 90' lang='lat' dir='ltr'><strong>quam</strong></span> <span class='ocrx_word' id='word_1_18' title='bbox 2028 543 2274 615; x_wconf 80' lang='lat' dir='ltr'><strong>judicare</strong></span> <span class='ocrx_word' id='word_1_19' title='bbox 2303 545 2459 617; x_wconf 91' lang='lat' dir='ltr'><strong>:quia</strong></span> <span class='ocrx_word' id='word_1_20' title='bbox 2484 544 2526 600; x_wconf 87' lang='lat' dir='ltr'><strong>si</strong></span> <span class='ocrx_word' id='word_1_21' title='bbox 2550 544 2696 615; x_wconf 91' lang='lat' dir='ltr'><strong>prius</strong></span> <span class='ocrx_word' id='word_1_22' title='bbox 2713 544 3152 628; x_wconf 68' lang='lat' dir='ltr'><strong>jumurciquam</strong></span> <span class='ocrx_word' id='word_1_23' title='bbox 3175 562 3431 630; x_wconf 44' lang='lat' dir='ltr'><strong>pra-dic“-</strong></span> 
     </span>
    </p>
   </div>
   <div class='ocr_carea' id='block_1_5' title="bbox 172 637 1753 711">
    <p class='ocr_par' dir='ltr' id='par_1_5' title="bbox 172 637 1753 711">
     <span class='ocr_line' id='line_1_5' title="bbox 172 637 1753 711; baseline -0.003 -16"><span class='ocrx_word' id='word_1_24' title='bbox 172 642 474 707; x_wconf 73' lang='lat' dir='ltr'><strong>Christum,</strong></span> <span class='ocrx_word' id='word_1_25' title='bbox 502 642 754 697; x_wconf 76' lang='lat' dir='ltr'><strong>videlicet</strong></span> <span class='ocrx_word' id='word_1_26' title='bbox 784 656 899 711; x_wconf 85' lang='lat' dir='ltr'><strong>spe,</strong></span> <span class='ocrx_word' id='word_1_27' title='bbox 929 648 985 695; x_wconf 89' lang='lat' dir='ltr'><strong>et</strong></span> <span class='ocrx_word' id='word_1_28' title='bbox 1006 655 1112 695; x_wconf 92' lang='lat' dir='ltr'><strong>non</strong></span> <span class='ocrx_word' id='word_1_29' title='bbox 1144 638 1196 694; x_wconf 93' lang='lat' dir='ltr'><strong>in</strong></span> <span class='ocrx_word' id='word_1_30' title='bbox 1224 638 1481 694; x_wconf 89' lang='lat' dir='ltr'><strong>mundum</strong></span> <span class='ocrx_word' id='word_1_31' title='bbox 1509 654 1588 694; x_wconf 90' lang='lat' dir='ltr'><strong>re.</strong></span> <span class='ocrx_word' id='word_1_32' title='bbox 1618 637 1753 692; x_wconf 85' lang='lat' dir='ltr'><strong>Nam</strong></span> 
     </span>
    </p>
   </div>
   <div class='ocr_carea' id='block_1_6' title="bbox 169 718 1754 801">
    <p class='ocr_par' dir='ltr' id='par_1_6' title="bbox 169 718 1754 801">
     <span class='ocr_line' id='line_1_6' title="bbox 169 718 1754 801; baseline 0.001 -19"><span class='ocrx_word' id='word_1_33' title='bbox 169 731 265 801; x_wconf 84' lang='lat' dir='ltr'><strong>qui</strong></span> <span class='ocrx_word' id='word_1_34' title='bbox 294 732 553 787; x_wconf 89' lang='lat' dir='ltr'><strong>mundum</strong></span> <span class='ocrx_word' id='word_1_35' title='bbox 588 733 638 787; x_wconf 92' lang='lat' dir='ltr'><strong>in</strong></span> <span class='ocrx_word' id='word_1_36' title='bbox 666 748 726 788; x_wconf 87' lang='lat' dir='ltr'><strong>re</strong></span> <span class='ocrx_word' id='word_1_37' title='bbox 756 739 959 797; x_wconf 84' lang='lat' dir='ltr'><strong>tenent,</strong></span> <span class='ocrx_word' id='word_1_38' title='bbox 991 738 1046 785; x_wconf 92' lang='lat' dir='ltr'><strong>et</strong></span> <span class='ocrx_word' id='word_1_39' title='bbox 1073 718 1178 785; x_wconf 89' lang='lat' dir='ltr'><strong>non</strong></span> <span class='ocrx_word' id='word_1_40' title='bbox 1210 728 1487 785; x_wconf 73' lang='lat' dir='ltr'><strong>Christum</strong></span> <span class='ocrx_word' id='word_1_41' title='bbox 1520 743 1643 798; x_wconf 88' lang='lat' dir='ltr'><strong>spe,</strong></span> <span class='ocrx_word' id='word_1_42' title='bbox 1679 728 1754 783; x_wconf 93' lang='lat' dir='ltr'><strong>illi</strong></span> 
     </span>
    </p>
   </div>
   <div class='ocr_carea' id='block_1_7' title="bbox 167 818 1756 894">
    <p class='ocr_par' dir='ltr' id='par_1_7' title="bbox 167 818 1756 894">
     <span class='ocr_line' id='line_1_7' title="bbox 167 818 1756 894; baseline -0.003 -16"><span class='ocrx_word' id='word_1_43' title='bbox 167 823 391 878; x_wconf 85' lang='lat' dir='ltr'><strong>tandem</strong></span> <span class='ocrx_word' id='word_1_44' title='bbox 436 838 608 894; x_wconf 90' lang='lat' dir='ltr'><strong>neque</strong></span> <span class='ocrx_word' id='word_1_45' title='bbox 647 831 808 878; x_wconf 90' lang='lat' dir='ltr'><strong>erunt</strong></span> <span class='ocrx_word' id='word_1_46' title='bbox 852 823 905 877; x_wconf 93' lang='lat' dir='ltr'><strong>in</strong></span> <span class='ocrx_word' id='word_1_47' title='bbox 950 836 1041 886; x_wconf 90' lang='lat' dir='ltr'><strong>re,</strong></span> <span class='ocrx_word' id='word_1_48' title='bbox 1087 835 1262 891; x_wconf 90' lang='lat' dir='ltr'><strong>neque</strong></span> <span class='ocrx_word' id='word_1_49' title='bbox 1292 820 1343 874; x_wconf 92' lang='lat' dir='ltr'><strong>in</strong></span> <span class='ocrx_word' id='word_1_50' title='bbox 1374 834 1494 890; x_wconf 91' lang='lat' dir='ltr'><strong>spe,</strong></span> <span class='ocrx_word' id='word_1_51' title='bbox 1528 832 1648 873; x_wconf 92' lang='lat' dir='ltr'><strong>cum</strong></span> <span class='ocrx_word' id='word_1_52' title='bbox 1682 818 1756 873; x_wconf 92' lang='lat' dir='ltr'><strong>illi</strong></span> 
     </span>
    </p>
   </div>
   <div class='ocr_carea' id='block_1_8' title="bbox 170 907 1757 985">
    <p class='ocr_par' dir='ltr' id='par_1_8' title="bbox 170 907 1757 985">
     <span class='ocr_line' id='line_1_8' title="bbox 170 907 1757 985; baseline -0.003 -18"><span class='ocrx_word' id='word_1_53' title='bbox 170 929 284 984; x_wconf 92' lang='lat' dir='ltr'><strong>quo</strong></span> <span class='ocrx_word' id='word_1_54' title='bbox 313 915 473 970; x_wconf 87' lang='lat' dir='ltr'><strong>modo</strong></span> <span class='ocrx_word' id='word_1_55' title='bbox 511 923 639 970; x_wconf 91' lang='lat' dir='ltr'><strong>sunt</strong></span> <span class='ocrx_word' id='word_1_56' title='bbox 666 915 716 969; x_wconf 94' lang='lat' dir='ltr'><strong>in</strong></span> <span class='ocrx_word' id='word_1_57' title='bbox 753 928 868 985; x_wconf 83' lang='lat' dir='ltr'><strong>spe,</strong></span> <span class='ocrx_word' id='word_1_58' title='bbox 914 911 1284 984; x_wconf 89' lang='lat' dir='ltr'><strong>gloriabuntur</strong></span> <span class='ocrx_word' id='word_1_59' title='bbox 1314 910 1368 965; x_wconf 92' lang='lat' dir='ltr'><strong>in</strong></span> <span class='ocrx_word' id='word_1_60' title='bbox 1396 924 1473 963; x_wconf 91' lang='lat' dir='ltr'><strong>re.</strong></span> <span class='ocrx_word' id='word_1_61' title='bbox 1511 907 1757 963; x_wconf 85' lang='lat' dir='ltr'><strong>Psalmus</strong></span> 
     </span>
    </p>
   </div>
   <div class='ocr_carea' id='block_1_9' title="bbox 172 1000 1759 1077">
    <p class='ocr_par' dir='ltr' id='par_1_9' title="bbox 172 1000 1759 1077">
     <span class='ocr_line' id='line_1_9' title="bbox 172 1000 1759 1077; baseline -0.004 -18"><span class='ocrx_word' id='word_1_62' title='bbox 172 1006 357 1077; x_wconf 77' lang='lat' dir='ltr'><strong>Asapli</strong></span> <span class='ocrx_word' id='word_1_63' title='bbox 389 1008 600 1073; x_wconf 87' lang='lat' dir='ltr'><strong>cantici,</strong></span> <span class='ocrx_word' id='word_1_64' title='bbox 641 1007 693 1060; x_wconf 88' lang='lat' dir='ltr'><strong>id</strong></span> <span class='ocrx_word' id='word_1_65' title='bbox 719 1015 803 1061; x_wconf 90' lang='lat' dir='ltr'><strong>est</strong></span> <span class='ocrx_word' id='word_1_66' title='bbox 832 1020 860 1058; x_wconf 94' lang='lat' dir='ltr'><strong>a</strong></span> <span class='ocrx_word' id='word_1_67' title='bbox 885 1004 1097 1059; x_wconf 91' lang='lat' dir='ltr'><strong>cantico</strong></span> <span class='ocrx_word' id='word_1_68' title='bbox 1128 1001 1425 1057; x_wconf 90' lang='lat' dir='ltr'><strong>habendus.</strong></span> <span class='ocrx_word' id='word_1_69' title='bbox 1454 1000 1633 1070; x_wconf 80' lang='lat' dir='ltr'><strong>Asaph</strong></span> <span class='ocrx_word' id='word_1_70' title='bbox 1657 1000 1759 1054; x_wconf 90' lang='lat' dir='ltr'><strong>iste</strong></span> 
     </span>
    </p>
   </div>
   <div class='ocr_carea' id='block_1_10' title="bbox 162 1088 1760 1161">
    <p class='ocr_par' dir='ltr' id='par_1_10' title="bbox 162 1088 1760 1161">
     <span class='ocr_line' id='line_1_10' title="bbox 162 1088 1760 1161; baseline -0.003 -14"><span class='ocrx_word' id='word_1_71' title='bbox 162 1095 394 1150; x_wconf 83' lang='lat' dir='ltr'><strong>videtur</strong></span> <span class='ocrx_word' id='word_1_72' title='bbox 435 1094 712 1149; x_wconf 89' lang='lat' dir='ltr'><strong>Christum</strong></span> <span class='ocrx_word' id='word_1_73' title='bbox 774 1101 991 1157; x_wconf 89' lang='lat' dir='ltr'><strong>notare,</strong></span> <span class='ocrx_word' id='word_1_74' title='bbox 1043 1091 1169 1161; x_wconf 89' lang='lat' dir='ltr'><strong>quia</strong></span> <span class='ocrx_word' id='word_1_75' title='bbox 1229 1091 1330 1146; x_wconf 91' lang='lat' dir='ltr'><strong>iste</strong></span> <span class='ocrx_word' id='word_1_76' title='bbox 1384 1089 1654 1159; x_wconf 73' lang='lat' dir='ltr'><strong>prmcipuc</strong></span> <span class='ocrx_word' id='word_1_77' title='bbox 1706 1088 1760 1142; x_wconf 90' lang='lat' dir='ltr'><strong>in</strong></span> 
     </span>
    </p>
   </div>
   <div class='ocr_carea' id='block_1_11' title="bbox 162 1183 1763 1257">
    <p class='ocr_par' dir='ltr' id='par_1_11' title="bbox 162 1183 1763 1257">
     <span class='ocr_line' id='line_1_11' title="bbox 162 1183 1763 1257; baseline -0.002 -19"><span class='ocrx_word' id='word_1_78' title='bbox 162 1187 376 1256; x_wconf 87' lang='lat' dir='ltr'><strong>populo</strong></span> <span class='ocrx_word' id='word_1_79' title='bbox 434 1187 524 1242; x_wconf 92' lang='lat' dir='ltr'><strong>illo</strong></span> <span class='ocrx_word' id='word_1_80' title='bbox 583 1188 718 1242; x_wconf 89' lang='lat' dir='ltr'><strong>alios</strong></span> <span class='ocrx_word' id='word_1_81' title='bbox 789 1186 1133 1257; x_wconf 87' lang='lat' dir='ltr'><strong>congregavit</strong></span> <span class='ocrx_word' id='word_1_82' title='bbox 1196 1194 1247 1239; x_wconf 91' lang='lat' dir='ltr'><strong>et</strong></span> <span class='ocrx_word' id='word_1_83' title='bbox 1307 1184 1407 1243; x_wconf 90' lang='lat' dir='ltr'><strong>sibi</strong></span> <span class='ocrx_word' id='word_1_84' title='bbox 1456 1183 1763 1238; x_wconf 89' lang='lat' dir='ltr'><strong>conformes</strong></span> 
     </span>
    </p>
   </div>
   <div class='ocr_carea' id='block_1_12' title="bbox 163 1263 1763 1347">
    <p class='ocr_par' dir='ltr' id='par_1_12' title="bbox 163 1263 1763 1347">
     <span class='ocr_line' id='line_1_12' title="bbox 163 1263 1763 1347; baseline -0.001 -19"><span class='ocrx_word' id='word_1_85' title='bbox 163 1263 301 1330; x_wconf 73' lang='lat' dir='ltr'><strong>fecit</strong></span> <span class='ocrx_word' id='word_1_86' title='bbox 332 1292 346 1341; x_wconf 91' lang='lat'><strong>;</strong></span> <span class='ocrx_word' id='word_1_87' title='bbox 379 1278 531 1347; x_wconf 85' lang='lat' dir='ltr'><strong>cujus</strong></span> <span class='ocrx_word' id='word_1_88' title='bbox 560 1292 660 1331; x_wconf 81' lang='lat' dir='ltr'><strong>vox</strong></span> <span class='ocrx_word' id='word_1_89' title='bbox 678 1286 761 1331; x_wconf 88' lang='lat' dir='ltr'><strong>est</strong></span> <span class='ocrx_word' id='word_1_90' title='bbox 795 1277 847 1330; x_wconf 95' lang='lat' dir='ltr'><strong>in</strong></span> <span class='ocrx_word' id='word_1_91' title='bbox 896 1276 995 1330; x_wconf 91' lang='lat' dir='ltr'><strong>hoc</strong></span> <span class='ocrx_word' id='word_1_92' title='bbox 1033 1274 1262 1345; x_wconf 80' lang='lat' dir='ltr'><strong>psalmo,</strong></span> <span class='ocrx_word' id='word_1_93' title='bbox 1295 1272 1635 1329; x_wconf 74' lang='lat' dir='ltr'><strong>exhortantis</strong></span> <span class='ocrx_word' id='word_1_94' title='bbox 1664 1285 1763 1327; x_wconf 91' lang='lat' dir='ltr'><strong>nos</strong></span> 
     </span>
    </p>
   </div>
   <div class='ocr_carea' id='block_1_13' title="bbox 160 1360 1763 1439">
    <p class='ocr_par' dir='ltr' id='par_1_13' title="bbox 160 1360 1763 1439">
     <span class='ocr_line' id='line_1_13' title="bbox 160 1360 1763 1439; baseline 0 -24"><span class='ocrx_word' id='word_1_95' title='bbox 160 1376 223 1419; x_wconf 86' lang='lat' dir='ltr'><strong>ut</strong></span> <span class='ocrx_word' id='word_1_96' title='bbox 261 1366 543 1421; x_wconf 84' lang='lat' dir='ltr'><strong>humiliter</strong></span> <span class='ocrx_word' id='word_1_97' title='bbox 592 1367 702 1422; x_wconf 90' lang='lat' dir='ltr'><strong>Deo</strong></span> <span class='ocrx_word' id='word_1_98' title='bbox 747 1365 1124 1439; x_wconf 86' lang='lat' dir='ltr'><strong>confiteamur,</strong></span> <span class='ocrx_word' id='word_1_99' title='bbox 1178 1372 1232 1419; x_wconf 92' lang='lat' dir='ltr'><strong>et</strong></span> <span class='ocrx_word' id='word_1_100' title='bbox 1278 1379 1384 1418; x_wconf 90' lang='lat' dir='ltr'><strong>non</strong></span> <span class='ocrx_word' id='word_1_101' title='bbox 1436 1362 1667 1435; x_wconf 87' lang='lat' dir='ltr'><strong>superbe</strong></span> <span class='ocrx_word' id='word_1_102' title='bbox 1696 1360 1763 1416; x_wconf 92' lang='lat' dir='ltr'><strong>de</strong></span> 
     </span>
    </p>
   </div>
   <div class='ocr_carea' id='block_1_14' title="bbox 163 1446 1731 1525">
    <p class='ocr_par' dir='ltr' id='par_1_14' title="bbox 163 1446 1731 1525">
     <span class='ocr_line' id='line_1_14' title="bbox 163 1446 1731 1525; baseline -0.001 -18"><span class='ocrx_word' id='word_1_103' title='bbox 163 1456 335 1510; x_wconf 88' lang='lat' dir='ltr'><strong>nobis</strong></span> <span class='ocrx_word' id='word_1_104' title='bbox 365 1470 777 1525; x_wconf 66' lang='lat' dir='ltr'><strong>praesumamus.</strong></span> <span class='ocrx_word' id='word_1_105' title='bbox 810 1455 951 1509; x_wconf 90' lang='lat' dir='ltr'><strong>Dicit</strong></span> <span class='ocrx_word' id='word_1_106' title='bbox 984 1462 1165 1507; x_wconf 90' lang='lat' dir='ltr'><strong>autem</strong></span> <span class='ocrx_word' id='word_1_107' title='bbox 1196 1454 1275 1508; x_wconf 93' lang='lat' dir='ltr'><strong>sic</strong></span> <span class='ocrx_word' id='word_1_108' title='bbox 1308 1470 1321 1506; x_wconf 91' lang='lat'><strong>:</strong></span> <span class='ocrx_word' id='word_1_109' title='bbox 1724 1446 1731 1457; x_wconf 67' lang='grc'><strong><em>³</em></strong></span> 
     </span>
    </p>
   </div>
   <div class='ocr_carea' id='block_1_15' title="bbox 243 1542 1763 1615">
    <p class='ocr_par' dir='ltr' id='par_1_15' title="bbox 243 1542 1763 1615">
     <span class='ocr_line' id='line_1_15' title="bbox 243 1542 1763 1615; baseline -0.003 -14"><span class='ocrx_word' id='word_1_110' title='bbox 243 1546 627 1615; x_wconf 79' lang='lat' dir='ltr'><strong>Conﬁtebimur</strong></span> <span class='ocrx_word' id='word_1_111' title='bbox 653 1547 768 1612; x_wconf 92' lang='lat' dir='ltr'><strong>tibi,</strong></span> <span class='ocrx_word' id='word_1_112' title='bbox 801 1546 964 1609; x_wconf 85' lang='lat' dir='ltr'><strong>Deus,</strong></span> <span class='ocrx_word' id='word_1_113' title='bbox 994 1544 1379 1613; x_wconf 75' lang='lat' dir='ltr'><strong>conﬁtebimur,</strong></span> <span class='ocrx_word' id='word_1_114' title='bbox 1418 1552 1465 1597; x_wconf 85' lang='lat' dir='ltr'><strong>et</strong></span> <span class='ocrx_word' id='word_1_115' title='bbox 1500 1542 1763 1597; x_wconf 82' lang='lat' dir='ltr'><strong>invocabi—</strong></span> 
     </span>
    </p>
   </div>
   <div class='ocr_carea' id='block_1_16' title="bbox 169 1632 1765 1705">
    <p class='ocr_par' dir='ltr' id='par_1_16' title="bbox 169 1632 1765 1705">
     <span class='ocr_line' id='line_1_16' title="bbox 169 1632 1765 1705; baseline -0.003 -16"><span class='ocrx_word' id='word_1_116' title='bbox 169 1652 296 1690; x_wconf 82' lang='lat' dir='ltr'><strong>mus</strong></span> <span class='ocrx_word' id='word_1_117' title='bbox 327 1653 515 1690; x_wconf 85' lang='lat' dir='ltr'><strong>nomen</strong></span> <span class='ocrx_word' id='word_1_118' title='bbox 544 1646 717 1689; x_wconf 87' lang='lat' dir='ltr'><strong>tuum.</strong></span> <span class='ocrx_word' id='word_1_119' title='bbox 750 1635 885 1690; x_wconf 82' lang='lat' dir='ltr'><strong>Nota</strong></span> <span class='ocrx_word' id='word_1_120' title='bbox 926 1635 1076 1705; x_wconf 82' lang='lat' dir='ltr'><strong>prius</strong></span> <span class='ocrx_word' id='word_1_121' title='bbox 1104 1632 1467 1689; x_wconf 85' lang='lat' dir='ltr'><strong>conﬁtendum</strong></span> <span class='ocrx_word' id='word_1_122' title='bbox 1490 1673 1504 1698; x_wconf 96' lang='lat'><strong>,</strong></span> <span class='ocrx_word' id='word_1_123' title='bbox 1547 1640 1602 1687; x_wconf 88' lang='lat' dir='ltr'><strong>et</strong></span> <span class='ocrx_word' id='word_1_124' title='bbox 1643 1639 1765 1701; x_wconf 89' lang='lat' dir='ltr'><strong>post</strong></span> 
     </span>
    </p>
   </div>
   <div class='ocr_carea' id='block_1_17' title="bbox 170 1722 1758 1795">
    <p class='ocr_par' dir='ltr' id='par_1_17' title="bbox 170 1722 1758 1795">
     <span class='ocr_line' id='line_1_17' title="bbox 170 1722 1758 1795; baseline -0.003 -16"><span class='ocrx_word' id='word_1_125' title='bbox 170 1725 575 1787; x_wconf 81' lang='lat' dir='ltr'><strong>invocandum,</strong></span> <span class='ocrx_word' id='word_1_126' title='bbox 651 1725 777 1795; x_wconf 88' lang='lat' dir='ltr'><strong>quia</strong></span> <span class='ocrx_word' id='word_1_127' title='bbox 842 1738 1003 1794; x_wconf 86' lang='lat' dir='ltr'><strong>quem</strong></span> <span class='ocrx_word' id='word_1_128' title='bbox 1060 1723 1282 1777; x_wconf 87' lang='lat' dir='ltr'><strong>invocas</strong></span> <span class='ocrx_word' id='word_1_129' title='bbox 1342 1722 1395 1777; x_wconf 93' lang='lat' dir='ltr'><strong>in</strong></span> <span class='ocrx_word' id='word_1_130' title='bbox 1466 1731 1516 1777; x_wconf 92' lang='lat' dir='ltr'><strong>te</strong></span> <span class='ocrx_word' id='word_1_131' title='bbox 1578 1735 1758 1775; x_wconf 91' lang='lat' dir='ltr'><strong>vocas.</strong></span> 
     </span>
    </p>
   </div>
   <div class='ocr_carea' id='block_1_18' title="bbox 170 1810 1761 1877">
    <p class='ocr_par' dir='ltr' id='par_1_18' title="bbox 170 1810 1761 1877">
     <span class='ocr_line' id='line_1_18' title="bbox 170 1810 1761 1877; baseline 0 -10"><span class='ocrx_word' id='word_1_132' title='bbox 170 1813 231 1867; x_wconf 91' lang='lat' dir='ltr'><strong>In</strong></span> <span class='ocrx_word' id='word_1_133' title='bbox 270 1822 325 1867; x_wconf 90' lang='lat' dir='ltr'><strong>te</strong></span> <span class='ocrx_word' id='word_1_134' title='bbox 373 1822 556 1869; x_wconf 88' lang='lat' dir='ltr'><strong>autem</strong></span> <span class='ocrx_word' id='word_1_135' title='bbox 596 1828 704 1868; x_wconf 91' lang='lat' dir='ltr'><strong>non</strong></span> <span class='ocrx_word' id='word_1_136' title='bbox 752 1814 901 1869; x_wconf 87' lang='lat' dir='ltr'><strong>venit</strong></span> <span class='ocrx_word' id='word_1_137' title='bbox 952 1813 1095 1868; x_wconf 88' lang='lat' dir='ltr'><strong>Deus</strong></span> <span class='ocrx_word' id='word_1_138' title='bbox 1142 1820 1399 1877; x_wconf 88' lang='lat' dir='ltr'><strong>vocatus,</strong></span> <span class='ocrx_word' id='word_1_139' title='bbox 1429 1812 1472 1866; x_wconf 93' lang='lat' dir='ltr'><strong>si</strong></span> <span class='ocrx_word' id='word_1_140' title='bbox 1506 1821 1562 1866; x_wconf 90' lang='lat' dir='ltr'><strong>tu</strong></span> <span class='ocrx_word' id='word_1_141' title='bbox 1593 1810 1761 1867; x_wconf 90' lang='lat' dir='ltr'><strong>fueris</strong></span> 
     </span>
    </p>
   </div>
   <div class='ocr_carea' id='block_1_19' title="bbox 169 1892 1836 1975">
    <p class='ocr_par' dir='ltr' id='par_1_19' title="bbox 169 1892 1836 1975">
     <span class='ocr_line' id='line_1_19' title="bbox 169 1892 1836 1975; baseline -0.004 -13"><span class='ocrx_word' id='word_1_142' title='bbox 169 1906 376 1971; x_wconf 89' lang='lat' dir='ltr'><strong>elatus,</strong></span> <span class='ocrx_word' id='word_1_143' title='bbox 423 1907 547 1975; x_wconf 85' lang='lat' dir='ltr'><strong>quia</strong></span> <span class='ocrx_word' id='word_1_144' title='bbox 596 1905 908 1961; x_wconf 78' lang='lat' dir='ltr'><strong>ad&#39;elatum</strong></span> <span class='ocrx_word' id='word_1_145' title='bbox 962 1921 1070 1960; x_wconf 91' lang='lat' dir='ltr'><strong>non</strong></span> <span class='ocrx_word' id='word_1_146' title='bbox 1117 1906 1365 1971; x_wconf 88' lang='lat' dir='ltr'><strong>accedit,</strong></span> <span class='ocrx_word' id='word_1_147' title='bbox 1422 1892 1514 1960; x_wconf 86' lang='lat' dir='ltr'><strong>sed</strong></span> <span class='ocrx_word' id='word_1_148' title='bbox 1544 1904 1609 1960; x_wconf 89' lang='lat' dir='ltr'><strong>ad</strong></span> <span class='ocrx_word' id='word_1_149' title='bbox 1656 1906 1757 1959; x_wconf 88' lang='lat' dir='ltr'><strong>hu-</strong></span> <span class='ocrx_word' id='word_1_150' title='bbox 1789 1895 1836 1955; x_wconf 89' lang='lat' dir='ltr'><strong>B</strong></span> 
     </span>
    </p>
   </div>
   <div class='ocr_carea' id='block_1_20' title="bbox 172 1997 1762 2068">
    <p class='ocr_par' dir='ltr' id='par_1_20' title="bbox 172 1997 1762 2068">
     <span class='ocr_line' id='line_1_20' title="bbox 172 1997 1762 2068; baseline -0.002 -15"><span class='ocrx_word' id='word_1_151' title='bbox 172 1998 387 2053; x_wconf 88' lang='lat' dir='ltr'><strong>militcr</strong></span> <span class='ocrx_word' id='word_1_152' title='bbox 426 1998 797 2054; x_wconf 82' lang='lat' dir='ltr'><strong>confitentem.</strong></span> <span class='ocrx_word' id='word_1_153' title='bbox 838 1998 1127 2053; x_wconf 82' lang='lat' dir='ltr'><strong>Faciamus</strong></span> <span class='ocrx_word' id='word_1_154' title='bbox 1173 2012 1302 2068; x_wconf 87' lang='lat' dir='ltr'><strong>ergo</strong></span> <span class='ocrx_word' id='word_1_155' title='bbox 1342 1997 1762 2063; x_wconf 85' lang='lat' dir='ltr'><strong>confessionem,</strong></span> 
     </span>
    </p>
   </div>
   <div class='ocr_carea' id='block_1_21' title="bbox 170 2088 1765 2153">
    <p class='ocr_par' dir='ltr' id='par_1_21' title="bbox 170 2088 1765 2153">
     <span class='ocr_line' id='line_1_21' title="bbox 170 2088 1765 2153; baseline -0.001 -8"><span class='ocrx_word' id='word_1_156' title='bbox 170 2104 286 2145; x_wconf 89' lang='lat' dir='ltr'><strong>non</strong></span> <span class='ocrx_word' id='word_1_157' title='bbox 318 2097 378 2144; x_wconf 94' lang='lat' dir='ltr'><strong>ut</strong></span> <span class='ocrx_word' id='word_1_158' title='bbox 423 2104 547 2144; x_wconf 86' lang='lat' dir='ltr'><strong>cum</strong></span> <span class='ocrx_word' id='word_1_159' title='bbox 576 2089 825 2153; x_wconf 89' lang='lat' dir='ltr'><strong>delectet,</strong></span> <span class='ocrx_word' id='word_1_160' title='bbox 848 2089 941 2145; x_wconf 90' lang='lat' dir='ltr'><strong>sed</strong></span> <span class='ocrx_word' id='word_1_161' title='bbox 966 2101 1024 2144; x_wconf 86' lang='lat' dir='ltr'><strong>ut</strong></span> <span class='ocrx_word' id='word_1_162' title='bbox 1053 2104 1152 2143; x_wconf 92' lang='lat' dir='ltr'><strong>nos</strong></span> <span class='ocrx_word' id='word_1_163' title='bbox 1175 2089 1417 2144; x_wconf 90' lang='lat' dir='ltr'><strong>mundet.</strong></span> <span class='ocrx_word' id='word_1_164' title='bbox 1449 2088 1765 2143; x_wconf 85' lang='lat' dir='ltr'><strong>Mundemus</strong></span> 
     </span>
    </p>
   </div>
   <div class='ocr_carea' id='block_1_22' title="bbox 172 2182 1767 2254">
    <p class='ocr_par' dir='ltr' id='par_1_22' title="bbox 172 2182 1767 2254">
     <span class='ocr_line' id='line_1_22' title="bbox 172 2182 1767 2254; baseline 0.001 -18"><span class='ocrx_word' id='word_1_165' title='bbox 172 2182 439 2252; x_wconf 84' lang='lat' dir='ltr'><strong>templum</strong></span> <span class='ocrx_word' id='word_1_166' title='bbox 487 2191 731 2237; x_wconf 89' lang='lat' dir='ltr'><strong>nostrum</strong></span> <span class='ocrx_word' id='word_1_167' title='bbox 768 2199 865 2254; x_wconf 92' lang='lat' dir='ltr'><strong>per</strong></span> <span class='ocrx_word' id='word_1_168' title='bbox 903 2182 1322 2249; x_wconf 83' lang='lat' dir='ltr'><strong>confessionem,</strong></span> <span class='ocrx_word' id='word_1_169' title='bbox 1354 2184 1407 2237; x_wconf 94' lang='lat' dir='ltr'><strong>in</strong></span> <span class='ocrx_word' id='word_1_170' title='bbox 1438 2199 1546 2254; x_wconf 90' lang='lat' dir='ltr'><strong>quo</strong></span> <span class='ocrx_word' id='word_1_171' title='bbox 1587 2183 1767 2238; x_wconf 81' lang='lat' dir='ltr'><strong>veniet</strong></span> 
     </span>
    </p>
   </div>
   <div class='ocr_carea' id='block_1_23' title="bbox 172 2260 1768 2343">
    <p class='ocr_par' dir='ltr' id='par_1_23' title="bbox 172 2260 1768 2343">
     <span class='ocr_line' id='line_1_23' title="bbox 172 2260 1768 2343; baseline 0.003 -19"><span class='ocrx_word' id='word_1_172' title='bbox 172 2270 484 2325; x_wconf 91' lang='lat' dir='ltr'><strong>invocatus.</strong></span> <span class='ocrx_word' id='word_1_173' title='bbox 533 2271 725 2327; x_wconf 84' lang='lat' dir='ltr'><strong>Omnia</strong></span> <span class='ocrx_word' id='word_1_174' title='bbox 774 2273 882 2327; x_wconf 90' lang='lat' dir='ltr'><strong>alta</strong></span> <span class='ocrx_word' id='word_1_175' title='bbox 926 2282 986 2327; x_wconf 94' lang='lat' dir='ltr'><strong>ut</strong></span> <span class='ocrx_word' id='word_1_176' title='bbox 1015 2274 1365 2343; x_wconf 84' lang='lat' dir='ltr'><strong>attingamus,</strong></span> <span class='ocrx_word' id='word_1_177' title='bbox 1416 2289 1515 2328; x_wconf 92' lang='lat' dir='ltr'><strong>nos</strong></span> <span class='ocrx_word' id='word_1_178' title='bbox 1557 2260 1768 2329; x_wconf 65' lang='lat' dir='ltr'><strong>eftolli—</strong></span> 
     </span>
    </p>
   </div>
   <div class='ocr_carea' id='block_1_24' title="bbox 173 2361 1771 2430">
    <p class='ocr_par' dir='ltr' id='par_1_24' title="bbox 173 2361 1771 2430">
     <span class='ocr_line' id='line_1_24' title="bbox 173 2361 1771 2430; baseline 0.003 -15"><span class='ocrx_word' id='word_1_179' title='bbox 173 2376 302 2415; x_wconf 88' lang='lat' dir='ltr'><strong>mus</strong></span> <span class='ocrx_word' id='word_1_180' title='bbox 331 2368 387 2416; x_wconf 88' lang='lat' dir='ltr'><strong>et</strong></span> <span class='ocrx_word' id='word_1_181' title='bbox 413 2361 672 2430; x_wconf 77' lang='lat' dir='ltr'><strong>erigimus</strong></span> <span class='ocrx_word' id='word_1_182' title='bbox 697 2379 711 2429; x_wconf 94' lang='lat'><strong>;</strong></span> <span class='ocrx_word' id='word_1_183' title='bbox 741 2372 795 2418; x_wconf 90' lang='lat' dir='ltr'><strong>et</strong></span> <span class='ocrx_word' id='word_1_184' title='bbox 820 2364 865 2417; x_wconf 90' lang='lat' dir='ltr'><strong>si</strong></span> <span class='ocrx_word' id='word_1_185' title='bbox 903 2378 1002 2418; x_wconf 92' lang='lat' dir='ltr'><strong>nos</strong></span> <span class='ocrx_word' id='word_1_186' title='bbox 1026 2379 1130 2418; x_wconf 90' lang='lat' dir='ltr'><strong>non</strong></span> <span class='ocrx_word' id='word_1_187' title='bbox 1156 2364 1467 2429; x_wconf 81' lang='lat' dir='ltr'><strong>suliicimus,</strong></span> <span class='ocrx_word' id='word_1_188' title='bbox 1500 2365 1771 2419; x_wconf 85' lang='lat' dir='ltr'><strong>machina-</strong></span> 
     </span>
    </p>
   </div>
   <div class='ocr_carea' id='block_1_25' title="bbox 172 2446 1769 2528">
    <p class='ocr_par' dir='ltr' id='par_1_25' title="bbox 172 2446 1769 2528">
     <span class='ocr_line' id='line_1_25' title="bbox 172 2446 1769 2528; baseline 0.003 -21"><span class='ocrx_word' id='word_1_189' title='bbox 172 2462 363 2507; x_wconf 86' lang='lat' dir='ltr'><strong>menta</strong></span> <span class='ocrx_word' id='word_1_190' title='bbox 390 2462 445 2508; x_wconf 91' lang='lat' dir='ltr'><strong>et</strong></span> <span class='ocrx_word' id='word_1_191' title='bbox 474 2454 651 2509; x_wconf 87' lang='lat' dir='ltr'><strong>scalas</strong></span> <span class='ocrx_word' id='word_1_192' title='bbox 689 2446 1004 2524; x_wconf 73' lang='lat' dir='ltr'><strong>quicrimus,</strong></span> <span class='ocrx_word' id='word_1_193' title='bbox 1033 2462 1093 2509; x_wconf 90' lang='lat' dir='ltr'><strong>ut</strong></span> <span class='ocrx_word' id='word_1_194' title='bbox 1120 2470 1182 2509; x_wconf 91' lang='lat' dir='ltr'><strong>ea</strong></span> <span class='ocrx_word' id='word_1_195' title='bbox 1210 2456 1543 2528; x_wconf 89' lang='lat' dir='ltr'><strong>attingamus</strong></span> <span class='ocrx_word' id='word_1_196' title='bbox 1568 2474 1582 2509; x_wconf 93' lang='lat'><strong>:</strong></span> <span class='ocrx_word' id='word_1_197' title='bbox 1630 2458 1769 2511; x_wconf 84' lang='lat' dir='ltr'><strong>Deus</strong></span> 
     </span>
    </p>
   </div>
   <div class='ocr_carea' id='block_1_26' title="bbox 174 2544 1768 2618">
    <p class='ocr_par' dir='ltr' id='par_1_26' title="bbox 174 2544 1768 2618">
     <span class='ocr_line' id='line_1_26' title="bbox 174 2544 1768 2618; baseline 0.001 -18"><span class='ocrx_word' id='word_1_198' title='bbox 174 2544 324 2600; x_wconf 81' lang='lat' dir='ltr'><strong>altus</strong></span> <span class='ocrx_word' id='word_1_199' title='bbox 374 2552 475 2611; x_wconf 91' lang='lat' dir='ltr'><strong>est,</strong></span> <span class='ocrx_word' id='word_1_200' title='bbox 522 2546 615 2601; x_wconf 88' lang='lat' dir='ltr'><strong>sed</strong></span> <span class='ocrx_word' id='word_1_201' title='bbox 656 2544 723 2600; x_wconf 91' lang='lat' dir='ltr'><strong>ab</strong></span> <span class='ocrx_word' id='word_1_202' title='bbox 764 2546 872 2602; x_wconf 90' lang='lat' dir='ltr'><strong>alto</strong></span> <span class='ocrx_word' id='word_1_203' title='bbox 920 2562 1025 2602; x_wconf 93' lang='lat' dir='ltr'><strong>non</strong></span> <span class='ocrx_word' id='word_1_204' title='bbox 1071 2547 1356 2618; x_wconf 87' lang='lat' dir='ltr'><strong>attingitur</strong></span> <span class='ocrx_word' id='word_1_205' title='bbox 1401 2566 1414 2602; x_wconf 89' lang='lat'><strong>:</strong></span> <span class='ocrx_word' id='word_1_206' title='bbox 1462 2548 1576 2618; x_wconf 91' lang='lat' dir='ltr'><strong>ipse</strong></span> <span class='ocrx_word' id='word_1_207' title='bbox 1625 2548 1768 2602; x_wconf 90' lang='lat' dir='ltr'><strong>enim</strong></span> 
     </span>
    </p>
   </div>
   <div class='ocr_carea' id='block_1_27' title="bbox 172 2636 1769 2709">
    <p class='ocr_par' dir='ltr' id='par_1_27' title="bbox 172 2636 1769 2709">
     <span class='ocr_line' id='line_1_27' title="bbox 172 2636 1769 2709; baseline 0.003 -21"><span class='ocrx_word' id='word_1_208' title='bbox 172 2649 348 2706; x_wconf 87' lang='lat' dir='ltr'><strong>prope</strong></span> <span class='ocrx_word' id='word_1_209' title='bbox 372 2643 457 2691; x_wconf 82' lang='lat' dir='ltr'><strong>est</strong></span> <span class='ocrx_word' id='word_1_210' title='bbox 502 2636 587 2691; x_wconf 89' lang='lat' dir='ltr'><strong>his</strong></span> <span class='ocrx_word' id='word_1_211' title='bbox 618 2645 823 2692; x_wconf 89' lang='lat' dir='ltr'><strong>tantum</strong></span> <span class='ocrx_word' id='word_1_212' title='bbox 849 2678 863 2703; x_wconf 92' lang='lat'><strong>,</strong></span> <span class='ocrx_word' id='word_1_213' title='bbox 905 2638 995 2709; x_wconf 91' lang='lat' dir='ltr'><strong>qui</strong></span> <span class='ocrx_word' id='word_1_214' title='bbox 1026 2639 1363 2693; x_wconf 90' lang='lat' dir='ltr'><strong>obtriverunt</strong></span> <span class='ocrx_word' id='word_1_215' title='bbox 1400 2654 1514 2695; x_wconf 93' lang='lat' dir='ltr'><strong>cor.</strong></span> <span class='ocrx_word' id='word_1_216' title='bbox 1554 2639 1769 2694; x_wconf 85' lang='lat' dir='ltr'><strong>Tritura</strong></span> 
     </span>
    </p>
   </div>
   <div class='ocr_carea' id='block_1_28' title="bbox 176 2727 1770 2799">
    <p class='ocr_par' dir='ltr' id='par_1_28' title="bbox 176 2727 1770 2799">
     <span class='ocr_line' id='line_1_28' title="bbox 176 2727 1770 2799; baseline 0.002 -17"><span class='ocrx_word' id='word_1_217' title='bbox 176 2735 367 2782; x_wconf 87' lang='lat' dir='ltr'><strong>autem</strong></span> <span class='ocrx_word' id='word_1_218' title='bbox 400 2727 581 2783; x_wconf 91' lang='lat' dir='ltr'><strong>cordis</strong></span> <span class='ocrx_word' id='word_1_219' title='bbox 606 2768 621 2793; x_wconf 95' lang='lat'><strong>,</strong></span> <span class='ocrx_word' id='word_1_220' title='bbox 652 2728 825 2798; x_wconf 90' lang='lat' dir='ltr'><strong>pietas</strong></span> <span class='ocrx_word' id='word_1_221' title='bbox 873 2738 928 2785; x_wconf 91' lang='lat' dir='ltr'><strong>et</strong></span> <span class='ocrx_word' id='word_1_222' title='bbox 973 2729 1247 2785; x_wconf 87' lang='lat' dir='ltr'><strong>humilitas</strong></span> <span class='ocrx_word' id='word_1_223' title='bbox 1295 2738 1415 2784; x_wconf 91' lang='lat' dir='ltr'><strong>est:</strong></span> <span class='ocrx_word' id='word_1_224' title='bbox 1453 2731 1543 2799; x_wconf 88' lang='lat' dir='ltr'><strong>qui</strong></span> <span class='ocrx_word' id='word_1_225' title='bbox 1592 2739 1770 2787; x_wconf 89' lang='lat' dir='ltr'><strong>autem</strong></span> 
     </span>
    </p>
   </div>
   <div class='ocr_carea' id='block_1_29' title="bbox 175 2817 1771 2890">
    <p class='ocr_par' dir='ltr' id='par_1_29' title="bbox 175 2817 1771 2890">
     <span class='ocr_line' id='line_1_29' title="bbox 175 2817 1771 2890; baseline 0.003 -19"><span class='ocrx_word' id='word_1_226' title='bbox 175 2817 381 2872; x_wconf 89' lang='lat' dir='ltr'><strong>obterit</strong></span> <span class='ocrx_word' id='word_1_227' title='bbox 413 2833 531 2885; x_wconf 93' lang='lat' dir='ltr'><strong>cor,</strong></span> <span class='ocrx_word' id='word_1_228' title='bbox 567 2818 668 2873; x_wconf 85' lang='lat' dir='ltr'><strong>sibi</strong></span> <span class='ocrx_word' id='word_1_229' title='bbox 696 2819 968 2874; x_wconf 89' lang='lat' dir='ltr'><strong>irascitur.</strong></span> <span class='ocrx_word' id='word_1_230' title='bbox 997 2820 1176 2886; x_wconf 89' lang='lat' dir='ltr'><strong>Quare</strong></span> <span class='ocrx_word' id='word_1_231' title='bbox 1216 2828 1269 2873; x_wconf 92' lang='lat' dir='ltr'><strong>tu</strong></span> <span class='ocrx_word' id='word_1_232' title='bbox 1310 2820 1537 2890; x_wconf 90' lang='lat' dir='ltr'><strong>quisque</strong></span> <span class='ocrx_word' id='word_1_233' title='bbox 1580 2828 1630 2875; x_wconf 91' lang='lat' dir='ltr'><strong>te</strong></span> <span class='ocrx_word' id='word_1_234' title='bbox 1676 2822 1771 2875; x_wconf 87' lang='lat' dir='ltr'><strong>ha-</strong></span> 
     </span>
    </p>
   </div>
   <div class='ocr_carea' id='block_1_30' title="bbox 176 2907 1772 2979">
    <p class='ocr_par' dir='ltr' id='par_1_30' title="bbox 176 2907 1772 2979">
     <span class='ocr_line' id='line_1_30' title="bbox 176 2907 1772 2979; baseline 0.001 -17"><span class='ocrx_word' id='word_1_235' title='bbox 176 2907 312 2962; x_wconf 88' lang='lat' dir='ltr'><strong>beas</strong></span> <span class='ocrx_word' id='word_1_236' title='bbox 342 2907 543 2962; x_wconf 90' lang='lat' dir='ltr'><strong>iratum</strong></span> <span class='ocrx_word' id='word_1_237' title='bbox 567 2949 583 2974; x_wconf 96' lang='lat'><strong>,</strong></span> <span class='ocrx_word' id='word_1_238' title='bbox 630 2916 691 2964; x_wconf 93' lang='lat' dir='ltr'><strong>ut</strong></span> <span class='ocrx_word' id='word_1_239' title='bbox 733 2909 940 2964; x_wconf 89' lang='lat' dir='ltr'><strong>sentias</strong></span> <span class='ocrx_word' id='word_1_240' title='bbox 970 2922 1090 2964; x_wconf 91' lang='lat' dir='ltr'><strong>eum</strong></span> <span class='ocrx_word' id='word_1_241' title='bbox 1134 2907 1402 2979; x_wconf 91' lang='lat' dir='ltr'><strong>placatum</strong></span> <span class='ocrx_word' id='word_1_242' title='bbox 1435 2927 1448 2962; x_wconf 88' lang='lat'><strong>:</strong></span> <span class='ocrx_word' id='word_1_243' title='bbox 1484 2909 1682 2964; x_wconf 87' lang='lat' dir='ltr'><strong>habeas</strong></span> <span class='ocrx_word' id='word_1_244' title='bbox 1721 2917 1772 2963; x_wconf 91' lang='lat' dir='ltr'><strong>te</strong></span> 
     </span>
    </p>
   </div>
   <div class='ocr_carea' id='block_1_31' title="bbox 177 2998 1772 3067">
    <p class='ocr_par' dir='ltr' id='par_1_31' title="bbox 177 2998 1772 3067">
     <span class='ocr_line' id='line_1_31' title="bbox 177 2998 1772 3067; baseline 0.003 -14"><span class='ocrx_word' id='word_1_245' title='bbox 177 3007 559 3055; x_wconf 88' lang='lat' dir='ltr'><strong>accusatorem</strong></span> <span class='ocrx_word' id='word_1_246' title='bbox 593 3039 608 3065; x_wconf 97' lang='lat'><strong>,</strong></span> <span class='ocrx_word' id='word_1_247' title='bbox 656 3010 715 3056; x_wconf 93' lang='lat' dir='ltr'><strong>ut</strong></span> <span class='ocrx_word' id='word_1_248' title='bbox 767 3000 1009 3055; x_wconf 89' lang='lat' dir='ltr'><strong>invenias</strong></span> <span class='ocrx_word' id='word_1_249' title='bbox 1056 2999 1203 3055; x_wconf 91' lang='lat' dir='ltr'><strong>illum</strong></span> <span class='ocrx_word' id='word_1_250' title='bbox 1253 2998 1637 3067; x_wconf 86' lang='lat' dir='ltr'><strong>defensorem;</strong></span> <span class='ocrx_word' id='word_1_251' title='bbox 1686 3001 1772 3057; x_wconf 90' lang='lat' dir='ltr'><strong>fac</strong></span> 
     </span>
    </p>
   </div>
   <div class='ocr_carea' id='block_1_32' title="bbox 178 3088 1772 3164">
    <p class='ocr_par' dir='ltr' id='par_1_32' title="bbox 178 3088 1772 3164">
     <span class='ocr_line' id='line_1_32' title="bbox 178 3088 1772 3164; baseline 0.002 -18"><span class='ocrx_word' id='word_1_252' title='bbox 178 3088 494 3147; x_wconf 78' lang='lat' dir='ltr'><strong>conﬁtendo</strong></span> <span class='ocrx_word' id='word_1_253' title='bbox 520 3092 616 3149; x_wconf 89' lang='lat' dir='ltr'><strong>tibi</strong></span> <span class='ocrx_word' id='word_1_254' title='bbox 663 3094 980 3164; x_wconf 92' lang='lat' dir='ltr'><strong>propitium,</strong></span> <span class='ocrx_word' id='word_1_255' title='bbox 1011 3107 1169 3162; x_wconf 88' lang='lat' dir='ltr'><strong>quem</strong></span> <span class='ocrx_word' id='word_1_256' title='bbox 1210 3093 1457 3164; x_wconf 81' lang='lat' dir='ltr'><strong>negando</strong></span> <span class='ocrx_word' id='word_1_257' title='bbox 1486 3110 1590 3149; x_wconf 92' lang='lat' dir='ltr'><strong>non</strong></span> <span class='ocrx_word' id='word_1_258' title='bbox 1640 3093 1772 3150; x_wconf 88' lang='lat' dir='ltr'><strong>facis</strong></span> 
     </span>
    </p>
   </div>
   <div class='ocr_carea' id='block_1_33' title="bbox 180 3182 1773 3259">
    <p class='ocr_par' dir='ltr' id='par_1_33' title="bbox 180 3182 1773 3259">
     <span class='ocr_line' id='line_1_33' title="bbox 180 3182 1773 3259; baseline 0.004 -22"><span class='ocrx_word' id='word_1_259' title='bbox 180 3182 472 3238; x_wconf 84' lang='lat' dir='ltr'><strong>nescium:</strong></span> <span class='ocrx_word' id='word_1_260' title='bbox 506 3184 765 3259; x_wconf 85' lang='lat' dir='ltr'><strong>confitere</strong></span> <span class='ocrx_word' id='word_1_261' title='bbox 796 3193 853 3255; x_wconf 83' lang='lat' dir='ltr'><strong>ut</strong></span> <span class='ocrx_word' id='word_1_262' title='bbox 892 3191 1103 3255; x_wconf 77' lang='lat' dir='ltr'><strong>avertat</strong></span> <span class='ocrx_word' id='word_1_263' title='bbox 1148 3184 1341 3245; x_wconf 80' lang='lat' dir='ltr'><strong>faciem</strong></span> <span class='ocrx_word' id='word_1_264' title='bbox 1374 3201 1527 3242; x_wconf 90' lang='lat' dir='ltr'><strong>suam</strong></span> <span class='ocrx_word' id='word_1_265' title='bbox 1569 3202 1600 3241; x_wconf 90' lang='lat' dir='ltr'><strong>a</strong></span> <span class='ocrx_word' id='word_1_266' title='bbox 1647 3202 1773 3257; x_wconf 92' lang='lat' dir='ltr'><strong>pec-</strong></span> 
     </span>
    </p>
   </div>
   <div class='ocr_carea' id='block_1_34' title="bbox 1859 636 3432 707">
    <p class='ocr_par' dir='ltr' id='par_1_34' title="bbox 1859 636 3432 707">
     <span class='ocr_line' id='line_1_34' title="bbox 1859 636 3432 707; baseline 0.006 -17"><span class='ocrx_word' id='word_1_267' title='bbox 1859 645 1959 701; x_wconf 87' lang='lat' dir='ltr'><strong>ret,</strong></span> <span class='ocrx_word' id='word_1_268' title='bbox 1995 637 2117 707; x_wconf 90' lang='lat' dir='ltr'><strong>quis</strong></span> <span class='ocrx_word' id='word_1_269' title='bbox 2153 636 2563 692; x_wconf 88' lang='lat' dir='ltr'><strong>absolveretur?</strong></span> <span class='ocrx_word' id='word_1_270' title='bbox 2592 645 2648 691; x_wconf 92' lang='lat' dir='ltr'><strong>et</strong></span> <span class='ocrx_word' id='word_1_271' title='bbox 2694 638 2815 706; x_wconf 89' lang='lat' dir='ltr'><strong>quis</strong></span> <span class='ocrx_word' id='word_1_272' title='bbox 2860 638 3207 703; x_wconf 66' lang='lat' dir='ltr'><strong>liberaretur?</strong></span> <span class='ocrx_word' id='word_1_273' title='bbox 3246 649 3432 706; x_wconf 73' lang='lat' dir='ltr'><strong>Nullus</strong></span> 
     </span>
    </p>
   </div>
   <div class='ocr_carea' id='block_1_35' title="bbox 1840 728 3435 811">
    <p class='ocr_par' dir='ltr' id='par_1_35' title="bbox 1840 728 3435 811">
     <span class='ocr_line' id='line_1_35' title="bbox 1840 728 3435 811; baseline 0 -29"><span class='ocrx_word' id='word_1_274' title='bbox 1840 729 2061 800; x_wconf 87' lang='lat' dir='ltr'><strong>utique.</strong></span> <span class='ocrx_word' id='word_1_275' title='bbox 2084 728 2262 795; x_wconf 86' lang='lat' dir='ltr'><strong>Quare</strong></span> <span class='ocrx_word' id='word_1_276' title='bbox 2279 745 2520 785; x_wconf 89' lang='lat' dir='ltr'><strong>amemus</strong></span> <span class='ocrx_word' id='word_1_277' title='bbox 2540 729 2942 798; x_wconf 70' lang='lat' dir='ltr'><strong>praedicantem,</strong></span> <span class='ocrx_word' id='word_1_278' title='bbox 2963 740 3021 783; x_wconf 87' lang='lat' dir='ltr'><strong>ut</strong></span> <span class='ocrx_word' id='word_1_279' title='bbox 3044 742 3217 785; x_wconf 70' lang='lat' dir='ltr'><strong>securi</strong></span> <span class='ocrx_word' id='word_1_280' title='bbox 3239 758 3435 811; x_wconf 72' lang='lat' dir='ltr'><strong>QxSpc-</strong></span> 
     </span>
    </p>
   </div>
   <div class='ocr_carea' id='block_1_36' title="bbox 1859 820 3432 893">
    <p class='ocr_par' dir='ltr' id='par_1_36' title="bbox 1859 820 3432 893">
     <span class='ocr_line' id='line_1_36' title="bbox 1859 820 3432 893; baseline -0.002 -17"><span class='ocrx_word' id='word_1_281' title='bbox 1859 830 2066 877; x_wconf 89' lang='lat' dir='ltr'><strong>ctemus</strong></span> <span class='ocrx_word' id='word_1_282' title='bbox 2107 837 2230 877; x_wconf 90' lang='lat' dir='ltr'><strong>eum</strong></span> <span class='ocrx_word' id='word_1_283' title='bbox 2268 823 2622 893; x_wconf 89' lang='lat' dir='ltr'><strong>judicantem.</strong></span> <span class='ocrx_word' id='word_1_284' title='bbox 2666 823 2785 892; x_wconf 88' lang='lat' dir='ltr'><strong>Ipse</strong></span> <span class='ocrx_word' id='word_1_285' title='bbox 2815 821 3025 892; x_wconf 88' lang='lat' dir='ltr'><strong>accepit</strong></span> <span class='ocrx_word' id='word_1_286' title='bbox 3062 830 3270 890; x_wconf 84' lang='lat' dir='ltr'><strong>tempus</strong></span> <span class='ocrx_word' id='word_1_287' title='bbox 3297 820 3432 890; x_wconf 50' lang='lat' dir='ltr'><strong>jam~</strong></span> 
     </span>
    </p>
   </div>
   <div class='ocr_carea' id='block_1_37' title="bbox 1859 909 3441 983">
    <p class='ocr_par' dir='ltr' id='par_1_37' title="bbox 1859 909 3441 983">
     <span class='ocr_line' id='line_1_37' title="bbox 1859 909 3441 983; baseline -0.001 -17"><span class='ocrx_word' id='word_1_288' title='bbox 1859 909 2293 979; x_wconf 87' lang='lat' dir='ltr'><strong>candijustitias,</strong></span> <span class='ocrx_word' id='word_1_289' title='bbox 2337 928 2434 967; x_wconf 92' lang='lat' dir='ltr'><strong>nos</strong></span> <span class='ocrx_word' id='word_1_290' title='bbox 2478 914 2783 983; x_wconf 89' lang='lat' dir='ltr'><strong>accepimus</strong></span> <span class='ocrx_word' id='word_1_291' title='bbox 2819 922 3028 982; x_wconf 91' lang='lat' dir='ltr'><strong>tempus</strong></span> <span class='ocrx_word' id='word_1_292' title='bbox 3072 912 3320 966; x_wconf 79' lang='lat' dir='ltr'><strong>faciendi.</strong></span> <span class='ocrx_word' id='word_1_293' title='bbox 3370 912 3441 965; x_wconf 85' lang='lat' dir='ltr'><strong>De</strong></span> 
     </span>
    </p>
   </div>
   <div class='ocr_carea' id='block_1_38' title="bbox 1860 1002 3440 1073">
    <p class='ocr_par' dir='ltr' id='par_1_38' title="bbox 1860 1002 3440 1073">
     <span class='ocr_line' id='line_1_38' title="bbox 1860 1002 3440 1073; baseline 0.001 -18"><span class='ocrx_word' id='word_1_294' title='bbox 1860 1016 1925 1055; x_wconf 87' lang='lat' dir='ltr'><strong>eo</strong></span> <span class='ocrx_word' id='word_1_295' title='bbox 1970 1002 2170 1057; x_wconf 86' lang='lat' dir='ltr'><strong>dictum</strong></span> <span class='ocrx_word' id='word_1_296' title='bbox 2211 1013 2334 1058; x_wconf 87' lang='lat' dir='ltr'><strong>est:</strong></span> <span class='ocrx_word' id='word_1_297' title='bbox 2371 1003 2790 1057; x_wconf 72' lang='lat' dir='ltr'><strong>Misericordia&quot;:</strong></span> <span class='ocrx_word' id='word_1_298' title='bbox 2834 1015 2879 1058; x_wconf 89' lang='lat' dir='ltr'><strong>et</strong></span> <span class='ocrx_word' id='word_1_299' title='bbox 2908 1004 3174 1073; x_wconf 79' lang='lat' dir='ltr'><strong>judicium</strong></span> <span class='ocrx_word' id='word_1_300' title='bbox 3219 1004 3440 1057; x_wconf 89' lang='lat' dir='ltr'><strong>cantabo</strong></span> 
     </span>
    </p>
   </div>
   <div class='ocr_carea' id='block_1_39' title="bbox 1862 1094 3442 1168">
    <p class='ocr_par' dir='ltr' id='par_1_39' title="bbox 1862 1094 3442 1168">
     <span class='ocr_line' id='line_1_39' title="bbox 1862 1094 3442 1168; baseline 0.003 -22"><span class='ocrx_word' id='word_1_301' title='bbox 1862 1094 1975 1160; x_wconf 79' lang='lat' dir='ltr'><strong>tibi,</strong></span> <span class='ocrx_word' id='word_1_302' title='bbox 2003 1095 2226 1151; x_wconf 87' lang='lat' dir='ltr'><strong>Domine</strong></span> <span class='ocrx_word' id='word_1_303' title='bbox 2258 1095 2432 1167; x_wconf 83' lang='lat' dir='ltr'><strong>(Psal.</strong></span> <span class='ocrx_word' id='word_1_304' title='bbox 2465 1096 2538 1168; x_wconf 89' lang='lat' dir='ltr'><strong>c).</strong></span> <span class='ocrx_word' id='word_1_305' title='bbox 2568 1096 2749 1163; x_wconf 85' lang='lat' dir='ltr'><strong>Quare</strong></span> <span class='ocrx_word' id='word_1_306' title='bbox 2776 1106 2833 1151; x_wconf 93' lang='lat' dir='ltr'><strong>ut</strong></span> <span class='ocrx_word' id='word_1_307' title='bbox 2864 1113 2968 1151; x_wconf 87' lang='lat' dir='ltr'><strong>non</strong></span> <span class='ocrx_word' id='word_1_308' title='bbox 3001 1097 3285 1150; x_wconf 85' lang='lat' dir='ltr'><strong>timeamus</strong></span> <span class='ocrx_word' id='word_1_309' title='bbox 3314 1110 3442 1166; x_wconf 77' lang='lat' dir='ltr'><strong>pec-</strong></span> 
     </span>
    </p>
   </div>
   <div class='ocr_carea' id='block_1_40' title="bbox 1863 1187 3445 1257">
    <p class='ocr_par' dir='ltr' id='par_1_40' title="bbox 1863 1187 3445 1257">
     <span class='ocr_line' id='line_1_40' title="bbox 1863 1187 3445 1257; baseline -0.001 -17"><span class='ocrx_word' id='word_1_310' title='bbox 1863 1195 2106 1240; x_wconf 85' lang='lat' dir='ltr'><strong>calorum</strong></span> <span class='ocrx_word' id='word_1_311' title='bbox 2144 1187 2483 1255; x_wconf 90' lang='lat' dir='ltr'><strong>punitorem,</strong></span> <span class='ocrx_word' id='word_1_312' title='bbox 2535 1201 2778 1241; x_wconf 89' lang='lat' dir='ltr'><strong>amemus</strong></span> <span class='ocrx_word' id='word_1_313' title='bbox 2824 1195 3169 1257; x_wconf 85' lang='lat' dir='ltr'><strong>peccatorum</strong></span> <span class='ocrx_word' id='word_1_314' title='bbox 3219 1187 3445 1239; x_wconf 82' lang='lat' dir='ltr'><strong>donato-</strong></span> 
     </span>
    </p>
   </div>
   <div class='ocr_carea' id='block_1_41' title="bbox 1865 1273 3445 1347">
    <p class='ocr_par' dir='ltr' id='par_1_41' title="bbox 1865 1273 3445 1347">
     <span class='ocr_line' id='line_1_41' title="bbox 1865 1273 3445 1347; baseline -0.001 -18"><span class='ocrx_word' id='word_1_315' title='bbox 1865 1289 1999 1329; x_wconf 89' lang='lat' dir='ltr'><strong>t‘cm.</strong></span> <span class='ocrx_word' id='word_1_316' title='bbox 2032 1274 2163 1329; x_wconf 85' lang='lat' dir='ltr'><strong>Cum</strong></span> <span class='ocrx_word' id='word_1_317' title='bbox 2188 1293 2430 1347; x_wconf 86' lang='lat' dir='ltr'><strong>accepero</strong></span> <span class='ocrx_word' id='word_1_318' title='bbox 2474 1286 2693 1347; x_wconf 83' lang='lat' dir='ltr'><strong>tempus,</strong></span> <span class='ocrx_word' id='word_1_319' title='bbox 2721 1277 2961 1346; x_wconf 86' lang='lat' dir='ltr'><strong>justitias</strong></span> <span class='ocrx_word' id='word_1_320' title='bbox 2986 1276 3261 1347; x_wconf 83' lang='lat' dir='ltr'><strong>judicabo.</strong></span> <span class='ocrx_word' id='word_1_321' title='bbox 3314 1273 3445 1341; x_wconf 85' lang='lat' dir='ltr'><strong>Quis</strong></span> 
     </span>
    </p>
   </div>
   <div class='ocr_carea' id='block_1_42' title="bbox 1864 1369 3441 1440">
    <p class='ocr_par' dir='ltr' id='par_1_42' title="bbox 1864 1369 3441 1440">
     <span class='ocr_line' id='line_1_42' title="bbox 1864 1369 3441 1440; baseline -0.001 -18"><span class='ocrx_word' id='word_1_322' title='bbox 1864 1369 2070 1439; x_wconf 89' lang='lat' dir='ltr'><strong>accepit</strong></span> <span class='ocrx_word' id='word_1_323' title='bbox 2098 1378 2309 1440; x_wconf 87' lang='lat' dir='ltr'><strong>tempus</strong></span> <span class='ocrx_word' id='word_1_324' title='bbox 2330 1369 2640 1439; x_wconf 73' lang='lat' dir='ltr'><strong>iudicandi?</strong></span> <span class='ocrx_word' id='word_1_325' title='bbox 2671 1370 2785 1426; x_wconf 75' lang='lat' dir='ltr'><strong>Non</strong></span> <span class='ocrx_word' id='word_1_326' title='bbox 2816 1370 2980 1426; x_wconf 87' lang='lat' dir='ltr'><strong>Filius</strong></span> <span class='ocrx_word' id='word_1_327' title='bbox 3009 1372 3101 1425; x_wconf 87' lang='lat' dir='ltr'><strong>Dei</strong></span> <span class='ocrx_word' id='word_1_328' title='bbox 3145 1386 3237 1440; x_wconf 88' lang='lat' dir='ltr'><strong>per</strong></span> <span class='ocrx_word' id='word_1_329' title='bbox 3282 1386 3441 1439; x_wconf 88' lang='lat' dir='ltr'><strong>quem</strong></span> 
     </span>
    </p>
   </div>
   <div class='ocr_carea' id='block_1_43' title="bbox 1864 1456 3446 1530">
    <p class='ocr_par' dir='ltr' id='par_1_43' title="bbox 1864 1456 3446 1530">
     <span class='ocr_line' id='line_1_43' title="bbox 1864 1456 3446 1530; baseline 0.001 -21"><span class='ocrx_word' id='word_1_330' title='bbox 1864 1456 1991 1512; x_wconf 87' lang='lat' dir='ltr'><strong>facti</strong></span> <span class='ocrx_word' id='word_1_331' title='bbox 2025 1473 2233 1523; x_wconf 90' lang='lat' dir='ltr'><strong>sumus,</strong></span> <span class='ocrx_word' id='word_1_332' title='bbox 2263 1460 2356 1514; x_wconf 88' lang='lat' dir='ltr'><strong>sed</strong></span> <span class='ocrx_word' id='word_1_333' title='bbox 2385 1460 2527 1514; x_wconf 85' lang='lat' dir='ltr'><strong>filius</strong></span> <span class='ocrx_word' id='word_1_334' title='bbox 2552 1460 2783 1514; x_wconf 88' lang='lat' dir='ltr'><strong>hominis</strong></span> <span class='ocrx_word' id='word_1_335' title='bbox 2813 1476 2908 1530; x_wconf 90' lang='lat' dir='ltr'><strong>per</strong></span> <span class='ocrx_word' id='word_1_336' title='bbox 2934 1475 3090 1529; x_wconf 89' lang='lat' dir='ltr'><strong>quem</strong></span> <span class='ocrx_word' id='word_1_337' title='bbox 3140 1459 3323 1513; x_wconf 85' lang='lat' dir='ltr'><strong>refecti</strong></span> <span class='ocrx_word' id='word_1_338' title='bbox 3359 1474 3446 1512; x_wconf 88' lang='lat' dir='ltr'><strong>su-</strong></span> 
     </span>
    </p>
   </div>
   <div class='ocr_carea' id='block_1_44' title="bbox 1864 1548 3446 1619">
    <p class='ocr_par' dir='ltr' id='par_1_44' title="bbox 1864 1548 3446 1619">
     <span class='ocr_line' id='line_1_44' title="bbox 1864 1548 3446 1619; baseline -0.001 -19"><span class='ocrx_word' id='word_1_339' title='bbox 1864 1561 2028 1601; x_wconf 88' lang='lat' dir='ltr'><strong>mus:</strong></span> <span class='ocrx_word' id='word_1_340' title='bbox 2065 1562 2169 1601; x_wconf 93' lang='lat' dir='ltr'><strong>non</strong></span> <span class='ocrx_word' id='word_1_341' title='bbox 2216 1548 2306 1618; x_wconf 90' lang='lat' dir='ltr'><strong>qui</strong></span> <span class='ocrx_word' id='word_1_342' title='bbox 2354 1550 2665 1618; x_wconf 88' lang='lat' dir='ltr'><strong>assumpsit,</strong></span> <span class='ocrx_word' id='word_1_343' title='bbox 2714 1550 2808 1604; x_wconf 91' lang='lat' dir='ltr'><strong>sed</strong></span> <span class='ocrx_word' id='word_1_344' title='bbox 2858 1549 2951 1619; x_wconf 87' lang='lat' dir='ltr'><strong>qui</strong></span> <span class='ocrx_word' id='word_1_345' title='bbox 2998 1556 3306 1617; x_wconf 86' lang='lat' dir='ltr'><strong>assumptus</strong></span> <span class='ocrx_word' id='word_1_346' title='bbox 3343 1555 3446 1601; x_wconf 89' lang='lat' dir='ltr'><strong>est.</strong></span> 
     </span>
    </p>
   </div>
   <div class='ocr_carea' id='block_1_45' title="bbox 1866 1636 3444 1708">
    <p class='ocr_par' dir='ltr' id='par_1_45' title="bbox 1866 1636 3444 1708">
     <span class='ocr_line' id='line_1_45' title="bbox 1866 1636 3444 1708; baseline -0.001 -18"><span class='ocrx_word' id='word_1_347' title='bbox 1866 1636 1981 1705; x_wconf 84' lang='lat' dir='ltr'><strong>Ipse</strong></span> <span class='ocrx_word' id='word_1_348' title='bbox 2005 1636 2145 1692; x_wconf 89' lang='lat' dir='ltr'><strong>enim</strong></span> <span class='ocrx_word' id='word_1_349' title='bbox 2166 1638 2258 1707; x_wconf 86' lang='lat' dir='ltr'><strong>qui</strong></span> <span class='ocrx_word' id='word_1_350' title='bbox 2290 1647 2601 1708; x_wconf 91' lang='lat' dir='ltr'><strong>assumptus</strong></span> <span class='ocrx_word' id='word_1_351' title='bbox 2623 1646 2728 1703; x_wconf 90' lang='lat' dir='ltr'><strong>cst,</strong></span> <span class='ocrx_word' id='word_1_352' title='bbox 2758 1646 2997 1692; x_wconf 89' lang='lat' dir='ltr'><strong>mutatus</strong></span> <span class='ocrx_word' id='word_1_353' title='bbox 3022 1647 3106 1692; x_wconf 80' lang='lat' dir='ltr'><strong>est</strong></span> <span class='ocrx_word' id='word_1_354' title='bbox 3137 1638 3188 1690; x_wconf 92' lang='lat' dir='ltr'><strong>in</strong></span> <span class='ocrx_word' id='word_1_355' title='bbox 3219 1636 3407 1691; x_wconf 86' lang='lat' dir='ltr'><strong>melius</strong></span> <span class='ocrx_word' id='word_1_356' title='bbox 3430 1653 3444 1688; x_wconf 92' lang='lat'><strong>:</strong></span> 
     </span>
    </p>
   </div>
   <div class='ocr_carea' id='block_1_46' title="bbox 1866 1728 3438 1799">
    <p class='ocr_par' dir='ltr' id='par_1_46' title="bbox 1866 1728 3438 1799">
     <span class='ocr_line' id='line_1_46' title="bbox 1866 1728 3438 1799; baseline -0.001 -17"><span class='ocrx_word' id='word_1_357' title='bbox 1866 1728 1955 1797; x_wconf 89' lang='lat' dir='ltr'><strong>qui</strong></span> <span class='ocrx_word' id='word_1_358' title='bbox 1986 1728 2300 1799; x_wconf 85' lang='lat' dir='ltr'><strong>assumpsit,</strong></span> <span class='ocrx_word' id='word_1_359' title='bbox 2344 1745 2451 1783; x_wconf 92' lang='lat' dir='ltr'><strong>non</strong></span> <span class='ocrx_word' id='word_1_360' title='bbox 2482 1738 2720 1783; x_wconf 90' lang='lat' dir='ltr'><strong>mutatus</strong></span> <span class='ocrx_word' id='word_1_361' title='bbox 2746 1729 2796 1782; x_wconf 92' lang='lat' dir='ltr'><strong>in</strong></span> <span class='ocrx_word' id='word_1_362' title='bbox 2822 1728 2992 1799; x_wconf 79' lang='lat' dir='ltr'><strong>pejus.</strong></span> <span class='ocrx_word' id='word_1_363' title='bbox 3025 1728 3141 1798; x_wconf 86' lang='lat' dir='ltr'><strong>ipsc</strong></span> <span class='ocrx_word' id='word_1_364' title='bbox 3166 1728 3309 1782; x_wconf 88' lang='lat' dir='ltr'><strong>enim</strong></span> <span class='ocrx_word' id='word_1_365' title='bbox 3357 1742 3438 1781; x_wconf 74' lang='lat' dir='ltr'><strong>ex-</strong></span> 
     </span>
    </p>
   </div>
   <div class='ocr_carea' id='block_1_47' title="bbox 1868 1822 3456 1896">
    <p class='ocr_par' dir='ltr' id='par_1_47' title="bbox 1868 1822 3456 1896">
     <span class='ocr_line' id='line_1_47' title="bbox 1868 1822 3456 1896; baseline 0 -17"><span class='ocrx_word' id='word_1_366' title='bbox 1868 1825 2100 1880; x_wconf 90' lang='lat' dir='ltr'><strong>inanivit</strong></span> <span class='ocrx_word' id='word_1_367' title='bbox 2146 1825 2490 1896; x_wconf 86' lang='lat' dir='ltr'><strong>semetipsum</strong></span> <span class='ocrx_word' id='word_1_368' title='bbox 2532 1822 2698 1895; x_wconf 78' lang='lat' dir='ltr'><strong>(Phil.</strong></span> <span class='ocrx_word' id='word_1_369' title='bbox 2741 1826 2825 1894; x_wconf 87' lang='lat' dir='ltr'><strong>ll),</strong></span> <span class='ocrx_word' id='word_1_370' title='bbox 2852 1824 3164 1879; x_wconf 85' lang='lat' dir='ltr'><strong>inferiorem</strong></span> <span class='ocrx_word' id='word_1_371' title='bbox 3202 1834 3456 1879; x_wconf 79' lang='lat' dir='ltr'><strong>naturam</strong></span> 
     </span>
    </p>
   </div>
   <div class='ocr_carea' id='block_1_48' title="bbox 1867 1916 3456 1986">
    <p class='ocr_par' dir='ltr' id='par_1_48' title="bbox 1867 1916 3456 1986">
     <span class='ocr_line' id='line_1_48' title="bbox 1867 1916 3456 1986; baseline -0.001 -15"><span class='ocrx_word' id='word_1_372' title='bbox 1867 1916 2190 1971; x_wconf 90' lang='lat' dir='ltr'><strong>assumendo</strong></span> <span class='ocrx_word' id='word_1_373' title='bbox 2215 1957 2229 1982; x_wconf 92' lang='lat'><strong>,</strong></span> <span class='ocrx_word' id='word_1_374' title='bbox 2263 1932 2367 1971; x_wconf 92' lang='lat' dir='ltr'><strong>non</strong></span> <span class='ocrx_word' id='word_1_375' title='bbox 2404 1917 2473 1971; x_wconf 89' lang='lat' dir='ltr'><strong>ab</strong></span> <span class='ocrx_word' id='word_1_376' title='bbox 2500 1916 2693 1986; x_wconf 81' lang='lat' dir='ltr'><strong>aequali</strong></span> <span class='ocrx_word' id='word_1_377' title='bbox 2726 1916 3098 1986; x_wconf 81' lang='lat' dir='ltr'><strong>degenerando</strong></span> <span class='ocrx_word' id='word_1_378' title='bbox 3125 1956 3139 1979; x_wconf 92' lang='lat'><strong>,</strong></span> <span class='ocrx_word' id='word_1_379' title='bbox 3168 1930 3456 1970; x_wconf 86' lang='lat' dir='ltr'><strong>assumens</strong></span> 
     </span>
    </p>
   </div>
   <div class='ocr_carea' id='block_1_49' title="bbox 1867 2003 3452 2075">
    <p class='ocr_par' dir='ltr' id='par_1_49' title="bbox 1867 2003 3452 2075">
     <span class='ocr_line' id='line_1_49' title="bbox 1867 2003 3452 2075; baseline -0.003 -15"><span class='ocrx_word' id='word_1_380' title='bbox 1867 2005 2012 2075; x_wconf 87' lang='lat' dir='ltr'><strong>quod</strong></span> <span class='ocrx_word' id='word_1_381' title='bbox 2044 2020 2150 2059; x_wconf 92' lang='lat' dir='ltr'><strong>non</strong></span> <span class='ocrx_word' id='word_1_382' title='bbox 2178 2014 2316 2070; x_wconf 88' lang='lat' dir='ltr'><strong>erat,</strong></span> <span class='ocrx_word' id='word_1_383' title='bbox 2345 2020 2568 2060; x_wconf 90' lang='lat' dir='ltr'><strong>manens</strong></span> <span class='ocrx_word' id='word_1_384' title='bbox 2597 2006 2737 2074; x_wconf 89' lang='lat' dir='ltr'><strong>quod</strong></span> <span class='ocrx_word' id='word_1_385' title='bbox 2777 2013 2917 2071; x_wconf 91' lang='lat' dir='ltr'><strong>erat,</strong></span> <span class='ocrx_word' id='word_1_386' title='bbox 2944 2020 2973 2058; x_wconf 92' lang='lat' dir='ltr'><strong>a</strong></span> <span class='ocrx_word' id='word_1_387' title='bbox 3010 2003 3155 2059; x_wconf 92' lang='lat' dir='ltr'><strong>nullo</strong></span> <span class='ocrx_word' id='word_1_388' title='bbox 3181 2004 3452 2073; x_wconf 85' lang='lat' dir='ltr'><strong>accipiens</strong></span> 
     </span>
    </p>
   </div>
   <div class='ocr_carea' id='block_1_50' title="bbox 1871 2095 3453 2168">
    <p class='ocr_par' dir='ltr' id='par_1_50' title="bbox 1871 2095 3453 2168">
     <span class='ocr_line' id='line_1_50' title="bbox 1871 2095 3453 2168; baseline -0.004 -15"><span class='ocrx_word' id='word_1_389' title='bbox 1871 2108 2080 2168; x_wconf 88' lang='lat' dir='ltr'><strong>tempus</strong></span> <span class='ocrx_word' id='word_1_390' title='bbox 2113 2098 2559 2168; x_wconf 89' lang='lat' dir='ltr'><strong>illudjudicandi,</strong></span> <span class='ocrx_word' id='word_1_391' title='bbox 2595 2098 2686 2152; x_wconf 87' lang='lat' dir='ltr'><strong>sed</strong></span> <span class='ocrx_word' id='word_1_392' title='bbox 2714 2113 2927 2167; x_wconf 89' lang='lat' dir='ltr'><strong>semper</strong></span> <span class='ocrx_word' id='word_1_393' title='bbox 2957 2098 3160 2151; x_wconf 88' lang='lat' dir='ltr'><strong>habens</strong></span> <span class='ocrx_word' id='word_1_394' title='bbox 3186 2096 3331 2150; x_wconf 91' lang='lat' dir='ltr'><strong>illud.</strong></span> <span class='ocrx_word' id='word_1_395' title='bbox 3364 2095 3453 2147; x_wconf 74' lang='lat' dir='ltr'><strong>Li-</strong></span> 
     </span>
    </p>
   </div>
   <div class='ocr_carea' id='block_1_51' title="bbox 1867 2189 3453 2262">
    <p class='ocr_par' dir='ltr' id='par_1_51' title="bbox 1867 2189 3453 2262">
     <span class='ocr_line' id='line_1_51' title="bbox 1867 2189 3453 2262; baseline -0.001 -17"><span class='ocrx_word' id='word_1_396' title='bbox 1867 2193 2111 2262; x_wconf 76' lang='lat' dir='ltr'><strong>quel&#39;acta</strong></span> <span class='ocrx_word' id='word_1_397' title='bbox 2134 2203 2207 2247; x_wconf 87' lang='lat' dir='ltr'><strong>est</strong></span> <span class='ocrx_word' id='word_1_398' title='bbox 2234 2202 2395 2258; x_wconf 87' lang='lat' dir='ltr'><strong>terra,</strong></span> <span class='ocrx_word' id='word_1_399' title='bbox 2428 2202 2475 2247; x_wconf 88' lang='lat' dir='ltr'><strong>et</strong></span> <span class='ocrx_word' id='word_1_400' title='bbox 2506 2208 2681 2246; x_wconf 84' lang='lat' dir='ltr'><strong>omnes</strong></span> <span class='ocrx_word' id='word_1_401' title='bbox 2703 2193 2793 2262; x_wconf 87' lang='lat' dir='ltr'><strong>qui</strong></span> <span class='ocrx_word' id='word_1_402' title='bbox 2832 2192 3068 2247; x_wconf 78' lang='lat' dir='ltr'><strong>habitant</strong></span> <span class='ocrx_word' id='word_1_403' title='bbox 3101 2192 3153 2244; x_wconf 90' lang='lat' dir='ltr'><strong>in</strong></span> <span class='ocrx_word' id='word_1_404' title='bbox 3178 2208 3259 2245; x_wconf 89' lang='lat' dir='ltr'><strong>ea.</strong></span> <span class='ocrx_word' id='word_1_405' title='bbox 3286 2189 3453 2257; x_wconf 83' lang='lat' dir='ltr'><strong>Quasi</strong></span> 
     </span>
    </p>
   </div>
   <div class='ocr_carea' id='block_1_52' title="bbox 1870 2282 3451 2355">
    <p class='ocr_par' dir='ltr' id='par_1_52' title="bbox 1870 2282 3451 2355">
     <span class='ocr_line' id='line_1_52' title="bbox 1870 2282 3451 2355; baseline -0.003 -17"><span class='ocrx_word' id='word_1_406' title='bbox 1870 2284 2013 2338; x_wconf 90' lang='lat' dir='ltr'><strong>dicat</strong></span> <span class='ocrx_word' id='word_1_407' title='bbox 2043 2302 2056 2336; x_wconf 91' lang='lat'><strong>:</strong></span> <span class='ocrx_word' id='word_1_408' title='bbox 2089 2284 2280 2340; x_wconf 84' lang='lat' dir='ltr'><strong>Merito</strong></span> <span class='ocrx_word' id='word_1_409' title='bbox 2314 2285 2554 2355; x_wconf 83' lang='lat' dir='ltr'><strong>justitias</strong></span> <span class='ocrx_word' id='word_1_410' title='bbox 2584 2284 2860 2355; x_wconf 80' lang='lat' dir='ltr'><strong>judicabo,</strong></span> <span class='ocrx_word' id='word_1_411' title='bbox 2905 2284 3029 2354; x_wconf 91' lang='lat' dir='ltr'><strong>quia</strong></span> <span class='ocrx_word' id='word_1_412' title='bbox 3061 2292 3223 2347; x_wconf 82' lang='lat' dir='ltr'><strong>terra,</strong></span> <span class='ocrx_word' id='word_1_413' title='bbox 3257 2282 3308 2337; x_wconf 91' lang='lat' dir='ltr'><strong>id</strong></span> <span class='ocrx_word' id='word_1_414' title='bbox 3344 2289 3451 2346; x_wconf 88' lang='lat' dir='ltr'><strong>est,</strong></span> 
     </span>
    </p>
   </div>
   <div class='ocr_carea' id='block_1_53' title="bbox 1870 2374 3456 2451">
    <p class='ocr_par' dir='ltr' id='par_1_53' title="bbox 1870 2374 3456 2451">
     <span class='ocr_line' id='line_1_53' title="bbox 1870 2374 3456 2451; baseline -0.002 -22"><span class='ocrx_word' id='word_1_415' title='bbox 1870 2374 2098 2446; x_wconf 90' lang='lat' dir='ltr'><strong>populus</strong></span> <span class='ocrx_word' id='word_1_416' title='bbox 2125 2376 2399 2441; x_wconf 83' lang='lat' dir='ltr'><strong>Judaicus,</strong></span> <span class='ocrx_word' id='word_1_417' title='bbox 2428 2376 2521 2447; x_wconf 93' lang='lat' dir='ltr'><strong>qui</strong></span> <span class='ocrx_word' id='word_1_418' title='bbox 2560 2375 2782 2431; x_wconf 89' lang='lat' dir='ltr'><strong>deberet</strong></span> <span class='ocrx_word' id='word_1_419' title='bbox 2830 2375 2951 2431; x_wconf 89' lang='lat' dir='ltr'><strong>aliis</strong></span> <span class='ocrx_word' id='word_1_420' title='bbox 2997 2388 3118 2451; x_wconf 86' lang='lat' dir='ltr'><strong>esse</strong></span> <span class='ocrx_word' id='word_1_421' title='bbox 3158 2384 3320 2437; x_wconf 89' lang='lat' dir='ltr'><strong>terra,</strong></span> <span class='ocrx_word' id='word_1_422' title='bbox 3359 2386 3456 2442; x_wconf 87' lang='lat' dir='ltr'><strong>per</strong></span> 
     </span>
    </p>
   </div>
   <div class='ocr_carea' id='block_1_54' title="bbox 1870 2452 3456 2538">
    <p class='ocr_par' dir='ltr' id='par_1_54' title="bbox 1870 2452 3456 2538">
     <span class='ocr_line' id='line_1_54' title="bbox 1870 2452 3456 2538; baseline -0.001 -19"><span class='ocrx_word' id='word_1_423' title='bbox 1870 2482 2032 2536; x_wconf 89' lang='lat' dir='ltr'><strong>quem</strong></span> <span class='ocrx_word' id='word_1_424' title='bbox 2072 2466 2441 2533; x_wconf 84' lang='lat' dir='ltr'><strong>reficerentur,</strong></span> <span class='ocrx_word' id='word_1_425' title='bbox 2472 2466 2753 2538; x_wconf 80' lang='lat' dir='ltr'><strong>liquefacta</strong></span> <span class='ocrx_word' id='word_1_426' title='bbox 2794 2467 2974 2537; x_wconf 91' lang='lat' dir='ltr'><strong>aliquo</strong></span> <span class='ocrx_word' id='word_1_427' title='bbox 3002 2452 3159 2529; x_wconf 71' lang='lat' dir='ltr'><strong>ﬂuit,</strong></span> <span class='ocrx_word' id='word_1_428' title='bbox 3189 2466 3242 2519; x_wconf 96' lang='lat' dir='ltr'><strong>id</strong></span> <span class='ocrx_word' id='word_1_429' title='bbox 3277 2471 3393 2527; x_wconf 92' lang='lat' dir='ltr'><strong>est,</strong></span> <span class='ocrx_word' id='word_1_430' title='bbox 3421 2477 3456 2517; x_wconf 88' lang='lat' dir='ltr'><strong>a</strong></span> 
     </span>
    </p>
   </div>
   <div class='ocr_carea' id='block_1_55' title="bbox 1872 2552 3453 2625">
    <p class='ocr_par' dir='ltr' id='par_1_55' title="bbox 1872 2552 3453 2625">
     <span class='ocr_line' id='line_1_55' title="bbox 1872 2552 3453 2625; baseline -0.001 -18"><span class='ocrx_word' id='word_1_431' title='bbox 1872 2554 2089 2625; x_wconf 88' lang='lat' dir='ltr'><strong>liquidis</strong></span> <span class='ocrx_word' id='word_1_432' title='bbox 2117 2564 2171 2609; x_wconf 92' lang='lat' dir='ltr'><strong>et</strong></span> <span class='ocrx_word' id='word_1_433' title='bbox 2193 2556 2337 2611; x_wconf 89' lang='lat' dir='ltr'><strong>veris</strong></span> <span class='ocrx_word' id='word_1_434' title='bbox 2363 2555 2645 2625; x_wconf 65' lang='lat' dir='ltr'><strong>praeceptis</strong></span> <span class='ocrx_word' id='word_1_435' title='bbox 2675 2571 2772 2625; x_wconf 88' lang='lat' dir='ltr'><strong>per</strong></span> <span class='ocrx_word' id='word_1_436' title='bbox 2794 2556 3142 2625; x_wconf 86' lang='lat' dir='ltr'><strong>cupiditatem</strong></span> <span class='ocrx_word' id='word_1_437' title='bbox 3171 2552 3453 2618; x_wconf 85' lang='lat' dir='ltr'><strong>discessit;</strong></span> 
     </span>
    </p>
   </div>
   <div class='ocr_carea' id='block_1_56' title="bbox 1873 2634 3457 2718">
    <p class='ocr_par' dir='ltr' id='par_1_56' title="bbox 1873 2634 3457 2718">
     <span class='ocr_line' id='line_1_56' title="bbox 1873 2634 3457 2718; baseline 0.001 -19"><span class='ocrx_word' id='word_1_438' title='bbox 1873 2648 1996 2716; x_wconf 89' lang='lat' dir='ltr'><strong>quia</strong></span> <span class='ocrx_word' id='word_1_439' title='bbox 2020 2656 2222 2716; x_wconf 90' lang='lat' dir='ltr'><strong>quanto</strong></span> <span class='ocrx_word' id='word_1_440' title='bbox 2242 2649 2469 2718; x_wconf 92' lang='lat' dir='ltr'><strong>quisque</strong></span> <span class='ocrx_word' id='word_1_441' title='bbox 2496 2663 2592 2717; x_wconf 91' lang='lat' dir='ltr'><strong>per</strong></span> <span class='ocrx_word' id='word_1_442' title='bbox 2614 2634 2959 2717; x_wconf 87' lang='lat' dir='ltr'><strong>cupiditatem</strong></span> <span class='ocrx_word' id='word_1_443' title='bbox 2980 2646 3202 2701; x_wconf 87' lang='lat' dir='ltr'><strong>inferius</strong></span> <span class='ocrx_word' id='word_1_444' title='bbox 3223 2646 3457 2701; x_wconf 78' lang='lat' dir='ltr'><strong>delecta-</strong></span> 
     </span>
    </p>
   </div>
   <div class='ocr_carea' id='block_1_57' title="bbox 1875 2738 3459 2808">
    <p class='ocr_par' dir='ltr' id='par_1_57' title="bbox 1875 2738 3459 2808">
     <span class='ocr_line' id='line_1_57' title="bbox 1875 2738 3459 2808; baseline 0.001 -19"><span class='ocrx_word' id='word_1_445' title='bbox 1875 2745 1980 2801; x_wconf 90' lang='lat' dir='ltr'><strong>tur,</strong></span> <span class='ocrx_word' id='word_1_446' title='bbox 2009 2745 2159 2792; x_wconf 92' lang='lat' dir='ltr'><strong>tanto</strong></span> <span class='ocrx_word' id='word_1_447' title='bbox 2188 2738 2308 2808; x_wconf 89' lang='lat' dir='ltr'><strong>plus</strong></span> <span class='ocrx_word' id='word_1_448' title='bbox 2340 2755 2369 2793; x_wconf 91' lang='lat' dir='ltr'><strong>a</strong></span> <span class='ocrx_word' id='word_1_449' title='bbox 2411 2747 2658 2793; x_wconf 88' lang='lat' dir='ltr'><strong>creatore</strong></span> <span class='ocrx_word' id='word_1_450' title='bbox 2692 2738 2897 2792; x_wconf 90' lang='lat' dir='ltr'><strong>recedit</strong></span> <span class='ocrx_word' id='word_1_451' title='bbox 2931 2755 2943 2791; x_wconf 88' lang='lat'><strong>:</strong></span> <span class='ocrx_word' id='word_1_452' title='bbox 2973 2747 3028 2792; x_wconf 92' lang='lat' dir='ltr'><strong>et</strong></span> <span class='ocrx_word' id='word_1_453' title='bbox 3069 2744 3272 2806; x_wconf 90' lang='lat' dir='ltr'><strong>quanto</strong></span> <span class='ocrx_word' id='word_1_454' title='bbox 3299 2750 3459 2805; x_wconf 86' lang='lat' dir='ltr'><strong>supc-</strong></span> 
     </span>
    </p>
   </div>
   <div class='ocr_carea' id='block_1_58' title="bbox 1873 2825 3457 2898">
    <p class='ocr_par' dir='ltr' id='par_1_58' title="bbox 1873 2825 3457 2898">
     <span class='ocr_line' id='line_1_58' title="bbox 1873 2825 3457 2898; baseline -0.002 -16"><span class='ocrx_word' id='word_1_455' title='bbox 1873 2827 1987 2884; x_wconf 88' lang='lat' dir='ltr'><strong>rius</strong></span> <span class='ocrx_word' id='word_1_456' title='bbox 2010 2827 2330 2895; x_wconf 84' lang='lat' dir='ltr'><strong>delectatur,</strong></span> <span class='ocrx_word' id='word_1_457' title='bbox 2365 2837 2512 2883; x_wconf 90' lang='lat' dir='ltr'><strong>tanto</strong></span> <span class='ocrx_word' id='word_1_458' title='bbox 2544 2828 2763 2898; x_wconf 89' lang='lat' dir='ltr'><strong>propior</strong></span> <span class='ocrx_word' id='word_1_459' title='bbox 2802 2827 3132 2897; x_wconf 78' lang='lat' dir='ltr'><strong>intelligitur.</strong></span> <span class='ocrx_word' id='word_1_460' title='bbox 3166 2825 3233 2879; x_wconf 86' lang='lat' dir='ltr'><strong>Et</strong></span> <span class='ocrx_word' id='word_1_461' title='bbox 3281 2840 3457 2879; x_wconf 87' lang='lat' dir='ltr'><strong>omnes</strong></span> 
     </span>
    </p>
   </div>
   <div class='ocr_carea' id='block_1_59' title="bbox 1873 2914 3459 2988">
    <p class='ocr_par' dir='ltr' id='par_1_59' title="bbox 1873 2914 3459 2988">
     <span class='ocr_line' id='line_1_59' title="bbox 1873 2914 3459 2988; baseline -0.002 -17"><span class='ocrx_word' id='word_1_462' title='bbox 1873 2919 1963 2988; x_wconf 90' lang='lat' dir='ltr'><strong>qui</strong></span> <span class='ocrx_word' id='word_1_463' title='bbox 1996 2918 2233 2973; x_wconf 73' lang='lat' dir='ltr'><strong>habitant</strong></span> <span class='ocrx_word' id='word_1_464' title='bbox 2257 2919 2316 2972; x_wconf 88' lang='lat' dir='ltr'><strong>in</strong></span> <span class='ocrx_word' id='word_1_465' title='bbox 2344 2936 2426 2983; x_wconf 89' lang='lat' dir='ltr'><strong>ea,</strong></span> <span class='ocrx_word' id='word_1_466' title='bbox 2460 2918 2512 2972; x_wconf 88' lang='lat' dir='ltr'><strong>id</strong></span> <span class='ocrx_word' id='word_1_467' title='bbox 2543 2926 2648 2983; x_wconf 87' lang='lat' dir='ltr'><strong>est,</strong></span> <span class='ocrx_word' id='word_1_468' title='bbox 2700 2932 2803 2972; x_wconf 91' lang='lat' dir='ltr'><strong>non</strong></span> <span class='ocrx_word' id='word_1_469' title='bbox 2837 2925 3039 2971; x_wconf 91' lang='lat' dir='ltr'><strong>tantum</strong></span> <span class='ocrx_word' id='word_1_470' title='bbox 3074 2914 3255 2971; x_wconf 73' lang='lat' dir='ltr'><strong>Judma</strong></span> <span class='ocrx_word' id='word_1_471' title='bbox 3288 2914 3459 2982; x_wconf 85' lang='lat' dir='ltr'><strong>lique-</strong></span> 
     </span>
    </p>
   </div>
   <div class='ocr_carea' id='block_1_60' title="bbox 1875 3006 3455 3079">
    <p class='ocr_par' dir='ltr' id='par_1_60' title="bbox 1875 3006 3455 3079">
     <span class='ocr_line' id='line_1_60' title="bbox 1875 3006 3455 3079; baseline -0.004 -15"><span class='ocrx_word' id='word_1_472' title='bbox 1875 3008 2016 3066; x_wconf 88' lang='lat' dir='ltr'><strong>facta</strong></span> <span class='ocrx_word' id='word_1_473' title='bbox 2048 3019 2151 3076; x_wconf 91' lang='lat' dir='ltr'><strong>est,</strong></span> <span class='ocrx_word' id='word_1_474' title='bbox 2180 3010 2271 3065; x_wconf 92' lang='lat' dir='ltr'><strong>sed</strong></span> <span class='ocrx_word' id='word_1_475' title='bbox 2297 3025 2486 3066; x_wconf 90' lang='lat' dir='ltr'><strong>omnes</strong></span> <span class='ocrx_word' id='word_1_476' title='bbox 2514 3009 2587 3064; x_wconf 94' lang='lat' dir='ltr'><strong>illi</strong></span> <span class='ocrx_word' id='word_1_477' title='bbox 2615 3008 2704 3079; x_wconf 89' lang='lat' dir='ltr'><strong>qui</strong></span> <span class='ocrx_word' id='word_1_478' title='bbox 2738 3009 2789 3065; x_wconf 91' lang='lat' dir='ltr'><strong>in</strong></span> <span class='ocrx_word' id='word_1_479' title='bbox 2812 3024 2873 3062; x_wconf 91' lang='lat' dir='ltr'><strong>ea</strong></span> <span class='ocrx_word' id='word_1_480' title='bbox 2899 3008 3143 3064; x_wconf 82' lang='lat' dir='ltr'><strong>habitare</strong></span> <span class='ocrx_word' id='word_1_481' title='bbox 3172 3006 3455 3068; x_wconf 88' lang='lat' dir='ltr'><strong>deberent,</strong></span> 
     </span>
    </p>
   </div>
   <div class='ocr_carea' id='block_1_61' title="bbox 1875 3095 3457 3173">
    <p class='ocr_par' dir='ltr' id='par_1_61' title="bbox 1875 3095 3457 3173">
     <span class='ocr_line' id='line_1_61' title="bbox 1875 3095 3457 3173; baseline -0.006 -14"><span class='ocrx_word' id='word_1_482' title='bbox 1875 3103 2178 3173; x_wconf 78' lang='lat' dir='ltr'><strong>exemplum</strong></span> <span class='ocrx_word' id='word_1_483' title='bbox 2206 3103 2359 3158; x_wconf 72' lang='lat' dir='ltr'><strong>bona:</strong></span> <span class='ocrx_word' id='word_1_484' title='bbox 2399 3102 2731 3173; x_wconf 85' lang='lat' dir='ltr'><strong>operationis</strong></span> <span class='ocrx_word' id='word_1_485' title='bbox 2762 3102 2830 3156; x_wconf 93' lang='lat' dir='ltr'><strong>ab</strong></span> <span class='ocrx_word' id='word_1_486' title='bbox 2866 3117 2929 3156; x_wconf 91' lang='lat' dir='ltr'><strong>ea</strong></span> <span class='ocrx_word' id='word_1_487' title='bbox 2964 3097 3305 3156; x_wconf 85' lang='lat' dir='ltr'><strong>assumenda.</strong></span> <span class='ocrx_word' id='word_1_488' title='bbox 3346 3095 3457 3166; x_wconf 83' lang='lat' dir='ltr'><strong>Ego</strong></span> 
     </span>
    </p>
   </div>
   <div class='ocr_carea' id='block_1_62' title="bbox 1880 3187 3456 3264">
    <p class='ocr_par' dir='ltr' id='par_1_62' title="bbox 1880 3187 3456 3264">
     <span class='ocr_line' id='line_1_62' title="bbox 1880 3187 3456 3264; baseline -0.006 -15"><span class='ocrx_word' id='word_1_489' title='bbox 1880 3202 2054 3250; x_wconf 87' lang='lat' dir='ltr'><strong>autem</strong></span> <span class='ocrx_word' id='word_1_490' title='bbox 2086 3195 2393 3264; x_wconf 80' lang='lat' dir='ltr'><strong>conﬁrmavi</strong></span> <span class='ocrx_word' id='word_1_491' title='bbox 2419 3195 2690 3248; x_wconf 75' lang='lat' dir='ltr'><strong>columnas</strong></span> <span class='ocrx_word' id='word_1_492' title='bbox 2721 3192 2856 3263; x_wconf 85' lang='lat' dir='ltr'><strong>ejus,</strong></span> <span class='ocrx_word' id='word_1_493' title='bbox 2894 3192 2943 3247; x_wconf 90' lang='lat' dir='ltr'><strong>id</strong></span> <span class='ocrx_word' id='word_1_494' title='bbox 2967 3201 3069 3257; x_wconf 88' lang='lat' dir='ltr'><strong>est,</strong></span> <span class='ocrx_word' id='word_1_495' title='bbox 3104 3187 3372 3260; x_wconf 89' lang='lat' dir='ltr'><strong>apostolos</strong></span> <span class='ocrx_word' id='word_1_496' title='bbox 3400 3188 3456 3240; x_wconf 87' lang='lat' dir='ltr'><strong>in</strong></span> 
     </span>
    </p>
   </div>
   <div class='ocr_carea' id='block_1_63' title="bbox 180 3270 3460 3354">
    <p class='ocr_par' dir='ltr' id='par_1_63' title="bbox 180 3270 3460 3354">
     <span class='ocr_line' id='line_1_63' title="bbox 180 3270 3460 3354; baseline 0.002 -24"><span class='ocrx_word' id='word_1_497' title='bbox 180 3276 324 3330; x_wconf 87' lang='lat' dir='ltr'><strong>catis</strong></span> <span class='ocrx_word' id='word_1_498' title='bbox 359 3275 483 3342; x_wconf 89' lang='lat' dir='ltr'><strong>tuis,</strong></span> <span class='ocrx_word' id='word_1_499' title='bbox 508 3284 565 3332; x_wconf 87' lang='lat' dir='ltr'><strong>et</strong></span> <span class='ocrx_word' id='word_1_500' title='bbox 586 3291 693 3332; x_wconf 86' lang='lat' dir='ltr'><strong>non</strong></span> <span class='ocrx_word' id='word_1_501' title='bbox 725 3292 755 3331; x_wconf 88' lang='lat' dir='ltr'><strong>a</strong></span> <span class='ocrx_word' id='word_1_502' title='bbox 802 3284 884 3342; x_wconf 87' lang='lat' dir='ltr'><strong>te;</strong></span> <span class='ocrx_word' id='word_1_503' title='bbox 931 3270 1213 3333; x_wconf 86' lang='lat' dir='ltr'><strong>avertatur</strong></span> <span class='ocrx_word' id='word_1_504' title='bbox 1241 3280 1310 3334; x_wconf 92' lang='lat' dir='ltr'><strong>ab</strong></span> <span class='ocrx_word' id='word_1_505' title='bbox 1335 3294 1401 3335; x_wconf 90' lang='lat' dir='ltr'><strong>eo</strong></span> <span class='ocrx_word' id='word_1_506' title='bbox 1425 3280 1569 3349; x_wconf 88' lang='lat' dir='ltr'><strong>quod</strong></span> <span class='ocrx_word' id='word_1_507' title='bbox 1601 3288 1654 3334; x_wconf 92' lang='lat' dir='ltr'><strong>tu</strong></span> <span class='ocrx_word' id='word_1_508' title='bbox 1689 3278 1769 3336; x_wconf 86' lang='lat' dir='ltr'><strong>fe-</strong></span> <span class='ocrx_word' id='word_1_509' title='bbox 1797 3275 1842 3336; x_wconf 90' lang='lat' dir='ltr'><strong>C</strong></span> <span class='ocrx_word' id='word_1_510' title='bbox 1873 3286 2121 3354; x_wconf 90' lang='lat' dir='ltr'><strong>passione</strong></span> <span class='ocrx_word' id='word_1_511' title='bbox 2174 3301 2294 3342; x_wconf 90' lang='lat' dir='ltr'><strong>mea</strong></span> <span class='ocrx_word' id='word_1_512' title='bbox 2345 3287 2666 3342; x_wconf 87' lang='lat' dir='ltr'><strong>comitantes</strong></span> <span class='ocrx_word' id='word_1_513' title='bbox 2692 3325 2707 3349; x_wconf 92' lang='lat'><strong>,</strong></span> <span class='ocrx_word' id='word_1_514' title='bbox 2752 3284 3062 3353; x_wconf 78' lang='lat' dir='ltr'><strong>conﬁrmavi</strong></span> <span class='ocrx_word' id='word_1_515' title='bbox 3111 3284 3162 3336; x_wconf 91' lang='lat' dir='ltr'><strong>in</strong></span> <span class='ocrx_word' id='word_1_516' title='bbox 3221 3278 3460 3337; x_wconf 84' lang='lat' dir='ltr'><strong>resurre-</strong></span> 
     </span>
    </p>
   </div>
   <div class='ocr_carea' id='block_1_64' title="bbox 182 3366 1767 3440">
    <p class='ocr_par' dir='ltr' id='par_1_64' title="bbox 182 3366 1767 3440">
     <span class='ocr_line' id='line_1_64' title="bbox 182 3366 1767 3440; baseline 0.002 -18"><span class='ocrx_word' id='word_1_517' title='bbox 182 3366 465 3431; x_wconf 81' lang='lat' dir='ltr'><strong>cisti,&#39;non</strong></span> <span class='ocrx_word' id='word_1_518' title='bbox 488 3368 555 3423; x_wconf 90' lang='lat' dir='ltr'><strong>ab</strong></span> <span class='ocrx_word' id='word_1_519' title='bbox 578 3382 642 3423; x_wconf 89' lang='lat' dir='ltr'><strong>eo</strong></span> <span class='ocrx_word' id='word_1_520' title='bbox 664 3383 821 3437; x_wconf 86' lang='lat' dir='ltr'><strong>quem</strong></span> <span class='ocrx_word' id='word_1_521' title='bbox 844 3367 990 3424; x_wconf 91' lang='lat' dir='ltr'><strong>fecit.</strong></span> <span class='ocrx_word' id='word_1_522' title='bbox 1015 3368 1133 3440; x_wconf 82' lang='lat' dir='ltr'><strong>ipse</strong></span> <span class='ocrx_word' id='word_1_523' title='bbox 1155 3370 1300 3425; x_wconf 92' lang='lat' dir='ltr'><strong>enim</strong></span> <span class='ocrx_word' id='word_1_524' title='bbox 1326 3370 1455 3427; x_wconf 87' lang='lat' dir='ltr'><strong>fecit</strong></span> <span class='ocrx_word' id='word_1_525' title='bbox 1474 3371 1767 3435; x_wconf 87' lang='lat' dir='ltr'><strong>hominem,</strong></span> 
     </span>
    </p>
   </div>
   <div class='ocr_carea' id='block_1_65' title="bbox 185 3456 1774 3530">
    <p class='ocr_par' dir='ltr' id='par_1_65' title="bbox 185 3456 1774 3530">
     <span class='ocr_line' id='line_1_65' title="bbox 185 3456 1774 3530; baseline 0.004 -19"><span class='ocrx_word' id='word_1_526' title='bbox 185 3466 243 3512; x_wconf 85' lang='lat' dir='ltr'><strong>tn</strong></span> <span class='ocrx_word' id='word_1_527' title='bbox 276 3456 450 3512; x_wconf 82' lang='lat' dir='ltr'><strong>fecisti</strong></span> <span class='ocrx_word' id='word_1_528' title='bbox 478 3466 845 3529; x_wconf 89' lang='lat' dir='ltr'><strong>peccatorem;</strong></span> <span class='ocrx_word' id='word_1_529' title='bbox 878 3459 991 3529; x_wconf 88' lang='lat' dir='ltr'><strong>ipse</strong></span> <span class='ocrx_word' id='word_1_530' title='bbox 1014 3461 1178 3514; x_wconf 91' lang='lat' dir='ltr'><strong>etiam</strong></span> <span class='ocrx_word' id='word_1_531' title='bbox 1203 3470 1396 3530; x_wconf 90' lang='lat' dir='ltr'><strong>potens</strong></span> <span class='ocrx_word' id='word_1_532' title='bbox 1421 3469 1504 3516; x_wconf 92' lang='lat' dir='ltr'><strong>est</strong></span> <span class='ocrx_word' id='word_1_533' title='bbox 1526 3468 1774 3517; x_wconf 87' lang='lat' dir='ltr'><strong>avertere</strong></span> 
     </span>
    </p>
   </div>
   <div class='ocr_carea' id='block_1_66' title="bbox 185 3547 1772 3622">
    <p class='ocr_par' dir='ltr' id='par_1_66' title="bbox 185 3547 1772 3622">
     <span class='ocr_line' id='line_1_66' title="bbox 185 3547 1772 3622; baseline 0.003 -20"><span class='ocrx_word' id='word_1_534' title='bbox 185 3547 385 3605; x_wconf 82' lang='lat' dir='ltr'><strong>faciem</strong></span> <span class='ocrx_word' id='word_1_535' title='bbox 416 3558 562 3605; x_wconf 90' lang='lat' dir='ltr'><strong>tuam</strong></span> <span class='ocrx_word' id='word_1_536' title='bbox 588 3565 618 3605; x_wconf 93' lang='lat' dir='ltr'><strong>a</strong></span> <span class='ocrx_word' id='word_1_537' title='bbox 647 3558 928 3622; x_wconf 90' lang='lat' dir='ltr'><strong>peccante,</strong></span> <span class='ocrx_word' id='word_1_538' title='bbox 965 3559 1021 3607; x_wconf 92' lang='lat' dir='ltr'><strong>et</strong></span> <span class='ocrx_word' id='word_1_539' title='bbox 1050 3566 1154 3606; x_wconf 93' lang='lat' dir='ltr'><strong>non</strong></span> <span class='ocrx_word' id='word_1_540' title='bbox 1187 3560 1434 3607; x_wconf 81' lang='lat' dir='ltr'><strong>avertere</strong></span> <span class='ocrx_word' id='word_1_541' title='bbox 1456 3552 1525 3607; x_wconf 92' lang='lat' dir='ltr'><strong>ab</strong></span> <span class='ocrx_word' id='word_1_542' title='bbox 1555 3551 1772 3607; x_wconf 89' lang='lat' dir='ltr'><strong>humili-</strong></span> 
     </span>
    </p>
   </div>
   <div class='ocr_carea' id='block_1_67' title="bbox 186 3640 1770 3708">
    <p class='ocr_par' dir='ltr' id='par_1_67' title="bbox 186 3640 1770 3708">
     <span class='ocr_line' id='line_1_67' title="bbox 186 3640 1770 3708; baseline 0 -13"><span class='ocrx_word' id='word_1_543' title='bbox 186 3650 272 3696; x_wconf 89' lang='lat' dir='ltr'><strong>ter</strong></span> <span class='ocrx_word' id='word_1_544' title='bbox 294 3640 603 3698; x_wconf 84' lang='lat' dir='ltr'><strong>conﬁtente.</strong></span> <span class='ocrx_word' id='word_1_545' title='bbox 630 3642 783 3699; x_wconf 86' lang='lat' dir='ltr'><strong>Unde</strong></span> <span class='ocrx_word' id='word_1_546' title='bbox 806 3641 936 3697; x_wconf 90' lang='lat' dir='ltr'><strong>illud</strong></span> <span class='ocrx_word' id='word_1_547' title='bbox 964 3657 979 3697; x_wconf 93' lang='lat'><strong>:</strong></span> <span class='ocrx_word' id='word_1_548' title='bbox 1008 3640 1262 3696; x_wconf 81' lang='lat' dir='ltr'><strong>Excelsus</strong></span> <span class='ocrx_word' id='word_1_549' title='bbox 1286 3641 1562 3708; x_wconf 81' lang='lat' dir='ltr'><strong>Dominus,</strong></span> <span class='ocrx_word' id='word_1_550' title='bbox 1594 3652 1641 3696; x_wconf 90' lang='lat' dir='ltr'><strong>et</strong></span> <span class='ocrx_word' id='word_1_551' title='bbox 1669 3642 1770 3695; x_wconf 79' lang='lat' dir='ltr'><strong>liu-</strong></span> 
     </span>
    </p>
   </div>
   <div class='ocr_carea' id='block_1_68' title="bbox 187 3733 1768 3806">
    <p class='ocr_par' dir='ltr' id='par_1_68' title="bbox 187 3733 1768 3806">
     <span class='ocr_line' id='line_1_68' title="bbox 187 3733 1768 3806; baseline 0 -18"><span class='ocrx_word' id='word_1_552' title='bbox 187 3733 342 3788; x_wconf 76' lang='lat' dir='ltr'><strong>milia</strong></span> <span class='ocrx_word' id='word_1_553' title='bbox 378 3735 669 3803; x_wconf 82' lang='lat' dir='ltr'><strong>respicit,et</strong></span> <span class='ocrx_word' id='word_1_554' title='bbox 692 3733 799 3788; x_wconf 89' lang='lat' dir='ltr'><strong>alta</strong></span> <span class='ocrx_word' id='word_1_555' title='bbox 816 3733 1014 3803; x_wconf 87' lang='lat' dir='ltr'><strong>alonge</strong></span> <span class='ocrx_word' id='word_1_556' title='bbox 1039 3736 1298 3805; x_wconf 79' lang='lat' dir='ltr'><strong>cognoscit</strong></span> <span class='ocrx_word' id='word_1_557' title='bbox 1315 3733 1768 3806; x_wconf 78' lang='lat' dir='ltr'><strong>(Psal.cxxxvu).</strong></span> 
     </span>
    </p>
   </div>
   <div class='ocr_carea' id='block_1_69' title="bbox 186 3823 1773 3895">
    <p class='ocr_par' dir='ltr' id='par_1_69' title="bbox 186 3823 1773 3895">
     <span class='ocr_line' id='line_1_69' title="bbox 186 3823 1773 3895; baseline -0.001 -16"><span class='ocrx_word' id='word_1_558' title='bbox 186 3823 431 3893; x_wconf 78' lang='lat' dir='ltr'><strong>Respicit</strong></span> <span class='ocrx_word' id='word_1_559' title='bbox 476 3823 703 3879; x_wconf 90' lang='lat' dir='ltr'><strong>humiles</strong></span> <span class='ocrx_word' id='word_1_560' title='bbox 732 3839 827 3895; x_wconf 90' lang='lat' dir='ltr'><strong>per</strong></span> <span class='ocrx_word' id='word_1_561' title='bbox 853 3834 1195 3894; x_wconf 89' lang='lat' dir='ltr'><strong>peccatorum</strong></span> <span class='ocrx_word' id='word_1_562' title='bbox 1230 3824 1629 3891; x_wconf 90' lang='lat' dir='ltr'><strong>remissionem,</strong></span> <span class='ocrx_word' id='word_1_563' title='bbox 1664 3823 1773 3879; x_wconf 85' lang='lat' dir='ltr'><strong>ela-</strong></span> 
     </span>
    </p>
   </div>
   <div class='ocr_carea' id='block_1_70' title="bbox 188 3912 1773 3987">
    <p class='ocr_par' dir='ltr' id='par_1_70' title="bbox 188 3912 1773 3987">
     <span class='ocr_line' id='line_1_70' title="bbox 188 3912 1773 3987; baseline 0 -18"><span class='ocrx_word' id='word_1_564' title='bbox 188 3925 271 3970; x_wconf 89' lang='lat' dir='ltr'><strong>tos</strong></span> <span class='ocrx_word' id='word_1_565' title='bbox 302 3918 578 3986; x_wconf 81' lang='lat' dir='ltr'><strong>cognoscit</strong></span> <span class='ocrx_word' id='word_1_566' title='bbox 612 3932 708 3987; x_wconf 89' lang='lat' dir='ltr'><strong>per</strong></span> <span class='ocrx_word' id='word_1_567' title='bbox 727 3912 928 3986; x_wconf 84' lang='lat' dir='ltr'><strong>justam</strong></span> <span class='ocrx_word' id='word_1_568' title='bbox 971 3916 1389 3971; x_wconf 90' lang='lat' dir='ltr'><strong>damnationem.</strong></span> <span class='ocrx_word' id='word_1_569' title='bbox 1430 3915 1609 3983; x_wconf 90' lang='lat' dir='ltr'><strong>Quare</strong></span> <span class='ocrx_word' id='word_1_570' title='bbox 1645 3928 1773 3970; x_wconf 87' lang='lat' dir='ltr'><strong>con-</strong></span> 
     </span>
    </p>
   </div>
   <div class='ocr_carea' id='block_1_71' title="bbox 184 4006 1771 4077">
    <p class='ocr_par' dir='ltr' id='par_1_71' title="bbox 184 4006 1771 4077">
     <span class='ocr_line' id='line_1_71' title="bbox 184 4006 1771 4077; baseline -0.001 -17"><span class='ocrx_word' id='word_1_571' title='bbox 184 4007 459 4073; x_wconf 86' lang='lat' dir='ltr'><strong>iiteamur,</strong></span> <span class='ocrx_word' id='word_1_572' title='bbox 486 4015 544 4061; x_wconf 92' lang='lat' dir='ltr'><strong>ut</strong></span> <span class='ocrx_word' id='word_1_573' title='bbox 582 4007 894 4063; x_wconf 87' lang='lat' dir='ltr'><strong>invocemus</strong></span> <span class='ocrx_word' id='word_1_574' title='bbox 922 4047 935 4072; x_wconf 93' lang='lat'><strong>,</strong></span> <span class='ocrx_word' id='word_1_575' title='bbox 982 4007 1123 4077; x_wconf 89' lang='lat' dir='ltr'><strong>quod</strong></span> <span class='ocrx_word' id='word_1_576' title='bbox 1172 4007 1340 4062; x_wconf 88' lang='lat' dir='ltr'><strong>dicit:</strong></span> <span class='ocrx_word' id='word_1_577' title='bbox 1374 4006 1771 4077; x_wconf 78' lang='lat' dir='ltr'><strong>Conﬁtebimur,</strong></span> 
     </span>
    </p>
   </div>
   <div class='ocr_carea' id='block_1_72' title="bbox 181 4096 1771 4165">
    <p class='ocr_par' dir='ltr' id='par_1_72' title="bbox 181 4096 1771 4165">
     <span class='ocr_line' id='line_1_72' title="bbox 181 4096 1771 4165; baseline 0.001 -16"><span class='ocrx_word' id='word_1_578' title='bbox 181 4097 298 4161; x_wconf 83' lang='lat' dir='ltr'><strong>tibi,</strong></span> <span class='ocrx_word' id='word_1_579' title='bbox 330 4096 496 4163; x_wconf 84' lang='lat' dir='ltr'><strong>Deus,</strong></span> <span class='ocrx_word' id='word_1_580' title='bbox 525 4097 906 4165; x_wconf 78' lang='lat' dir='ltr'><strong>conﬁtebimur,</strong></span> <span class='ocrx_word' id='word_1_581' title='bbox 931 4106 978 4150; x_wconf 88' lang='lat' dir='ltr'><strong>et</strong></span> <span class='ocrx_word' id='word_1_582' title='bbox 1008 4096 1359 4151; x_wconf 80' lang='lat' dir='ltr'><strong>inrocabimus</strong></span> <span class='ocrx_word' id='word_1_583' title='bbox 1389 4113 1574 4151; x_wconf 86' lang='lat' dir='ltr'><strong>nomen</strong></span> <span class='ocrx_word' id='word_1_584' title='bbox 1601 4106 1771 4151; x_wconf 83' lang='lat' dir='ltr'><strong>tuum.</strong></span> 
     </span>
    </p>
   </div>
   <div class='ocr_carea' id='block_1_73' title="bbox 180 4186 1771 4258">
    <p class='ocr_par' dir='ltr' id='par_1_73' title="bbox 180 4186 1771 4258">
     <span class='ocr_line' id='line_1_73' title="bbox 180 4186 1771 4258; baseline -0.001 -13"><span class='ocrx_word' id='word_1_585' title='bbox 180 4186 321 4245; x_wconf 73' lang='lat' dir='ltr'><strong>Nota</strong></span> <span class='ocrx_word' id='word_1_586' title='bbox 353 4186 494 4242; x_wconf 86' lang='lat' dir='ltr'><strong>hanc</strong></span> <span class='ocrx_word' id='word_1_587' title='bbox 533 4188 904 4258; x_wconf 85' lang='lat' dir='ltr'><strong>repetitionem</strong></span> <span class='ocrx_word' id='word_1_588' title='bbox 947 4202 1051 4243; x_wconf 92' lang='lat' dir='ltr'><strong>non</strong></span> <span class='ocrx_word' id='word_1_589' title='bbox 1082 4201 1201 4243; x_wconf 90' lang='lat' dir='ltr'><strong>esse</strong></span> <span class='ocrx_word' id='word_1_590' title='bbox 1248 4188 1446 4243; x_wconf 87' lang='lat' dir='ltr'><strong>factam</strong></span> <span class='ocrx_word' id='word_1_591' title='bbox 1497 4203 1659 4243; x_wconf 90' lang='lat' dir='ltr'><strong>causa</strong></span> <span class='ocrx_word' id='word_1_592' title='bbox 1690 4187 1771 4243; x_wconf 89' lang='lat' dir='ltr'><strong>lo-</strong></span> 
     </span>
    </p>
   </div>
   <div class='ocr_carea' id='block_1_74' title="bbox 180 4280 1775 4353">
    <p class='ocr_par' dir='ltr' id='par_1_74' title="bbox 180 4280 1775 4353">
     <span class='ocr_line' id='line_1_74' title="bbox 180 4280 1775 4353; baseline -0.001 -16"><span class='ocrx_word' id='word_1_593' title='bbox 180 4280 497 4353; x_wconf 86' lang='lat' dir='ltr'><strong>quacitatis,</strong></span> <span class='ocrx_word' id='word_1_594' title='bbox 530 4281 623 4338; x_wconf 91' lang='lat' dir='ltr'><strong>scd</strong></span> <span class='ocrx_word' id='word_1_595' title='bbox 654 4295 817 4339; x_wconf 85' lang='lat' dir='ltr'><strong>causa</strong></span> <span class='ocrx_word' id='word_1_596' title='bbox 848 4280 1301 4349; x_wconf 84' lang='lat' dir='ltr'><strong>confirmationis,</strong></span> <span class='ocrx_word' id='word_1_597' title='bbox 1336 4298 1402 4339; x_wconf 87' lang='lat' dir='ltr'><strong>ne</strong></span> <span class='ocrx_word' id='word_1_598' title='bbox 1432 4289 1483 4336; x_wconf 90' lang='lat' dir='ltr'><strong>te</strong></span> <span class='ocrx_word' id='word_1_599' title='bbox 1514 4280 1775 4353; x_wconf 90' lang='lat' dir='ltr'><strong>poeniteat</strong></span> 
     </span>
    </p>
   </div>
   <div class='ocr_carea' id='block_1_75' title="bbox 177 4372 1768 4444">
    <p class='ocr_par' dir='ltr' id='par_1_75' title="bbox 177 4372 1768 4444">
     <span class='ocr_line' id='line_1_75' title="bbox 177 4372 1768 4444; baseline 0 -15"><span class='ocrx_word' id='word_1_600' title='bbox 177 4388 304 4429; x_wconf 84' lang='lat' dir='ltr'><strong>esse</strong></span> <span class='ocrx_word' id='word_1_601' title='bbox 333 4372 663 4439; x_wconf 91' lang='lat' dir='ltr'><strong>confessum,</strong></span> <span class='ocrx_word' id='word_1_602' title='bbox 694 4374 950 4444; x_wconf 87' lang='lat' dir='ltr'><strong>quoniam</strong></span> <span class='ocrx_word' id='word_1_603' title='bbox 974 4376 1145 4430; x_wconf 87' lang='lat' dir='ltr'><strong>bonus</strong></span> <span class='ocrx_word' id='word_1_604' title='bbox 1170 4384 1255 4431; x_wconf 87' lang='lat' dir='ltr'><strong>est</strong></span> <span class='ocrx_word' id='word_1_605' title='bbox 1274 4376 1358 4431; x_wconf 93' lang='lat' dir='ltr'><strong>cui</strong></span> <span class='ocrx_word' id='word_1_606' title='bbox 1384 4375 1664 4432; x_wconf 87' lang='lat' dir='ltr'><strong>confessus</strong></span> <span class='ocrx_word' id='word_1_607' title='bbox 1687 4391 1768 4431; x_wconf 86' lang='lat' dir='ltr'><strong>es.</strong></span> 
     </span>
    </p>
   </div>
   <div class='ocr_carea' id='block_1_76' title="bbox 184 4466 1770 4538">
    <p class='ocr_par' dir='ltr' id='par_1_76' title="bbox 184 4466 1770 4538">
     <span class='ocr_line' id='line_1_76' title="bbox 184 4466 1770 4538; baseline -0.001 -15"><span class='ocrx_word' id='word_1_608' title='bbox 184 4466 343 4523; x_wconf 86' lang='lat' dir='ltr'><strong>Unde</strong></span> <span class='ocrx_word' id='word_1_609' title='bbox 372 4466 510 4522; x_wconf 87' lang='lat' dir='ltr'><strong>alius</strong></span> <span class='ocrx_word' id='word_1_610' title='bbox 552 4466 793 4537; x_wconf 88' lang='lat' dir='ltr'><strong>psalmus</strong></span> <span class='ocrx_word' id='word_1_611' title='bbox 823 4483 837 4521; x_wconf 90' lang='lat'><strong>:</strong></span> <span class='ocrx_word' id='word_1_612' title='bbox 865 4466 1197 4537; x_wconf 84' lang='lat' dir='ltr'><strong>Conﬁtemini</strong></span> <span class='ocrx_word' id='word_1_613' title='bbox 1227 4468 1475 4534; x_wconf 89' lang='lat' dir='ltr'><strong>Domino,</strong></span> <span class='ocrx_word' id='word_1_614' title='bbox 1520 4468 1770 4538; x_wconf 89' lang='lat' dir='ltr'><strong>quoniam</strong></span> 
     </span>
    </p>
   </div>
   <div class='ocr_carea' id='block_1_77' title="bbox 179 4556 1771 4630">
    <p class='ocr_par' dir='ltr' id='par_1_77' title="bbox 179 4556 1771 4630">
     <span class='ocr_line' id='line_1_77' title="bbox 179 4556 1771 4630; baseline 0.001 -18"><span class='ocrx_word' id='word_1_615' title='bbox 179 4557 349 4612; x_wconf 85' lang='lat' dir='ltr'><strong>bonus</strong></span> <span class='ocrx_word' id='word_1_616' title='bbox 384 4556 554 4625; x_wconf 85' lang='lat' dir='ltr'><strong>(Psal.</strong></span> <span class='ocrx_word' id='word_1_617' title='bbox 582 4558 802 4630; x_wconf 75' lang='lat' dir='ltr'><strong>cxxxv).</strong></span> <span class='ocrx_word' id='word_1_618' title='bbox 836 4558 896 4613; x_wconf 88' lang='lat' dir='ltr'><strong>Et</strong></span> <span class='ocrx_word' id='word_1_619' title='bbox 941 4558 1067 4628; x_wconf 91' lang='lat' dir='ltr'><strong>quia</strong></span> <span class='ocrx_word' id='word_1_620' title='bbox 1119 4559 1289 4613; x_wconf 91' lang='lat' dir='ltr'><strong>bonus</strong></span> <span class='ocrx_word' id='word_1_621' title='bbox 1314 4567 1418 4623; x_wconf 88' lang='lat' dir='ltr'><strong>est,</strong></span> <span class='ocrx_word' id='word_1_622' title='bbox 1469 4575 1536 4613; x_wconf 91' lang='lat' dir='ltr'><strong>ne</strong></span> <span class='ocrx_word' id='word_1_623' title='bbox 1583 4559 1771 4613; x_wconf 86' lang='lat' dir='ltr'><strong>timeas</strong></span> 
     </span>
    </p>
   </div>
   <div class='ocr_carea' id='block_1_78' title="bbox 1874 3371 3457 3447">
    <p class='ocr_par' dir='ltr' id='par_1_78' title="bbox 1874 3371 3457 3447">
     <span class='ocr_line' id='line_1_78' title="bbox 1874 3371 3457 3447; baseline -0.006 -14"><span class='ocrx_word' id='word_1_624' title='bbox 1874 3378 2069 3433; x_wconf 89' lang='lat' dir='ltr'><strong>ctione.</strong></span> <span class='ocrx_word' id='word_1_625' title='bbox 2106 3377 2379 3433; x_wconf 65' lang='lat' dir='ltr'><strong>Columna</strong></span> <span class='ocrx_word' id='word_1_626' title='bbox 2407 3379 2657 3432; x_wconf 88' lang='lat' dir='ltr'><strong>dicuntur</strong></span> <span class='ocrx_word' id='word_1_627' title='bbox 2683 3377 2909 3447; x_wconf 90' lang='lat' dir='ltr'><strong>apostoli</strong></span> <span class='ocrx_word' id='word_1_628' title='bbox 2954 3376 3079 3446; x_wconf 91' lang='lat' dir='ltr'><strong>quia</strong></span> <span class='ocrx_word' id='word_1_629' title='bbox 3112 3389 3209 3444; x_wconf 89' lang='lat' dir='ltr'><strong>per</strong></span> <span class='ocrx_word' id='word_1_630' title='bbox 3237 3387 3330 3427; x_wconf 89' lang='lat' dir='ltr'><strong>cos</strong></span> <span class='ocrx_word' id='word_1_631' title='bbox 3360 3371 3457 3425; x_wconf 79' lang='grc' dir='ltr'>[ιιι-</span> 
     </span>
    </p>
   </div>
   <div class='ocr_carea' id='block_1_79' title="bbox 1874 3462 3453 3541">
    <p class='ocr_par' dir='ltr' id='par_1_79' title="bbox 1874 3462 3453 3541">
     <span class='ocr_line' id='line_1_79' title="bbox 1874 3462 3453 3541; baseline -0.008 -15"><span class='ocrx_word' id='word_1_632' title='bbox 1874 3471 1965 3526; x_wconf 91' lang='lat' dir='ltr'><strong>citi</strong></span> <span class='ocrx_word' id='word_1_633' title='bbox 1997 3479 2154 3526; x_wconf 88' lang='lat' dir='ltr'><strong>erant</strong></span> <span class='ocrx_word' id='word_1_634' title='bbox 2179 3488 2193 3524; x_wconf 74' lang='grc' dir='ltr'><em>τ</em></span> <span class='ocrx_word' id='word_1_635' title='bbox 2223 3479 2275 3526; x_wconf 94' lang='lat' dir='ltr'><strong>et</strong></span> <span class='ocrx_word' id='word_1_636' title='bbox 2297 3469 2557 3541; x_wconf 90' lang='lat' dir='ltr'><strong>suppositi</strong></span> <span class='ocrx_word' id='word_1_637' title='bbox 2583 3468 2752 3523; x_wconf 69' lang='grc' dir='ltr'><strong>ιυόωί</strong></span> <span class='ocrx_word' id='word_1_638' title='bbox 2775 3476 2830 3522; x_wconf 92' lang='lat' dir='ltr'><strong>et</strong></span> <span class='ocrx_word' id='word_1_639' title='bbox 2852 3466 3054 3532; x_wconf 73' lang='lat' dir='ltr'><strong>czeteri,</strong></span> <span class='ocrx_word' id='word_1_640' title='bbox 3083 3480 3150 3520; x_wconf 89' lang='lat' dir='ltr'><strong>ne</strong></span> <span class='ocrx_word' id='word_1_641' title='bbox 3179 3462 3453 3519; x_wconf 85' lang='lat' dir='ltr'><strong>caderent.</strong></span> 
     </span>
    </p>
   </div>
   <div class='ocr_carea' id='block_1_80' title="bbox 1874 3558 3460 3629">
    <p class='ocr_par' dir='ltr' id='par_1_80' title="bbox 1874 3558 3460 3629">
     <span class='ocr_line' id='line_1_80' title="bbox 1874 3558 3460 3629; baseline -0.009 -13"><span class='ocrx_word' id='word_1_642' title='bbox 1874 3560 2060 3616; x_wconf 87' lang='lat' dir='ltr'><strong>Potest</strong></span> <span class='ocrx_word' id='word_1_643' title='bbox 2083 3560 2163 3615; x_wconf 90' lang='lat' dir='ltr'><strong>sic</strong></span> <span class='ocrx_word' id='word_1_644' title='bbox 2190 3558 2496 3616; x_wconf 89' lang='lat' dir='ltr'><strong>continuari</strong></span> <span class='ocrx_word' id='word_1_645' title='bbox 2524 3576 2537 3613; x_wconf 90' lang='lat'><strong>:</strong></span> <span class='ocrx_word' id='word_1_646' title='bbox 2565 3558 2677 3629; x_wconf 84' lang='lat' dir='ltr'><strong>Ego</strong></span> <span class='ocrx_word' id='word_1_647' title='bbox 2701 3565 2879 3611; x_wconf 89' lang='lat' dir='ltr'><strong>autem</strong></span> <span class='ocrx_word' id='word_1_648' title='bbox 2917 3572 3033 3609; x_wconf 87' lang='lat' dir='ltr'><strong>cum</strong></span> <span class='ocrx_word' id='word_1_649' title='bbox 3062 3568 3307 3623; x_wconf 85' lang='lat' dir='ltr'><strong>accepero</strong></span> <span class='ocrx_word' id='word_1_650' title='bbox 3330 3560 3460 3603; x_wconf 82' lang='lat' dir='ltr'><strong>tem-</strong></span> 
     </span>
    </p>
   </div>
   <div class='ocr_carea' id='block_1_81' title="bbox 1874 3638 3458 3723">
    <p class='ocr_par' dir='ltr' id='par_1_81' title="bbox 1874 3638 3458 3723">
     <span class='ocr_line' id='line_1_81' title="bbox 1874 3638 3458 3723; baseline -0.008 -18"><span class='ocrx_word' id='word_1_651' title='bbox 1874 3667 1971 3723; x_wconf 85' lang='lat' dir='ltr'><strong>pus</strong></span> <span class='ocrx_word' id='word_1_652' title='bbox 2017 3650 2258 3719; x_wconf 84' lang='lat' dir='ltr'><strong>justitias</strong></span> <span class='ocrx_word' id='word_1_653' title='bbox 2286 3648 2575 3719; x_wconf 86' lang='lat' dir='ltr'><strong>judicabo;</strong></span> <span class='ocrx_word' id='word_1_654' title='bbox 2633 3655 2688 3701; x_wconf 88' lang='lat' dir='ltr'><strong>et</strong></span> <span class='ocrx_word' id='word_1_655' title='bbox 2735 3660 2875 3701; x_wconf 90' lang='lat' dir='ltr'><strong>nunc</strong></span> <span class='ocrx_word' id='word_1_656' title='bbox 2924 3643 3138 3699; x_wconf 89' lang='lat' dir='ltr'><strong>interim</strong></span> <span class='ocrx_word' id='word_1_657' title='bbox 3177 3639 3340 3711; x_wconf 91' lang='lat' dir='ltr'><strong>quid?</strong></span> <span class='ocrx_word' id='word_1_658' title='bbox 3393 3638 3458 3692; x_wconf 87' lang='lat' dir='ltr'><strong>li-</strong></span> 
     </span>
    </p>
   </div>
   <div class='ocr_carea' id='block_1_82' title="bbox 1873 3734 3459 3811">
    <p class='ocr_par' dir='ltr' id='par_1_82' title="bbox 1873 3734 3459 3811">
     <span class='ocr_line' id='line_1_82' title="bbox 1873 3734 3459 3811; baseline -0.008 -17"><span class='ocrx_word' id='word_1_659' title='bbox 1873 3740 2115 3811; x_wconf 82' lang='lat' dir='ltr'><strong>quefacta</strong></span> <span class='ocrx_word' id='word_1_660' title='bbox 2137 3749 2210 3794; x_wconf 87' lang='lat' dir='ltr'><strong>est</strong></span> <span class='ocrx_word' id='word_1_661' title='bbox 2233 3750 2394 3804; x_wconf 88' lang='lat' dir='ltr'><strong>terra,</strong></span> <span class='ocrx_word' id='word_1_662' title='bbox 2416 3747 2464 3793; x_wconf 88' lang='lat' dir='ltr'><strong>et</strong></span> <span class='ocrx_word' id='word_1_663' title='bbox 2488 3754 2663 3792; x_wconf 84' lang='lat' dir='ltr'><strong>omnes</strong></span> <span class='ocrx_word' id='word_1_664' title='bbox 2684 3736 2774 3808; x_wconf 89' lang='lat' dir='ltr'><strong>qui</strong></span> <span class='ocrx_word' id='word_1_665' title='bbox 2795 3736 3039 3790; x_wconf 80' lang='lat' dir='ltr'><strong>habitant.</strong></span> <span class='ocrx_word' id='word_1_666' title='bbox 3054 3734 3105 3788; x_wconf 87' lang='lat' dir='ltr'><strong>in</strong></span> <span class='ocrx_word' id='word_1_667' title='bbox 3133 3748 3227 3794; x_wconf 84' lang='lat' dir='ltr'><strong>ea;</strong></span> <span class='ocrx_word' id='word_1_668' title='bbox 3250 3746 3341 3801; x_wconf 88' lang='lat' dir='ltr'><strong>ego</strong></span> <span class='ocrx_word' id='word_1_669' title='bbox 3363 3744 3459 3783; x_wconf 86' lang='lat' dir='ltr'><strong>att-</strong></span> 
     </span>
    </p>
   </div>
   <div class='ocr_carea' id='block_1_83' title="bbox 1878 3822 3455 3899">
    <p class='ocr_par' dir='ltr' id='par_1_83' title="bbox 1878 3822 3455 3899">
     <span class='ocr_line' id='line_1_83' title="bbox 1878 3822 3455 3899; baseline -0.006 -15"><span class='ocrx_word' id='word_1_670' title='bbox 1878 3839 1983 3885; x_wconf 90' lang='lat' dir='ltr'><strong>tem</strong></span> <span class='ocrx_word' id='word_1_671' title='bbox 2036 3829 2339 3899; x_wconf 79' lang='lat' dir='ltr'><strong>conﬁrmavi</strong></span> <span class='ocrx_word' id='word_1_672' title='bbox 2384 3827 2654 3883; x_wconf 87' lang='lat' dir='ltr'><strong>columnas</strong></span> <span class='ocrx_word' id='word_1_673' title='bbox 2703 3828 2859 3895; x_wconf 80' lang='lat' dir='ltr'><strong>eius;</strong></span> <span class='ocrx_word' id='word_1_674' title='bbox 2914 3835 2969 3880; x_wconf 88' lang='lat' dir='ltr'><strong>et</strong></span> <span class='ocrx_word' id='word_1_675' title='bbox 3024 3839 3122 3893; x_wconf 87' lang='lat' dir='ltr'><strong>per</strong></span> <span class='ocrx_word' id='word_1_676' title='bbox 3169 3822 3314 3893; x_wconf 89' lang='lat' dir='ltr'><strong>ipsas</strong></span> <span class='ocrx_word' id='word_1_677' title='bbox 3361 3834 3455 3875; x_wconf 82' lang='lat' dir='ltr'><strong>co-</strong></span> 
     </span>
    </p>
   </div>
   <div class='ocr_carea' id='block_1_84' title="bbox 1875 3908 3460 3989">
    <p class='ocr_par' dir='ltr' id='par_1_84' title="bbox 1875 3908 3460 3989">
     <span class='ocr_line' id='line_1_84' title="bbox 1875 3908 3460 3989; baseline -0.007 -15"><span class='ocrx_word' id='word_1_678' title='bbox 1875 3921 2105 3976; x_wconf 89' lang='lat' dir='ltr'><strong>lumnas</strong></span> <span class='ocrx_word' id='word_1_679' title='bbox 2141 3920 2253 3974; x_wconf 76' lang='lat' dir='ltr'><strong>tlixi</strong></span> <span class='ocrx_word' id='word_1_680' title='bbox 2308 3918 2497 3989; x_wconf 81' lang='lat' dir='ltr'><strong>iniquis</strong></span> <span class='ocrx_word' id='word_1_681' title='bbox 2544 3936 2563 3975; x_wconf 89' lang='lat'><strong>:</strong></span> <span class='ocrx_word' id='word_1_682' title='bbox 2633 3915 2810 3971; x_wconf 84' lang='lat' dir='ltr'><strong>Nolite</strong></span> <span class='ocrx_word' id='word_1_683' title='bbox 2861 3916 3035 3985; x_wconf 87' lang='lat' dir='ltr'><strong>inique</strong></span> <span class='ocrx_word' id='word_1_684' title='bbox 3091 3928 3261 3984; x_wconf 85' lang='lat' dir='ltr'><strong>agere.</strong></span> <span class='ocrx_word' id='word_1_685' title='bbox 3314 3908 3460 3966; x_wconf 84' lang='lat' dir='ltr'><strong>Dixit</strong></span> 
     </span>
    </p>
   </div>
   <div class='ocr_carea' id='block_1_85' title="bbox 1878 4007 3458 4087">
    <p class='ocr_par' dir='ltr' id='par_1_85' title="bbox 1878 4007 3458 4087">
     <span class='ocr_line' id='line_1_85' title="bbox 1878 4007 3458 4087; baseline -0.007 -18"><span class='ocrx_word' id='word_1_686' title='bbox 1878 4015 2117 4087; x_wconf 87' lang='lat' dir='ltr'><strong>quidem,</strong></span> <span class='ocrx_word' id='word_1_687' title='bbox 2152 4013 2244 4069; x_wconf 91' lang='lat' dir='ltr'><strong>sed</strong></span> <span class='ocrx_word' id='word_1_688' title='bbox 2276 4028 2374 4067; x_wconf 92' lang='lat' dir='ltr'><strong>nos</strong></span> <span class='ocrx_word' id='word_1_689' title='bbox 2422 4028 2527 4067; x_wconf 92' lang='lat' dir='ltr'><strong>non</strong></span> <span class='ocrx_word' id='word_1_690' title='bbox 2571 4011 2894 4067; x_wconf 83' lang='lat' dir='ltr'><strong>audivimus.</strong></span> <span class='ocrx_word' id='word_1_691' title='bbox 2942 4009 3011 4064; x_wconf 88' lang='lat' dir='ltr'><strong>Et</strong></span> <span class='ocrx_word' id='word_1_692' title='bbox 3050 4007 3175 4079; x_wconf 90' lang='lat' dir='ltr'><strong>quia</strong></span> <span class='ocrx_word' id='word_1_693' title='bbox 3215 4022 3320 4062; x_wconf 92' lang='lat' dir='ltr'><strong>non</strong></span> <span class='ocrx_word' id='word_1_694' title='bbox 3363 4020 3458 4060; x_wconf 88' lang='lat' dir='ltr'><strong>au-</strong></span> 
     </span>
    </p>
   </div>
   <div class='ocr_carea' id='block_1_86' title="bbox 1878 4096 3460 4168">
    <p class='ocr_par' dir='ltr' id='par_1_86' title="bbox 1878 4096 3460 4168">
     <span class='ocr_line' id='line_1_86' title="bbox 1878 4096 3460 4168; baseline -0.009 -5"><span class='ocrx_word' id='word_1_695' title='bbox 1878 4107 2108 4163; x_wconf 83' lang='lat' dir='ltr'><strong>divimus</strong></span> <span class='ocrx_word' id='word_1_696' title='bbox 2133 4120 2255 4160; x_wconf 93' lang='lat' dir='ltr'><strong>eum</strong></span> <span class='ocrx_word' id='word_1_697' title='bbox 2303 4113 2362 4159; x_wconf 91' lang='lat' dir='ltr'><strong>ut</strong></span> <span class='ocrx_word' id='word_1_698' title='bbox 2404 4103 2522 4159; x_wconf 92' lang='lat' dir='ltr'><strong>sani</strong></span> <span class='ocrx_word' id='word_1_699' title='bbox 2567 4112 2869 4168; x_wconf 89' lang='lat' dir='ltr'><strong>staremus,</strong></span> <span class='ocrx_word' id='word_1_700' title='bbox 2908 4100 3188 4157; x_wconf 90' lang='lat' dir='ltr'><strong>audiamus</strong></span> <span class='ocrx_word' id='word_1_701' title='bbox 3222 4112 3343 4154; x_wconf 92' lang='lat' dir='ltr'><strong>eum</strong></span> <span class='ocrx_word' id='word_1_702' title='bbox 3376 4096 3460 4151; x_wconf 89' lang='lat' dir='ltr'><strong>vel</strong></span> 
     </span>
    </p>
   </div>
   <div class='ocr_carea' id='block_1_87' title="bbox 1876 4191 3461 4269">
    <p class='ocr_par' dir='ltr' id='par_1_87' title="bbox 1876 4191 3461 4269">
     <span class='ocr_line' id='line_1_87' title="bbox 1876 4191 3461 4269; baseline -0.008 -16"><span class='ocrx_word' id='word_1_703' title='bbox 1876 4207 1936 4253; x_wconf 91' lang='lat' dir='ltr'><strong>ut</strong></span> <span class='ocrx_word' id='word_1_704' title='bbox 1982 4198 2117 4269; x_wconf 92' lang='lat' dir='ltr'><strong>lapsi</strong></span> <span class='ocrx_word' id='word_1_705' title='bbox 2166 4210 2508 4267; x_wconf 87' lang='lat' dir='ltr'><strong>resurgamus</strong></span> <span class='ocrx_word' id='word_1_706' title='bbox 2538 4212 2550 4247; x_wconf 91' lang='lat'><strong>:</strong></span> <span class='ocrx_word' id='word_1_707' title='bbox 2581 4201 2636 4249; x_wconf 93' lang='lat' dir='ltr'><strong>et</strong></span> <span class='ocrx_word' id='word_1_708' title='bbox 2664 4192 2791 4264; x_wconf 90' lang='lat' dir='ltr'><strong>quia</strong></span> <span class='ocrx_word' id='word_1_709' title='bbox 2835 4191 2952 4246; x_wconf 91' lang='lat' dir='ltr'><strong>sani</strong></span> <span class='ocrx_word' id='word_1_710' title='bbox 2998 4206 3103 4246; x_wconf 91' lang='lat' dir='ltr'><strong>non</strong></span> <span class='ocrx_word' id='word_1_711' title='bbox 3150 4202 3335 4243; x_wconf 80' lang='lat' dir='ltr'><strong>sunuis</strong></span> <span class='ocrx_word' id='word_1_712' title='bbox 3364 4201 3461 4241; x_wconf 82' lang='lat' dir='ltr'><strong>au-</strong></span> 
     </span>
    </p>
   </div>
   <div class='ocr_carea' id='block_1_88' title="bbox 1876 4274 3459 4350">
    <p class='ocr_par' dir='ltr' id='par_1_88' title="bbox 1876 4274 3459 4350">
     <span class='ocr_line' id='line_1_88' title="bbox 1876 4274 3459 4350; baseline -0.008 -8"><span class='ocrx_word' id='word_1_713' title='bbox 1876 4288 2088 4342; x_wconf 90' lang='lat' dir='ltr'><strong>dianms</strong></span> <span class='ocrx_word' id='word_1_714' title='bbox 2120 4286 2384 4340; x_wconf 88' lang='lat' dir='ltr'><strong>medicum</strong></span> <span class='ocrx_word' id='word_1_715' title='bbox 2415 4284 2718 4339; x_wconf 89' lang='lat' dir='ltr'><strong>venientem</strong></span> <span class='ocrx_word' id='word_1_716' title='bbox 2743 4283 2809 4337; x_wconf 90' lang='lat' dir='ltr'><strong>ad</strong></span> <span class='ocrx_word' id='word_1_717' title='bbox 2839 4281 3165 4350; x_wconf 89' lang='lat' dir='ltr'><strong>languidum.</strong></span> <span class='ocrx_word' id='word_1_718' title='bbox 3194 4277 3260 4331; x_wconf 87' lang='lat' dir='ltr'><strong>Et</strong></span> <span class='ocrx_word' id='word_1_719' title='bbox 3291 4274 3459 4330; x_wconf 83' lang='lat' dir='ltr'><strong>delin—</strong></span> 
     </span>
    </p>
   </div>
   <div class='ocr_carea' id='block_1_89' title="bbox 1875 4364 3457 4450">
    <p class='ocr_par' dir='ltr' id='par_1_89' title="bbox 1875 4364 3457 4450">
     <span class='ocr_line' id='line_1_89' title="bbox 1875 4364 3457 4450; baseline -0.007 -19"><span class='ocrx_word' id='word_1_720' title='bbox 1875 4377 2183 4450; x_wconf 84' lang='lat' dir='ltr'><strong>quentibus:</strong></span> <span class='ocrx_word' id='word_1_721' title='bbox 2205 4374 2381 4429; x_wconf 84' lang='lat' dir='ltr'><strong>Nolite</strong></span> <span class='ocrx_word' id='word_1_722' title='bbox 2406 4372 2639 4428; x_wconf 85' lang='lat' dir='ltr'><strong>exaltare</strong></span> <span class='ocrx_word' id='word_1_723' title='bbox 2662 4388 2842 4426; x_wconf 88' lang='lat' dir='ltr'><strong>cornu.</strong></span> <span class='ocrx_word' id='word_1_724' title='bbox 2867 4369 3027 4437; x_wconf 88' lang='lat' dir='ltr'><strong>Quasi</strong></span> <span class='ocrx_word' id='word_1_725' title='bbox 3047 4368 3220 4423; x_wconf 85' lang='lat' dir='ltr'><strong>dicat:</strong></span> <span class='ocrx_word' id='word_1_726' title='bbox 3244 4364 3367 4420; x_wconf 87' lang='lat' dir='ltr'><strong>Dixi</strong></span> <span class='ocrx_word' id='word_1_727' title='bbox 3388 4380 3457 4420; x_wconf 87' lang='lat' dir='ltr'><strong>ne</strong></span> 
     </span>
    </p>
   </div>
   <div class='ocr_carea' id='block_1_90' title="bbox 1877 4454 3460 4537">
    <p class='ocr_par' dir='ltr' id='par_1_90' title="bbox 1877 4454 3460 4537">
     <span class='ocr_line' id='line_1_90' title="bbox 1877 4454 3460 4537; baseline -0.009 -16"><span class='ocrx_word' id='word_1_728' title='bbox 1877 4468 2056 4537; x_wconf 89' lang='lat' dir='ltr'><strong>inique</strong></span> <span class='ocrx_word' id='word_1_729' title='bbox 2083 4472 2325 4535; x_wconf 83' lang='lat' dir='ltr'><strong>agerent,</strong></span> <span class='ocrx_word' id='word_1_730' title='bbox 2357 4462 2461 4516; x_wconf 90' lang='lat' dir='ltr'><strong>illis</strong></span> <span class='ocrx_word' id='word_1_731' title='bbox 2487 4469 2664 4515; x_wconf 89' lang='lat' dir='ltr'><strong>autem</strong></span> <span class='ocrx_word' id='word_1_732' title='bbox 2694 4459 2783 4529; x_wconf 92' lang='lat' dir='ltr'><strong>qui</strong></span> <span class='ocrx_word' id='word_1_733' title='bbox 2808 4474 2836 4513; x_wconf 91' lang='lat' dir='ltr'><strong>a</strong></span> <span class='ocrx_word' id='word_1_734' title='bbox 2854 4458 3049 4513; x_wconf 90' lang='lat' dir='ltr'><strong>delicto</strong></span> <span class='ocrx_word' id='word_1_735' title='bbox 3075 4470 3132 4511; x_wconf 89' lang='lat' dir='ltr'><strong>se</strong></span> <span class='ocrx_word' id='word_1_736' title='bbox 3157 4470 3259 4509; x_wconf 91' lang='lat' dir='ltr'><strong>non</strong></span> <span class='ocrx_word' id='word_1_737' title='bbox 3276 4454 3460 4508; x_wconf 81' lang='lat' dir='ltr'><strong>abstu-</strong></span> 
     </span>
    </p>
   </div>
   <div class='ocr_carea' id='block_1_91' title="bbox 1875 4543 3460 4624">
    <p class='ocr_par' dir='ltr' id='par_1_91' title="bbox 1875 4543 3460 4624">
     <span class='ocr_line' id='line_1_91' title="bbox 1875 4543 3460 4624; baseline -0.009 -11"><span class='ocrx_word' id='word_1_738' title='bbox 1875 4559 2073 4624; x_wconf 87' lang='lat' dir='ltr'><strong>lerunt,</strong></span> <span class='ocrx_word' id='word_1_739' title='bbox 2095 4556 2241 4612; x_wconf 76' lang='lat' dir='ltr'><strong>dixi:</strong></span> <span class='ocrx_word' id='word_1_740' title='bbox 2274 4553 2451 4609; x_wconf 87' lang='lat' dir='ltr'><strong>Nolite</strong></span> <span class='ocrx_word' id='word_1_741' title='bbox 2478 4551 2709 4607; x_wconf 77' lang='lat' dir='ltr'><strong>exaltare</strong></span> <span class='ocrx_word' id='word_1_742' title='bbox 2743 4567 2922 4605; x_wconf 89' lang='lat' dir='ltr'><strong>cornu.</strong></span> <span class='ocrx_word' id='word_1_743' title='bbox 2966 4548 3130 4616; x_wconf 88' lang='lat' dir='ltr'><strong>Quasi</strong></span> <span class='ocrx_word' id='word_1_744' title='bbox 3172 4547 3348 4603; x_wconf 87' lang='lat' dir='ltr'><strong>dicat:</strong></span> <span class='ocrx_word' id='word_1_745' title='bbox 3399 4543 3460 4599; x_wconf 89' lang='lat' dir='ltr'><strong>Si</strong></span> 
     </span>
    </p>
   </div>
   <div class='ocr_carea' id='block_1_92' title="bbox 177 4638 3458 4721">
    <p class='ocr_par' dir='ltr' id='par_1_92' title="bbox 177 4638 3458 4721">
     <span class='ocr_line' id='line_1_92' title="bbox 177 4638 3458 4721; baseline -0.004 -17"><span class='ocrx_word' id='word_1_746' title='bbox 177 4647 433 4704; x_wconf 84' lang='lat' dir='ltr'><strong>confiteri</strong></span> <span class='ocrx_word' id='word_1_747' title='bbox 468 4666 481 4703; x_wconf 91' lang='lat'><strong>:</strong></span> <span class='ocrx_word' id='word_1_748' title='bbox 522 4650 774 4719; x_wconf 91' lang='lat' dir='ltr'><strong>quoniam</strong></span> <span class='ocrx_word' id='word_1_749' title='bbox 823 4667 928 4705; x_wconf 92' lang='lat' dir='ltr'><strong>non</strong></span> <span class='ocrx_word' id='word_1_750' title='bbox 980 4651 1256 4707; x_wconf 87' lang='lat' dir='ltr'><strong>conﬁteris</strong></span> <span class='ocrx_word' id='word_1_751' title='bbox 1304 4650 1607 4707; x_wconf 90' lang='lat' dir='ltr'><strong>insultatori</strong></span> <span class='ocrx_word' id='word_1_752' title='bbox 1663 4666 1764 4706; x_wconf 91' lang='lat' dir='ltr'><strong>nec</strong></span> <span class='ocrx_word' id='word_1_753' title='bbox 1791 4654 1841 4714; x_wconf 89' lang='lat' dir='ltr'><strong>D</strong></span> <span class='ocrx_word' id='word_1_754' title='bbox 1870 4648 2133 4721; x_wconf 87' lang='lat' dir='ltr'><strong>peccastis</strong></span> <span class='ocrx_word' id='word_1_755' title='bbox 2160 4662 2255 4719; x_wconf 91' lang='lat' dir='ltr'><strong>per</strong></span> <span class='ocrx_word' id='word_1_756' title='bbox 2282 4644 2655 4715; x_wconf 89' lang='lat' dir='ltr'><strong>cupiditatem,</strong></span> <span class='ocrx_word' id='word_1_757' title='bbox 2681 4642 2844 4697; x_wconf 90' lang='lat' dir='ltr'><strong>nolite</strong></span> <span class='ocrx_word' id='word_1_758' title='bbox 2864 4649 3144 4712; x_wconf 86' lang='lat' dir='ltr'><strong>peccatum</strong></span> <span class='ocrx_word' id='word_1_759' title='bbox 3169 4638 3458 4694; x_wconf 82' lang='lat' dir='ltr'><strong>defendere</strong></span> 
     </span>
    </p>
   </div>
   <div class='ocr_carea' id='block_1_93' title="bbox 176 4739 1771 4812">
    <p class='ocr_par' dir='ltr' id='par_1_93' title="bbox 176 4739 1771 4812">
     <span class='ocr_line' id='line_1_93' title="bbox 176 4739 1771 4812; baseline 0.003 -19"><span class='ocrx_word' id='word_1_760' title='bbox 176 4739 448 4811; x_wconf 87' lang='lat' dir='ltr'><strong>punitori,</strong></span> <span class='ocrx_word' id='word_1_761' title='bbox 490 4740 583 4795; x_wconf 89' lang='lat' dir='ltr'><strong>sed</strong></span> <span class='ocrx_word' id='word_1_762' title='bbox 608 4751 827 4811; x_wconf 89' lang='lat' dir='ltr'><strong>peccata</strong></span> <span class='ocrx_word' id='word_1_763' title='bbox 859 4742 1179 4812; x_wconf 81' lang='lat' dir='ltr'><strong>ignoscenti.</strong></span> <span class='ocrx_word' id='word_1_764' title='bbox 1210 4741 1362 4798; x_wconf 86' lang='lat' dir='ltr'><strong>Time</strong></span> <span class='ocrx_word' id='word_1_765' title='bbox 1392 4743 1636 4798; x_wconf 86' lang='lat' dir='ltr'><strong>confiteri</strong></span> <span class='ocrx_word' id='word_1_766' title='bbox 1674 4743 1771 4798; x_wconf 84' lang='lat' dir='ltr'><strong>ho-</strong></span> 
     </span>
    </p>
   </div>
   <div class='ocr_carea' id='block_1_94' title="bbox 177 4830 1770 4905">
    <p class='ocr_par' dir='ltr' id='par_1_94' title="bbox 177 4830 1770 4905">
     <span class='ocr_line' id='line_1_94' title="bbox 177 4830 1770 4905; baseline 0.003 -19"><span class='ocrx_word' id='word_1_767' title='bbox 177 4830 314 4887; x_wconf 90' lang='lat' dir='ltr'><strong>mini</strong></span> <span class='ocrx_word' id='word_1_768' title='bbox 339 4830 531 4901; x_wconf 88' lang='lat' dir='ltr'><strong>judici,</strong></span> <span class='ocrx_word' id='word_1_769' title='bbox 562 4842 681 4903; x_wconf 91' lang='lat' dir='ltr'><strong>post</strong></span> <span class='ocrx_word' id='word_1_770' title='bbox 705 4832 1096 4889; x_wconf 85' lang='lat' dir='ltr'><strong>confessionem</strong></span> <span class='ocrx_word' id='word_1_771' title='bbox 1123 4842 1340 4903; x_wconf 91' lang='lat' dir='ltr'><strong>peccata</strong></span> <span class='ocrx_word' id='word_1_772' title='bbox 1364 4835 1517 4905; x_wconf 89' lang='lat' dir='ltr'><strong>punit</strong></span> <span class='ocrx_word' id='word_1_773' title='bbox 1541 4852 1551 4887; x_wconf 92' lang='lat'><strong>:</strong></span> <span class='ocrx_word' id='word_1_774' title='bbox 1579 4849 1770 4891; x_wconf 90' lang='lat' dir='ltr'><strong>secure</strong></span> 
     </span>
    </p>
   </div>
   <div class='ocr_carea' id='block_1_95' title="bbox 177 4920 1771 4997">
    <p class='ocr_par' dir='ltr' id='par_1_95' title="bbox 177 4920 1771 4997">
     <span class='ocr_line' id='line_1_95' title="bbox 177 4920 1771 4997; baseline 0.003 -22"><span class='ocrx_word' id='word_1_775' title='bbox 177 4920 495 4976; x_wconf 79' lang='lat' dir='ltr'><strong>confitearis</strong></span> <span class='ocrx_word' id='word_1_776' title='bbox 536 4922 666 4989; x_wconf 91' lang='lat' dir='ltr'><strong>Deo,</strong></span> <span class='ocrx_word' id='word_1_777' title='bbox 698 4924 788 4993; x_wconf 90' lang='lat' dir='ltr'><strong>qui</strong></span> <span class='ocrx_word' id='word_1_778' title='bbox 836 4933 955 4994; x_wconf 92' lang='lat' dir='ltr'><strong>post</strong></span> <span class='ocrx_word' id='word_1_779' title='bbox 982 4924 1376 4981; x_wconf 88' lang='lat' dir='ltr'><strong>confessionem</strong></span> <span class='ocrx_word' id='word_1_780' title='bbox 1424 4925 1668 4997; x_wconf 79' lang='lat' dir='ltr'><strong>ignoscit.</strong></span> <span class='ocrx_word' id='word_1_781' title='bbox 1702 4927 1771 4981; x_wconf 88' lang='lat' dir='ltr'><strong>Et</strong></span> 
     </span>
    </p>
   </div>
   <div class='ocr_carea' id='block_1_96' title="bbox 180 5011 1769 5087">
    <p class='ocr_par' dir='ltr' id='par_1_96' title="bbox 180 5011 1769 5087">
     <span class='ocr_line' id='line_1_96' title="bbox 180 5011 1769 5087; baseline 0.003 -21"><span class='ocrx_word' id='word_1_782' title='bbox 180 5011 465 5067; x_wconf 89' lang='lat' dir='ltr'><strong>invocahis</strong></span> <span class='ocrx_word' id='word_1_783' title='bbox 490 5028 685 5069; x_wconf 87' lang='lat' dir='ltr'><strong>nomen</strong></span> <span class='ocrx_word' id='word_1_784' title='bbox 720 5021 889 5079; x_wconf 90' lang='lat' dir='ltr'><strong>tuum,</strong></span> <span class='ocrx_word' id='word_1_785' title='bbox 920 5022 977 5068; x_wconf 92' lang='lat' dir='ltr'><strong>ut</strong></span> <span class='ocrx_word' id='word_1_786' title='bbox 1006 5030 1070 5069; x_wconf 81' lang='lat' dir='ltr'><strong>ex</strong></span> <span class='ocrx_word' id='word_1_787' title='bbox 1101 5024 1151 5070; x_wconf 91' lang='lat' dir='ltr'><strong>te</strong></span> <span class='ocrx_word' id='word_1_788' title='bbox 1179 5016 1319 5085; x_wconf 90' lang='lat' dir='ltr'><strong>pleni</strong></span> <span class='ocrx_word' id='word_1_789' title='bbox 1346 5016 1534 5083; x_wconf 89' lang='lat' dir='ltr'><strong>simus,</strong></span> <span class='ocrx_word' id='word_1_790' title='bbox 1559 5017 1647 5086; x_wconf 88' lang='lat' dir='ltr'><strong>qui</strong></span> <span class='ocrx_word' id='word_1_791' title='bbox 1674 5031 1769 5087; x_wconf 90' lang='lat' dir='ltr'><strong>per</strong></span> 
     </span>
    </p>
   </div>
   <div class='ocr_carea' id='block_1_97' title="bbox 181 5101 1774 5178">
    <p class='ocr_par' dir='ltr' id='par_1_97' title="bbox 181 5101 1774 5178">
     <span class='ocr_line' id='line_1_97' title="bbox 181 5101 1774 5178; baseline 0.004 -21"><span class='ocrx_word' id='word_1_792' title='bbox 181 5101 579 5159; x_wconf 85' lang='lat' dir='ltr'><strong>confessionem</strong></span> <span class='ocrx_word' id='word_1_793' title='bbox 604 5104 845 5160; x_wconf 89' lang='lat' dir='ltr'><strong>evacuati</strong></span> <span class='ocrx_word' id='word_1_794' title='bbox 877 5120 1082 5161; x_wconf 91' lang='lat' dir='ltr'><strong>sumus.</strong></span> <span class='ocrx_word' id='word_1_795' title='bbox 1121 5106 1187 5162; x_wconf 86' lang='lat' dir='ltr'><strong>Et</strong></span> <span class='ocrx_word' id='word_1_796' title='bbox 1214 5108 1355 5164; x_wconf 90' lang='lat' dir='ltr'><strong>unde</strong></span> <span class='ocrx_word' id='word_1_797' title='bbox 1383 5109 1453 5163; x_wconf 90' lang='lat' dir='ltr'><strong>sit</strong></span> <span class='ocrx_word' id='word_1_798' title='bbox 1498 5108 1774 5178; x_wconf 83' lang='lat' dir='ltr'><strong>impletus,</strong></span> 
     </span>
    </p>
   </div>
   <div class='ocr_carea' id='block_1_98' title="bbox 182 5192 1765 5278">
    <p class='ocr_par' dir='ltr' id='par_1_98' title="bbox 182 5192 1765 5278">
     <span class='ocr_line' id='line_1_98' title="bbox 182 5192 1765 5278; baseline 0.005 -34"><span class='ocrx_word' id='word_1_799' title='bbox 182 5192 463 5264; x_wconf 72' lang='lat' dir='ltr'><strong>subiungit</strong></span> <span class='ocrx_word' id='word_1_800' title='bbox 493 5210 516 5278; x_wconf 54' lang='grc' dir='ltr'>ί</span> <span class='ocrx_word' id='word_1_801' title='bbox 542 5192 897 5251; x_wconf 86' lang='lat' dir='ltr'><strong>Narrabimns</strong></span> <span class='ocrx_word' id='word_1_802' title='bbox 935 5197 1198 5251; x_wconf 86' lang='lat' dir='ltr'><strong>mirabilia</strong></span> <span class='ocrx_word' id='word_1_803' title='bbox 1232 5209 1342 5252; x_wconf 87' lang='lat' dir='ltr'><strong>tua.</strong></span> <span class='ocrx_word' id='word_1_804' title='bbox 1379 5198 1542 5266; x_wconf 88' lang='lat' dir='ltr'><strong>Quasi</strong></span> <span class='ocrx_word' id='word_1_805' title='bbox 1577 5198 1722 5255; x_wconf 88' lang='lat' dir='ltr'><strong>dicat</strong></span> <span class='ocrx_word' id='word_1_806' title='bbox 1754 5217 1765 5252; x_wconf 93' lang='lat'><strong>:</strong></span> 
     </span>
    </p>
   </div>
   <div class='ocr_carea' id='block_1_99' title="bbox 184 5282 1773 5361">
    <p class='ocr_par' dir='ltr' id='par_1_99' title="bbox 184 5282 1773 5361">
     <span class='ocr_line' id='line_1_99' title="bbox 184 5282 1773 5361; baseline 0.007 -26"><span class='ocrx_word' id='word_1_807' title='bbox 184 5282 300 5353; x_wconf 83' lang='lat' dir='ltr'><strong>Ego</strong></span> <span class='ocrx_word' id='word_1_808' title='bbox 333 5292 390 5339; x_wconf 89' lang='lat' dir='ltr'><strong>et</strong></span> <span class='ocrx_word' id='word_1_809' title='bbox 426 5287 531 5343; x_wconf 87' lang='lat' dir='ltr'><strong>mei</strong></span> <span class='ocrx_word' id='word_1_810' title='bbox 580 5289 914 5342; x_wconf 83' lang='lat' dir='ltr'><strong>narrabimus</strong></span> <span class='ocrx_word' id='word_1_811' title='bbox 959 5288 1220 5343; x_wconf 86' lang='lat' dir='ltr'><strong>mirabilia</strong></span> <span class='ocrx_word' id='word_1_812' title='bbox 1249 5299 1361 5355; x_wconf 90' lang='lat' dir='ltr'><strong>tua,</strong></span> <span class='ocrx_word' id='word_1_813' title='bbox 1394 5307 1513 5361; x_wconf 70' lang='lat' dir='ltr'><strong>qua:</strong></span> <span class='ocrx_word' id='word_1_814' title='bbox 1552 5292 1773 5346; x_wconf 91' lang='lat' dir='ltr'><strong>mirabi-</strong></span> 
     </span>
    </p>
   </div>
   <div class='ocr_carea' id='block_1_100' title="bbox 185 5367 1773 5451">
    <p class='ocr_par' dir='ltr' id='par_1_100' title="bbox 185 5367 1773 5451">
     <span class='ocr_line' id='line_1_100' title="bbox 185 5367 1773 5451; baseline 0.007 -24"><span class='ocrx_word' id='word_1_815' title='bbox 185 5373 309 5429; x_wconf 92' lang='lat' dir='ltr'><strong>liter</strong></span> <span class='ocrx_word' id='word_1_816' title='bbox 355 5379 596 5446; x_wconf 90' lang='lat' dir='ltr'><strong>opcraris</strong></span> <span class='ocrx_word' id='word_1_817' title='bbox 643 5367 696 5433; x_wconf 74' lang='lat' dir='ltr'><strong>iii</strong></span> <span class='ocrx_word' id='word_1_818' title='bbox 747 5380 1105 5450; x_wconf 87' lang='lat' dir='ltr'><strong>corporibus,</strong></span> <span class='ocrx_word' id='word_1_819' title='bbox 1159 5389 1213 5436; x_wconf 90' lang='lat' dir='ltr'><strong>et</strong></span> <span class='ocrx_word' id='word_1_820' title='bbox 1269 5398 1387 5451; x_wconf 76' lang='lat' dir='ltr'><strong>qua:</strong></span> <span class='ocrx_word' id='word_1_821' title='bbox 1435 5382 1773 5438; x_wconf 88' lang='lat' dir='ltr'><strong>mirabilibus</strong></span> 
     </span>
    </p>
   </div>
   <div class='ocr_carea' id='block_1_101' title="bbox 183 5467 1771 5544">
    <p class='ocr_par' dir='ltr' id='par_1_101' title="bbox 183 5467 1771 5544">
     <span class='ocr_line' id='line_1_101' title="bbox 183 5467 1771 5544; baseline 0.003 -23"><span class='ocrx_word' id='word_1_822' title='bbox 183 5467 429 5537; x_wconf 87' lang='lat' dir='ltr'><strong>operaris</strong></span> <span class='ocrx_word' id='word_1_823' title='bbox 460 5469 511 5523; x_wconf 88' lang='lat' dir='ltr'><strong>in</strong></span> <span class='ocrx_word' id='word_1_824' title='bbox 544 5471 799 5527; x_wconf 89' lang='lat' dir='ltr'><strong>moribus.</strong></span> <span class='ocrx_word' id='word_1_825' title='bbox 836 5471 965 5526; x_wconf 88' lang='lat' dir='ltr'><strong>Cum</strong></span> <span class='ocrx_word' id='word_1_826' title='bbox 1006 5488 1249 5541; x_wconf 82' lang='lat' dir='ltr'><strong>accepero</strong></span> <span class='ocrx_word' id='word_1_827' title='bbox 1279 5483 1477 5543; x_wconf 84' lang='lat' dir='ltr'><strong>tempus</strong></span> <span class='ocrx_word' id='word_1_828' title='bbox 1498 5514 1512 5539; x_wconf 89' lang='lat'><strong>,</strong></span> <span class='ocrx_word' id='word_1_829' title='bbox 1552 5489 1644 5544; x_wconf 85' lang='lat' dir='ltr'><strong>ego</strong></span> <span class='ocrx_word' id='word_1_830' title='bbox 1675 5472 1771 5542; x_wconf 87' lang='lat' dir='ltr'><strong>ju-</strong></span> 
     </span>
    </p>
   </div>
   <div class='ocr_carea' id='block_1_102' title="bbox 183 5562 1772 5637">
    <p class='ocr_par' dir='ltr' id='par_1_102' title="bbox 183 5562 1772 5637">
     <span class='ocr_line' id='line_1_102' title="bbox 183 5562 1772 5637; baseline 0.003 -20"><span class='ocrx_word' id='word_1_831' title='bbox 183 5562 358 5617; x_wconf 84' lang='lat' dir='ltr'><strong>stitias</strong></span> <span class='ocrx_word' id='word_1_832' title='bbox 378 5564 655 5634; x_wconf 82' lang='lat' dir='ltr'><strong>judicabo,</strong></span> <span class='ocrx_word' id='word_1_833' title='bbox 688 5566 842 5637; x_wconf 90' lang='lat' dir='ltr'><strong>quasi</strong></span> <span class='ocrx_word' id='word_1_834' title='bbox 878 5566 1025 5620; x_wconf 89' lang='lat' dir='ltr'><strong>dicat</strong></span> <span class='ocrx_word' id='word_1_835' title='bbox 1052 5580 1065 5617; x_wconf 92' lang='lat'><strong>:</strong></span> <span class='ocrx_word' id='word_1_836' title='bbox 1098 5564 1397 5622; x_wconf 86' lang='lat' dir='ltr'><strong>Notilicatis</strong></span> <span class='ocrx_word' id='word_1_837' title='bbox 1437 5566 1772 5621; x_wconf 86' lang='lat' dir='ltr'><strong>mirabilibus</strong></span> 
     </span>
    </p>
   </div>
   <div class='ocr_carea' id='block_1_103' title="bbox 187 5655 1772 5730">
    <p class='ocr_par' dir='ltr' id='par_1_103' title="bbox 187 5655 1772 5730">
     <span class='ocr_line' id='line_1_103' title="bbox 187 5655 1772 5730; baseline 0.005 -22"><span class='ocrx_word' id='word_1_838' title='bbox 187 5655 312 5721; x_wconf 88' lang='lat' dir='ltr'><strong>luis,</strong></span> <span class='ocrx_word' id='word_1_839' title='bbox 342 5674 433 5727; x_wconf 88' lang='lat' dir='ltr'><strong>ego</strong></span> <span class='ocrx_word' id='word_1_840' title='bbox 461 5659 727 5729; x_wconf 72' lang='lat' dir='ltr'><strong>pnccipuc</strong></span> <span class='ocrx_word' id='word_1_841' title='bbox 759 5660 1000 5729; x_wconf 83' lang='lat' dir='ltr'><strong>justitias</strong></span> <span class='ocrx_word' id='word_1_842' title='bbox 1037 5658 1290 5729; x_wconf 84' lang='lat' dir='ltr'><strong>judicabo</strong></span> <span class='ocrx_word' id='word_1_843' title='bbox 1312 5700 1326 5725; x_wconf 89' lang='lat'><strong>,</strong></span> <span class='ocrx_word' id='word_1_844' title='bbox 1372 5676 1476 5715; x_wconf 88' lang='lat' dir='ltr'><strong>non</strong></span> <span class='ocrx_word' id='word_1_845' title='bbox 1505 5660 1772 5730; x_wconf 86' lang='lat' dir='ltr'><strong>parcendo</strong></span> 
     </span>
    </p>
   </div>
   <div class='ocr_carea' id='block_1_104' title="bbox 186 5751 1770 5824">
    <p class='ocr_par' dir='ltr' id='par_1_104' title="bbox 186 5751 1770 5824">
     <span class='ocr_line' id='line_1_104' title="bbox 186 5751 1770 5824; baseline 0.004 -24"><span class='ocrx_word' id='word_1_846' title='bbox 186 5752 578 5817; x_wconf 84' lang='lat' dir='ltr'><strong>contemnenti,</strong></span> <span class='ocrx_word' id='word_1_847' title='bbox 626 5751 713 5821; x_wconf 90' lang='lat' dir='ltr'><strong>qui</strong></span> <span class='ocrx_word' id='word_1_848' title='bbox 743 5767 885 5809; x_wconf 87' lang='lat' dir='ltr'><strong>nunc</strong></span> <span class='ocrx_word' id='word_1_849' title='bbox 913 5752 1053 5810; x_wconf 88' lang='lat' dir='ltr'><strong>dono</strong></span> <span class='ocrx_word' id='word_1_850' title='bbox 1083 5754 1395 5819; x_wconf 82' lang='lat' dir='ltr'><strong>confitenti;</strong></span> <span class='ocrx_word' id='word_1_851' title='bbox 1444 5753 1647 5824; x_wconf 84' lang='lat' dir='ltr'><strong>gratias</strong></span> <span class='ocrx_word' id='word_1_852' title='bbox 1695 5752 1770 5807; x_wconf 91' lang='lat' dir='ltr'><strong>illi</strong></span> 
     </span>
    </p>
   </div>
   <div class='ocr_carea' id='block_1_105' title="bbox 188 5838 1765 5914">
    <p class='ocr_par' dir='ltr' id='par_1_105' title="bbox 188 5838 1765 5914">
     <span class='ocr_line' id='line_1_105' title="bbox 188 5838 1765 5914; baseline 0.004 -21"><span class='ocrx_word' id='word_1_853' title='bbox 188 5838 276 5909; x_wconf 80' lang='lat' dir='ltr'><strong>qui</strong></span> <span class='ocrx_word' id='word_1_854' title='bbox 327 5840 477 5910; x_wconf 83' lang='lat' dir='ltr'><strong>prius</strong></span> <span class='ocrx_word' id='word_1_855' title='bbox 532 5841 693 5898; x_wconf 87' lang='lat' dir='ltr'><strong>voluit</strong></span> <span class='ocrx_word' id='word_1_856' title='bbox 744 5840 1006 5909; x_wconf 79' lang='lat' dir='ltr'><strong>justitiam</strong></span> <span class='ocrx_word' id='word_1_857' title='bbox 1055 5858 1275 5900; x_wconf 86' lang='lat' dir='ltr'><strong>narrare</strong></span> <span class='ocrx_word' id='word_1_858' title='bbox 1335 5853 1385 5901; x_wconf 85' lang='lat' dir='ltr'><strong>ct</strong></span> <span class='ocrx_word' id='word_1_859' title='bbox 1438 5842 1765 5914; x_wconf 63' lang='lat' dir='ltr'><strong>priedicare,</strong></span> 
     </span>
    </p>
   </div>
   <div class='ocr_carea' id='block_1_106' title="bbox 1873 4730 3461 4809">
    <p class='ocr_par' dir='ltr' id='par_1_106' title="bbox 1873 4730 3461 4809">
     <span class='ocr_line' id='line_1_106' title="bbox 1873 4730 3461 4809; baseline -0.007 -17"><span class='ocrx_word' id='word_1_860' title='bbox 1873 4732 2495 4809; x_wconf 80' lang='lat' dir='ltr'><strong>perclatiouent.Nolite,</strong></span> <span class='ocrx_word' id='word_1_861' title='bbox 2513 4732 2654 4799; x_wconf 88' lang='lat' dir='ltr'><strong>dico,</strong></span> <span class='ocrx_word' id='word_1_862' title='bbox 2672 4730 2914 4786; x_wconf 86' lang='lat' dir='ltr'><strong>extollere</strong></span> <span class='ocrx_word' id='word_1_863' title='bbox 2936 4732 2989 4784; x_wconf 90' lang='lat' dir='ltr'><strong>in</strong></span> <span class='ocrx_word' id='word_1_864' title='bbox 3012 4730 3174 4784; x_wconf 89' lang='lat' dir='ltr'><strong>altum</strong></span> <span class='ocrx_word' id='word_1_865' title='bbox 3189 4745 3351 4783; x_wconf 87' lang='lat' dir='ltr'><strong>cornu</strong></span> <span class='ocrx_word' id='word_1_866' title='bbox 3379 4744 3461 4782; x_wconf 82' lang='lat' dir='ltr'><strong>re-</strong></span> 
     </span>
    </p>
   </div>
   <div class='ocr_carea' id='block_1_107' title="bbox 1872 4821 3459 4893">
    <p class='ocr_par' dir='ltr' id='par_1_107' title="bbox 1872 4821 3459 4893">
     <span class='ocr_line' id='line_1_107' title="bbox 1872 4821 3459 4893; baseline -0.007 -11"><span class='ocrx_word' id='word_1_867' title='bbox 1872 4839 2059 4893; x_wconf 82' lang='lat' dir='ltr'><strong>strum,</strong></span> <span class='ocrx_word' id='word_1_868' title='bbox 2078 4827 2245 4891; x_wconf 89' lang='lat' dir='ltr'><strong>idest,</strong></span> <span class='ocrx_word' id='word_1_869' title='bbox 2264 4824 2428 4879; x_wconf 85' lang='lat' dir='ltr'><strong>nolite</strong></span> <span class='ocrx_word' id='word_1_870' title='bbox 2441 4822 2763 4879; x_wconf 85' lang='lat' dir='ltr'><strong>confirmare</strong></span> <span class='ocrx_word' id='word_1_871' title='bbox 2778 4821 3198 4893; x_wconf 86' lang='lat' dir='ltr'><strong>oppugnantiam</strong></span> <span class='ocrx_word' id='word_1_872' title='bbox 3222 4826 3459 4874; x_wconf 91' lang='lat' dir='ltr'><strong>vestram</strong></span> 
     </span>
    </p>
   </div>
   <div class='ocr_carea' id='block_1_108' title="bbox 1875 4910 3462 4987">
    <p class='ocr_par' dir='ltr' id='par_1_108' title="bbox 1875 4910 3462 4987">
     <span class='ocr_line' id='line_1_108' title="bbox 1875 4910 3462 4987; baseline -0.007 -14"><span class='ocrx_word' id='word_1_873' title='bbox 1875 4920 1928 4973; x_wconf 92' lang='lat' dir='ltr'><strong>iu</strong></span> <span class='ocrx_word' id='word_1_874' title='bbox 1959 4920 2123 4973; x_wconf 90' lang='lat' dir='ltr'><strong>Deum</strong></span> <span class='ocrx_word' id='word_1_875' title='bbox 2144 4916 2334 4987; x_wconf 83' lang='lat' dir='ltr'><strong>jugum</strong></span> <span class='ocrx_word' id='word_1_876' title='bbox 2368 4916 2459 4971; x_wconf 90' lang='lat' dir='ltr'><strong>Dei</strong></span> <span class='ocrx_word' id='word_1_877' title='bbox 2492 4916 2885 4971; x_wconf 89' lang='lat' dir='ltr'><strong>detrectantes:</strong></span> <span class='ocrx_word' id='word_1_878' title='bbox 2926 4912 3083 4968; x_wconf 88' lang='lat' dir='ltr'><strong>nolite</strong></span> <span class='ocrx_word' id='word_1_879' title='bbox 3104 4911 3243 4984; x_wconf 86' lang='lat' dir='ltr'><strong>loqui</strong></span> <span class='ocrx_word' id='word_1_880' title='bbox 3276 4910 3462 4965; x_wconf 83' lang='lat' dir='ltr'><strong>adver-</strong></span> 
     </span>
    </p>
   </div>
   <div class='ocr_carea' id='block_1_109' title="bbox 1876 5004 3462 5083">
    <p class='ocr_par' dir='ltr' id='par_1_109' title="bbox 1876 5004 3462 5083">
     <span class='ocr_line' id='line_1_109' title="bbox 1876 5004 3462 5083; baseline -0.006 -15"><span class='ocrx_word' id='word_1_881' title='bbox 1876 5031 1963 5068; x_wconf 81' lang='lat' dir='ltr'><strong>sus</strong></span> <span class='ocrx_word' id='word_1_882' title='bbox 1993 5012 2158 5066; x_wconf 89' lang='lat' dir='ltr'><strong>Deum</strong></span> <span class='ocrx_word' id='word_1_883' title='bbox 2194 5012 2536 5083; x_wconf 83' lang='lat' dir='ltr'><strong>iniquitatem,</strong></span> <span class='ocrx_word' id='word_1_884' title='bbox 2570 5013 2818 5082; x_wconf 91' lang='lat' dir='ltr'><strong>ponendo</strong></span> <span class='ocrx_word' id='word_1_885' title='bbox 2856 5010 3106 5066; x_wconf 85' lang='lat' dir='ltr'><strong>videlicet</strong></span> <span class='ocrx_word' id='word_1_886' title='bbox 3144 5023 3268 5064; x_wconf 89' lang='lat' dir='ltr'><strong>eum</strong></span> <span class='ocrx_word' id='word_1_887' title='bbox 3318 5004 3462 5076; x_wconf 86' lang='lat' dir='ltr'><strong>inju-</strong></span> 
     </span>
    </p>
   </div>
   <div class='ocr_carea' id='block_1_110' title="bbox 1872 5101 3462 5175">
    <p class='ocr_par' dir='ltr' id='par_1_110' title="bbox 1872 5101 3462 5175">
     <span class='ocr_line' id='line_1_110' title="bbox 1872 5101 3462 5175; baseline -0.007 -13"><span class='ocrx_word' id='word_1_888' title='bbox 1872 5116 2038 5173; x_wconf 86' lang='lat' dir='ltr'><strong>stam,</strong></span> <span class='ocrx_word' id='word_1_889' title='bbox 2077 5114 2132 5162; x_wconf 90' lang='lat' dir='ltr'><strong>et</strong></span> <span class='ocrx_word' id='word_1_890' title='bbox 2156 5124 2259 5166; x_wconf 90' lang='lat' dir='ltr'><strong>non</strong></span> <span class='ocrx_word' id='word_1_891' title='bbox 2281 5122 2474 5163; x_wconf 89' lang='lat' dir='ltr'><strong>curare</strong></span> <span class='ocrx_word' id='word_1_892' title='bbox 2500 5120 2587 5163; x_wconf 86' lang='lat' dir='ltr'><strong>res</strong></span> <span class='ocrx_word' id='word_1_893' title='bbox 2614 5106 2898 5161; x_wconf 88' lang='lat' dir='ltr'><strong>humanas.</strong></span> <span class='ocrx_word' id='word_1_894' title='bbox 2922 5105 3039 5175; x_wconf 90' lang='lat' dir='ltr'><strong>Ipse</strong></span> <span class='ocrx_word' id='word_1_895' title='bbox 3057 5103 3200 5159; x_wconf 92' lang='lat' dir='ltr'><strong>enim</strong></span> <span class='ocrx_word' id='word_1_896' title='bbox 3223 5101 3462 5173; x_wconf 83' lang='lat' dir='ltr'><strong>loquitur</strong></span> 
     </span>
    </p>
   </div>
   <div class='ocr_carea' id='block_1_111' title="bbox 1872 5190 3460 5269">
    <p class='ocr_par' dir='ltr' id='par_1_111' title="bbox 1872 5190 3460 5269">
     <span class='ocr_line' id='line_1_111' title="bbox 1872 5190 3460 5269; baseline -0.008 -15"><span class='ocrx_word' id='word_1_897' title='bbox 1872 5198 2230 5268; x_wconf 79' lang='lat' dir='ltr'><strong>iniquitatem,</strong></span> <span class='ocrx_word' id='word_1_898' title='bbox 2281 5212 2405 5253; x_wconf 93' lang='lat' dir='ltr'><strong>cum</strong></span> <span class='ocrx_word' id='word_1_899' title='bbox 2434 5196 2579 5253; x_wconf 87' lang='lat' dir='ltr'><strong>videt</strong></span> <span class='ocrx_word' id='word_1_900' title='bbox 2625 5196 2793 5251; x_wconf 91' lang='lat' dir='ltr'><strong>malos</strong></span> <span class='ocrx_word' id='word_1_901' title='bbox 2823 5196 3036 5259; x_wconf 81' lang='lat' dir='ltr'><strong>florere,</strong></span> <span class='ocrx_word' id='word_1_902' title='bbox 3064 5194 3259 5269; x_wconf 17' lang='lat' dir='ltr'><strong>“bonos</strong></span> <span class='ocrx_word' id='word_1_903' title='bbox 3311 5190 3460 5243; x_wconf 87' lang='lat' dir='ltr'><strong>labo-</strong></span> 
     </span>
    </p>
   </div>
   <div class='ocr_carea' id='block_1_112' title="bbox 1874 5279 3459 5358">
    <p class='ocr_par' dir='ltr' id='par_1_112' title="bbox 1874 5279 3459 5358">
     <span class='ocr_line' id='line_1_112' title="bbox 1874 5279 3459 5358; baseline -0.006 -15"><span class='ocrx_word' id='word_1_904' title='bbox 1874 5303 2016 5355; x_wconf 78' lang='lat' dir='ltr'><strong>rare,</strong></span> <span class='ocrx_word' id='word_1_905' title='bbox 2054 5288 2183 5344; x_wconf 91' lang='lat' dir='ltr'><strong>dicit</strong></span> <span class='ocrx_word' id='word_1_906' title='bbox 2209 5288 2377 5344; x_wconf 89' lang='lat' dir='ltr'><strong>Deum</strong></span> <span class='ocrx_word' id='word_1_907' title='bbox 2409 5303 2513 5343; x_wconf 92' lang='lat' dir='ltr'><strong>non</strong></span> <span class='ocrx_word' id='word_1_908' title='bbox 2558 5287 2857 5358; x_wconf 89' lang='lat' dir='ltr'><strong>gubernare</strong></span> <span class='ocrx_word' id='word_1_909' title='bbox 2897 5287 3165 5348; x_wconf 89' lang='lat' dir='ltr'><strong>humana;</strong></span> <span class='ocrx_word' id='word_1_910' title='bbox 3197 5280 3339 5351; x_wconf 91' lang='lat' dir='ltr'><strong>quod</strong></span> <span class='ocrx_word' id='word_1_911' title='bbox 3373 5279 3459 5333; x_wconf 86' lang='lat' dir='ltr'><strong>hic</strong></span> 
     </span>
    </p>
   </div>
   <div class='ocr_carea' id='block_1_113' title="bbox 1872 5372 3454 5450">
    <p class='ocr_par' dir='ltr' id='par_1_113' title="bbox 1872 5372 3454 5450">
     <span class='ocr_line' id='line_1_113' title="bbox 1872 5372 3454 5450; baseline -0.009 -16"><span class='ocrx_word' id='word_1_912' title='bbox 1872 5380 2142 5450; x_wconf 89' lang='lat' dir='ltr'><strong>prohibet,</strong></span> <span class='ocrx_word' id='word_1_913' title='bbox 2203 5379 2361 5433; x_wconf 87' lang='lat' dir='ltr'><strong>nolite</strong></span> <span class='ocrx_word' id='word_1_914' title='bbox 2409 5378 2549 5450; x_wconf 81' lang='lat' dir='ltr'><strong>loqui</strong></span> <span class='ocrx_word' id='word_1_915' title='bbox 2597 5378 2843 5433; x_wconf 82' lang='lat' dir='ltr'><strong>adversus</strong></span> <span class='ocrx_word' id='word_1_916' title='bbox 2893 5377 3058 5431; x_wconf 87' lang='lat' dir='ltr'><strong>Deum</strong></span> <span class='ocrx_word' id='word_1_917' title='bbox 3111 5372 3454 5443; x_wconf 88' lang='lat' dir='ltr'><strong>iniquitatem.</strong></span> 
     </span>
    </p>
   </div>
   <div class='ocr_carea' id='block_1_114' title="bbox 1876 5446 3458 5528">
    <p class='ocr_par' dir='ltr' id='par_1_114' title="bbox 1876 5446 3458 5528">
     <span class='ocr_line' id='line_1_114' title="bbox 1876 5446 3458 5528; baseline -0.008 -1"><span class='ocrx_word' id='word_1_918' title='bbox 1876 5470 2030 5528; x_wconf 86' lang='lat' dir='ltr'><strong>Unde</strong></span> <span class='ocrx_word' id='word_1_919' title='bbox 2057 5471 2181 5526; x_wconf 89' lang='lat' dir='ltr'><strong>alibi</strong></span> <span class='ocrx_word' id='word_1_920' title='bbox 2216 5490 2227 5525; x_wconf 88' lang='lat'><strong>:</strong></span> <span class='ocrx_word' id='word_1_921' title='bbox 2262 5470 2381 5525; x_wconf 90' lang='lat' dir='ltr'><strong>Non</strong></span> <span class='ocrx_word' id='word_1_922' title='bbox 2412 5446 2636 5525; x_wconf 79' lang='lat' dir='ltr'><strong>declines</strong></span> <span class='ocrx_word' id='word_1_923' title='bbox 2661 5486 2751 5524; x_wconf 88' lang='lat' dir='ltr'><strong>cor</strong></span> <span class='ocrx_word' id='word_1_924' title='bbox 2776 5485 2944 5523; x_wconf 84' lang='lat' dir='ltr'><strong>nteant</strong></span> <span class='ocrx_word' id='word_1_925' title='bbox 2981 5468 3035 5520; x_wconf 89' lang='lat' dir='ltr'><strong>in</strong></span> <span class='ocrx_word' id='word_1_926' title='bbox 3063 5464 3212 5521; x_wconf 82' lang='lat' dir='ltr'><strong>verba</strong></span> <span class='ocrx_word' id='word_1_927' title='bbox 3244 5460 3458 5516; x_wconf 83' lang='lat' dir='ltr'><strong>malitia:</strong></span> 
     </span>
    </p>
   </div>
   <div class='ocr_carea' id='block_1_115' title="bbox 1876 5554 3459 5637">
    <p class='ocr_par' dir='ltr' id='par_1_115' title="bbox 1876 5554 3459 5637">
     <span class='ocr_line' id='line_1_115' title="bbox 1876 5554 3459 5637; baseline -0.006 -21"><span class='ocrx_word' id='word_1_928' title='bbox 1876 5562 2045 5637; x_wconf 83' lang='lat' dir='ltr'><strong>(Psal.</strong></span> <span class='ocrx_word' id='word_1_929' title='bbox 2077 5563 2198 5636; x_wconf 71' lang='lat' dir='ltr'><strong>CXL)</strong></span> <span class='ocrx_word' id='word_1_930' title='bbox 2226 5582 2237 5619; x_wconf 91' lang='lat'><strong>:</strong></span> <span class='ocrx_word' id='word_1_931' title='bbox 2282 5564 2405 5634; x_wconf 84' lang='lat' dir='ltr'><strong>quia</strong></span> <span class='ocrx_word' id='word_1_932' title='bbox 2436 5580 2599 5631; x_wconf 89' lang='lat' dir='ltr'><strong>neque</strong></span> <span class='ocrx_word' id='word_1_933' title='bbox 2627 5563 2690 5616; x_wconf 87' lang='lat' dir='ltr'><strong>ab</strong></span> <span class='ocrx_word' id='word_1_934' title='bbox 2721 5562 2915 5616; x_wconf 88' lang='lat' dir='ltr'><strong>oriente</strong></span> <span class='ocrx_word' id='word_1_935' title='bbox 2941 5601 2954 5625; x_wconf 93' lang='lat'><strong>,</strong></span> <span class='ocrx_word' id='word_1_936' title='bbox 3006 5575 3166 5629; x_wconf 84' lang='lat' dir='ltr'><strong>neque</strong></span> <span class='ocrx_word' id='word_1_937' title='bbox 3212 5557 3275 5610; x_wconf 89' lang='lat' dir='ltr'><strong>ab</strong></span> <span class='ocrx_word' id='word_1_938' title='bbox 3322 5554 3459 5609; x_wconf 86' lang='lat' dir='ltr'><strong>occi-</strong></span> 
     </span>
    </p>
   </div>
   <div class='ocr_carea' id='block_1_116' title="bbox 1875 5645 3460 5726">
    <p class='ocr_par' dir='ltr' id='par_1_116' title="bbox 1875 5645 3460 5726">
     <span class='ocr_line' id='line_1_116' title="bbox 1875 5645 3460 5726; baseline -0.007 -18"><span class='ocrx_word' id='word_1_939' title='bbox 1875 5657 2045 5719; x_wconf 85' lang='lat' dir='ltr'><strong>dente,</strong></span> <span class='ocrx_word' id='word_1_940' title='bbox 2071 5672 2230 5726; x_wconf 85' lang='lat' dir='ltr'><strong>neque</strong></span> <span class='ocrx_word' id='word_1_941' title='bbox 2261 5673 2291 5709; x_wconf 90' lang='lat' dir='ltr'><strong>a</strong></span> <span class='ocrx_word' id='word_1_942' title='bbox 2320 5654 2536 5708; x_wconf 87' lang='lat' dir='ltr'><strong>desertis</strong></span> <span class='ocrx_word' id='word_1_943' title='bbox 2566 5652 2846 5716; x_wconf 86' lang='lat' dir='ltr'><strong>montibus,</strong></span> <span class='ocrx_word' id='word_1_944' title='bbox 2865 5651 3111 5722; x_wconf 87' lang='lat' dir='ltr'><strong>quoniam</strong></span> <span class='ocrx_word' id='word_1_945' title='bbox 3139 5647 3278 5701; x_wconf 87' lang='lat' dir='ltr'><strong>Deus</strong></span> <span class='ocrx_word' id='word_1_946' title='bbox 3292 5645 3460 5715; x_wconf 79' lang='lat' dir='ltr'><strong>judex</strong></span> 
     </span>
    </p>
   </div>
   <div class='ocr_carea' id='block_1_117' title="bbox 1874 5738 3459 5815">
    <p class='ocr_par' dir='ltr' id='par_1_117' title="bbox 1874 5738 3459 5815">
     <span class='ocr_line' id='line_1_117' title="bbox 1874 5738 3459 5815; baseline -0.009 -13"><span class='ocrx_word' id='word_1_947' title='bbox 1874 5758 1967 5802; x_wconf 89' lang='lat' dir='ltr'><strong>est.</strong></span> <span class='ocrx_word' id='word_1_948' title='bbox 2002 5747 2163 5814; x_wconf 88' lang='lat' dir='ltr'><strong>Quasi</strong></span> <span class='ocrx_word' id='word_1_949' title='bbox 2194 5746 2338 5800; x_wconf 89' lang='lat' dir='ltr'><strong>dicat</strong></span> <span class='ocrx_word' id='word_1_950' title='bbox 2370 5763 2381 5798; x_wconf 91' lang='lat'><strong>:</strong></span> <span class='ocrx_word' id='word_1_951' title='bbox 2418 5743 2599 5798; x_wconf 79' lang='lat' dir='ltr'><strong>Nolite</strong></span> <span class='ocrx_word' id='word_1_952' title='bbox 2626 5744 2767 5815; x_wconf 89' lang='lat' dir='ltr'><strong>loqui</strong></span> <span class='ocrx_word' id='word_1_953' title='bbox 2797 5744 3042 5799; x_wconf 72' lang='lat' dir='ltr'><strong>adversus</strong></span> <span class='ocrx_word' id='word_1_954' title='bbox 3076 5741 3240 5796; x_wconf 85' lang='lat' dir='ltr'><strong>Deum</strong></span> <span class='ocrx_word' id='word_1_955' title='bbox 3270 5738 3459 5807; x_wconf 84' lang='lat' dir='ltr'><strong>iniqui-</strong></span> 
     </span>
    </p>
   </div>
   <div class='ocr_carea' id='block_1_118' title="bbox 1877 5835 3510 5910">
    <p class='ocr_par' dir='ltr' id='par_1_118' title="bbox 1877 5835 3510 5910">
     <span class='ocr_line' id='line_1_118' title="bbox 1877 5835 3510 5910; baseline -0.007 -16"><span class='ocrx_word' id='word_1_956' title='bbox 1877 5850 2053 5905; x_wconf 73' lang='lat' dir='ltr'><strong>tatem,</strong></span> <span class='ocrx_word' id='word_1_957' title='bbox 2083 5840 2205 5910; x_wconf 86' lang='lat' dir='ltr'><strong>quia</strong></span> <span class='ocrx_word' id='word_1_958' title='bbox 2229 5837 2396 5909; x_wconf 72' lang='lat' dir='ltr'><strong>jmlca&#39;</strong></span> <span class='ocrx_word' id='word_1_959' title='bbox 2425 5837 2514 5907; x_wconf 90' lang='lat' dir='ltr'><strong>qui</strong></span> <span class='ocrx_word' id='word_1_960' title='bbox 2546 5854 2643 5893; x_wconf 80' lang='lat' dir='ltr'><strong>nos</strong></span> <span class='ocrx_word' id='word_1_961' title='bbox 2664 5835 2944 5903; x_wconf 75' lang='lat' dir='ltr'><strong>jmlirabit,</strong></span> <span class='ocrx_word' id='word_1_962' title='bbox 2974 5854 3074 5891; x_wconf 81' lang='lat' dir='ltr'><strong>non</strong></span> <span class='ocrx_word' id='word_1_963' title='bbox 3102 5835 3356 5889; x_wconf 77' lang='lat' dir='ltr'><strong>venturus</strong></span> <span class='ocrx_word' id='word_1_964' title='bbox 3376 5836 3510 5884; x_wconf 28' lang='lat' dir='ltr'><strong>est;</strong></span> 
     </span>
    </p>
   </div>
  </div>
