3918 6412
565 380 671 453 835

564 512 774 561 tantum
800 496 864 561 ab
887 509 1107 579 orienlei
1133 514 1289 583 neque
1322 501 1388 555 ab
1414 504 1692 583 occidente,
1717 522 1875 577 neque
1904 523 1935 559 α
1959 505 2137 562 deser-
2158 514 2209 574 Α

566 594 634 651 τῖε
656 589 1221 658 montibus:quoniam
1250 582 1393 649 Deus
1417 601 1500 649 est
1526 582 1619 663 qui
1646 593 1872 664 judicat,
1910 605 1965 663 et
2007 597 2129 655 ideo

567 691 869 744 necegspn'o
889 680 1090 751 ubique
1116 698 1351 754 praesens
1379 699 1395 738 :
1421 696 1468 740 et
1486 686 1645 753 hunc,
1676 688 1923 744 videlicet
1947 687 2129 745 Judai-

564 784 683 834 cum
708 767 980 841 populum,
1005 787 1064 828 se
1092 773 1411 830 exaltantem
1436 786 1491 832 et
1517 778 1584 834 de
1607 793 1665 833 se.
1694 788 2127 849 prtesumentem,

557 856 818 926 Immiliat,
849 870 897 915 et
916 863 1070 927 hunc,
1101 863 1153 920 id
1177 872 1275 928 est,
1296 866 1543 937 gentilem
1568 869 1840 938 populum,
1870 885 1928 926 se
1952 870 2130 927 humi-

555 945 775 1010 liantem
813 951 1031 1019 exultat,
1056 953 1197 1021 quod
1234 964 1473 1010 notatum
1514 967 1597 1014 est
1632 974 1729 1028 per
1772 957 2124 1014 Publieanum

554 1042 610 1091 et
652 1038 1008 1107 Pharisarum,
1042 1041 1165 1113 quia
1203 1043 1529 1103 Publicanus
1577 1063 1636 1119 se
1685 1049 2018 1114 humiliavit,
2072 1058 2128 1108 et

552 1128 818 1186 exaltatus
844 1141 928 1187 est
953 1148 969 1187 :
998 1130 1298 1190 Pharismus
1321 1150 1378 1190 se
1402 1136 1613 1204 extulit,
1637 1147 1692 1194 et
1712 1140 2025 1195 humiliatus
2042 1153 2127 1197 ρει

551 1219 698 1291 (Luc.
766 1225 958 1297 xrm);
1012 1229 1155 1298 quod
1188 1221 1366 1284 dicit:
1409 1231 1546 1285 hunc
1573 1233 1837 1299 humiliat,
1893 1244 1940 1289 et
1986 1236 2125 1290 hunc

547 1311 763 1368 exultat.
789 1311 856 1370 Et
892 1319 1093 1387 quare?
1124 1316 1262 1385 Quia
1301 1320 1440 1376 calix
1479 1323 1535 1377 in
1560 1312 1738 1378 manu“
1765 1324 1978 1380 Domini
2018 1327 2125 1382 vini

549 1403 683 1458 meri
713 1404 895 1476 plenus
934 1410 1108 1476 misto,
1144 1411 1193 1464 id
1240 1421 1341 1478 est,
1372 1415 1751 1484 comparabilis
1797 1426 1881 1473 est
1919 1417 2121 1487 potenti

519 1489 838 1564 'pincernze,
867 1501 958 1570 qui
984 1514 1050 1557 ex
1082 1503 1250 1560 calice
1280 1506 1593 1575 propinaret
1617 1508 1807 1564 amicis
1827 1510 1945 1565 suis.
1967 1510 2122 1567 dulce

544 1584 750 1651 Vinum,
782 1597 835 1642 et
864 1589 1095 1647 inimicis
1142 1592 1385 1660 acidum;
1416 1597 1556 1665 quod
1601 1597 1749 1662 dicit,
1786 1600 1911 1669 quia
1955 1600 2116 1666 calix,

544 1673 597 1729 id
620 1685 723 1742 est,
761 1682 1124 1737 remuneratio
1145 1691 1226 1738 est
1252 1684 1306 1737 in
1343 1701 1501 1739 manu
1534 1685 1770 1754 Domini,
1810 1688 1951 1744 calix
1974 1689 2116 1757 dico,

543 1764 723 1833 plenus
758 1769 862 1824 vini
898 1773 1044 1838 meri,
1084 1772 1232 1844 justa
1273 1775 1522 1832 videlicet
1572 1779 1951 1848 retributione,
1989 1779 2115 1851 quia

1198 400 1453 457 REMIGu
1490 355 2144 471 aurisswooanusts
2175 394 2327 452 ore.
2366 396 2563 454 usus.
2605 396 2646 452 ι.
2678 428 2753 438 -
2792 399 3200 458 EXEGETICA.

3672 405 3755 462 836

2734 505 3054 564 PSALMUS
3094 510 3306 567 LXXV.
3342 572 3347 579 ι

2299 612 2355 653 IN
2398 612 2561 657 “NE!
2607 613 2659 654 IN
2699 613 3036 658 CABIlNlBUS.
3063 618 3327 660 CANTICUI
3370 620 3438 660 AD
3466 620 3700 669 Δεδῖηιοι.

2788 705 3021 747 ιιςλωωε
3044 675 3231 749 ΑεΑἰδιι.

2305 796 2326 832 s
2369 777 2536 836 Notus
2560 780 2613 835 in
2647 779 2829 837 Judzea
2857 782 3021 859 Deus,
3059 785 3112 840 in
3140 786 3302 842 Israel
3329 804 3575 861 maguum
3596 808 3752 852 nomen

2234 885 2254 920 ι
2298 868 2433 939 ejus.
2460 869 2527 925 Et
2558 869 2733 927 factus
2758 873 2915 928 estin
2949 888 3084 943 pace
3106 874 3257 931 locus
3281 876 3418 946 ejus,
3453 885 3507 933 et
3537 880 3755 937 habitatio

2232 976 2252 1009 ι
2297 956 2412 1026 ejus
2441 958 2495 1013 in
2531 957 2681 1016 Sion.
2715 959 2793 1015 lbi
2825 961 3087 1033 confregit
3116 966 3382 1035 potentias
3406 982 3637 1030 arcuum.
3655 986 3754 1028 scn-

2231 1067 2251 1101 ι
2293 1057 2429 1115 tum,
2459 1058 2514 1108 et
2541 1050 2797 1121 gladium,
2822 1062 2878 1111 et
2915 1053 3133 1132 bellum.
3160 1056 3471 1114 llluminaus
3494 1068 3548 1114 tu
3570 1060 3755 1118 mirabi-

2229 1156 2250 1190 ι
2295 1140 2463 1196 litera
2485 1138 2756 1199 montibus
2788 1145 3041 1201 aeternis:
3072 1148 3270 1204 turbati
3292 1156 3420 1204 sunt
3447 1163 3626 1207 omnes
3652 1153 3755 1208 iusi-

2229 1248 2249 1283 ‹
2294 1231 2504 1301 pientes
2528 1233 2711 1288 corde.
2744 1235 3091 1292 Dormierunt
3117 1253 3366 1294 somnum
3392 1249 3630 1302 suum,et
3650 1243 3756 1300 nihil

2229 1336 2249 1371 ι
2295 1319 2613 1379 invenerunt
2633 1337 2822 1380 omnes
2847 1323 2950 1379 viri
2978 1325 3285 1383 divitiarum
3315 1329 3369 1384 in
3398 1330 3635 1386 manibus
3649 1334 3752 1388 suis.

2230 1428 2250 1461 ι
2290 1410 2372 1466 Ab
2410 1412 2779 1484 increpatione
2819 1423 2930 1483 tua,
2979 1416 3123 1475 Deus
3159 1416 3346 1485 Iacob,
3373 1419 3754 1478 dormitavemut

2206 1518 2249 1571 _¢
2292 1501 2382 1572 qui
2413 1489 2775 1560 ascenderunt
2813 1521 2998 1576 equos.
3048 1507 3129 1563 Tu
3164 1510 3425 1566 terribilis
3463 1525 3542 1577 es,
3585 1520 3637 1567 et
3661 1514 3753 1583 quis

2226 1608 2247 1643 ι
2290 1591 2508 1648 resistet
2537 1594 2895 1671 tibi?_extunc
2938 1597 3015 1652 ira
3049 1606 3161 1669 tua.
3190 1600 3267 1656 De
3287 1600 3428 1656 ctelo
3450 1601 3673 1657 auditum
3692 1602 3752 1657 le-

2225 1697 2246 1732 s
2290 1679 2410 1736 cisti
2425 1681 2708 1750 judicium,
2726 1692 2868 1740 terra
2885 1688 3177 1743 tremuitet
3198 1679 3425 1760 quievit.
3453 1689 3583 1747 Cum
3602 1706 3753 1749 exsur-

2224 1788 2243 1822 s
2287 1780 2439 1842 geret
2467 1772 2522 1827 in
2559 1771 2821 1842 judicium
2859 1775 3021 1843 Deus,
3056 1785 3117 1853 ut
3164 1779 3579 1850 salvosfaceret
3602 1798 3752 1839 omnes

543 1852 766 1914 multum
782 1861 926 1932 juste
940 1861 1233 1937 judicabit;
1252 1867 1345 1922 sed
1370 1868 1659 1940 unicuique
1680 1872 1943 1928 retribuet
1960 1872 2109 1943 juxta

2224 1877 2245 1911 ε
2287 1871 2600 1917 mansuetos
2629 1870 2804 1919 terra.
2834 1862 3095 1932 Quoniam
3123 1868 3381 1940 cogitatio
3408 1869 3631 1925 hominis
3654 1884 3751 1926 cou-

542 1946 854 2005 meritorum
876 1954 1265 2024 aequalitatem;
1289 1966 1374 2013 est
1394 1958 1557 2013 etiam
1574 1960 1765 2030 plenus
1790 1963 1971 2026 misto.
1987 1966 2114 2034 quia

539 2037 667 2094 boui
705 2039 827 2097 inde
865 2043 1051 2100 bibent
1079 2047 1259 2101 viuum
1299 2048 1476 2115 dulce,
1508 2050 1632 2104 mali
1668 2053 1878 2107 acidqu
1912 2071 1927 2108 :
1971 2055 2113 2125 quod

518 2124 718 2186 'tameu
742 2149 964 2190 merum
996 2147 1102 2203 est,
1130 2146 1389 2207 quantum
1412 2139 1482 2195 'ad
1521 2141 1693 2212 ipsum
1726 2144 2032 2212 Dominum,
2065 2155 2113 2200 et

524 2220 800 2287 inclinarit
832 2225 1004 2294 ipsum
1027 2227 1248 2284 calicem
1274 2245 1338 2284 ea:
1370 2231 1467 2285 hoc
1488 2239 1672 2302 potato
1700 2234 1753 2287 in
1773 2234 1890 2301 hoc,
1914 2236 2113 2291 subau-

522 2311 617 2368 ‘rlis
655 2316 967 2383 potandum,
992 2319 1077 2373 vel
1100 2336 1165 2374 ex
1191 2321 1288 2395 [ioc
1309 2337 1434 2377 vase
1466 2324 1756 2391 bonorum,
1781 2326 1835 2383 in
1878 2327 1974 2381 hoc
2016 2343 2114 2384 vas

488 2422 493 2425 ·
532 2402 820 2459 malorum.
860 2404 1223 2464 Verumtamen
1274 2411 1399 2467 licet
1443 2395 1557 2482 ipse
1613 2414 1755 2470 calix
1800 2415 2111 2482 inclinetur,

524 2491 642 2561 "fma:
669 2494 784 2563 ejus
807 2510 909 2550 non
932 2505 1007 2551 est
1044 2498 1332 2561 exinanita,
1370 2499 1421 2553 id
1459 2506 1563 2563 est,
1606 2518 1712 2558 non
1743 2512 1827 2559 est
1858 2504 1980 2561 inde
2034 2505 2114 2561 ef-

531 2580 675 2647 fusa,
721 2584 848 2653 quia
890 2587 1031 2641 nulla
1068 2596 1152 2641 est
1204 2589 1275 2644 ibi
1329 2590 1452 2655 faex,
1507 2593 1600 2647 sed
1647 2610 1855 2649 merum
1903 2596 2108 2662 vinum,

520 2676 1008 2745 quantumcunque
1038 2676 1344 2734 inclinetur.
1384 2680 1450 2735 Et
1485 2697 1551 2737 ne
1593 2694 1904 2754 putaremus
1924 2702 2114 2758 pecca-

520 2766 681 2819 tores
704 2766 835 2820 nihil
856 2767 1055 2822 habere
1077 2768 1147 2823 ibi
1168 2771 1313 2839 quod
1341 2771 1750 2847 biberent,quia
1780 2776 1910 2834 fzece
1936 2789 2109 2845 caret,

2223 1971 2242 2002 ι
2290 1951 2531 2008 ﬁtebitur
2553 1953 2672 2021 tibi,
2710 1963 2765 2010 et
2792 1955 3033 2027 reliquiae
3056 1959 3402 2029 cogitationis
3430 1961 3567 2016 diem
3592 1960 3749 2016 festam

2221 2059 2242 2094 ι
2285 2053 2445 2114 agent
2468 2046 2583 2102 tibi.
2616 2046 2818 2104 Vovete
2855 2058 2910 2105 et
2950 2050 3156 2106 reddite
3183 2050 3412 2107 Domino
3434 2052 3544 2108 Deo
3576 2060 3745 2119 vestro,

2220 2155 2238 2187 ι
2278 2151 2465 2193 omnes
2512 2139 2602 2208 qui
2633 2140 2685 2197 in
2710 2141 2939 2197 circuitu
2966 2142 3084 2219 ejus
3123 2144 3330 2202 aﬂ'ertis
3360 2162 3598 2212 munera,
3625 2147 3748 2207 terri-

2220 2246 2239 2278 s
2292 2227 2406 2294 bili,
2435 2237 2490 2284 et
2518 2230 2566 2284 ei
2595 2232 2686 2300 qui
2712 2231 2888 2288 aufert
2925 2235 3174 2304 spiritum
3202 2237 3531 2309 principum,
3569 2237 3747 2299 ιθπῶῑῆ

2218 2338 2236 2370 ι
2281 2321 2420 2390 apud
2452 2337 2606 2393 rcges
2640 2331 2818 2379 teme.
2850 2343 2870 2378 ι

2392 2468 2395 2471 ,
2771 2416 3226 2477 ENARRATIO.

2278 2502 2483 2575 Assyrii
2512 2505 2933 2575 interpretantur
2966 2509 3279 2579 dirigentes;
3325 2513 3454 2583 quia
3487 2514 3538 2589 in
3571 2513 3651 2570 illo
3673 2529 3743 2585 po-

2210 2594 2338 2665 pulo
2361 2594 2578 2651 fuerunt
2597 2597 2780 2667 plures
2811 2599 2905 2670 qui
2934 2614 2993 2655 se
3017 2600 3331 2675 direxerunt
3355 2606 3635 2662 secundum
3655 2622 3746 2661 ear-

2211 2684 2352 2739 ualia
2379 2695 2742 2754 sacramenta,
2789 2689 3087 2746 secundum
3122 2692 3363 2751 litteram
3412 2696 3740 2767 intelligentes,

2211 2793 2315 2833 nou
2342 2780 2636 2835 secundum
2665 2781 2945 2851 spiritum:
2971 2792 3157 2857 contra
3184 2786 3322 2843 tales
3347 2787 3581 2859 loquitur
3599 2788 3741 2858 Asspb

533 2852 808 2925 subjungit
835 2872 849 2910 :
874 2856 1062 2919 ,bibent
1093 2876 1269 2915 omnes
1312 2874 1603 2932 peccatores
1649 2876 1823 2935 terra’,
1872 2884 1972 2939 pro
2010 2886 2109 2925 sua
2209 2871 2262 2925 in
2291 2873 2395 2927 hoc
2420 2852 3186 2946 psalme,constitueus'pedes
3215 2893 3347 2936 suos
3373 2880 3426 2934 in
3444 2881 3578 2936 viam
3593 2880 3740 2937 salutis

534 2943 774 3000 videlich
826 2951 1219 3019 competentia;
1276 2953 1463 3010 bibent
1506 2957 1650 3011 enim
1695 2959 1929 3023 acidum,
1962 2952 2111 3016 'licet
2207 2959 2462 3031 dirigere,
2513 2962 2790 3018 humiliter
2838 2943 3089 3022 videlicet
3131 2968 3463 3035 confitendo,
3505 2980 3558 3027 et
3598 2971 3664 3026 sic
3696 2985 3741 3027 se

531 3042 762 3088 merum.
795 3034 907 3106 Ego
950 3047 1121 3093 autem
1167 3049 1222 3095 et
1263 3043 1369 3096 mei
1416 3059 1524 3099 non
1567 3047 1646 3100 sic
1674 3046 1940 3115 bibemus,
1980 3050 2107 3121 quia
2206 3049 2404 3105 bonum
2429 3052 2578 3121 pacis
2600 3051 2848 3109 faciendo
2886 3053 2939 3109 in
2966 3055 3161 3127 quibus
3194 3057 3410 3115 habitat
3634 3057 3739 3114 Dicit

531 3125 852 3180 ιιηηιιηιὶαὸο
878 3127 932 3182 in
954 3129 1226 3197 sa’culum,
1250 3131 1386 3188 alios
1415 3134 1665 3191 videlicet
1699 3143 2060 3207 construendo
2089 3160 2102 3197 :
2207 3148 2384 3215 autem
2413 3140 2493 3196 sic
2521 3158 2537 3196 :
3069 3216 3073 3222 _

527 3221 584 3282 et
624 3217 844 3281 cantabo
878 3217 989 3274 Deo
1026 3220 1225 3288 Jacob,
1271 3223 1431 3280 sicuti
1476 3226 1726 3284 videlicet
1778 3233 2101 3289 cantandum

2278 3228 2448 3285 Notus
2483 3230 2538 3286 in
2586 3231 2780 3288 Judwa
2819 3232 2978 3299 Deus,
3026 3217 3083 3291 in
3114 3234 3290 3292 Israel
3323 3254 3565 3311 magnum
3592 3252 3735 3292 nomen

525 3312 628 3359 est.
658 3304 754 3362 Vel
783 3308 975 3366 aliter:
1022 3311 1181 3369 Hunc
1223 3317 1462 3374 humilia!
1510 3328 1559 3375 et
1591 3320 1730 3375 [tunc
1783 3323 1998 3379 exultat.
2038 3326 2105 3381 Et

530 3398 798 3464 quomodo
828 3400 963 3457 hoc?
991 3402 1130 3470 Quia
1172 3406 1225 3460 in
1251 3420 1412 3463 manu
1447 3409 1658 3466 Domini
1691 3421 1776 3468 est
1813 3413 1976 3480 calix,
2015 3416 2102 3472 lex

530 3497 649 3554 quae
677 3488 847 3544 reficit
880 3499 937 3547 et
967 3502 1156 3563 potat:
1189 3497 1328 3552 calix
1366 3499 1485 3555 dico
1523 3500 1706 3569 plenus
1743 3504 1875 3558 meri
1896 3492 2023 3572 vini,
2053 3506 2104 3563 id

528 3585 634 3639 est,
664 3594 938 3638 merorum
968 3595 1393 3657 prmeeptorum;
1425 3589 1610 3660 plenus
1649 3593 1811 3650 etiam
1844 3597 2018 3661 misto,
2051 3596 2103 3652 id

528 3677 628 3733 est,
654 3672 959 3730 carnalibus
982 3676 1354 3747 sacramentis,
1384 3684 1436 3737 iu
1464 3686 1659 3755 quibus
1687 3689 1839 3759 quasi
1890 3690 1944 3745 iu
1972 3689 2104 3748 faece

520 3758 657 3817 latet
692 3761 898 3821 Novum
926 3766 1352 3827 Testamentum.
1386 3774 1451 3829 Et
1469 3758 1732 3833 inclinavit
1762 3781 1934 3851 ipsum
1973 3782 2103 3837 cali-

527 3867 645 3908 cem
671 3870 736 3910 ea:
759 3858 856 3913 hoc
892 3861 947 3915 in
985 3862 1102 3925 hoc,
1128 3865 1181 3919 id
1216 3874 1321 3933 est,
1350 3882 1420 3940 ex.
1448 3871 1635 3925 notitia
1670 3870 1878 3929 Judaici
1922 3876 2100 3946 populi

522 3939 584 4015 in
621 3945 866 4001 notitiam
908 3953 1187 4020 gentium:
1240 3956 1334 4011 sed
1379 3966 1555 4015 tamen
1588 3961 1694 4030 [rex
1731 3980 1834 4018 non
1870 3976 1942 4019 est
1989 3968 2104 4021 exi-

527 4034 737 4101 nanita,
780 4035 835 4092 id
878 4048 983 4105 est,
1015 4054 1122 4094 non
1153 4052 1236 4098 est
1273 4045 1397 4102 inde
1423 4045 1612 4116 effusa,
1659 4055 1751 4108 sed
1802 4055 2001 4110 resedit
2045 4057 2098 4112 iu

528 4119 779 4192 fundum,
806 4127 931 4197 quia
959 4130 1194 4186 carnalia
1226 4146 1561 4192 sacramenta
1590 4143 1729 4211 apud
1770 4140 1982 4200 Iudaeos
2011 4161 2098 4214 ree

524 4227 860 4274 manserunt.
882 4217 1068 4277 Bibent
1096 4239 1272 4279 omnes
1314 4240 1604 4297 peccatores
1655 4243 1826 4300 terrm,
1877 4250 1944 4290 ex
1996 4236 2101 4291 hoc

525 4306 775 4365 videlicet
797 4311 986 4380 calice,
1016 4315 1234 4384 quidam
1268 4333 1474 4375 merum
1506 4322 1711 4392 viuum,
1741 4325 1958 4395 quidam
2007 4324 2099 4380 fai-

523 4408 662 4452 cem.
700 4395 868 4455 Judaei
897 4402 1040 4457 enim
1068 4404 1159 4475 qui
1184 4405 1236 4460 iu
1264 4409 1569 4466 carnalibus
1598 4413 1951 4470 sacramentis
1976 4430 2102 4486 per—

521 4499 854 4554 manserunt,
904 4492 1090 4549 faecem
1142 4495 1352 4551 bibunt.
1395 4499 1511 4573 Ego
1554 4512 1729 4557 autem
1776 4507 2096 4561 annuntiabo

2205 3319 2340 3391 ejus.
2371 3319 2556 3377 Solent
2583 3322 2802 3394 gloriari
2830 3320 3001 3380 Judaei
3030 3340 3153 3382 cum
3181 3328 3459 3383 audierint
3491 3328 3620 3383 buuc
3643 3340 3733 3380 ver-

2206 3424 2345 3477 Sum,
2378 3411 2530 3480 quasi
2552 3411 2618 3467 de
2643 3412 2756 3468 solo
2783 3400 3051 3485 Propheta
3067 3416 3292 3495 diceret,
3319 3417 3493 3493 Notus
3512 3419 3562 3473 in
3584 3416 3736 3472 ludes

2204 3499 2366 3556 Deus.
2400 3500 2471 3558 Ut
2504 3513 2683 3558 autem
2718 3520 2825 3561 nou
2878 3506 2946 3561 de
2997 3505 3127 3563 solis
3158 3507 3363 3566 Judzeis
3416 3511 3518 3567 hoc
3548 3508 3735 3579 accipis.

2204 3610 2344 3661 mus,
2369 3595 2742 3652 adbzereamus
2775 3596 3204 3670 interpretationi
3234 3603 3491 3678 nominis,
3511 3610 3566 3656 ut
3587 3601 3654 3657 sic
3669 3599 3733 3653 iu-

2204 3676 2504 3756 telligamus
2546 3686 2614 3741 de
2659 3686 2853 3755 quibus
2902 3698 3026 3759 agat
3075 3676 3335 3761 psalmus.
3392 3693 3732 3761 Interpretatur

2201 3770 2383 3833 Iudaea
2423 3769 2719 3849 confessio:
2748 3778 2994 3835 conﬁteri
3033 3789 3212 3836 autem
3240 3798 3349 3839 non
3376 3783 3504 3859 solis
3529 3778 3733 3838 convenit

2200 3864 2420 3934 Judmis,
2445 3868 2538 3923 sed
2582 3869 3046 3940 etiamgentibus
3102 3871 3196 3927 Dei
3229 3891 3243 3927 :
3285 3874 3491 3950 quibus
3531 3869 3731 3928 omnibus

2202 3955 2328 4011 dicit
2355 3954 2625 4027 Propheta
2656 3975 2669 4012 :
2709 3957 2883 4012 Notus
2932 3959 2987 4014 in
3020 3958 3214 4016 Iudaea
3253 3961 3420 4028 Deus,
3456 3972 3503 4018 et
3531 3970 3730 4031 magum

2201 4062 2386 4102 nomen
2408 4048 2559 4117 ejus;
2589 4062 2693 4103 non
2731 4064 2924 4106 nomen
2949 4036 3372 4123 ignominiosum
3399 4074 3411 4110 :
3445 4056 3596 4135 homo
3619 4050 3731 4105 vide

2200 4130 2347 4204 licet,
2371 4138 2513 4208 quod
2543 4137 2612 4193 ab
2641 4139 2805 4194 humo
2831 4139 3032 4196 dicitur
3053 4131 3079 4196 ε’
3118 4142 3213 4198 sed
3251 4144 3359 4201 hoc
3405 4130 3589 4200 nomen
3621 4136 3729 4211 quod

2197 4235 2282 4280 est
2303 4225 2462 4291 Deus,
2503 4237 2687 4283 uotum
2722 4230 2779 4282 in
2802 4227 2993 4297 Israel,
3024 4231 3078 4286 id
3113 4241 3218 4298 est,
3247 4234 3550 4291 videntibus
3575 4232 3724 4286 Deum.

2197 4313 2301 4386 lpsi
2339 4318 2483 4372 enim
2530 4318 2834 4389 intelligunt
2875 4336 3036 4392 super
3080 4337 3311 4394 egenum
3363 4335 3419 4382 et
3464 4332 3724 4396 pauperem.

2199 4404 2332 4461 Nota
2362 4407 2503 4476 quod
2530 4408 2677 4475 dicit,
2703 4406 2875 4463 Notus
2900 4411 2956 4465 in
2977 4411 3167 4467 Judcea
3184 4413 3350 4469 Deus.
3375 4413 3487 4469 Non
3514 4414 3638 4469 enim
3661 4408 3726 4463 hic

2198 4500 2427 4571 accepit,
2454 4501 2546 4571 qui
2588 4502 2641 4555 iu
2672 4501 2962 4559 manifesto
2986 4503 3202 4562 Judaeus
3221 4518 3329 4573 est,
3360 4508 3453 4563 sed
3473 4506 3558 4577 qui
3584 4505 3627 4559 iu
3655 4514 3724 4556 oc-

521 4577 704 4633 vinum
748 4597 956 4638 merum
1004 4585 1317 4655 bibendum,
1347 4598 1402 4645 ει
1437 4591 1536 4647 hoc
1575 4591 1630 4647 in
1674 4594 1923 4650 εωεηιηιη
1944 4613 1964 4662 ;
2017 4597 2096 4655 sic
2125 4583 2172 4643 Ι)
2199 4590 2382 4646 culto:
2412 4607 2517 4646 uou
2561 4592 2652 4663 qui
2683 4590 3091 4651 circumciditur
3117 4597 3169 4651 in
3212 4599 3497 4669 praeputio,
3544 4593 3626 4651 sed
3656 4588 3723 4660 qui

523 4672 756 4727 cantabo
779 4673 888 4729 Deo
913 4673 1099 4745 Iacob,
1125 4689 1172 4734 et
1191 4685 1364 4737 omnia
1393 4700 1587 4738 cornua
1622 4695 1948 4755 peccatorum
1973 4705 2095 4743 con—

524 4756 793 4837 fringam:
824 4762 1108 4821 elationem
1133 4769 1384 4826 videlicet
1417 4772 1482 4828 de
1519 4771 1726 4842 justitia
1758 4791 1855 4830 sua
1886 4793 2093 4849 praesu-

523 4850 804 4907 meutium.
831 4853 899 4907 Et
920 4856 1282 4914 exaltabantur
1307 4878 1503 4918 cornua
1531 4864 1687 4935 justi.
1729 4866 1939 4924 Cornua
1961 4869 2093 4941 justi

523 4950 650 4996 sunt
676 4942 869 5011 pietas,
911 4945 1206 5015 humilitas,
1233 4960 1544 5023 ceteraeque
1581 4956 1844 5025 virtutes;
1891 4956 2099 5014 cornua

520 5044 867 5100 peccatorum
898 5050 1026 5094 sunt
1064 5041 1226 5119 elatio
1270 5053 1324 5097 et
1369 5046 1641 5115 superbia,
1668 5064 1787 5119 qua:
1819 5050 2030 5106 tandem
2062 5066 2091 5105 a

523 5121 753 5181 Domino
799 5127 1227 5201 confringeutur.
1268 5132 1682 5206 Confringamus
1721 5152 1850 5210 ergo
1897 5154 2099 5196 cornua

524 5222 740 5282 nostra,
786 5232 857 5271 ne
901 5233 931 5273 a
972 5219 1203 5275 Domino
1233 5223 1661 5293 confringantur.
1706 5225 1764 5281 Si
1813 5242 1920 5282 non
1965 5229 2101 5285 dixit

519 5299 665 5359 Deus
698 5318 713 5359 :
750 5303 928 5363 Nolite
955 5309 1129 5382 inique
1153 5327 1323 5381 agere,
1359 5325 1610 5381 paremus
1626 5314 1910 5373 elationem
1933 5326 1986 5373 et
2010 5319 2100 5374 de-

518 5388 816 5454 fensionem
844 5415 863 5454 :
912 5403 959 5457 si
998 5411 1175 5460 autem
1205 5404 1362 5469 dixit,
1408 5420 1842 5480 praeoccupemus
1883 5411 2096 5467 confes-

521 5484 728 5545 sionem
760 5509 773 5547 :
804 5494 931 5565 quia
967 5502 1094 5553 tunc
1136 5497 1405 5554 confessio
1446 5499 1549 5554 erit
1594 5515 1734 5569 sera,
1775 5508 1830 5557 et
1854 5500 2094 5559 defensio

522 5576 687 5634 nulla.
750 5622 765 5628 ι

2198 4681 2552 4737 circumcisus
2573 4690 2657 4737 est
2693 4684 2746 4737 iu
2776 4685 2969 4751 corde;
3013 4686 3155 4756 quod
3185 4686 3316 4743 dicit
3346 4706 3359 4743 :
3392 4687 3555 4742 Notus
3584 4686 3631 4737 in
3651 4680 3725 4735 Ju-

2198 4768 2316 4824 dtca
2354 4769 2519 4836 Deus,
2556 4772 2612 4826 in
2632 4770 2809 4827 Israel
2832 4790 3080 4846 magnum
3106 4792 3290 4832 nomen
3322 4778 3455 4848 ejus.
3493 4770 3555 4831 Et
3582 4774 3646 4829 sic
3662 4769 3722 4841 fa-

2199 4868 2311 4914 ctus
2333 4869 2408 4914 est
2432 4860 2485 4914 in
2515 4876 2641 4930 pace
2660 4861 2804 4918 locus
2838 4863 2974 4933 ejus,
2994 4867 3244 4923 videlicet
3271 4867 3368 4923 Dei
3398 4887 3410 4923 :
3450 4868 3503 4921 in
3537 4878 3660 4936 pace,
3684 4856 3721 4912 id

2198 4959 2300 5018 est,
2348 4951 2402 5005 iu
2449 4952 2553 5008 illis
2603 4950 2695 5024 qui
2751 4970 2938 5026 pacem
2982 4958 3033 5013 iu
3085 4972 3143 5015 se
3190 4958 3459 5022 fecerunt.
3508 4957 3720 5013 habentes

2199 5041 2539 5096 concordiam
2576 5056 2697 5097 cum
2729 5045 2971 5101 moribus
3020 5047 3254 5115 sanctis,
3289 5059 3343 5104 et
3372 5047 3585 5119 litigium
3624 5052 3718 5094 cum

2200 5130 2366 5185 vitiis.
2389 5128 2524 5185 Nam
2559 5148 2665 5188 non
2715 5139 2906 5204 potest
2940 5138 3060 5193 esse
3095 5140 3333 5208 quandiu
3376 5140 3529 5195 homo
3562 5135 3606 5189 iu
3642 5131 3719 5186 hoc

2202 5221 2545 5277 tabernaculo
2571 5224 2895 5292 iugemiscit,
2926 5236 2986 5282 ut
3034 5228 3206 5286 fomes
3240 5230 3442 5301 peccati
3486 5240 3595 5283 enim
3636 5232 3717 5275 ιιοιι

2198 5309 2462 5382 inquietet
2490 5330 2502 5365 :
2536 5312 2631 5367 sed
2661 5314 2708 5368 ei
2731 5317 3036 5374 consentire
3066 5334 3172 5374 non
3208 5320 3385 5386 debet,
3430 5318 3517 5374 sed
3559 5314 3596 5369 si
3624 5322 3716 5365 sur-

2200 5403 2422 5469 rexerit,
2460 5402 2616 5458 talem
2648 5400 2813 5460 faciat
2839 5414 2898 5460 ut
2927 5407 2980 5461 in
3005 5421 3070 5463 eo
3094 5425 3200 5465 non
3227 5412 3458 5466 inveniat
3482 5418 3614 5463 arma
3634 5397 3711 5455 ini—

2197 5493 2443 5562 quitatis,
2465 5494 2660 5565 quibus
2690 5497 2944 5553 extendat
2972 5514 3191 5556 manum
3221 5502 3287 5556 ad
3314 5500 3594 5571 proximum
3617 5511 3628 5545 :
3650 5485 3711 5541 τοι

2201 5585 2244 5640 si
2276 5585 2614 5641 surrexerint
2653 5586 2742 5641 alii
2772 5594 2949 5644 motus
2997 5590 3192 5657 illiciti,
3228 5608 3332 5648 non
3376 5588 3620 5646 inveniant
3649 5580 3709 5633 iu-

2200 5683 2500 5730 strumenta
2531 5676 2851 5748 iniquitatis.
2886 5677 3040 5737 Unde
3088 5681 3323 5739 Paulus:
3361 5682 3448 5736 Est
3481 5682 3705 5750 peccatum

2200 5767 2254 5822 in
2284 5768 2496 5824 mortali
2525 5778 2707 5825 nostro
2738 5785 2983 5843 corpore,
3002 5774 3103 5831 scd
3134 5791 3240 5832 non
3271 5770 3610 5847 rcguetlllom.
3630 5758 3700 5828 VI).
