3884 5598
56 424 165 479 557

1128 426 1659 486 ΕΝΑΙίΠΛἸΊΟΜΞδ
1697 429 1763 485 IN
1802 429 2135 487 PSALMOS.

3221 434 3325 489 538

54 537 197 594 Nota
224 538 314 595 hic
346 540 591 595 ordinem
610 588 613 589 ν
632 541 857 604 bonum.
886 540 1019 595 Nam
1059 550 1275 611 oportet
1304 550 1362 594 ut
1398 542 1643 611 quisquis
1672 550 1717 605 Λ
1748 546 1871 612 quia
1901 556 2102 613 quanto
2124 546 2317 610 sumius
2342 544 2769 599 admonebantur
2792 553 3005 599 terrena
3030 541 3326 611 dimittere,

58 630 107 682 in
135 628 346 696 Judaea,
375 631 556 694 idest,
598 646 697 700 per
741 630 1134 687 confessionem
1182 639 1524 700 peccatorum
1558 645 1645 689 γοδς

54 719 229 788 cipiat
277 720 676 787 remissionem,
728 730 788 775 ut
820 722 901 777 sic
944 722 1111 776 Deum
1143 720 1326 776 videre
1376 716 1648 774 mereatur

55 824 208 864 nunc
268 824 364 880 per
417 810 614 875 ﬁdem,
662 821 848 881 postea
899 813 1198 868 secundum
1248 825 1447 881 spem:
1484 812 1647 866 etsic

56 907 352 970 postquam
383 909 467 955 es:
493 899 710 957 Judznus
751 912 807 957 et
832 901 1020 967 lsrael,
1058 911 1227 958 restat
1262 903 1414 957 utsit
1456 900 1646 957 lliero-

53 993 438 1063 solymitanus,
484 1003 545 1049 ut
576 995 655 1050 sic
694 1010 884 1065 pacem
929 997 1128 1051 habeat
1166 1010 1289 1051 cum
1342 996 1472 1057 Deo.
1519 995 1644 1065 quia

52 1083 300 1149 quandiu
347 1084 574 1153 quisque
609 1086 855 1141 conﬁteri
911 1086 1233 1155 dedignatur
1259 1124 1276 1150 ,
1316 1086 1471 1155 quasi
1519 1101 1643 1141 cum

55 1171 170 1227 Deo
207 1187 309 1242 per
352 1172 640 1229 elationem
686 1176 927 1242 rixatur;
962 1177 1087 1246 quia
1127 1177 1362 1245 quandiu
1400 1176 1645 1245 displicet

55 1261 171 1316 Deo
199 1262 347 1332 quod
384 1264 540 1319 nobis
568 1264 763 1336 placet,
805 1281 927 1321 cum
956 1281 1021 1321 eo
1060 1266 1325 1321 rixamur.
1365 1266 1469 1336 Ipsi
1500 1268 1642 1321 enim

53 1351 314 1423 displicet
340 1354 598 1421 ebrietas,
616 1355 771 1410 nobis
792 1356 999 1433 placet;
1023 1356 1123 1426 ipsi
1150 1356 1398 1426 displicet
1416 1355 1641 1423 furtum,

54 1458 157 1497 nos
188 1443 477 1499 laudamus
500 1444 709 1510 furem;
756 1447 856 1517 ipsi
900 1446 1074 1517 placet
1102 1447 1332 1517 novitas,
1373 1446 1529 1502 nobis
1555 1460 1644 1501 ve-

54 1536 238 1586 tustas
268 1548 283 1586 :
320 1540 375 1587 et
405 1533 484 1589 sic
513 1534 582 1589 ab
604 1534 721 1604 ejus
752 1536 987 1609 imagine
1014 1538 1066 1591 in
1092 1552 1198 1608 qua
1229 1536 1397 1591 creati
1433 1551 1640 1601 sumus,

54 1625 424 1694 nosmetipsos
452 1627 954 1684 exterminavimus.
980 1627 1084 1683 Sed
1118 1628 1161 1683 si
1193 1628 1515 1698 quandoque
1540 1642 1640 1682 no-

53 1712 139 1769 bis
168 1714 438 1784 placuerit
464 1717 605 1786 quod
628 1717 729 1788 ipsi
759 1718 953 1788 placet,
976 1718 1086 1787 jam
1112 1732 1387 1774 cessamus
1420 1734 1448 1772 a
1476 1719 1636 1788 rixis;

50 1813 102 1858 et
134 1820 330 1875 pacem
358 1822 480 1862 cum
508 1822 574 1864 eo
604 1807 851 1875 facimus,
882 1810 1227 1865 reformando
1258 1823 1355 1864 nos
1381 1824 1492 1865 suae
1511 1809 1642 1865 ima-

1732 643 1896 691 .tanto
1928 633 2136 689 dulcius
2182 634 2284 703 fuit
2323 634 2405 687 eis
2443 633 2719 687 adhaerere
2747 649 2760 685 :
2791 642 2848 685 et
2884 633 2986 686 hoc
3016 632 3169 698 ideo,
3201 634 3327 703 quia

1745 724 2091 777 ascenderunt
2133 740 2291 794 equos
2318 722 2606 792 Superbim,
2647 720 2902 776 videlicet
2940 732 3328 791 praesumentes

1746 813 1813 869 de
1840 814 2086 876 saeculari
2112 815 2395 885 dignitate,
2434 816 2501 869 de
2528 814 2811 871 nobilitate
2840 823 3147 883 parentum,
3178 823 3233 868 et
3262 817 3329 868 de

1744 904 1956 959 caeteris
1993 902 2058 958 ad
2090 904 2349 959 mundum
2387 905 2821 975 pertinentibus:
2857 912 2915 959 et
2942 904 3064 959 ideo
3096 915 3183 969 tu,
3205 906 3327 960 llo-

1745 993 1910 1056 niine,
1938 994 2029 1063 qui
2054 994 2323 1050 illuminas
2349 1011 2380 1048 a
2409 995 2669 1049 montibus
2704 995 2936 1058 wternis,
2971 994 3049 1048 Tu
3081 995 3327 1049 terribilis

1743 1101 1819 1148 es,
1851 1086 2107 1140 subaudis
2138 1085 2370 1149 futurus,
2413 1100 2536 1140 cum
2574 1086 2787 1141 veneris
2826 1087 2878 1140 in
2912 1086 3195 1157 majestate
3228 1086 3328 1140 Pa—

1746 1175 1864 1239 tris,
1893 1174 2140 1229 terribilis
2168 1175 2418 1229 videlicet
2447 1176 2621 1239 malis,
2655 1168 2881 1232 blandus
2896 1177 3095 1248 justis;
3124 1188 3172 1231 et
3200 1184 3328 1231 tunc

1743 1264 1859 1335 quis
1889 1264 2089 1318 resistet
2120 1264 2252 1319 tibi?
2280 1264 2467 1321 Nullus
2497 1267 2778 1333 videlicet,
2814 1268 2941 1336 quia
2972 1284 3038 1322 ex
3080 1279 3199 1323 tunc
3223 1307 3239 1333 ,
3273 1268 3327 1321 id

1744 1367 1829 1412 est
1855 1372 1925 1412 ex
1962 1371 2027 1411 eo
2057 1365 2317 1427 tempore,
2348 1358 2447 1412 erit
2502 1360 2583 1412 ira
2611 1369 2704 1412 tua
2747 1367 3032 1429 perpetua,
3061 1374 3205 1414 nunc
3230 1373 3327 1412 au-

1746 1458 1852 1504 tem
1878 1458 1934 1504 et
1958 1450 2349 1505 misericordia.
2397 1451 2576 1518 Quare
2605 1451 2697 1521 qui
2724 1451 2837 1504 vult
2870 1465 3097 1507 securus
3120 1466 3244 1507 esse
3271 1452 3326 1505 in

1746 1548 1989 1609 tempore
2024 1540 2138 1603 irae,
2174 1550 2431 1609 operetur
2476 1542 2614 1597 bene
2650 1542 2703 1595 in
2734 1550 2978 1611 tempore
3016 1541 3329 1596 misericor~

1744 1633 1867 1687 dim.
1897 1633 1964 1687 Et
1991 1633 2226 1702 qualiter
2249 1636 2432 1691 veniet
2475 1636 2553 1690 ira
2599 1637 2727 1690 tua?
2755 1636 2889 1703 Quia
2928 1637 2993 1691 de
3019 1634 3143 1690 caelo
3171 1636 3327 1689 audi--

1744 1733 1856 1775 tum
1901 1723 2069 1792 fecisti
2099 1725 2400 1794 judicium,
2438 1726 2491 1780 in
2541 1728 2665 1781 tuba
2702 1728 2953 1783 videlicet
2991 1727 3326 1797 angelorum.

1744 1812 1897 1869 Unde
1928 1813 2062 1869 illud
2096 1834 2109 1868 :
2141 1815 2305 1871 Canet
2326 1818 2461 1871 enim
2486 1819 2633 1882 tuba,
2661 1828 2709 1872 et
2738 1819 2934 1872 mortui
2959 1827 3223 1888 resurgent
3248 1817 3329 1871 iu!-

52 1894 169 1963 gini
199 1911 216 1950 :
249 1897 390 1967 quod
415 1896 584 1952 dicit:
619 1896 686 1951 Et
720 1898 890 1967 factus
914 1909 989 1954 est
1013 1901 1066 1969 in
1099 1916 1226 1969 pace
1251 1898 1394 1953 locus
1416 1899 1565 1969 ejus;
1593 1909 1641 1954 et
1672 1908 1717 1967 Β
1743 1905 1979 1972 corrupti
2006 1903 2059 1975 (Ι
2085 1903 2207 1959 Cor.
2236 1904 2329 1975 xv)
2358 1923 2372 1959 :
2415 1914 2473 1960 et
2502 1908 2580 1962 sic
2626 1918 2766 1961 terra
2793 1908 3002 1961 tremuit
3037 1916 3087 1961 et
3114 1908 3327 1977 quierit,

51 1986 278 2041 tandem
311 1987 566 2042 habitatio
588 1988 703 2059 ejus
725 1990 779 2045 in
808 1989 963 2057 Sion,
1010 1990 1062 2046 id
1088 2000 1193 2055 est,
1228 1990 1281 2044 in
1326 1990 1471 2045 veris
1512 2004 1642 2045 con-

53 2078 521 2147 templationibus,
555 2096 660 2135 non
682 2082 1174 2153 contemplantibus
1198 2097 1263 2138 ea
1303 2097 1422 2151 qua:
1455 2082 1642 2137 viden-

51 2176 165 2229 tur,
193 2169 289 2223 sed
318 2185 436 2239 qua:
460 2187 564 2225 non
589 2171 857 2227 videntur.
885 2173 953 2226 Et
980 2174 1070 2239 ibi,
1112 2174 1163 2228 id
1194 2182 1295 2237 est,
1332 2174 1386 2227 in
1432 2172 1562 2228 Sion
1588 2184 1645 2228 et

54 2261 101 2311 in
131 2274 268 2314 vera
295 2259 497 2327 Iudaea,
528 2263 779 2333 confregit
810 2264 1064 2333 potentias
1086 2280 1325 2328 arcuum,
1346 2263 1396 2317 id
1421 2272 1526 2329 est,
1548 2279 1639 2319 oc-

51 2347 235 2402 cultas
264 2349 517 2415 insidias;
550 2362 778 2417 scutum,
820 2352 871 2406 id
914 2361 1018 2419 est,
1066 2353 1457 2423 protectionem
1490 2368 1642 2407 vanae

51 2440 514 2509 praesumptionis,
561 2451 611 2495 et
662 2441 917 2512 gladium,
974 2444 1027 2497 id
1078 2451 1179 2507 est,
1225 2450 1442 2512 apertas
1473 2443 1643 2511 impu-

52 2531 384 2598 gnationes,
437 2540 484 2585 et
543 2532 770 2597 bellum,
819 2535 1029 2602 peccati
1076 2534 1327 2588 videlicet
1375 2533 1641 2589 defensio-

52 2635 172 2674 nem
207 2638 221 2673 :
263 2622 387 2691 quia
409 2621 615 2677 nuilum
646 2624 842 2678 bellum
871 2625 1043 2695 magis
1072 2626 1313 2695 displicet
1344 2626 1456 2679 Deo
1477 2640 1638 2694 quam

52 2713 267 2781 peccati
318 2714 577 2781 defensio.
634 2714 719 2769 Ibi
776 2712 1031 2787 confregit
1078 2702 1349 2787 potentius
1396 2734 1637 2771 arcuum.

50 2801 113 2855 Et
166 2803 279 2857 hoc
325 2805 640 2872 quomodo?
689 2804 823 2872 Quia
872 2818 926 2860 tu
982 2807 1123 2860 Deus
1172 2806 1475 2860 illuminans
1529 2806 1640 2861 eris

52 2892 370 2947 mirabiliter
396 2911 427 2947 a
455 2895 713 2949 montibus
748 2897 976 2960 trternis,
1011 2897 1062 2950 id
1099 2906 1181 2951 est
1205 2938 1219 2961 ,
1253 2896 1387 2949 alios
1436 2896 1637 2950 illumi-

52 2982 213 3037 nabis
236 2998 334 3053 per
363 2985 640 3054 apostolos
666 2994 807 3053 tuos,
838 2987 928 3056 qui
958 2987 1207 3041 dicuntur
1247 2994 1475 3046 montes,
1507 3002 1642 3055 quo-

52 3075 200 3127 niam
236 3078 316 3131 eis
345 3076 576 3146 primum
624 3076 829 3132 refulsit
865 3078 950 3131 lux
1000 3094 1125 3133 vera
1155 3118 1169 3142 ,
1214 3087 1267 3133 et
1296 3094 1394 3146 per
1426 3092 1520 3133 eos
1549 3079 1641 3134 de.

52 3164 268 3220 sec-odit
305 3167 357 3221 in
398 3167 568 3223 valles
610 3183 625 3223 :
674 3178 729 3224 et
773 3170 878 3224 hoc
926 3171 1257 3235 mirabiliter,
1295 3171 1640 3242 sequentibus

1741 1993 1795 2047 id
1837 2004 1944 2059 est,
1978 1996 2178 2050 terreni
2224 1996 2470 2052 homines
2508 2006 2741 2053 tremeat
2780 2006 2836 2053 et
2873 1998 3172 2068 quiescent,
3198 1998 3330 2067 quia

1743 2102 1848 2142 non
1899 2088 2175 2143 habebunt
2204 2088 2381 2144 locum
2425 2098 2612 2159 postea
2654 2090 2898 2147 inﬁdeles
2942 2090 3170 2155 saevire,
3201 2091 3329 2160 quia

1742 2178 1844 2248 ipsi
1885 2188 2044 2234 erunt
2090 2180 2142 2234 in
2186 2190 2445 2251 perpetuo
2489 2182 2630 2252 igne.
2661 2182 2728 2237 Et
2772 2183 2989 2251 quando
3037 2180 3142 2237 erit
3184 2182 3333 2237 hoc?

1741 2270 1875 2325 Cum
1905 2282 2159 2344 exsurget
2201 2274 2256 2328 in
2278 2274 2544 2343 judicium
2576 2274 2737 2338 Deus,
2771 2274 2822 2328 id
2850 2282 2955 2338 est,
2999 2286 3122 2328 cum
3158 2273 3331 2327 mani-

1740 2360 1879 2418 feste
1906 2364 2118 2418 venerit
2164 2365 2230 2419 ad
2275 2363 2595 2435 judicandos
2642 2364 2812 2420 malos
2842 2378 2858 2418 :
2887 2373 2943 2419 et
2984 2379 3092 2418 non
3121 2372 3331 2417 tantum

1742 2462 1999 2523 exsurget
2041 2453 2107 2506 ad
2150 2453 2452 2523 judicium,
2483 2454 2575 2509 sed
2603 2455 2765 2518 etiam
2810 2462 3069 2525 exsurget
3099 2454 3166 2506 ad
3206 2454 3329 2514 hoc,

1738 2549 1798 2597 .ut
1846 2540 2016 2594 salvos
2063 2540 2226 2596 faciat
2276 2559 2450 2596 omnes
2488 2553 2795 2598 mansuetos
2824 2542 3005 2598 terrae.
3039 2543 3116 2598 De
3138 2542 3333 2612 quibus

1740 2628 1943 2683 dictum
1974 2638 2097 2683 est:
2138 2628 2291 2683 Beati
2338 2631 2487 2685 mites
2512 2667 2528 2694 ,
2560 2634 2810 2700 quoniam
2850 2632 2951 2701 ipsi
2992 2631 3331 2701 possidebunt

1741 2729 1933 2773 terram
1961 2720 2262 2790 (Matth-v)
2293 2739 2305 2774 ;
2339 2722 2423 2774 vel
2453 2722 2614 2777 aliter
2641 2740 2654 2774 :
2698 2721 2843 2775 Nihil
2878 2723 3183 2775 invenerunt
3222 2736 3325 2774 om-

1742 2827 1830 2865 nes
1861 2812 1958 2864 viri
1999 2811 2297 2865 divitiarum
2345 2814 2401 2865 in
2445 2812 2685 2865 manibus
2728 2812 2864 2865 suis.
2900 2812 2967 2865 Et
3008 2812 3148 2867 unde
3192 2811 3334 2866 hoc?

1741 2902 1877 2969 Quia
1897 2902 2056 2973 primi
2084 2912 2336 2972 parentes
2361 2896 2450 2974 qui
2466 2906 2808 2958 ascenderunt
2828 2920 2985 2974 equos
3023 2904 3329 2975 apostasite,

1744 2994 1953 3051 scilicet
1986 3004 2101 3049 uta
2130 2996 2362 3065 veritate
2408 2999 2763 3065 recederent,
2804 2998 3240 3063 dormitavcrunt,
3279 2998 3334 3052 id

1743 3094 1826 3140 est
1846 3086 2103 3141 excaecati
2132 3092 2262 3140 sunt
2289 3103 2301 3140 :
2326 3086 2507 3142 ethoc
2534 3104 2565 3142 a
2594 3096 2684 3141 tua
2703 3088 3075 3155 increpatione.
3107 3086 3329 3146 ODeus.

1737 3172 1919 3242 jndica
1948 3190 2293 3240 ascensores,
2316 3174 2464 3244 justo
2486 3176 2714 3247 judicio,
2745 3177 2869 3248 quia
2895 3174 3041 3245 juste
3078 3173 3333 3231 obcaecati

54 3258 312 3313 videlicet
340 3260 507 3330 signis
551 3269 606 3315 et
649 3259 949 3333 prodigiis:
982 3271 1038 3317 et
1076 3264 1371 3318 conturbati
1410 3274 1555 3331 sunt,
1590 3274 1646 3319 et
1673 3254 1717 3317 C
1747 3274 1893 3330 sunt,
1914 3267 2005 3336 qui
2030 3274 2173 3320 tuam
2195 3267 2553 3321 obedientiam
2579 3268 2850 3322 custodire
2874 3266 3144 3339 dedignati
3169 3273 3331 3320 sunt:

56 3350 428 3404 turbabuntur
451 3390 467 3415 ,
499 3367 673 3406 omnes
708 3353 1012 3423 insipientes
1036 3354 1210 3417 corde,
1239 3356 1362 3423 quia
1386 3370 1506 3411 cum
1546 3371 1646 3409 au-

53 3442 477 3507 dierint,Nolite
505 3443 775 3499 conﬁdere
793 3445 845 3498 in
875 3445 1079 3501 incerto
1105 3445 1411 3499 divitiarum
1430 3444 1482 3515 (1
1510 3443 1643 3501 Tim.

52 3533 157 3603 vi),
183 3534 565 3599 turbabuntur,
596 3533 742 3588 velut
762 3534 835 3589 illi
862 3534 952 3605 qui
986 3535 1239 3590 dixerunt
1270 3552 1281 3588 :
1315 3534 1414 3602 Qui
1438 3543 1521 3590 est
1544 3536 1647 3592 iste

52 3640 326 3679 novorum
359 3626 745 3681 dmmoniorum
782 3627 1104 3695 praidicator
1155 3627 1304 3698 (Act.
1349 3628 1551 3699 xvu)?
1593 3636 1648 3684 et

56 3718 205 3770 unde
252 3717 456 3772 habent
502 3718 645 3787 quod
696 3718 1105 3772 turbabuntur:
1153 3719 1277 3790 quia
1327 3719 1648 3773 dormierunt

53 3824 303 3862 somnum
338 3825 524 3874 suum,
565 3808 615 3863 id
662 3819 764 3871 est,
796 3809 1210 3864 delectationem
1246 3810 1550 3864 habuerunt
1594 3809 1646 3863 in

57 3902 323 3965 terrenis,
344 3915 463 3970 quze
493 3909 670 3954 tamen
695 3901 848 3969 quasi
871 3915 968 3971 per
992 3901 1257 3956 somnium
1286 3900 1646 3969 possidebant,

56 3989 191 4057 quia
233 3988 547 4059 temporalia
594 3990 731 4044 nihil
773 4002 919 4044 sunt.
970 3990 1027 4045 Si
1062 4005 1167 4044 non
1203 3990 1394 4051 credis,
1425 3990 1646 4055 dormis,

56 4080 367 4149 evigilabis,
392 4081 526 4135 nihil
554 4094 672 4137 esse
703 4074 909 4135 videbis
936 4097 949 4134 :
984 4081 1126 4150 quod
1165 4080 1297 4135 dicit
1324 4080 1648 4134 dormierunt

54 4190 307 4227 somnum
336 4193 513 4240 suum,
546 4176 599 4230 id
630 4184 733 4241 est,
770 4176 999 4231 terrenis
1031 4175 1311 4240 obcaecati,
1351 4173 1479 4229 facti
1524 4182 1651 4229 sunt

55 4268 467 4335 comparabilcs
497 4267 891 4322 dormientibus
914 4267 965 4321 in
996 4266 1277 4329 stramine,
1298 4274 1353 4319 et
1379 4266 1652 4321 somniane

57 4358 217 4409 tibus
253 4357 510 4424 sejaeere
553 4373 715 4427 super
740 4358 995 4412 culcitras
1032 4366 1087 4411 et
1127 4356 1288 4427 pallio
1322 4365 1646 4427 coopertos;

56 4450 159 4518 qui
197 4466 315 4504 cum
339 4446 668 4515 excitantur,
699 4452 880 4505 vident
911 4450 1042 4504 nihil
1074 4465 1192 4506 esse
1234 4450 1375 4519 quod
1408 4452 1651 4506 somnia-

59 4549 269 4594 verunt
294 4557 305 4592 :
334 4541 403 4594 ita
435 4541 528 4610 qui
559 4541 611 4594 in
661 4540 763 4594 hac
794 4549 950 4595 nocte
976 4540 1157 4595 carnis
1202 4540 1432 4595 terrenis
1472 4539 1650 4594 adhae-

1746 3361 1802 3408 et
1827 3364 1883 3408 tu
1934 3354 2077 3408 Deus
2114 3352 2439 3417 illuminans,
2467 3353 2715 3407 terribilis
2752 3370 2843 3419 es,
2895 3362 2942 3407 et
2984 3354 3099 3424 quis
3134 3352 3336 3405 resistet

1747 3445 1960 3499 tibi?et
2000 3442 2181 3498 nullus
2218 3442 2425 3513 utique.
2473 3441 2614 3497 Malo
2649 3442 2793 3497 enim
2840 3457 2939 3497 suo
2987 3441 3187 3497 restitit
3235 3433 3334 3493 tibi

1746 3534 2129 3604 primushomo
2153 3546 2168 3585 :
2194 3533 2321 3602 quia
2351 3549 2415 3587 ea:
2436 3542 2560 3587 tunc
2576 3534 2658 3586 ira
2681 3542 2793 3597 tua,
2811 3531 3069 3587 subaudis
3096 3532 3330 3599 incepit:

1746 3632 1800 3679 et
1821 3624 1992 3693 major
2012 3623 2187 3677 adhuc
2204 3621 2409 3696 futura,
2437 3622 2562 3695 quia
2585 3622 2850 3691 judicium
2879 3630 3027 3673 tuum
3050 3618 3215 3673 facies
3236 3634 3335 3671 au-

1747 3717 1914 3771 ditum
1944 3715 2010 3771 de
2037 3714 2184 3780 caelo,
2219 3714 2271 3768 id
2308 3724 2415 3779 est,
2439 3729 2506 3768 ex
2541 3714 2781 3785 angelica
2810 3713 2938 3771 tuba
2966 3712 3336 3767 manifestabis

1743 3808 2004 3878 judicium
2060 3824 2072 3860 :
2127 3814 2183 3861 et
2227 3814 2354 3860 tunc
2404 3816 2543 3860 terra
2578 3807 2801 3861 tremuit
2848 3816 2896 3859 et
2948 3805 3159 3875 quievit,
3218 3820 3334 3857 cum

1749 3908 2045 3969 exsurgeret
2074 3898 2126 3977 in
2144 3898 2409 3967 judicium
2449 3897 2612 3961 Deus,
2641 3908 2696 3951 ut
2743 3896 2911 3952 salvos
2935 3896 3125 3966 faceret
3160 3912 3336 3949 omnes

1749 3998 2047 4043 mansuetos
2084 3997 2259 4041 terrae.
2310 3986 2589 4042 Sententia
2635 3987 2822 4043 eadem
2869 4000 2988 4057 qum
3019 3986 3167 4056 prius
3198 3999 3213 4039 :
3250 3985 3335 4038 vel

1751 4080 1829 4134 sic
1858 4099 1870 4133 :
1902 4079 1985 4133 Ex
2009 4089 2131 4133 tunc
2154 4078 2256 4133 fuit
2280 4080 2361 4133 ira
2385 4091 2498 4139 tua.
2527 4077 2698 4146 major
2725 4088 2903 4134 tamen
2932 4078 3105 4133 adhuc
3132 4074 3333 4130 futura.

1751 4172 1818 4229 Et
1848 4172 1989 4228 unde
2018 4172 2122 4227 hoc
2176 4173 2425 4237 scimus?
2467 4171 2604 4239 Quia
2631 4172 2919 4241 judicium,
2967 4170 3019 4224 id
3055 4178 3159 4235 est,
3200 4170 3335 4224 iram

1752 4262 1897 4317 illam
1954 4262 2190 4317 futuram
2221 4304 2235 4329 ,
2282 4263 2458 4318 fecisti
2516 4263 2803 4327 auditum,
2859 4262 2913 4315 id
2962 4270 3048 4315 est
3103 4261 3336 4315 manife-

1752 4365 1894 4408 stum
1928 4393 1945 4419 ,
1982 4355 2046 4408 de
2099 4354 2226 4409 ca’Io
2256 4395 2272 4421 ,
2330 4356 2384 4411 id
2428 4363 2549 4421 est,
2593 4353 2912 4409 dehomiae
2948 4352 3225 4406 Dominico
3254 4351 3338 4405 vel

1753 4443 1819 4498 de
1870 4458 2192 4513 unoquoque
2245 4444 2412 4508 cmlo,
2465 4444 2690 4507 idest,
2728 4442 3081 4511 prmdicatore
3110 4450 3222 4495 tuo.
3262 4441 3339 4494 De

1753 4534 1857 4588 hoc
1881 4534 2086 4603 judicio
2109 4534 2240 4588 dicit
2268 4534 2501 4587 Paulus:
2534 4533 2602 4586 In
2635 4530 3182 4599 revelationeDomini
3210 4531 3338 4585 Jesu

58 4638 226 4691 rent,
259 4604 470 4686 tande“;
512 4630 644 4685 niliil
686 4645 806 4685 esse
858 4637 1070 4684 [cn-cna
1120 4629 1449 4700 intelligent,
1479 4637 1536 4685 et
1571 4628 1650 4685 eis
1681 4604 1727 4663 ί)
1754 4624 1818 4677 de
1858 4623 1984 4676 caelo
2009 4638 2125 4675 cum
2158 4623 2355 4693 angelis
2396 4623 2601 4676 virtutis
2624 4621 2757 4690 ejus,
2781 4620 2956 4675 dantis
2980 4620 3260 4674 vindictam
3284 4621 3340 4673 in

58 4722 363 4778 adhaesisse
410 4721 697 4787 dolebunt;
744 4722 886 4792 quod
925 4721 1101 4776 dicit:
1144 4721 1214 4774 Et
1263 4721 1392 4786 nihil
1443 4722 1651 4775 invene-

59 4823 235 4876 runt,
283 4812 332 4868 id
362 4823 475 4881 est,
510 4814 642 4868 nihil
672 4814 883 4868 tandem
928 4813 1130 4869 inventi
1169 4820 1315 4877 sunt,
1346 4828 1523 4866 omnes
1552 4812 1650 4866 uiri

56 4906 377 4960 divitiarum
402 4909 457 4961 in
488 4908 729 4961 manibus
758 4906 893 4971 suis,
931 4905 1056 4975 quia
1082 4922 1147 4961 ex
1178 4905 1425 4959 omnibus
1450 4902 1654 4958 divitiis

59 4994 215 5048 nihil
246 4996 563 5050 invenerunt
593 4998 646 5051 in
680 5012 837 5050 manu
863 4997 1230 5060 retribuentis,
1262 4996 1365 5051 nisi
1391 4996 1531 5065 quod
1563 4994 1653 5049 hic

60 5084 301 5153 ponitur
332 5088 383 5140 in
415 5104 574 5142 manu
604 5087 878 5158 pattperis,
906 5097 960 5142 et
994 5088 1112 5143 ideo
1142 5088 1266 5158 quia
1304 5087 1374 5141 ibi
1408 5087 1520 5141 vult
1556 5087 1652 5141 ha-

60 5182 216 5235 bere
243 5195 426 5236 manus
453 5182 662 5252 plenas,
698 5179 784 5235 hic
810 5180 1048 5254 attendat
1076 5194 1273 5234 vacuas
1312 5194 1502 5234 manus
1524 5192 1655 5248 pau-

61 5270 253 5342 peris.
298 5272 371 5326 Ab
414 5273 769 5343 increpatione
805 5281 917 5343 tua,
956 5260 1322 5335 Deus‘Jaeob,
1346 5271 1657 5324 dormitare-

64 5368 213 5414 runt
241 5400 255 5425 ,
297 5364 381 5433 qui
434 5362 783 5417 ascenderunt
831 5376 1009 5429 equos.
1065 5360 1230 5428 Quasi
1290 5361 1433 5414 dicat
1476 5378 1489 5414 :
1530 5360 1658 5414 Ideo

64 5452 225 5506 ηἷιιὶι
267 5458 522 5502 ἰιιντηιῖίηιι
556 5454 776 5496 Ιαηιίηηὶ
822 5453 942 5494 ninia
982 5469 1103 5492 ιηιιιί
1139 5454 1390 5492 ιΙηΙιοιιοηΙ
1431 5452 1654 5490 ηττ-ἰισηοὶ

1755 4715 1967 4783 [innima
1992 4712 2125 4782 ignis
2142 4714 2207 4766 iis
2224 4712 2313 4783 qui
2332 4711 2618 4766 noluerunt
2640 4711 2828 4765 audire
2847 4710 3037 4775 Deum,
3065 4720 3112 4765 et
3133 4713 3223 4780 qui
3237 4727 3341 4765 non

1758 4804 1996 4858 obediunt
2017 4804 2301 4874 Evangelia
2316 4804 2561 4859 veritatis
2575 4804 2741 4873 ipsius
2757 4802 2841 4874 (ΙΙ
2862 4802 3042 4859 Thess.
3058 4803 3119 4873 ι).
3137 4801 3249 4856 lloc
3265 4801 3348 4870 ju-

1760 4895 1903 4950 dicio
1920 4894 2282 4963 manifestato,
2298 4908 2435 4951 terra
2449 4898 2676 4957 tremuit.
2697 4898 2750 4953 id
2763 4905 2870 4964 est,
2885 4897 3083 4953 terreni
3098 4896 3347 4949 homines

1762 4996 2093 5043 treuuicrunt
2123 5023 2139 5053 ,
2193 4999 2241 5045 et
2290 4989 2610 5061 quieverunt
2657 5003 2911 5057 perverse
2954 5001 3136 5060 agere.
3193 4985 3359 5039 Unde

1761 5079 1891 5136 illud
1926 5096 1941 5135 :
1983 5081 2246 5148 Quiescite
2292 5098 2446 5152 agerc
2482 5095 2718 5152 peruerse
2743 5119 2779 5144 ,.
2807 5082 2991 5136 discite
3050 5076 3363 5143 benefacere

1761 5169 1902 5239 (lsa.
1936 5176 1998 5245 ι).
2032 5172 2097 5227 Ει
2119 5174 2334 5242 quando
2377 5171 2586 5227 tremuit
2620 5171 2806 5224 terra?
2827 5171 2959 5234 Cum
2980 5171 3271 5233 exsurgeret
3297 5161 3387 5218 in

1753 5259 2023 5331 judicium
2068 5264 2233 5330 Deus,
2266 5265 2317 5320 id
2360 5275 2464 5331 cst,
2514 5262 2954 5321 cum'audissent
2981 5277 3010 5314 a
3042 5254 3389 5327 prmdicato-

1764 5354 1917 5410 ribus
1948 5356 2233 5412 Dominum
2272 5356 2653 5414 resurrexisse,
2702 5360 2755 5406 ct
2778 5356 2845 5408 ad
2881 5350 3137 5425 judicium
3163 5350 3397 5396 ventu-

1762 5458 1914 5485 rnnL.
1941 5449 2014 5488 ΔιΙ
2051 5449 2151 5486 Iino
2173 5449 2316 5484 aliis“
2348 5444 2640 5484 nacus-mw“
2693 5452 2749 5476 ιιι
2775 5442 3107 5480 ἷιιιιὶηηίιηηίο
3128 5430 3337 5470 ν⁰¹¹ἶ¹⁵⁰¹
3380 5472 3383 5473 ν
