3918 6428
543 424 648 482 559

1187 423 1444 482 REMIGH
1486 412 2139 475 ANTISSIODORENSIS
2178 422 2329 481 OPP.
2368 421 2567 479 PARS.
2608 421 2647 476 Ι.
2689 412 2756 461 έ-
2792 416 3212 479 EXECETICA.

3710 418 3811 475 560

542 551 716 597 terrm.
757 537 825 593 Et
859 538 1099 617 merito,
1129 539 1387 605 Domine,
1432 540 1602 595 salvos
1648 540 1782 597 lacis
1828 550 2127 596 mansuetos
2154 543 2204 603 Α
2238 559 2257 591 ι
2301 554 2510 594 memor
2533 554 2628 595 ero
2657 539 2724 594 ab
2755 521 3253 596 initio‘mirabilium
3284 547 3519 596 tuorum.
3551 538 3619 594 Et
3643 539 3813 595 medio

545 640 726 695 terrm,
781 629 1033 700 quoniam
1082 630 1178 698 ipsi
1225 639 1517 699 operantur
1559 628 1703 699 quod
1754 629 1851 684 tibi
1901 628 2124 700 placet:

544 719 792 789 quoniam
840 718 1082 787 cogitatio
1122 719 1346 773 hominis
1371 760 1386 783 ,
1430 719 1827 775 rationabiliter
1876 719 2128 774 videlicet

545 806 793 869 viventis,
826 806 1153 872 conﬁtebitur
1186 807 1301 872 tibi,
1340 817 1388 861 et
1426 807 1660 878 reliquie
1694 808 2044 879 cogitationis,
2074 808 2128 862 id

546 905 653 961 est,
702 895 1003 951 sollicitudo
1039 896 1106 951 de
1141 897 1450 965 praeteritis,
1485 906 1542 953 et
1566 898 1775 955 cautela
1804 898 1872 954 de
1910 897 2127 964 futuris,

548 986 685 1040 diem
727 986 925 1056 festum
957 987 1233 1056 agenttibi
1260 1001 1279 1039 .'
1319 988 1444 1057 quia
1488 1004 1593 1045 non
1630 1005 1700 1044 ex
1750 990 1990 1056 tristitia,
2032 990 2127 1045 sed

548 1091 670 1129 cum
724 1075 996 1129 hilaritate
1027 1076 1162 1131 bene
1207 1080 1706 1149 operantur:quod
1750 1078 1998 1151 gaudium
2029 1080 2133 1136 erit

550 1165 678 1220 Deo.
715 1164 852 1219 Nota
900 1166 1024 1234 quia
1055 1167 1229 1237 prima
1266 1170 1521 1241 cogitatio
1555 1171 1788 1226 hominis
1818 1171 1978 1228 debet
2010 1187 2131 1229 esse

548 1256 600 1310 in
630 1255 967 1312 confessione
998 1257 1142 1315 ﬁdeli
1173 1275 1187 1313 :
1218 1271 1403 1331 postea
1434 1262 1667 1333 reliquite
1686 1260 2038 1334 cogitationis,
2072 1274 2132 1320 ut

545 1360 761 1415 semper
808 1346 879 1401 sit
926 1348 1190 1417 sollicitus
1228 1350 1296 1406 de
1348 1354 1669 1422 praeteritis,
1720 1363 1777 1409 et
1826 1363 2015 1410 cautus
2064 1357 2132 1411 de

548 1441 772 1500 futuris:
795 1445 920 1515 quia
941 1456 1144 1516 quanto
1163 1448 1440 1506 sollicitior
1459 1459 1541 1505 est
1560 1450 1626 1505 de
1650 1452 1956 1521 prmteritis,
1985 1459 2133 1507 tanto

547 1536 758 1591 cautior
802 1537 908 1591 erit
952 1538 1019 1593 de
1060 1538 1277 1595 futuris.
1318 1540 1452 1595 Nam
1489 1542 1578 1610 qui
1627 1540 1901 1611 negligens
1941 1552 2023 1596 est
2067 1542 2134 1597 de

547 1624 857 1699 praeteritis,
883 1638 1059 1699 potest
1081 1632 1392 1703 contingere
1418 1642 1476 1687 ut
1497 1633 1689 1688 iterum
1716 1642 1922 1702 peccet.
1948 1632 2133 1688 Voretc

546 1718 772 1774 Domino
789 1719 896 1774 Deo
918 1732 1105 1775 vestro.
1124 1722 1285 1790 Quasi
1309 1724 1453 1779 dicat
1472 1743 1484 1778 :
1504 1722 1571 1779 Ut
1584 1724 1720 1779 diem
1735 1724 1921 1793 festum
1938 1726 2131 1796 agatis,

548 1821 721 1865 vovete
746 1827 843 1867 vos
870 1812 1033 1882 ipsos,
1072 1823 1119 1867 et
1150 1815 1353 1868 reddite
1390 1814 1611 1869 Domino
1636 1813 1744 1869 Deo
1781 1824 1966 1869 vestro.
1998 1813 2133 1868 Nam

548 1914 770 1956 necesse
793 1910 877 1956 est
912 1910 972 1956 ut
994 1904 1086 1974 qui
1113 1913 1270 1960 vovet
1292 1906 1455 1960 etiam
1496 1906 1707 1970 reddat,
1734 1905 1859 1976 quia
1892 1905 2133 1960 vovendo
2166 1894 2209 1953 Β

549 2006 609 2048 se
643 1992 937 2049 debitorem
986 1995 1114 2051 fecit
1155 2006 1210 2052 et
1245 1998 1437 2052 melius
1472 2006 1555 2053 est
1589 2013 1694 2053 non
1730 2014 1925 2054 vovere
1952 2001 2133 2068 {quam

547 2092 674 2152 post
711 2094 891 2138 votum
928 2100 1034 2140 non
1081 2086 1310 2142 solvere.
1352 2086 1490 2141 Audi
1539 2088 1668 2157 quid
1711 2088 1781 2142 sit
1810 2088 2131 2143 vovendum.

547 2174 806 2244 Quisquis
851 2176 1049 2248 cogitat
1076 2177 1204 2247 quid
1248 2177 1385 2233 bene
1423 2185 1631 2244 voveat,
1672 2177 1909 2248 seipsum
1946 2170 2140 2234 voveat

551 2272 608 2318 et
640 2265 869 2325 reddat:
921 2267 1025 2321 hoc
1067 2267 1316 2335 debetur,
1364 2268 1464 2324 hoc
1508 2269 1759 2341 exigitur.
1808 2268 1945 2324 Sunt
1972 2269 2136 2325 etiam

553 2364 680 2413 vota
732 2357 974 2427 quaedam
1006 2358 1315 2415 hominibus
1362 2361 1692 2427 communia,
1723 2362 1967 2431 quaedam
2012 2376 2137 2431 spe-

555 2444 716 2501 cialia
742 2446 1067 2511 communia,
1092 2456 1152 2501 ut
1173 2448 1264 2519 qui
1290 2447 1588 2515 iurabatur,
1610 2449 1725 2519 jam
1749 2464 1854 2504 non
1885 2449 2095 2505 l'nretur
2118 2465 2133 2503 :

551 2545 609 2592 et
637 2552 667 2591 a
697 2538 910 2593 caeteris
939 2539 1083 2595 vitiis
1130 2540 1425 2605 abstinere,
1471 2540 1611 2610 quod
1641 2541 1925 2610 proﬁtetur
1960 2539 2138 2595 omnis

550 2630 641 2698 qui
674 2630 994 2699 baptizatur.
1036 2630 1301 2701 Specialia
1338 2642 1460 2687 vota
1493 2640 1637 2699 sunt,
1685 2632 1902 2702 quando
1942 2632 2137 2702 aliquis

553 2727 713 2775 vovet
736 2722 1056 2776 monachum
1086 2723 1219 2785 ﬁeri,
1250 2722 1331 2778 vel
1355 2722 1554 2793 aliquid
1576 2718 1756 2789 aliud;
1794 2723 1936 2794 quod
1964 2722 2134 2778 dicit:

549 2819 726 2863 uouete
756 2819 807 2863 et
840 2811 1038 2866 reddite
1075 2812 1296 2866 Domino
1327 2812 1437 2867 Deo
1467 2822 1632 2867 vestro
1654 2830 1673 2877 ;
1698 2822 1751 2867 et
1778 2813 1881 2868 hoc
1917 2813 1991 2868 ita
2024 2813 2137 2881 ﬁet,

552 2899 677 2968 quia
707 2916 883 2955 omnes
905 2901 995 2971 qui
1020 2909 1143 2955 sunt
1176 2902 1232 2955 in
1253 2902 1477 2956 circuitu
1500 2903 1637 2972 ejus,
1677 2902 1728 2957 id
1754 2910 1857 2968 est,
1895 2903 1988 2974 qui
2012 2918 2137 2959 eum

551 2988 606 3043 in
649 2990 826 3057 medio
873 2998 929 3044 et
972 3005 1311 3047 communem
1355 2992 1604 3047 omnibus
1648 3000 1866 3061 putant,
1913 2990 2139 3049 aﬂ'erent

552 3095 795 3145 munera,
825 3079 1030 3149 seipsos
1056 3079 1334 3147 videlicet;
1377 3083 1517 3151 quod
1544 3081 1669 3137 alibi
1707 3081 1946 3139 dicitur:
1978 3082 2138 3155 Reges

553 3168 785 3222 Arabum
808 3178 855 3223 et
881 3168 1025 3225 Saba
1046 3169 1186 3232 dona
1208 3171 1468 3227 adducent
1489 3170 1605 3241 (Ps.
1631 3172 1804 3243 uxr).
1830 3173 1967 3229 Nota
1993 3174 2135 3245 quod

554 3258 705 3322 dicit,
738 3261 792 3315 in
822 3260 1044 3315 circuitu
1067 3262 1182 3332 ejus
1212 3261 1441 3319 afferent
1466 3237 1682 3319 munera
1707 3279 1726 3318 :
1764 3237 1836 3321 illi
1866 3237 2027 3321 enimT
2045 3267 2136 3337 qui
2164 3237 2210 3301 Ο

553 3364 893 3406 communem
935 3366 1057 3411 eum
1090 3368 1213 3409 esse
1255 3368 1362 3409 non
1409 3356 1656 3421 credunt,
1692 3357 1934 3413 dicentes
1961 3376 1973 3412 :
2000 3358 2140 3414 Ecce

554 3438 695 3508 apud
740 3454 838 3495 nos
866 3438 1132 3506 Christus,
1182 3459 1289 3500 non
1335 3442 1561 3502 afferent
1587 3446 1636 3502 ei
1665 3440 1909 3515 munera,
1934 3449 2027 3505 sed
2065 3449 2141 3505 illi

555 3533 762 3582 tantum
808 3529 898 3597 qui
940 3530 992 3583 in
1039 3531 1268 3588 circuitu
1295 3533 1412 3603 ejus
1448 3543 1593 3600 sunt,
1634 3535 1861 3592 afferent
1895 3530 2140 3595 munera.

555 3613 624 3669 Et
642 3616 728 3670 cui
752 3617 1015 3673 alferent?
1042 3620 1283 3677 Terribili
1295 3634 1342 3678 et
1367 3625 1414 3679 ei
1428 3626 1516 3695 qui
1537 3624 1709 3694 aufert
1733 3627 1975 3696 spiritum
1999 3631 2143 3697 prin-

555 3707 748 3774 cipum,
778 3708 830 3763 id
854 3717 955 3775 est,
986 3725 1082 3781 per
1103 3711 1258 3782 cujus
1283 3723 1604 3783 potestatem
1630 3717 1950 3787 deprimitur
1981 3720 2144 3777 elatio

556 3804 893 3853 terrenorum
944 3801 1246 3872 principum
1300 3821 1314 3857 :
1371 3806 1626 3863 terribilis
1667 3817 1749 3863 est
1792 3810 1954 3864 etiam
2001 3811 2142 3880 apud

557 3903 748 3944 omnes
778 3907 919 3961 rcges
944 3903 1097 3949 terra:
1120 3909 1140 3947 :
1168 3896 1309 3965 apud
1332 3896 1450 3953 illos
1476 3898 1567 3968 qui
1600 3899 1966 3975 terrenitatem
1989 3917 2143 3956 suam

559 3986 696 4041 bene
727 3998 955 4059 regunt;
985 3992 1109 4061 quia
1153 3993 1359 4047 initium
1405 3994 1697 4064 sapientiat,
1743 3997 1901 4051 timor
1928 3994 2142 4050 Domini

560 4075 733 4149 (Psal.
761 4080 874 4151 cx).
1596 4078 1599 4079 '

1055 4173 1278 4231 PSALM
1288 4176 1373 4233 US
1410 4177 1644 4234 LXXVI.

762 4278 817 4318 IN
855 4278 1013 4319 FINEI
1045 4281 1146 4322 Ριιο
1185 4283 1427 4335 IDITHUN,
1467 4284 1701 4325 PSALIUS
1736 4283 1921 4325 ASAPB.

637 4370 656 4404 ι
695 4353 835 4409 Voce
874 4369 992 4411 utea
1028 4356 1097 4411 ad
1123 4357 1407 4415 Dominum
1446 4356 1718 4427 clamavi,
1759 4374 1889 4416 voce
1926 4375 2045 4416 mea
2073 4361 2142 4418 ad

563 4460 583 4494 ι
630 4444 819 4511 Deum,
849 4455 904 4501 et
942 4446 1173 4504 intendit
1206 4450 1356 4505 mihi.
1384 4450 1440 4505 In
1480 4452 1566 4507 die
1614 4450 1973 4507 tribulationis
2010 4468 2143 4509 mea:

563 4552 581 4586 ι
628 4535 795 4590 Deum
833 4538 1098 4608 exquisivi
1137 4541 1386 4597 manibus
1421 4541 1557 4596 meis
1584 4540 1742 4596 nocte
1778 4549 1966 4597 contra
1992 4557 2136 4607 eum,

564 4646 582 4679 ι
626 4634 681 4682 et
708 4642 816 4683 non
842 4644 958 4683 sum
984 4632 1259 4702 deceptus.
1290 4632 1485 4687 Renuit
1503 4632 1769 4689 consolari
1796 4634 1975 4689 anima
1999 4651 2137 4701 mea,

566 4733 586 4767 ε
631 4732 839 4773 memor
883 4718 956 4773 fui
992 4720 1107 4784 Dei,
1140 4729 1195 4776 et
1238 4722 1537 4778 delectatus
1567 4737 1686 4777 sum
1716 4732 1772 4778 et
1816 4725 2144 4781 exercitatus

568 4825 588 4858 ε
633 4821 790 4876 sum,
846 4818 901 4864 et
950 4810 1144 4867 defecit
1201 4813 1421 4882 spiritus
1477 4830 1649 4871 meus.
1697 4815 2144 4887 Anticipaverunt

566 4917 586 4951 ι
634 4899 845 4971 vigilias
894 4902 1033 4957 oeuli
1072 4904 1237 4959 mei:
1284 4906 1530 4962 turbatus
1566 4922 1720 4974 sum,
1761 4915 1817 4962 et
1863 4923 1969 4963 non
2021 4924 2140 4964 sum

565 4988 587 5039 i
630 4987 861 5045 loeutus.
891 4991 1134 5061 Cogitavi
1166 4994 1281 5055 dies
1311 4996 1586 5065 antiquos,
1624 5004 1677 5052 et
1704 5012 1874 5052 annos
1910 5006 2142 5053 :eternos

565 5095 584 5127 ι
630 5078 683 5133 in
727 5088 927 5134 mente
956 5082 1161 5137 habui-
1192 5083 1257 5137 Et
1306 5085 1596 5141 meditatus
1638 5101 1758 5141 sum
1810 5078 1970 5143 nocte
2018 5103 2141 5143 cum

565 5189 583 5222 σ
630 5173 791 5229 corde
836 5189 986 5241 meo,
1036 5184 1091 5230 et
1137 5177 1498 5243 exercitabar,
1547 5188 1601 5235 et
1649 5180 1935 5249 seopebam
1985 5181 2144 5250 spiri-

564 5280 582 5313 t
633 5272 744 5319 tum
796 5282 994 5321 meum.
1024 5266 1276 5339 Nunquid
1306 5270 1359 5324 in
1400 5262 1657 5327 aeternum
1696 5271 1941 5342 projiciet
1972 5274 2144 5329 Deus?

564 5370 583 5403 ‹
628 5362 723 5408 aut
780 5371 886 5411 non
956 5368 1189 5429 apponet
1245 5370 1306 5417 ut
1365 5363 1735 5434 eomplacitior
1794 5364 1865 5419 sit
1927 5365 2145 5421 adhuc?

566 5459 585 5495 σ
628 5442 736 5497 Aut
791 5444 845 5498 in
895 5446 1054 5503 linem
1105 5450 1529 5509 misericordiam
1576 5470 1733 5510 suam
1779 5455 2078 5524 abscindet,
2113 5474 2141 5513 a

566 5550 585 5584 ι
631 5536 976 5601 generatione
1034 5541 1088 5595 in
1149 5544 1585 5613 generationem?
1640 5546 1746 5601 Aut
1803 5546 2147 5603 obliviscetur

568 5638 588 5674 σ
629 5622 874 5681 misereri
916 5627 1094 5687 Deus:
1126 5641 1218 5686 aut
1247 5634 1546 5690 continebit
1584 5635 1636 5689 in
1678 5636 1757 5690 ira
1794 5640 1889 5691 Sua
1930 5636 2143 5693 miseri-

570 5731 591 5767 ο
632 5716 844 5773 eordias
890 5736 1013 5778 suas
1042 5742 1055 5778 :
1084 5725 1151 5781 Et
1178 5726 1285 5781 dixi
1316 5744 1330 5779 :
1362 5725 1514 5783 Nunc
1559 5729 1695 5799 ccepi
1730 5741 1743 5783 :
1780 5730 1894 5785 haec
1920 5730 2144 5786 mutatio

571 5824 592 5860 ι
636 5808 869 5867 dextera:
896 5812 1125 5873 Excelsi.
1161 5816 1365 5875 Memor
1398 5817 1471 5874 iui
1502 5833 1725 5878 onerum
1758 5821 1987 5887 Domini,
2018 5822 2144 5889 quia

2236 646 2256 683 ι
2304 630 2457 684 tabor
2491 629 2544 684 in
2571 628 2819 683 omnibus
2847 630 3101 701 operibus
3146 631 3273 695 tuis,
3303 638 3357 685 et
3383 630 3436 684 in
3461 628 3811 685 adi‘nventio—

2236 740 2255 774 ι
2301 721 2458 777 nibus
2486 720 2593 777 tuis
2621 723 2933 778 exercebor.
2965 723 3107 778 Deus
3130 722 3184 776 in
3210 729 3396 777 sancto
3422 720 3511 774 via
3543 730 3634 775 tua
3658 736 3674 785 ;
3698 720 3813 789 quis

2236 831 2256 866 ε
2296 813 2438 869 Deus
2481 828 2708 885 magnus
2751 814 2893 870 sicut
2926 804 3306 879 Deusnoster;
3342 819 3396 867 tu
3436 827 3495 867 es
3534 811 3684 866 Dens
3726 810 3815 880 qui

2237 919 2257 953 r
2302 888 2435 957 facis
2464 902 2756 958 mirabilia.
2787 903 2982 959 Notam
3012 902 3187 958 fecisti
3225 902 3277 956 in
3315 890 3529 973 populis
3557 901 3814 955 virtutem

2236 1009 2255 1045 ι
2300 1000 2469 1057 tuam,
2495 992 2768 1048 redemisti
2798 984 2851 1047 in
2876 990 3098 1048 brachio
3121 1000 3210 1047 tuo
3228 990 3476 1062 populum
3502 998 3659 1044 tuum
3685 988 3819 1044 ﬁlios

2238 1101 2258 1135 ‹
2301 1076 2465 1139 Jacob
2486 1093 2540 1138 et
2564 1082 2783 1154 Ioseph.
2806 1082 3073 1139 Viderunt
3098 1092 3149 1139 te
3170 1098 3342 1153 aquae,
3372 1082 3541 1147 Deus,
3567 1080 3819 1135 viderunt

2238 1173 2356 1232 (te
2381 1191 2532 1246 aqua:
2580 1183 2635 1231 et
2682 1176 2997 1242 timuerunt,
3050 1184 3107 1232 et
3158 1175 3384 1229 turbata:
3436 1181 3565 1229 sunt
3617 1172 3819 1243 abyssi.

2237 1286 2258 1319 ι
2302 1265 2586 1322 Multitudo
2613 1267 2822 1322 sonitus
2851 1281 3114 1336 aquarum
3145 1283 3158 1319 :
3191 1278 3380 1319 vocem
3409 1262 3685 1318 dederunt
3726 1278 3816 1315 nu-

2238 1376 2257 1411 c
2300 1358 2414 1413 bes.
2463 1357 2674 1412 Etenim
2719 1356 2931 1428 sagitta:
2958 1368 3063 1412 tua:
3108 1363 3410 1420 transeunt,
3444 1367 3552 1407 vox
3600 1351 3814 1407 tonitrni

2239 1467 2257 1503 α
2307 1448 2383 1503 tui
2431 1448 2488 1503 in
2537 1458 2680 1504 rota.
2726 1448 3022 1505 Illuxerunt
3069 1442 3469 1504 coruscationes
3516 1453 3625 1499 tua:
3680 1442 3815 1497 orbis

2240 1554 2259 1590 ι
2303 1542 2482 1604 terrae,
2519 1547 2790 1595 commota
2821 1546 2907 1594 est
2936 1544 2990 1594 et
3024 1536 3348 1593 contremuit
3385 1544 3554 1590 terra.
3586 1526 3657 1588 'ln
3692 1533 3815 1587 mari

2241 1645 2259 1679 α
2299 1626 2387 1681 via
2418 1633 2529 1693 tua,
2559 1634 2614 1683 et
2640 1628 2847 1683 semita:
2872 1636 2976 1684 tua:
3006 1627 3059 1683 in
3085 1627 3241 1698 aquis
3277 1625 3482 1691 multis,
3515 1632 3574 1679 et
3597 1623 3815 1693 vestigia

2242 1734 2261 1769 ε
2306 1726 2396 1773 tua
2427 1724 2531 1774 nan
2559 1710 2973 1789 cognoscentur.
3005 1718 3282 1776 Deduxisti
3319 1718 3457 1775 sicut
3486 1732 3624 1774 oves
3654 1708 3810 1787 popu-

2245 1826 2264 1860 ‹
2306 1808 2415 1865 lum
2448 1817 2599 1865 tuum
2627 1826 2787 1866 manu
2819 1811 2986 1883 Moysi
3014 1807 3069 1868 et
3094 1812 3294 1868 Aaron.
3332 1830 3351 1865 ι

2798 1898 3247 1956 ENARRATIO.

2307 1989 2573 2061 Loquitur
2598 1977 2649 2046 in
2676 1991 2776 2047 hoc
2797 1991 3001 2062 psalmo
3025 1992 3207 2063 Asaph
3231 1990 3564 2056 transiliens,
3592 1998 3653 2047 et
3682 1998 3813 2045 tran-

2237 2080 2467 2137 siliendo
2514 2095 2613 2136 nos
2639 2082 2887 2138 hortatur
2933 2083 3001 2137 ad
3053 2080 3486 2148 transilitionem,
3522 2089 3583 2135 ut
3636 2094 3812 2150 perve-

2236 2162 2450 2230 niamus
2470 2174 2536 2229 ad
2562 2175 2857 2241 Christum,
2885 2174 3136 2231 videlicet
3164 2174 3255 2245 qui
3280 2173 3401 2229 ﬁnis
3422 2182 3535 2238 est,
3561 2173 3633 2227 ad
3666 2186 3809 2242 quem

2237 2264 2339 2318 iste
2386 2263 2694 2319 transiliens
2737 2263 2917 2333 Asaph
2941 2263 3052 2335 jam
3086 2263 3389 2319 transilivit.
3446 2261 3589 2331 Quid
3644 2272 3810 2316 autem

2238 2354 2644 2411 transiliendum
2689 2355 2784 2422 sit,
2814 2364 2873 2411 ut
2916 2356 2983 2411 ad
3018 2356 3167 2411 illum
3216 2355 3375 2411 ﬁnem
3420 2354 3807 2425 perveniamus,

2240 2445 2394 2501 docet
2419 2460 2517 2501 nos
2558 2453 2735 2502 textus
2778 2442 2944 2519 ipsius
2972 2447 3186 2517 psalmi.
3217 2446 3428 2502 Etenim
3457 2446 3649 2500 tandiu
3674 2454 3810 2500 trario

2239 2534 2525 2590 siliendum
2546 2544 2627 2591 est
2652 2535 2910 2605 quidquid
2931 2550 3030 2590 nos
3055 2535 3299 2607 impedit,
3325 2534 3587 2607 quidquid
3624 2534 3808 2597 irretit,

2241 2622 2500 2695 quidquid
2527 2625 2803 2696 illaqueat,
2830 2624 3091 2696 quidquid
3122 2625 3358 2681 volatum
3388 2612 3635 2680 nostrum
3664 2640 3811 2681 onere

2242 2722 2521 2785 aggravat,
2555 2715 2726 2771 donec
2774 2717 2841 2771 ad
2867 2715 2997 2771 illud
3044 2717 3441 2787 perveniamus,
3492 2716 3640 2771 ultra
3689 2717 3809 2787 quod

2240 2806 2375 2863 nihil
2404 2815 2506 2873 est,
2534 2808 2587 2865 in
2622 2823 2730 2877 quo
2750 2808 2931 2864 omnia
2958 2818 3083 2864 sunt
3108 2818 3160 2863 et
3183 2824 3251 2863 cx
3282 2825 3388 2879 quo
3410 2809 3555 2879 quod
3576 2818 3683 2875 est,
3713 2817 3805 2872 est;

2239 2905 2294 2952 et
2325 2897 2445 2953 ideo
2470 2898 2561 2966 qui
2590 2897 2743 2952 istius
2770 2883 2960 2967 psalmi
2984 2894 3217 2954 animam
3246 2899 3357 2953 vult
3387 2898 3616 2963 imitari,
3653 2900 3703 2954 id
3721 2908 3804 2963 est,

2243 2988 2573 3043 intellectum
2599 2986 2716 3055 ejus
2739 2996 2943 3055 tenere,
2973 3004 3195 3045 necesse
3221 2997 3303 3044 est
3328 2997 3385 3043 ut
3413 2987 3655 3044 carnalia
3686 2988 3813 3043 desi-

2243 3079 2390 3136 deria
2416 3078 2705 3145 transiliat,
2726 3094 2975 3150 pompam
2998 3080 3180 3136 ὅπουιὶ
3207 3089 3262 3135 et
3283 3080 3594 3137 illecebram
3625 3081 3805 3137 calcet:

2244 3168 2379 3224 nihil
2408 3177 2671 3239 proponat
2715 3169 2814 3225 sibi
2862 3171 2915 3224 in
2978 3184 3084 3239 quo
3118 3164 3398 3237 subsistat,
3433 3172 3536 3226 nisi
3593 3171 3735 3225 illum
3780 3188 3809 3225 ι

2241 3273 2350 3329 quo
2372 3267 2499 3313 sunt
2534 3258 2736 3326 omnia,
2769 3260 2822 3314 in
2870 3261 3066 3329 quibus
3094 3260 3342 3317 omnibus
3369 3262 3471 3316 iste
3524 3263 3812 3318 transiliens

2242 3349 2471 3415 laborat,
2507 3357 2568 3404 ut
2594 3350 2660 3404 ad
2688 3366 2812 3405 eum
2861 3349 3021 3405 ﬁnem
3043 3351 3341 3419 perveniat,
3371 3352 3649 3407 Christum
3677 3352 3807 3407 vidc~

2241 3439 2387 3509 licet,
2413 3439 2553 3494 ultra
2581 3453 2741 3509 quem
2771 3439 2905 3494 nihil
2925 3447 3009 3495 est
3035 3450 3089 3495 et
3117 3439 3255 3495 inira
3281 3457 3442 3512 quem
3472 3444 3653 3497 omnia
3680 3442 3811 3497 facta

2241 3539 2369 3585 sunt
2401 3540 2458 3586 et
2503 3546 2570 3586 ex
2597 3547 2705 3602 quo
2748 3532 2929 3588 omnia
2965 3548 3083 3603 qute
3106 3543 3232 3589 sunt
3272 3548 3390 3589 esse
3428 3536 3648 3592 habent.
3676 3536 3809 3591 Titu-

2244 3622 2327 3677 lus
2357 3623 2438 3678 sic
2462 3624 2789 3693 exponitur:
2838 3623 2904 3678 In
2932 3626 3088 3695 ﬁnem
3125 3625 3368 3703 referunt
3408 3629 3525 3685 haec
3566 3631 3738 3695 verba,
3761 3638 3807 3683 et

2241 3722 2325 3771 est
2351 3714 2584 3784 psalmus
2609 3715 2805 3786 Asaph,
2837 3716 3010 3773 factus
3057 3735 3152 3789 pro
3193 3718 3435 3787 Idithuu,
3485 3722 3542 3777 id
3592 3732 3692 3790 est,
3722 3737 3808 3793 pro

2245 3803 2623 3869 transilitione,
2657 3814 2711 3859 et
2738 3806 2817 3861 sic
2846 3807 2976 3862 dicit
3002 3825 3017 3862 :

2324 3891 2457 3947 Voce
2479 3910 2595 3948 mea
2615 3896 2682 3949 ad
2694 3896 2980 3953 Dominum
3002 3897 3245 3966 clamaui,
3270 3918 3387 3957 uoce
3404 3919 3521 3958 mea
3547 3905 3616 3958 ad
3636 3904 3805 3968 Deum,

2242 3993 2290 4038 et
2306 3984 2526 4039 intendit
2551 3988 2699 4042 mihi.
2718 3988 2881 4056 Quasi
2898 3990 3236 4048 exhortando
3260 3993 3395 4050 alios
3422 3996 3505 4051 sic
3524 3997 3664 4052 dicat
3685 4014 3697 4049 ε
3716 3996 3806 4061 Qui

2241 4076 2351 4130 sitit
2374 4077 2563 4144 ueniat,
2593 4088 2641 4133 et
2663 4079 2801 4134 bibat
2827 4079 3010 4152 (Joan.
3040 4083 3168 4154 vu):
3201 4094 3258 4141 et
3285 4086 3409 4142 inde
3439 4087 3570 4141 mihi
3599 4096 3803 4158 experto

2244 4170 2570 4226 credendum
2608 4179 2712 4238 est,
2744 4172 2872 4242 quia
2923 4189 3021 4246 ego
3051 4174 3275 4231 clamavi
3303 4178 3373 4231 ad
3400 4176 3680 4233 Dominum
3704 4194 3807 4232 race

2242 4277 2378 4329 mea,
2409 4279 2527 4318 uoce
2554 4264 2801 4320 videlicet
2824 4265 3054 4333 intenta,
3080 4284 3201 4323 voce
3224 4270 3372 4324 cordi
3404 4285 3641 4327 consona
3674 4289 3686 4325 :
3716 4284 3801 4324 non

2245 4362 2305 4409 ut
2331 4354 2559 4425 populus
2585 4354 2671 4411 ille
2700 4356 2785 4412 cui
2809 4357 3010 4414 dictum
3032 4370 3132 4425 est,
3160 4358 3396 4431 Populus
3437 4362 3521 4416 hic
3566 4362 3713 4417 labiis
3738 4377 3804 4414 nte

2243 4444 2486 4511 honorat,
2534 4461 2626 4500 cor
2665 4457 2839 4502 autem
2886 4449 3002 4520 ejus
3052 4448 3201 4520 longe
3250 4467 3283 4505 α
3335 4467 3418 4506 me
3457 4451 3595 4525 (Isa.
3650 4467 3801 4515 xxix;

2249 4535 2437 4591 Matth.
2458 4553 2559 4603 xv;
2581 4537 2749 4593 Marc.
2777 4555 2876 4604 vn,
2904 4540 2979 4612 6).
3004 4540 3071 4595 Et
3092 4541 3217 4610 quia
3244 4541 3468 4596 multum
3500 4542 3801 4598 intentecla-

2248 4634 2399 4682 mant
2424 4628 2492 4682 ad
2522 4627 2688 4683 Deum
2720 4644 2819 4699 pro
2851 4630 3053 4685 divitiis
3093 4631 3455 4701 acquirendis,
3485 4647 3585 4701 pro
3620 4630 3804 4688 damnis

2247 4714 2568 4785 devitaudis,
2621 4719 2673 4774 id
2703 4729 2807 4783 est,
2841 4735 2940 4790 pro
2983 4706 3178 4787 salute,
3206 4718 3322 4792 pro
3351 4721 3612 4792 sospitate
3640 4723 3803 4778 domus

2245 4822 2376 4873 sum,
2408 4824 2507 4879 pro
2532 4810 2814 4879 temporali
2845 4810 3120 4876 felicitate,
3157 4828 3253 4883 pro
3282 4811 3525 4867 saeculari
3549 4812 3799 4883 dignitate,

2245 4907 2300 4953 et
2321 4909 2591 4969 postremo
2620 4916 2718 4971 pro
2741 4903 2972 4959 sanitate
3001 4905 3261 4974 corporis,
3294 4922 3413 4976 qum
3442 4906 3800 4977 patrimonium

2244 4996 2327 5044 est
2355 4991 2639 5060 pauperis;
2668 5000 2723 5047 et
2750 4993 2829 5048 sic
2856 4993 2945 5048 vix
2976 4993 3169 5064 aliquis
3208 4995 3407 5050 clamat
3448 4996 3514 5051 ad
3546 4997 3801 5052 Dominum

2250 5091 2472 5153 propter
2494 5083 2666 5153 ipsum
2698 5087 3111 5157 promerendum
3141 5088 3294 5158 quasi
3336 5089 3556 5144 suavius
3598 5083 3805 5157 sitquod

2253 5178 2363 5244 dat,
2396 5176 2555 5248 quam
2598 5180 2710 5251 ipse
2762 5181 2852 5251 qui
2896 5181 3005 5247 dat,
3058 5197 3122 5237 ne
3156 5182 3316 5237 istum
3347 5184 3672 5239 arbitremur
3694 5178 3803 5235 emi

2251 5268 2389 5324 sisse
2429 5284 2613 5325 vocem
2647 5280 2869 5342 propter
2892 5272 3035 5327 aliud
3084 5272 3412 5337 habendum,
3465 5290 3625 5345 quam
3656 5270 3801 5326 solum

2249 5361 2442 5426 Deum,
2493 5362 2583 5432 qui
2629 5363 2905 5420 voluntate
2949 5363 3273 5420 sacriﬁcavit
3322 5364 3452 5428 Deo,
3513 5365 3606 5434 qui
3651 5360 3801 5419 omnia

2251 5453 2562 5519 transilivit,
2613 5456 2705 5525 qui
2753 5456 2893 5511 ultra
2941 5473 2999 5512 se
3027 5457 3159 5513 nihil
3188 5457 3337 5522 vidit,
3372 5458 3475 5513 nisi
3508 5474 3629 5513 eum
3654 5473 3680 5510 a
3715 5466 3800 5523 quo

2249 5551 2465 5599 creatus
2519 5553 2639 5611 est;
2698 5546 2819 5602 ideo
2872 5531 3198 5605 subsecutus.
3245 5549 3357 5603 ait:
3426 5546 3558 5603 Voce
3609 5564 3711 5601 mea
3743 5542 3796 5595 ad

2249 5632 2419 5688 Deum
2468 5643 2674 5691 tantum
2706 5639 3147 5708 promerendum,
3194 5639 3451 5694 subaudis
3485 5635 3717 5698 clamavi,
3756 5639 3792 5682 et

2250 5729 2365 5801 ipse
2387 5729 2607 5785 intendit
2638 5732 2787 5799 mihi,
2822 5733 2873 5788 id
2904 5742 3007 5800 est,
3035 5734 3303 5788 intonsum
3336 5732 3656 5802 adiutorium
3687 5722 3789 5781 mihi

2250 5821 2396 5889 fecit,
2432 5831 2487 5877 ut
2540 5839 2641 5880 non
2686 5822 2880 5881 frustra
2915 5824 3226 5892 clamarem,
3281 5824 3361 5881 vel
3404 5824 3664 5880 intonsum
3691 5811 3791 5870 fecit
