3918 6452
145 442 271 508 ῐιι

1322 452 1853 519 ENARRATIONES
1888 455 1955 511 ΙΝ
1993 456 2323 519 PSALMOS.

3324 466 3430 522 5‘3

154 560 469 618 (lentorem
490 576 681 631 meum
738 564 916 620 ethoc
942 562 1084 631 ideo,
1117 562 1243 633 quia
1272 579 1371 635 ego
1401 568 1455 620 in
1481 567 1565 621 die
1587 568 1751 620 tribu-
1778 568 1828 628 Α
1855 582 1969 620 sum
2013 566 2067 621 in
2122 568 2475 624 instructione
2523 568 2793 634 aliorum;
2845 570 2936 625 sed
2982 571 3167 641 defecit
3212 572 3426 641 spiritus

147 655 387 713 talionis
416 670 562 719 ntere,
594 653 644 708 id
673 662 779 721 est,
811 654 866 709 in
896 655 999 711 hac
1020 655 1272 724 praesenti
1309 656 1442 721 vita,
1477 673 1596 727 qua:
1619 657 1752 712 dici-

144 750 260 798 tur
283 746 534 810 tentatio,
566 754 622 800 et
668 745 789 801 ideo
821 746 1129 812 tribulatio;
1176 747 1330 803 Unde
1359 748 1524 803 illud:
1557 748 1752 802 Militia

137 848 240 893 est
272 839 385 892 vita
418 840 642 893 hominis
687 856 845 910 super
887 847 1079 894 terram
1124 836 1247 911 (Iob
1298 840 1426 907 vn):
1470 841 1635 895 Deum
1662 856 1753 895 ea:-

136 928 386 995 ᾳιιίδίυὸ,
438 929 491 982 id
528 937 631 995 est,
679 939 833 985 extra
884 927 1065 985 omnia
1113 929 1356 999 quaesivi,
1412 929 1537 1000 quia
1570 928 1752 986 omnia

129 1034 173 1072 τι
199 1018 271 1072 lia
300 1034 552 1087 querere
578 1021 879 1091 contempsi
905 1039 919 1076 :
950 1029 1005 1077 et
1026 1022 1129 1076 hoc
1150 1022 1389 1075 manibus
1414 1022 1560 1087 meis,
1590 1022 1642 1077 id
1668 1030 1754 1076 est

129 1109 424 1179 operibus
473 1111 629 1175 meis,
663 1113 938 1182 operando
970 1112 1219 1167 videlicet
1247 1113 1390 1180 quod
1420 1112 1616 1166 bonum
1646 1121 1748 1167 est.

128 1199 184 1253 Ν
206 1208 302 1255 ota
330 1200 459 1271 quia
490 1202 661 1267 multi,
691 1218 812 1257 cum
834 1203 943 1258 sint
965 1203 1016 1257 in
1038 1202 1492 1266 tribulationibus,
1516 1202 1751 1257 clamant

125 1301 165 1339 ει
190 1290 228 1345 τι
258 1290 549 1347 Dominum
580 1309 688 1348 non
718 1302 938 1364 propter
965 1294 1270 1360 Dominum,
1298 1293 1391 1349 sed
1416 1301 1475 1348 ut
1502 1308 1599 1364 per
1625 1307 1750 1348 eum

132 1382 377 1452 possint
405 1382 779 1439 tribulationes
800 1384 1028 1440 evadere
1052 1402 1064 1438 :
1098 1383 1242 1439 velut
1273 1399 1392 1439 cum
1421 1384 1542 1453 quis
1567 1383 1750 1438 incar-

128 1481 407 1537 ceratur,
458 1470 655 1527 ciamat
704 1473 775 1527 ad
823 1475 1134 1539 Dominum,
1185 1484 1243 1528 ut
1292 1490 1389 1544 per
1425 1489 1547 1529 eum
1577 1474 1749 1544 possit

128 1567 312 1621 exire
340 1579 652 1633 carcerem;
693 1566 738 1622 si
788 1564 985 1620 famem
1033 1566 1259 1635 patitur,
1303 1574 1364 1621 ut
1388 1567 1583 1621 habeat
1605 1565 1749 1620 unde

127 1656 442 1711 reﬁciatur
471 1674 485 1724 ;
519 1658 564 1713 si
602 1659 766 1713 etiam
792 1657 986 1714 febrim
1012 1658 1235 1728 patitur,
1279 1656 1479 1712 clamat
1522 1657 1588 1711 ad
1618 1672 1743 1711 eum

133 1756 217 1801 ιιι
241 1756 509 1802 sanetur:
554 1749 652 1803 iste
699 1756 878 1803 autem
911 1746 1218 1803 transiliens
1273 1748 1364 1815 qui
1418 1746 1505 1801 hic
1548 1745 1745 1802 clamat

135 1852 265 1891 non
308 1837 503 1907 quaerit
556 1837 925 1894 tribulationes
972 1839 1222 1904 evadere,
1271 1836 1377 1892 nisi
1423 1845 1481 1890 ut
1521 1850 1743 1891 securus

1852 672 2018 721 meus,
2056 658 2107 711 id
2136 668 2239 724 est,
2284 659 2458 714 virtus
2508 674 2646 725 mea,
2696 661 2883 717 videns
2914 663 3013 717 hoc
3064 662 3186 731 quia
3215 678 3313 731 per
3338 678 3428 719 me
3495 671 3499 674 ’

1852 762 1959 807 non
1988 749 2134 817 potui
2165 749 2408 815 invenire
2433 750 2632 819 aliquid
2667 753 2808 821 quod
2839 753 3056 824 dignum
3082 761 3198 807 erat
3225 753 3428 807 dicere.

1853 832 1921 889 Et
1956 836 2096 891 unde
2116 838 2301 907 defecit
2329 839 2580 908 spiritus?
2608 839 2739 906 Quia
2768 842 3176 909 anticipaveruut
3219 840 3431 909 vigilias

1852 922 1991 976 oculi
2030 925 2149 991 mei,
2197 927 2249 980 id
2277 936 2380 993 est,
2429 929 2806 998 comparabilis
2851 930 3025 986 factus
3061 946 3178 985 sum
3223 928 3430 994 homini

1852 1029 1964 1083 pra:
1992 1013 2112 1070 aliis
2139 1016 2347 1087 vigilias
2374 1020 2631 1088 capienti,
2666 1030 2721 1074 et
2758 1036 2858 1091 pro
2893 1036 3084 1092 magna
3114 1019 3429 1075 assiduitate

1853 1105 2156 1175 vigiliarum
2179 1107 2505 1177 caliginosos
2527 1109 2712 1164 oculos
2736 1111 2977 1175 habenti;
3006 1111 3129 1179 quia
3159 1108 3297 1163 oculi
3324 1106 3427 1160 mei

1853 1194 2138 1251 interiores
2163 1196 2436 1252 obscurati
2459 1206 2584 1253 sunt
2612 1216 2626 1252 :
2659 1207 2715 1253 et
2752 1199 2875 1253 inde
2914 1201 3149 1253 turbatus
3169 1214 3304 1260 sum,
3347 1196 3431 1249 in-

1852 1286 2203 1342 sulﬁcientem
2227 1303 2313 1343 me
2349 1288 2596 1343 videlicet
2621 1289 2918 1352 inveniens,
2947 1298 3003 1343 et
3025 1305 3127 1342 non
3146 1303 3260 1340 sum
3285 1284 3433 1338 loeu-

1851 1387 1957 1442 tus,
1984 1379 2076 1449 qui
2122 1376 2273 1434 timui
2321 1380 2522 1449 aliquid
2552 1382 2731 1437 dicere
2774 1383 2915 1436 unde
2941 1381 3324 1444 calumniarer,
3374 1386 3430 1432 et

1852 1468 1978 1524 inde
2022 1469 2442 1527 calumniatores
2489 1473 2749 1529 haberent
2797 1475 3081 1529 materiam
3131 1471 3425 1543 peccandi;
3496 1500 3507 1509 ι

1850 1565 1905 1611 et
1953 1559 2074 1614 ideo
2119 1560 2286 1616 tutius
2312 1561 2443 1615 mihi
2483 1562 2766 1617 videbatur
2813 1562 3083 1617 silentium
3109 1563 3344 1616 habere:
3373 1570 3431 1612 et

1851 1647 1905 1701 in
1934 1646 2050 1717 ipso
2076 1648 2290 1704 silentio
2347 1650 2569 1721 cogitavi
2599 1651 2709 1705 dies
2738 1651 3008 1729 antiquos,
3062 1652 3115 1705 id
3161 1658 3264 1715 est,
3298 1649 3428 1703 mihi

1848 1742 2104 1811 proposui
2139 1743 2254 1799 dies
2300 1744 2645 1813 antiquorum
2693 1753 2997 1814 parentum,
3050 1744 3118 1797 ad
3170 1757 3305 1812 quos
3332 1755 3431 1811 per

1849 1831 2263 1887 inobedientiam
2282 1831 2646 1888 devenerunt:
2679 1842 2727 1886 et
2753 1850 2916 1888 annos
2939 1844 3157 1888 aeternos
3185 1826 3431 1887 in'mente

139 1927 333 1991 possit
379 1927 491 1981 Deo
519 1927 817 1983 adhaerere.
850 1928 1252 1983 Tribulationes
1297 1937 1477 1983 autem
1508 1925 1745 1980 ﬁdelium
1777 1906 1823 1966 Β
1849 1920 2028 1983 habui,
2072 1920 2124 1974 id
2169 1928 2272 1985 est,
2297 1920 2413 1975 dies
2458 1921 2777 1975 :eternitatis
2822 1921 2887 1975 ad
2938 1936 3073 1989 quos
3117 1919 3429 1989 perventuri

139 2025 285 2070 sunt
306 2015 608 2071 mortalitas
636 2025 690 2072 et
712 2017 1061 2087 passibilitas,
1090 2032 1120 2071 a
1143 2018 1339 2087 quibus
1361 2033 1482 2072 cum
1511 2014 1749 2072 liberan-

139 2112 269 2171 tur,
299 2120 492 2161 secure
520 2107 627 2164 Deo
656 2108 953 2175 adhaerent,
975 2108 1099 2178 quia
1131 2124 1252 2163 eum
1284 2109 1423 2165 facie
1453 2108 1519 2163 ad
1554 2108 1745 2164 facient

152 2197 379 2263 vident;
416 2198 556 2267 quod
604 2198 692 2254 hic
721 2208 914 2269 optans
944 2199 1107 2255 dicit:
1161 2199 1228 2255 In
1257 2201 1342 2256 die
1369 2202 1741 2266 tribulationis,

139 2287 239 2341 die
263 2287 389 2343 dico
410 2288 777 2351 tribulationis,
810 2290 1078 2345 existente
1128 2302 1275 2345 nocte
1295 2302 1341 2346 et
1381 2303 1561 2347 contra
1603 2309 1742 2357 eum,

141 2376 204 2434 id
236 2386 347 2441 est,
374 2392 558 2432 coram
581 2392 666 2444 eo,
693 2387 748 2435 et
776 2394 883 2433 non
915 2380 982 2435 ad
1025 2379 1274 2436 eﬁ'ectum
1306 2383 1583 2438 hominum
1609 2384 1745 2439 bene

136 2477 413 2536 operatus
462 2482 603 2523 sum.
648 2468 802 2525 Unde
850 2470 1009 2524 illud:
1062 2472 1323 2527 Attendite
1378 2489 1441 2527 ne
1477 2473 1743 2543 justitiam

143 2570 381 2614 vestram
408 2559 617 2637 faciatis
641 2578 816 2615 coram
837 2562 1155 2629 hominibus,
1178 2572 1234 2617 ut
1255 2565 1538 2619 videamini
1556 2565 1620 2618 ab
1646 2566 1741 2619 eis.

147 2649 288 2706 Cum
309 2651 445 2718 facis
490 2651 889 2723 eleemosynam,
921 2654 1029 2708 noli
1050 2655 1172 2710 tuba
1194 2673 1380 2712 canere
1403 2667 1523 2713 ante
1549 2667 1617 2721 te,
1646 2657 1740 2711 sed

144 2741 235 2799 fac
267 2745 324 2797 in
353 2743 694 2811 abscondito;
717 2756 763 2799 et
796 2743 1096 2802 Patertuus
1120 2748 1209 2818 qui
1225 2747 1355 2801 videt
1373 2749 1426 2801 in
1453 2742 1739 2813 absconso,

143 2834 329 2888 reddet
352 2835 449 2889 tibi
474 2834 687 2906 (Matth.
704 2836 802 2907 vi).
830 2836 988 2902 Nota,
1017 2838 1141 2907 quia
1164 2838 1270 2892 vita
1294 2837 1530 2892 ﬁdelium
1552 2846 1606 2893 et
1628 2837 1743 2894 dies

141 2932 199 2976 et
231 2938 343 2977 nox
369 2932 549 2993 potest
568 2923 673 2979 dici
693 2944 706 2978 :
730 2926 869 2992 dies,
897 2936 1155 3003 quantum
1183 2928 1251 2982 ad
1269 2927 1435 2981 vitam
1462 2926 1697 3005 ﬁdelium
1722 2943 1738 2993 ;

142 3013 306 3070 Unde
328 3013 559 3069 Paulus:
590 3014 912 3084 Abjiciamus
933 3033 1088 3087 opera
1109 3018 1460 3086 tenebrarum,
1484 3028 1530 3074 et
1553 3019 1742 3075 indua-

139 3120 269 3157 mur
287 3119 443 3157 arma
463 3102 593 3158 lucis
610 3120 630 3170 ;
656 3104 790 3158 sicut
817 3105 874 3159 in
891 3106 973 3161 die
996 3108 1207 3164 honeste
1221 3107 1545 3163 ambulemus
1559 3108 1738 3180 (Rom.

139 3193 292 3265 xm).
315 3192 432 3248 Nox
456 3194 670 3260 dicitur,
689 3205 946 3266 quantum
968 3197 1033 3253 ad
1055 3197 1438 3267 perfectionem
1453 3198 1736 3269 claritatis,

139 3262 269 3354 qme
301 3293 389 3340 est
409 3285 461 3339 in
491 3262 730 3356 angelica
754 3288 862 3342 vita
890 3288 1032 3358 quod
1055 3262 1139 3344 sic
1166 3289 1483 3360 comprobat
1500 3262 1731 3348 Petrus:
1765 3262 1809 3325 (ἶ

138 3373 421 3428 Habemus
469 3377 753 3432 certiorem
794 3378 1148 3446 propheticum
1175 3395 1485 3446 sermonem,
1526 3383 1611 3437 cui
1639 3397 1737 3439 vos

139 3464 453 3533 benefacitis
508 3467 820 3524 insistentes
893 3469 1045 3538 quasi
1101 3468 1329 3525 lucerna:
1390 3473 1447 3526 in
1503 3471 1737 3530 obscuro

135 3554 301 3621 loco,
384 3556 546 3612 donec
606 3558 716 3613 dies
762 3558 1016 3614 elucescat
1040 3601 1055 3626 ,
1108 3570 1155 3615 et
1220 3576 1388 3618 verus
1454 3564 1535 3619 sol
1595 3566 1738 3620 oria-

138 3656 237 3701 tur
286 3646 344 3700 in
395 3648 638 3702 cordibus
690 3651 871 3706 vestris
917 3649 1003 3722 (II
1041 3650 1257 3724 Petr.t)
1298 3656 1489 3725 :quod
1513 3656 1733 3724 dicitur,

135 3735 212 3790 In
243 3739 332 3791 die
382 3738 742 3795 tribulationis
789 3757 919 3796 mete
968 3739 1137 3795 Deum
1189 3745 1464 3814 exquisivi,
1495 3747 1735 3802 manibus

136 3828 272 3881 meis
292 3837 455 3882 nocte
469 3839 649 3883 contra
669 3846 785 3884 eum
806 3846 825 3894 ;
848 3841 896 3884 et
924 3847 1026 3885 non
1047 3848 1164 3889 sum
1184 3834 1425 3904 deceptus
1443 3838 1735 3906 quasrendo

135 3920 341 3985 Deum,
384 3919 537 3989 juxta
579 3921 721 3991 quod
772 3922 888 3993 ipse
934 3923 1048 3978 ait:
1082 3923 1313 3990 Quam'te
1364 3935 1412 3981 et
1468 3928 1733 3984 invenietis

136 4008 364 4081 (Matth.
390 4011 511 4081 vn).
538 4012 603 4067 Et
621 4015 890 4083 quomodo
912 4030 1018 4070 non
1048 4016 1120 4071 sit
1145 4017 1388 4088 deceptus
1412 4019 1733 4091 inquirendo

134 4103 337 4166 Deum,
365 4102 668 4175 subjungit:
699 4104 891 4161 Renuit
936 4106 1219 4174 consolari,
1259 4109 1313 4164 id
1357 4121 1463 4176 est,
1491 4113 1734 4169 consola-

137 4194 346 4250 tionem
379 4194 601 4261 habere,
629 4197 807 4252 anima
833 4214 948 4253 mea
977 4198 1032 4253 in
1062 4201 1310 4267 terrenis,
1332 4217 1431 4273 per
1452 4205 1594 4273 quod
1618 4206 1731 4262 scio

136 4299 227 4339 me
258 4299 372 4339 non
400 4299 521 4341 esse
551 4286 834 4357 deceptum
865 4289 1188 4359 inquirendo
1214 4291 1345 4347 Deo.
1374 4290 1470 4348 Vel
1490 4294 1570 4350 sic
1595 4309 1730 4351 con-

135 4377 423 4431 tinuatur:
457 4376 525 4433 In
549 4378 632 4432 die
675 4376 1030 4433 tribulationis
1070 4395 1200 4435 mea:
1226 4379 1394 4436 Deum
1441 4384 1729 4454 exquisivi:

133 4474 189 4519 et
216 4466 345 4522 ideo
365 4482 489 4523 eum
520 4477 727 4525 tantum
773 4471 1061 4540 exquisivi,
1098 4472 1221 4541 quia
1268 4474 1437 4528 renuit
1470 4476 1728 4530 consolari

132 4559 320 4612 animo
346 4560 537 4614 meain
565 4561 789 4630 hisque:
816 4571 961 4617 retro
990 4572 1134 4626 sunt,
1169 4564 1389 4619 omnino
1410 4565 1728 4622 consolatio-

134 4663 261 4702 nem
294 4648 531 4705 hominis
559 4665 838 4720 respuens.
884 4652 1020 4708 Nota
1062 4654 1204 4723 quod
1232 4655 1382 4720 dicit,
1408 4657 1575 4711 renuit
1595 4674 1722 4713 con-

132 4739 305 4792 solari
334 4739 514 4793 anima
536 4756 673 4795 mea.
704 4741 822 4812 Ipse
853 4744 994 4800 enim
1038 4745 1271 4801 transire
1309 4745 1496 4801 volens
1540 4745 1722 4801 omnia

132 4830 555 4911 consideravit”
580 4843 860 4891 consortes
908 4850 1035 4891 suos
1079 4837 1133 4891 in
1173 4838 1402 4893 terrenis
1430 4836 1719 4895 ﬂorentes:

129 4933 188 4980 et
219 4925 298 4980 ibi
334 4924 556 4992 defectio
604 4929 769 4981 tenuit
796 4943 919 4983 eum
957 4946 1052 4999 pro
1096 4931 1451 4993 peccatoribus
1497 4932 1721 4986 derelin-

131 5014 415 5084 quentibus
446 5014 607 5087 legem
652 5017 865 5072 Domini
919 5016 1036 5073 (Ps.
1083 5019 1292 5091 cxvnl).
1324 5018 1516 5099 .Vertit
1560 5035 1619 5077 se
1668 5021 1720 5075 in

132 5107 421 5165 dexteram
448 5118 679 5179 partem,
704 5125 806 5167 nec
835 5111 907 5166 ibi
934 5114 1214 5167 videbatur
1260 5113 1310 5167 ei
1341 5120 1514 5167 tutum
1540 5113 1725 5169 laxare

132 5201 384 5257 habenas
410 5204 587 5271 gaudii
630 5204 751 5259 sui:
808 5204 933 5275 quia
987 5205 1033 5259 si
1064 5205 1137 5261 ibi
1168 5204 1392 5271 laxaret,
1419 5214 1476 5261 et
1522 5205 1725 5276 aliquid

133 5290 486 5347 adversitatis
531 5293 913 5366 contingeret,
967 5304 1117 5350 tanto
1176 5296 1349 5366 major
1407 5304 1727 5367 sequeretur

136 5381 383 5448 tristitia,
410 5386 613 5452 quanto
636 5385 811 5454 major
833 5384 1108 5455 praecessit
1130 5384 1338 5451 laetitia,
1378 5394 1433 5442 et
1460 5386 1582 5441 ideo
1605 5386 1723 5441 ani-

136 5488 225 5526 ma
256 5472 373 5543 ejus
428 5475 648 5530 omnino
700 5475 921 5531 reclusit
982 5491 1042 5531 se
1086 5491 1117 5529 a
1173 5485 1384 5533 terrena
1433 5477 1720 5545 felicitate;

134 5560 477 5631 quo'ddicit:
515 5564 687 5618 renuit
724 5565 985 5619 consolari
1024 5566 1202 5619 animo
1246 5582 1363 5621 mea
1406 5566 1459 5621 in
1490 5567 1577 5621 his
1600 5581 1721 5636 qua:

136 5660 291 5707 retro
340 5662 486 5722 sunt,
532 5657 828 5712 extendens
880 5672 965 5713 me
1009 5664 1075 5711 ad
1128 5674 1191 5711 ea
1235 5673 1354 5729 qua:
1388 5659 1568 5729 priora
1597 5667 1723 5714 sunt

139 5744 310 5815 (Phil.
344 5746 465 5816 tu);
495 5747 617 5816 quia
647 5766 843 5803 memor
871 5749 950 5819 fui
975 5749 1069 5804 Dei
1097 5758 1325 5816 tantum,
1356 5758 1404 5805 et
1433 5750 1718 5806 delectatus

142 5854 255 5891 sum
274 5838 327 5893 in
360 5838 461 5895 hoc
483 5842 621 5911 quod
649 5856 857 5899 memor
886 5842 958 5899 fui
987 5841 1100 5913 ejus
1128 5860 1141 5897 :
1169 5851 1220 5898 ct
1251 5841 1375 5913 quia
1405 5841 1715 5900 exercitatus

1849 2021 2033 2069 essent
2067 2014 2226 2083 primi
2261 2021 2536 2084 parentes,
2568 2014 2613 2069 si
2634 2015 2690 2069 in
2719 2013 3022 2069 obedientia
3045 2012 3428 2082 perstitissent,

1848 2120 2064 2176 semper
2088 2107 2142 2160 in
2166 2117 2334 2161 mente
2359 2106 2557 2161 habui:
2600 2106 2724 2176 quia
2750 2122 2816 2160 ex
2851 2121 3038 2162 eorum
3066 2103 3425 2160 inobedientia

1844 2192 2061 2268 percepi
2114 2191 2376 2248 defecisse
2403 2194 2651 2264 spiritum
2695 2209 2900 2258 meum,
2950 2201 3007 2248 et
3034 2193 3152 2247 illos
3195 2201 3431 2247 :elernos

1845 2290 2124 2345 meditatus
2152 2300 2269 2345 sum
2320 2293 2488 2349 nocte,
2521 2283 2575 2338 id
2620 2292 2722 2348 est,
2762 2285 3058 2352 interrupta
3096 2282 3311 2352 quiete:
3346 2279 3431 2335 vel

1845 2390 2013 2446 nocte,
2046 2381 2099 2436 id
2124 2389 2225 2447 est,
2266 2381 2321 2436 in
2353 2373 2470 2452 ipsa
2499 2374 2862 2436 tribulatione,
2900 2380 2955 2426 et
2983 2372 3085 2426 hoc
3132 2388 3249 2424 cum
3273 2369 3428 2424 corde

1844 2488 1979 2538 meo,
2010 2472 2066 2528 id
2092 2482 2196 2539 est,
2231 2482 2342 2530 tota
2396 2466 2714 2529 intentione,
2740 2474 2792 2520 et
2820 2464 2944 2530 hoc,
2989 2478 3094 2517 non
3122 2462 3187 2516 ad
3216 2462 3427 2524 horam,

1844 2565 1938 2619 sed
1965 2566 2290 2620 exercitabar
2316 2565 2370 2621 in
2405 2562 2726 2621 assiduitate
2767 2554 2926 2624 hujus
2959 2550 3344 2614 meditationis,
3374 2558 3432 2603 et

1842 2656 2112 2725 scopebam
2146 2659 2387 2728 spiritum
2432 2674 2605 2712 meum
2629 2698 2644 2723 ,
2683 2658 2736 2711 id
2782 2655 2905 2722 est,
2952 2642 3426 2698 ηιίοιιθδίιίιθῑεηι

1842 2763 2017 2804 meam
2044 2748 2153 2804 fodi
2197 2758 2254 2805 et
2301 2749 2583 2820 resculpsi,
2629 2748 2942 2805 evacuando
2966 2763 3086 2803 eam
3115 2763 3145 2801 a
3173 2754 3424 2809 terrenis,

1840 2847 1898 2894 ut
1922 2839 2004 2896 sic
2025 2840 2324 2896 invenirem
2348 2841 2491 2911 quod
2528 2839 2856 2911 investigare
2883 2839 3102 2908 incepit,
3128 2836 3213 2891 vel
3242 2852 3423 2905 scope-

1843 2931 1993 2997 bam,
2020 2930 2074 2986 id
2104 2941 2187 2987 est
2213 2931 2501 3002 planabam
2526 2970 2543 2996 ,
2582 2931 2824 3001 spiritum
2868 2945 3040 2983 meum
3065 2942 3097 2982 a
3137 2925 3368 2981 terrenis
3404 2942 3419 2978 :

1840 3020 1924 3076 vel
1969 3022 2243 3092 scopebam
2286 3022 2528 3093 spiritum
2576 3037 2767 3087 meum,
2802 3020 3024 3076 dicens:
3081 3014 3332 3087 Nunquid
3363 3014 3423 3068 in

1840 3124 2092 3170 cternum
2139 3115 2379 3185 proficiet
2423 3112 2565 3169 Deus
2617 3126 2803 3168 servos
2855 3110 3017 3167 suos?
3066 3107 3181 3164 Non
3222 3104 3308 3162 vel
3342 3105 3424 3162 sic

1840 3202 2111 3272 scopebam
2148 3202 2389 3273 spiritum
2432 3217 2624 3256 meum.
2651 3200 2719 3255 Et
2763 3199 2892 3270 quid
2934 3196 3227 3253 invenisti?
3275 3192 3422 3250 Istud

1838 3295 2110 3361 videlicet,
2156 3296 2301 3365 quod
2339 3293 2597 3349 Dominus
2636 3307 2743 3347 non
2766 3292 3034 3347 irascetur
3070 3288 3124 3343 in
3158 3295 3421 3343 aeternum

1839 3386 2010 3443 servis
2047 3386 2180 3442 suis.
2205 3384 2457 3455 Nunquid
2487 3383 2785 3440 removebit
2832 3396 3041 3446 servos,
3090 3387 3145 3435 et
3168 3377 3423 3434 dissolvet

1836 3476 2191 3547 compeditos,
2220 3484 2276 3532 et
2305 3476 2359 3531 in
2380 3483 2641 3530 aeternum
2682 3470 2974 3543 praeclude't
3003 3471 3081 3525 ira
3110 3467 3419 3524 misericor-

1838 3567 2025 3631 diam?
2053 3567 2206 3625 Unde
2238 3566 2407 3623 lsaias
2438 3581 2457 3620 :
2490 3564 2606 3620 Non
2643 3564 2695 3619 in
2732 3573 2995 3619 aeternum
3024 3576 3116 3616 ero
3138 3559 3332 3614 vindex
3362 3556 3421 3611 in

1838 3659 2012 3726 vobis,
2037 3673 2137 3714 nec
2153 3672 2253 3729 per
2272 3672 2434 3714 omne
2463 3664 2675 3726 tempus
2705 3654 2937 3709 ulciscar
2958 3652 3011 3706 in
3036 3664 3129 3705 vos
3153 3667 3169 3707 :
3195 3647 3418 3719 spiritus

1836 3750 1980 3806 enim
2006 3765 2073 3805 ex
2093 3766 2181 3806 me
2202 3749 2560 3820 processit,et
2579 3760 2793 3803 omnem
2817 3753 3015 3801 statum
3036 3744 3153 3814 ejus
3172 3756 3269 3812 ego
3280 3738 3415 3795 feci:

1836 3850 2057 3911 propter
2081 3853 2363 3912 peccatum
2397 3848 2576 3895 autem
2628 3836 2899 3908 paululum
2937 3834 3065 3905 quid
3093 3829 3413 3889 contristari

1835 3947 1980 3995 eum,
2008 3941 2064 3987 et
2088 3932 2329 4003 percussi
2355 3946 2501 3995 eum,
2530 3939 2584 3985 et
2612 3928 2782 3983 averti
2812 3926 3006 3982 faciem
3037 3938 3211 3979 meam
3239 3921 3307 3977 ab
3328 3934 3418 3986 eo,

1835 4034 1890 4082 et
1916 4024 2051 4079 abiit
2082 4024 2274 4089 tristis,
2296 4031 2352 4078 et
2373 4020 2669 4077 ambulavit
2690 4019 2807 4074 vias
2828 4034 2973 4083 suas,
2995 4025 3051 4073 et
3074 4014 3256 4071 sansvi
3291 4027 3416 4068 eum

1824 4115 1968 4189 (Isa.
2006 4114 2172 4185 Lvn);
2203 4115 2347 4184 quod
2376 4113 2545 4169 dicit:
2582 4110 2837 4182 Nunquid
2884 4110 2939 4163 in
2980 4120 3230 4163 internum
3252 4104 3418 4175 proji-

1832 4208 1929 4262 ciet
1952 4206 2115 4271 Deus,
2141 4215 2190 4259 et
2219 4221 2323 4259 non
2352 4213 2573 4274 apponet
2611 4211 2668 4256 ut
2698 4199 3056 4268 complacitior
3084 4197 3150 4251 sit
3175 4197 3200 4250 ν
3228 4195 3281 4249 id
3311 4201 3413 4257 est,

1831 4307 1893 4351 ιιι
1920 4296 2091 4366 magis
2112 4296 2213 4351 sibi
2243 4294 2454 4366 placeat
2481 4295 2646 4350 homo
2668 4307 2827 4362 quam
2871 4290 3031 4345 modo
3049 4288 3296 4358 placeat:
3321 4294 3413 4338 aut

1830 4389 1884 4443 in
1905 4388 2062 4457 ﬁnem
2114 4386 2530 4441 misericordiam
2573 4399 2725 4438 suam
2752 4381 2979 4435 abscidet
3025 4394 3053 4431 a
3085 4375 3416 4447 generatione

1824 4479 1934 4534 hac
1959 4478 2210 4549 praesenti
2241 4478 2467 4531 tendens
2500 4474 2556 4528 in
2589 4473 2967 4543 generationem
3010 4463 3292 4530 laturam?
3319 4471 3411 4516 aut

1829 4569 2158 4624 obliviscetur
2194 4566 2429 4620 misereri
2468 4563 2605 4617 Deus
2629 4562 2654 4614 Ρ
2700 4570 2791 4613 aut
2819 4557 3093 4627 continebit
3121 4556 3175 4608 in
3212 4554 3293 4607 ira
3314 4568 3412 4607 sua

1827 4661 2213 4716 misericordias
2252 4675 2399 4722 suas,
2429 4655 2480 4711 id
2527 4663 2632 4721 est,
2663 4651 2954 4723 prmcludet
2979 4650 3057 4703 ira
3106 4646 3417 4701 misericor-

1830 4753 2016 4809 diam?
2044 4750 2176 4805 Non.
2208 4750 2276 4804 Et
2316 4749 2428 4803 dixi
2468 4756 2588 4817 post
2614 4748 2755 4801 hanc
2800 4741 3221 4813 inquisitionem,
3252 4736 3413 4791 Nunc

1830 4844 1995 4913 capi,
2035 4841 2176 4913 quod
2232 4839 2506 4910 scopendo
2566 4836 2811 4907 Spiritum
2858 4849 3035 4889 meum
3087 4831 3413 4901 investigare

1831 4933 2047 5003 incepi:
2084 4940 2139 4987 et
2165 4932 2276 4985 licet:
2305 4930 2546 4994 mutatio,
2591 4943 2689 4999 per
2710 4938 2873 4997 quam
2898 4939 3000 4996 ego
3026 4932 3264 4977 mutatus
3289 4936 3410 4976 sum

1829 5025 1894 5080 de
1910 5023 2208 5094 ignorantia
2234 5020 2286 5076 in
2303 5020 2609 5083 scientiam,
2629 5026 2715 5074 est
2733 5020 2958 5071 dexter-re
2970 5012 3202 5079 Excelsi,
3230 5011 3283 5065 id
3304 5018 3409 5075 est,

1823 5113 2137 5185 imputanda
2199 5112 2454 5183 potentiae
2496 5111 2710 5176 divina,
2761 5117 2817 5164 et
2863 5122 2971 5162 non
3024 5119 3146 5160 meo
3178 5102 3405 5158 merito.

1824 5203 1896 5260 Ut
1942 5214 2124 5258 autem
2174 5203 2315 5257 hanc
2365 5199 2718 5255 mutationem
2773 5195 2985 5265 assequi
3028 5206 3258 5264 possem,
3303 5204 3411 5242 me-

1824 5312 1940 5349 mor
1986 5294 2065 5364 fui
2150 5308 2363 5363 operum
2423 5290 2678 5356 Domini,
2734 5284 3100 5358 dispositionis
3160 5278 3412 5336 videlicet

1826 5384 2100 5454 antiquw,
2155 5380 2512 5451 reparationis
2577 5393 2769 5442 novre,
2808 5373 3110 5431 felicitatis
3170 5378 3407 5425 aeterna.

1826 5475 1890 5529 Et
1914 5474 2073 5544 hujus
2091 5472 2272 5542 operis
2299 5469 2613 5527 memoriam
2635 5468 2761 5523 duxi
2786 5476 2871 5521 tua
2895 5463 3183 5527 mirabilia,
3213 5458 3406 5529 legalis

1828 5565 2074 5622 videlicet
2098 5564 2365 5628 instituta,
2392 5562 2459 5615 ad
2487 5561 2590 5616 hoc
2615 5575 2734 5615 esse
2768 5560 2911 5622 data,
2943 5564 3003 5610 ut
3038 5553 3407 5623 signiﬁcarent

1810 5672 1986 5727 opera
2016 5656 2225 5711 Domini
2248 5669 2367 5724 qua:
2389 5651 2567 5733 futura
2592 5657 2770 5712 erant,
2796 5654 2850 5701 et
2871 5647 2951 5702 sic
2978 5643 3212 5701 intellexi
3238 5640 3406 5711 signi-

1826 5749 1985 5805 ﬁcata
2027 5765 2124 5820 per
2160 5744 2538 5819 significantia,
2576 5750 2630 5797 et
2665 5758 2770 5796 non
2818 5750 3024 5797 tantum
3076 5753 3273 5794 memor
3301 5734 3407 5806 fui,

1826 5842 1919 5900 sed
1960 5841 2121 5899 etiam
2164 5836 2471 5903 meditabor,
2498 5835 2548 5890 id
2580 5845 2689 5901 cst,
2723 5833 3032 5905 frequenter
3066 5828 3309 5902 cogitabo
3350 5824 3407 5879 'm
