3918 6460
514 470 619 527 545

1149 463 1409 522 REMIGII
1445 460 2096 521 ANTISSIODORENSIS
2131 461 2280 518 OPP.
2321 461 2500 519 PARS
2529 462 2568 517 Ι.
2588 452 2658 503 ἷ-
2682 461 3085 519 EXEGETICA.

3668 460 3782 514 5H

517 582 749 637 omnibus
773 566 1011 652 operibus
1045 580 1166 646 tuis,
1200 595 1360 649 quam
1381 566 1582 650 potens
1614 579 1688 634 sis
1722 587 1775 633 et
1802 565 2082 641 mirabilis,
2111 577 2162 637 Α
2187 576 2272 629 cui
2297 575 2570 630 revelatum
2599 584 2672 628 est
2701 564 2837 642 (lsa.
2871 577 3026 646 Lm)?
3051 576 3326 630 Redemisti
3353 577 3407 628 in
3436 573 3656 626 brachio
3687 583 3784 624 tuo

514 672 602 741 qui
633 671 876 742 operaris
902 670 1037 725 velle
1073 678 1125 725 et
1163 685 1261 740 pro
1304 670 1440 726 bona
1468 669 1741 725 voluntate
1773 668 2032 739 perﬁcere
2065 685 2080 721 :

514 771 561 816 et
593 762 645 815 in
682 761 1132 816 adiuventionibus
1185 761 1288 816 tuis
1329 762 1621 827 exercebar,
1669 760 1720 814 id
1748 766 1852 825 est,
1889 758 1940 813 in
1979 759 2086 814 luis

516 852 834 922 prmccptis,
890 867 1008 921 quae
1055 860 1112 906 tu
1156 851 1403 907 invenisti
1454 853 1522 906 ad
1569 851 1794 906 salutem
1846 849 2082 904 omnium

518 941 815 996 exercendo
858 941 1133 997 laborabo.
1163 940 1315 996 Unde
1349 939 1475 996 illud
1520 955 1535 995 :
1570 940 1840 995 Adinvenit
1882 955 2086 994 omnem

518 1029 649 1082 riam
690 1029 931 1084 scientiae
956 1039 1010 1085 et
1054 1029 1365 1100 disciplinae,
1396 1019 1462 1084 et
1486 1031 1701 1084 tradidit
1745 1029 1892 1083 illam
1920 1027 2085 1082 Jacob

518 1134 674 1172 auero
693 1135 809 1182 suo,
831 1128 880 1174 et
896 1119 1067 1175 Israel
1079 1121 1264 1176 dilecto
1285 1137 1380 1174 suo
1396 1120 1650 1191 (Baruch.
1666 1118 1768 1192 ιιι).
1794 1119 2090 1173 Meditabor

516 1207 566 1260 in
581 1208 818 1262 omnibus
832 1211 1071 1279 operibus
1092 1212 1196 1266 tuis
1210 1231 1228 1266 :
1244 1219 1300 1266 et
1319 1226 1446 1267 ecce
1462 1225 1596 1280 opus
1617 1219 1763 1265 tuum
1781 1210 2081 1272 mirificum,

515 1295 634 1364 quia
664 1298 765 1350 rita
789 1307 900 1365 tua,
928 1297 1090 1366 Deus,
1110 1287 1164 1355 in
1192 1311 1395 1367 sancto,
1419 1301 1469 1356 id
1491 1309 1575 1356 est
1598 1300 1650 1354 in
1673 1300 1909 1356 Christo.
1937 1298 2088 1354 Unde

514 1401 626 1454 ipse
657 1402 674 1442 :
706 1389 819 1459 Ego
851 1406 966 1445 sum
995 1392 1076 1446 uia
1113 1401 1161 1446 et
1187 1394 1374 1446 veritas
1409 1401 1458 1445 et
1497 1393 1600 1447 vita
1639 1392 1818 1464 (Joan.
1859 1389 1990 1461 xiv).
2022 1390 2090 1445 Et

517 1476 641 1532 Illud
671 1497 684 1532 :
720 1479 890 1536 Nemo
914 1484 1047 1536 venit
1072 1483 1143 1536 ad
1170 1482 1365 1552 patrem
1399 1482 1500 1537 nisi
1531 1499 1622 1553 per
1643 1499 1724 1537 me
1759 1482 1945 1553 (Ibid).
1989 1481 2088 1536 Via

517 1577 616 1623 iste
644 1579 743 1630 est,
775 1587 881 1641 qua
916 1573 1130 1629 venitur
1165 1574 1232 1631 de
1256 1575 1515 1630 servitute
1554 1576 1606 1629 in
1637 1575 1958 1652 libertatem,
1981 1589 2087 1646 qua

519 1656 583 1711 de
633 1658 839 1716 incesto
887 1663 948 1716 lit
992 1671 1212 1731 castus,
1261 1665 1328 1719 de
1375 1666 1728 1720 condemnato
1775 1665 1827 1718 in
1865 1679 2088 1735 regnum

522 1761 840 1822 assumptus.
888 1753 1018 1819 Quis
1045 1769 1172 1824 ergo
1215 1753 1355 1809 Deus
1393 1763 1475 1810 est
1512 1772 1731 1826 magnus
1778 1756 1912 1810 sicut
1949 1753 2091 1810 Deus

522 1844 730 1896 noster?
749 1843 934 1900 Nullus
964 1845 1169 1915 utique,
1198 1846 1320 1924 quia
1347 1854 1402 1901 tu
1424 1863 1479 1901 es
1507 1845 1642 1900 Deus
1663 1847 1753 1916 qui
1776 1845 1909 1914 facis
1933 1843 2093 1922 mira-

2186 667 2324 735 ﬁlios
2348 666 2514 722 Iacob
2545 677 2592 721 et
2632 667 2846 737 Ioseph.
2873 667 3132 738 Populum
3164 668 3410 724 videlicet
3454 665 3784 722 Iudaeorum

2186 763 2241 810 et
2268 757 2523 825 gentium,
2554 753 2972 827 evangeliza‘ndo
2994 771 3179 824 pacem
3204 757 3289 812 his
3308 756 3398 826 qui
3423 771 3586 826 prope
3611 763 3786 809 erant

2186 852 2240 898 et
2265 845 2355 914 qui
2401 844 2579 914 longe,
2608 859 2802 900 creans
2833 847 2965 900 duos
3009 846 3233 916 populos
3280 846 3335 901 in
3373 861 3481 901 uno
3512 859 3784 915 corpore.

2200 933 2445 990 Viderunt
2479 947 2529 991 te
2560 953 2728 1005 aquae,
2769 935 2924 1000 Deus,
2964 936 3018 990 id
3053 945 3158 1004 est,
3196 935 3425 1008 populus
3457 935 3785 992 Iudaeorum

2189 1020 2426 1095 intellige
2459 1043 2472 1079 :
2503 1027 2740 1081 viderunt
2782 1023 3031 1082 videliCet
3074 1037 3123 1081 et
3161 1029 3446 1082 timuerunt
3489 1026 3786 1095 prmterita

2186 1124 2424 1185 peccata,
2454 1124 2509 1172 et
2534 1115 2711 1172 timuit
2736 1114 2936 1172 sonitus
2970 1132 3246 1188 aquarum,
3278 1117 3334 1173 id
3358 1125 3462 1183 est,
3495 1115 3786 1186 profunda

2187 1206 2349 1262 Corda
2393 1207 2712 1278 gentilium:
2755 1207 2838 1264 vel
2881 1205 3131 1280 profundi
3174 1204 3535 1265 intellectores
3575 1223 3786 1263 eorum

2190 1297 2547 1352 turbabuntur
2572 1297 2639 1353 ad
2666 1299 3059 1369 pmnitentiam,
3087 1309 3143 1355 et
3167 1300 3246 1356 sic
3270 1299 3450 1354 audita
3480 1307 3559 1353 est
3593 1298 3790 1350 multi-

2189 1386 2314 1441 tudo
2360 1388 2559 1442 sonitus
2604 1404 2894 1458 aquarum,
2951 1403 3116 1445 sonus
3168 1388 3418 1444 videlicet
3462 1387 3790 1443 conﬁtentis

2189 1479 2367 1548 populi
2413 1489 2467 1534 et
2509 1480 2846 1550 pcenitentis.
2903 1480 2972 1534 Et
3029 1481 3170 1535 unde
3225 1480 3364 1535 hoc?
3417 1478 3549 1545 Quia
3617 1477 3786 1529 nubes

2191 1567 2256 1624 de
2277 1571 2471 1639 quibus
2507 1570 2733 1635 dictum,
2763 1569 3026 1625 Mandabo
3073 1569 3292 1624 nubibus
3322 1571 3455 1625 meis
3485 1586 3544 1623 ne
3582 1568 3782 1638 pluunt

2191 1675 2348 1730 super
2391 1668 2506 1716 eam
2543 1661 2759 1716 imbrem
2791 1660 2926 1733 (lsa.
2956 1661 3038 1733 v),
3082 1662 3239 1716 istam
3287 1661 3536 1715 dederunt
3575 1676 3785 1720 uocem,

2192 1751 2318 1822 quia
2374 1753 2428 1807 in
2460 1768 2661 1807 omnem
2713 1761 2908 1807 terram
2947 1754 3102 1807 exivit
3133 1769 3292 1807 sonus
3347 1767 3524 1806 eorum
3585 1749 3781 1818 (Psal.

2196 1846 2374 1916 xvm).
2404 1843 2612 1898 Etenim
2661 1844 2866 1915 sagitta:
2906 1853 3033 1909 ture,
3072 1845 3125 1898 id
3161 1840 3268 1910 est,
3298 1844 3461 1899 verba
3505 1842 3785 1911 apostolo-

522 1933 641 1988 bilia
673 1951 693 1989 :
724 1935 851 1991 fecit
895 1936 1064 2002 Elias,
1106 1946 1161 1992 et
1196 1919 1310 2004 alii,
1357 1938 1648 2003 mirabilia,
1693 1937 1786 1994 sed
1826 1919 1944 1992 non.
1974 1935 2100 1992 soli,
2132 1916 2180 1978 Β
2210 1953 2326 1993 rum
2353 1948 2565 1994 tuorum
2601 1938 2763 1994 corda
2801 1937 3164 2009 impugnantia
3195 1945 3484 1999 transeunt,
3514 1934 3652 2004 quia
3684 1949 3786 1986 non

521 2023 640 2091 quia
668 2033 760 2081 tuo
787 2026 1051 2098 adiutorio
1072 2027 1316 2084 fecerunt
1339 2045 1354 2082 :
1384 2038 1437 2108 tu
1462 2037 1638 2084 autem
1661 2028 1857 2084 nullius
1885 2027 2094 2098 indiges
2195 2029 2250 2083 in
2270 2043 2399 2084 aure
2421 2037 2812 2092 remanserunt,
2830 2029 2924 2084 sed
2946 2044 3116 2098 usque
3138 2029 3204 2083 ad
3225 2027 3584 2098 capacitatem
3604 2025 3786 2079 cordis

523 2111 804 2184 adjutorio,
842 2122 936 2172 sed
966 2117 1112 2172 solus
1137 2116 1269 2173 lacis
1303 2117 1566 2172 mirabilia
1593 2126 1646 2173 et
1674 2119 1726 2172 in
1754 2118 2007 2173 exteriori
2041 2123 2096 2172 et
2196 2126 2616 2188 penetraverunt
2641 2127 2697 2174 et
2725 2133 2824 2173 eoa:
2851 2119 3067 2172 tonitrui
3101 2118 3212 2183 tui,
3243 2118 3294 2172 id
3325 2125 3438 2180 est,
3487 2131 3594 2168 vox
3642 2130 3785 2168 eom-

522 2220 575 2258 ιη
618 2205 858 2261 interiori
888 2225 901 2260 :
934 2208 1061 2263 caeci
1091 2208 1293 2272 vident,
1339 2206 1516 2263 claudi
1557 2208 1854 2274 ambulant,
1885 2207 2095 2279 paraly-

525 2297 615 2352 tici
643 2307 768 2353 sunt
799 2300 994 2362 sanati,
1028 2300 1224 2354 mortui
1254 2287 1557 2355 resuscitati
1591 2315 1605 2353 :
1630 2310 1685 2356 et
1714 2300 1939 2355 interius
1967 2314 2098 2370 ope-

527 2385 661 2440 raris
699 2386 986 2453 mirabilia,
1026 2389 1150 2456 quia
1189 2388 1280 2457 qui
1324 2387 1540 2443 fuerunt
1558 2389 1776 2455 ebriosi,
1816 2389 1943 2444 facti
1974 2394 2100 2442 sunt

527 2476 722 2543 sobrii;
769 2478 858 2546 qui
903 2477 1132 2543 incesti,
1184 2478 1309 2532 facti
1358 2487 1482 2533 sunt
1527 2479 1691 2541 casti;
1749 2480 1839 2548 qui
1883 2477 2102 2532 fuerunt

529 2574 790 2637 raptores,
817 2566 941 2622 facti
965 2575 1089 2623 sunt
1110 2561 1414 2624 donatores.
1441 2563 1613 2624 Aliter
1639 2570 1882 2638 superius
1906 2568 2100 2638 legitur

529 2666 581 2711 et
601 2658 733 2722 dixi,
759 2655 918 2712 Nunc
939 2659 1084 2724 ccepi,
1108 2658 1249 2729 quod
1273 2659 1801 2728 qumsivi’scrutando
1829 2658 2097 2728 spiritum,

529 2757 575 2801 et
618 2750 728 2803 hac
767 2751 1024 2814 mutatio,
1073 2751 1214 2819 quod
1264 2749 1408 2806 Deus
1455 2765 1562 2806 non
1610 2749 1849 2821 projiciet
1906 2764 2004 2805 nos
2047 2750 2102 2802 in

529 2850 799 2905 wternum,
840 2843 980 2910 quod
1011 2858 1114 2897 non
1153 2842 1349 2898 oblitus
1386 2850 1472 2898 est
1507 2842 1769 2907 misereri,
1811 2841 1954 2912 quod
1994 2855 2101 2896 non

529 2931 808 2999 prmcludit
837 2934 913 2987 ira
954 2935 1398 3000 misericordiam,
1422 2944 1507 2990 est
1541 2936 1752 2990 dextera
1793 2934 2021 3000 Excelsi,
2051 2933 2103 2988 id

525 3031 630 3086 est,
649 3012 797 3078 Filio
817 3011 820 3014 ’
843 3024 934 3078 Dei
963 3026 1270 3094 imputanda
1302 3041 1316 3080 :
1343 3027 1466 3096 quia
1504 3027 1616 3097 ipse
1641 3035 1724 3082 est
1757 3028 1846 3096 qui
1889 3041 1991 3081 nos
2017 3041 2104 3082 re-

533 3101 840 3166 conciliavit
862 3109 974 3167 nco
999 3113 1168 3168 Patri.
1194 3114 1262 3168 Et
1285 3115 1424 3169 unde
1450 3115 1551 3170 hoc
1576 3115 1723 3170 scio?
1749 3115 1883 3182 Quia
1911 3130 2108 3168 memor

533 3201 609 3253 fui
631 3192 1101 3270 cperumDomini,
1115 3218 1233 3272 qua:
1253 3201 1548 3275 signiﬁcata
1571 3205 1785 3261 fuerunt
1804 3221 1898 3276 per
1917 3207 2106 3278 legalis

2198 2209 2454 2265 minantis
2479 2199 2892 2278 prcedicationis,
2919 2209 3097 2263 audita
3132 2214 3217 2264 est
3239 2208 3292 2260 in
3327 2217 3470 2267 rota,
3501 2205 3554 2259 id
3582 2213 3670 2258 est
3690 2244 3704 2267 ,
3736 2203 3781 2255 in

2199 2301 2331 2358 orbe
2358 2308 2539 2367 terrae,
2567 2315 2684 2370 quae
2708 2314 2808 2370 pro
2836 2299 3162 2354 rotunditate
3189 2297 3272 2351 vel
3298 2293 3622 2357 mobilitate,
3654 2302 3781 2346 rota:

2199 2399 2564 2462 comparatur.
2590 2389 2888 2446 Itluxerunt
2905 2390 3290 2445 coruscationes
3324 2397 3446 2449 tute,
3481 2386 3533 2439 id
3562 2391 3670 2449 est,
3696 2393 3780 2437 tua

2201 2483 2353 2555 signa
2395 2487 2760 2551 apparuerunt
2785 2478 2900 2535 orbi
2939 2487 3109 2533 terrae.
3155 2478 3308 2533 Unde
3347 2475 3514 2536 illud,
3556 2473 3781 2527 Domino

2201 2581 2507 2643 cooperante
2523 2581 2570 2626 et
2591 2584 2877 2626 sermonem
2901 2567 3238 2637 con/irritante
3261 2563 3595 2636 sequentibus
3623 2564 3781 2632 signis

2203 2661 2395 2734 (Marc.
2421 2660 2551 2734 xw).
2578 2658 2734 2716 Unde
2751 2666 3007 2712 commota
3029 2664 3102 2710 est
3129 2665 3287 2719 terra,
3303 2653 3557 2709 videlicet
3575 2652 3782 2707 ludatu-

2202 2772 2346 2823 rum,
2372 2765 2424 2811 et
2449 2754 2761 2810 contremuit
2790 2767 2850 2808 se
2867 2750 3067 2806 vixisse
3091 2768 3104 2803 :
3146 2751 3267 2804 inde
3295 2747 3431 2802 facta
3455 2757 3544 2801 est
3569 2748 3623 2799 in
3653 2746 3780 2797 mari

2204 2850 2286 2904 uia
2313 2858 2425 2914 tua,
2455 2838 2642 2909 idest,
2672 2842 3170 2901 Christusinnotuit
3195 2840 3444 2912 gentibus
3464 2881 3481 2904 ,
3512 2850 3559 2893 et
3588 2839 3778 2892 semita:

2205 2945 2326 3000 tum,
2361 2937 2416 2992 id
2447 2943 2552 3001 est,
2580 2935 2746 2990 ardua
2784 2940 3047 3004 prmcepta
3077 2938 3202 2987 sunt
3230 2929 3508 2985 notilicata
3549 2929 3606 2980 in
3640 2929 3780 2996 aquis

2206 3026 2409 3091 multis,
2439 3032 2496 3082 et
2532 3032 2708 3079 tamen
2736 3023 2946 3091 vestigia
2975 3029 3100 3087 tua,
3143 3016 3197 3074 id
3233 3027 3316 3073 est
3344 3018 3497 3086 signa
3530 3024 3619 3069 tua
3639 3056 3652 3079 ,
3684 3031 3779 3068 non

2208 3122 2584 3186 cognoscentur
2606 3127 2634 3167 a
2666 3111 2852 3166 multis
2878 3107 3095 3172 ludatis,
3128 3123 3156 3160 a
3187 3107 3383 3176 quibus
3405 3114 3584 3159 tamen
3619 3104 3783 3156 niaxi-

2211 3223 2298 3263 me
2324 3208 2582 3264 deberent
2615 3202 2905 3276 cognosci:
2945 3201 3068 3271 quia
3108 3207 3164 3254 tu
3208 3197 3474 3252 deduxisti
3502 3197 3635 3250 sicut
3671 3209 3780 3246 om

536 3261 777 3346 instituta
821 3305 836 3346 :
882 3293 964 3348 v’el
1010 3261 1148 3359 sie,-
1177 3261 1447 3365 scopebam
1501 3296 1740 3367 spiritum
1785 3261 1998 3364 meum:
2054 3308 2109 3354 et
2135 3261 2181 3325 C
2210 3297 2459 3369 populum
2484 3305 2631 3351 tuum
2674 3261 2730 3349 in
2770 3307 2932 3346 manu
2964 3261 3143 3361 Moysi
3167 3299 3214 3344 et
3246 3288 3445 3342 Aaron.
3475 3285 3613 3341 Nota
3647 3285 3780 3354 quod

534 3378 710 3435 inveni
737 3382 878 3450 quod
900 3397 1006 3436 non
1035 3383 1270 3453 projiciet
1296 3383 1435 3439 Deus
1459 3386 1512 3438 in
1538 3394 1809 3452 cateruam,
1839 3385 1981 3456 quod
2002 3401 2108 3442 non

534 3469 826 3538 praecludet
849 3471 926 3526 ira
957 3463 1382 3530 misericordiam
1409 3493 1422 3529 :
1446 3484 1502 3530 et
1530 3475 1614 3531 bis
1648 3477 1898 3532 omnibus
1928 3477 2107 3534 consi-

541 3561 762 3629 deratis,
792 3564 924 3629 dixi,
953 3565 1004 3620 id
1034 3574 1138 3629 est,
1168 3564 1306 3637 apud
1332 3581 1419 3622 me
1441 3565 1715 3637 proposui,
1748 3584 1903 3634 nunc,
1918 3569 1981 3624 id
2004 3577 2110 3638 est,

538 3651 791 3708 omnibus
820 3653 938 3708 istis
966 3655 1216 3720 inventis,
1248 3655 1393 3721 ccepi,
1427 3656 1479 3710 id
1503 3665 1608 3722 est,
1639 3657 1692 3711 in
1729 3657 1882 3712 initio
1909 3666 2110 3712 tantum

536 3751 676 3801 cum,
705 3747 964 3808 quantum
989 3743 1055 3795 ad
1085 3741 1464 3810 perfectionem
1499 3745 1739 3802 Scientize
1765 3760 1926 3802 verm.
1961 3746 2114 3803 Unde

537 3827 671 3886 illud
719 3846 734 3884 :
786 3830 917 3884 Cum
975 3836 1410 3889 consummaverit
1469 3836 1662 3903 homo,
1726 3847 1850 3891 tunc
1905 3839 2115 3909 incipiet

537 3918 733 3989 (Eccli.
768 3924 944 3990 xvm).
972 3922 1039 3976 Et
1068 3929 1178 3978 haec
1207 3925 1450 3991 mutatio,
1480 3927 1623 3997 quod
1653 3927 1706 3981 in
1746 3928 1830 3983 his
1867 3929 2117 3984 omnibus

541 4021 632 4064 lue
654 4007 1024 4077 imperfectum
1049 4027 1394 4083 recognosco,
1422 4016 1566 4084 quod
1589 4017 1750 4072 modo
1771 4017 2008 4086 incipere
2031 4032 2119 4072 me

539 4096 848 4163 considero,
888 4107 972 4154 est
1006 4101 1231 4156 dextera:
1253 4103 1482 4170 Excetsi,
1513 4104 1566 4160 id
1604 4113 1710 4171 est,
1748 4106 2002 4177 potentias
2039 4106 2120 4162 di-

543 4185 704 4250 vinm,
728 4201 850 4257 quae
870 4203 975 4244 non
1001 4190 1264 4260 impotens
1284 4207 1342 4247 se
1361 4193 1637 4250 vindicare
1660 4196 1713 4250 in
1740 4211 1844 4261 me,
1866 4197 1920 4251 in
1946 4195 2121 4266 primo

542 4277 796 4334 videlicet
820 4289 1063 4349 parente.
1109 4281 1309 4336 Memor
1335 4284 1415 4352 fui
1444 4293 1655 4354 operum
1696 4288 1924 4342 Domini.
1956 4286 2122 4354 Quasi

545 4371 694 4429 dicat
726 4389 739 4425 :
769 4371 920 4428 Licet
949 4389 1089 4429 nunc
1114 4375 1199 4430 his
1217 4377 1466 4432 omnibus
1487 4379 1861 4447 consideratis,
1897 4381 1949 4436 in
1970 4381 2123 4436 initio

545 4467 756 4515 tantum
791 4477 933 4528 sum,
975 4473 1155 4519 tamen
1191 4481 1297 4520 non
1334 4465 1590 4522 desistam
1629 4470 1697 4525 ab
1725 4469 2071 4540 inquisitione
2105 4489 2120 4526 :

2210 3389 2363 3452 dicit,
2391 3388 2524 3443 sicut
2550 3402 2666 3441 oves
2683 3401 2704 3440 :
2740 3385 2867 3454 quia
2901 3397 3006 3437 non
3046 3389 3172 3436 sunt
3198 3395 3340 3435 verae
3363 3393 3514 3443 oves,
3540 3378 3663 3447 quia
3689 3391 3780 3445 pa-

2211 3489 2414 3537 storem
2460 3493 2617 3536 suum
2646 3491 2832 3532 verum
2876 3489 2983 3530 non
3015 3480 3424 3544 cognoverunt:
3471 3469 3555 3524 vel
3599 3467 3779 3530 aliter,

2211 3569 2485 3626 Commota
2521 3579 2594 3624 est
2630 3577 2679 3623 et
2719 3565 3027 3622 contremuit
3070 3573 3238 3628 terra,
3286 3561 3514 3633 populus
3539 3559 3782 3615 Iudaicus

2212 3660 2466 3715 videlicet
2496 3659 2551 3714 in
2580 3658 2816 3713 malum:
2840 3665 2894 3711 et
2921 3656 3040 3710 ideo
3060 3655 3116 3708 in
3132 3655 3273 3708 mari
3300 3654 3437 3708 facta
3463 3661 3547 3707 est
3577 3653 3656 3706 via
3676 3661 3778 3703 tua.

2215 3750 2369 3807 Unde
2413 3749 2728 3820 Apostolus,
2772 3748 2908 3815 Quia
2939 3746 3212 3816 repulistis
3254 3746 3480 3800 verbum
3523 3742 3782 3806 Dei,ecce

2212 3841 2577 3898 convertimur
2601 3840 2667 3894 ad
2689 3845 2878 3910 gentes
2917 3837 3054 3908 (Act.
3084 3835 3240 3905 xm):
3279 3843 3329 3888 et
3367 3833 3568 3888 semitae
3609 3843 3710 3884 tua!
3735 3831 3782 3882 in

2215 3937 2367 4008 aquis
2415 3936 2612 3990 multis.
2663 3935 2730 3989 Et
2780 3933 3047 4002 quomodo
3091 3920 3236 3987 hoc?
3267 3929 3403 3997 Quia
3447 3937 3502 3983 lu
3535 3927 3782 3982 deduxisti

2215 4029 2352 4082 sicut
2375 4043 2490 4082 oves
2518 4026 2765 4096 papulum
2793 4033 2958 4086 tuum,
2988 4022 3239 4094 gentilcm
3264 4019 3535 4084 videlicet,
3559 4019 3613 4072 in
3641 4033 3782 4072 manu

2221 4116 2393 4187 Moysi
2421 4116 2532 4171 veri
2560 4125 2606 4170 et
2633 4114 2831 4168 Aaron.
2857 4112 3105 4168 Christus
3131 4118 3213 4166 est
3237 4124 3398 4165 verus
3422 4107 3649 4178 Moyses,
3675 4106 3784 4177 quia

2219 4223 2380 4262 verus
2404 4215 2746 4276 assumptus:
2783 4214 2831 4260 et
2856 4205 3057 4269 Aaron,
3080 4204 3206 4272 quia
3232 4217 3359 4258 vere
3384 4209 3469 4257 est
3493 4197 3782 4261 montanus,

2222 4300 2346 4369 quia
2373 4300 2487 4369 ipse
2511 4309 2595 4354 est
2621 4313 2776 4353 mons
2805 4297 3088 4352 montium.
3119 4295 3271 4351 Unde
3302 4295 3461 4350 illud:
3491 4294 3610 4347 Erit
3640 4293 3783 4346 noris-

2223 4391 2368 4445 simis
2390 4390 2570 4444 diebus
2596 4397 2921 4459 prwparatus
2948 4403 3096 4442 mons
3132 4387 3316 4440 domus
3361 4383 3574 4438 Domini
3613 4384 3665 4436 in
3691 4396 3778 4434 rer-

2225 4481 2324 4534 tice
2351 4479 2603 4533 montium
2627 4476 2760 4548 (Isa.
2791 4475 2852 4548 ιι)
2877 4494 2890 4530 :
2919 4476 3061 4545 quod
3083 4474 3231 4539 dicit,
3255 4472 3520 4528 deduxisti
3539 4472 3671 4525 sient
3689 4485 3783 4521 om

545 4550 652 4664 sed
667 4567 864 4664 memor
885 4569 974 4608 ero
994 4569 1214 4624 operum
1238 4558 1446 4613 Domini
1469 4569 1525 4638 ει
1548 4561 1867 4615 mirabilium
1891 4573 2122 4629 tuorum,
2152 4603 2203 4664 Β
2227 4567 2475 4641 populum
2519 4578 2666 4622 tuum
2703 4569 2757 4622 in
2798 4582 2958 4621 manu
2990 4565 3161 4636 Moysi
3184 4574 3232 4619 et
3266 4561 3488 4618 Aaron:
3524 4571 3590 4617 et
3631 4559 3783 4614 tamen

545 4653 584 4690 θ
611 4639 775 4705 Deus,
797 4641 860 4694 ab
886 4643 1036 4696 initio
1077 4645 1362 4700 factorum.
1403 4647 1471 4701 Et
1495 4649 1786 4704 meditabor
1808 4652 1862 4705 in
1887 4653 2125 4708 omnibus

563 4732 792 4798 operibus
812 4734 936 4798 tuis,
967 4743 1013 4788 et
1043 4736 1098 4789 in
1123 4736 1570 4792 adinventionibus
1609 4741 1714 4795 tuis
1741 4742 2033 4797 exercebar.
2061 4743 2129 4798 Et

553 4834 1025 4895 quantumcunque
1056 4828 1305 4894 meditor,
1344 4839 1818 4902 quantumcunque
1855 4848 1940 4889 me
1976 4849 2130 4890 exer-

555 4929 730 4979 ceam,
761 4915 891 4968 nihil
929 4931 1026 4985 per
1054 4931 1139 4972 me
1175 4931 1416 4988 possum,
1443 4921 1538 4975 sed
1572 4922 1656 4975 via
1699 4931 1786 4977 tua
1828 4939 1947 4993 qua:
1985 4926 2132 4980 ducit

561 5018 645 5057 .ue
674 5005 902 5070 adhoc;
941 5008 1256 5078 iuvestigem
1292 5024 1410 5064 eam
1455 5010 1506 5064 in
1551 5009 1755 5080 Spiritu
1800 5021 2004 5077 sancto,
2035 5027 2133 5085 per

565 5111 718 5162 quem
752 5097 923 5154 habeo
952 5099 1190 5168 incipere
1216 5109 1270 5154 ει
1289 5101 1568 5171 perﬁcere.
1595 5103 1728 5168 Quis
1751 5103 1886 5159 Deus
1911 5123 2129 5176 magnus

539 5189 689 5242 sicut
715 5189 851 5244 Deus
875 5192 1087 5246 noster?
1117 5205 1174 5246 tu
1211 5209 1264 5247 es
1305 5193 1445 5249 Deus
1472 5194 1562 5264 qui
1596 5194 1726 5263 facis
1761 5197 2043 5252 mirabilia.
2064 5198 2133 5253 Et

569 5276 678 5346 tua:
726 5279 1026 5336 mirabilia?
1071 5282 1269 5336 Notam
1316 5284 1484 5353 fecisti
1537 5286 1594 5338 in
1638 5287 1842 5356 populis
1895 5281 2138 5344 virtutem

567 5384 727 5438 'nam,
749 5373 1022 5432 Christum
1049 5375 1320 5432 videlicet.
1355 5377 1506 5433 Unde
1532 5377 1729 5434 Paulus
1761 5399 1774 5434 :
1808 5379 1919 5434 Nos
1949 5381 2139 5451 prmdi-

565 5477 740 5518 camus
761 5464 1040 5521 Christum
1071 5468 1404 5535 cruciﬁxum,
1445 5469 1649 5527 Judatis
1672 5471 1878 5542 quidem
1909 5473 2134 5532 scanda-

567 5553 693 5620 lum,
716 5555 950 5625 gentibus
974 5568 1146 5612 autem
1175 5559 1447 5613 stultitiam
1473 5560 1523 5632 (1
1547 5560 1668 5615 Cor.
1693 5562 1732 5631 ι)
1762 5579 1775 5616 :
1803 5562 1933 5631 ipsis
1958 5571 2138 5618 autem

569 5652 752 5698 vocata
780 5645 977 5701 Judzeis
1021 5657 1076 5702 et
1107 5649 1310 5704 Grmcis
1339 5650 1610 5704 Christum
1654 5651 1748 5706 Dei
1794 5651 2047 5707 virtutem
2083 5660 2137 5708 et

562 5732 906 5801 sapientiam.
941 5735 1220 5792 Redemisti
1249 5740 1300 5792 in
1325 5715 1535 5794 bracbio
1560 5751 1669 5804 tuo,
1700 5741 1872 5806 idest,
1897 5743 2135 5812 potentia

571 5831 658 5877 tua
689 5823 768 5879 vel
799 5824 851 5879 in
882 5827 1112 5884 Christo.
1158 5828 1308 5886 Unde
1335 5830 1422 5884 illu
1449 5831 1481 5897 l,
1516 5829 1580 5886 Et
1622 5833 1886 5888 brachium
1928 5833 2135 5888 Domini

2230 4660 2407 4714 adhuc
2434 4673 2538 4714 non
2569 4667 2968 4728 cognoscuntur
2994 4656 3218 4724 vestigia
3248 4663 3337 4709 tua
3367 4667 3397 4706 a
3425 4651 3646 4707 Jud:cis.

2719 4765 3038 4823 PSALMUS
3073 4763 3328 4819 LXXVII.

2638 4851 3107 4894 ιΝτειιεετιιε
3166 4849 3395 4890 ΑΒΔΡΙΙ.

2309 4951 2330 4983 ο
2364 4929 2658 4994 Attendite,
2687 4927 2880 5000 popule
2907 4940 3080 4991 meus,
3113 4925 3282 4995 legem
3311 4937 3489 4978 meam
3517 4939 3532 4975 :
3562 4921 3773 4976 inclina!

2241 5039 2258 5072 ι
2293 5036 2475 5076 aurem
2502 5028 2740 5098 vestram
2779 5017 2833 5072 in
2862 5016 3027 5071 verba
3051 5014 3166 5070 oris
3201 5013 3326 5068 mei.
3357 5011 3613 5082 Aperiam
3643 5011 3693 5064 in
3717 5021 3768 5076 pa

2245 5133 2264 5167 ι
2299 5115 2498 5171 rabolis
2541 5129 2602 5170 os
2642 5127 2853 5177 meum,
2895 5111 3086 5180 loquar
3125 5107 3520 5179 pronositiones
3549 5106 3618 5159 ab
3644 5103 3766 5159 iuth

2244 5225 2264 5258 ‹
2300 5206 2508 5273 Quanta
2545 5205 2846 5260 audivimus
2899 5209 2955 5256 et
3011 5199 3396 5270 cognovimus,
3428 5212 3495 5252 ea
3545 5204 3601 5252 et
3639 5199 3786 5264 patre;

2248 5313 2266 5346 ι
2301 5295 2470 5351 nostri
2502 5300 2860 5348 narraverunt
2881 5290 3053 5356 nobis,
3085 5305 3192 5346 non
3215 5287 3486 5345 occultata
3514 5301 3545 5341 a
3577 5285 3772 5340 ﬁliisco

2247 5402 2265 5436 ι
2304 5401 2420 5439 rum
2443 5386 2496 5439 in
2516 5384 2863 5456 generatione
2881 5383 3069 5439 altera.
3091 5379 3593 5460 Narranteslaudes
3613 5375 3789 5432 Domin‘

2250 5491 2268 5525 ‹
2303 5481 2358 5527 ει
2376 5473 2604 5529 virtutes
2627 5471 2766 5541 ejus,
2792 5480 2848 5528 et
2866 5470 3129 5527 mirabilia
3152 5469 3270 5541 ejus
3294 5483 3415 5540 qua:
3441 5467 3588 5523 fecit.
3611 5467 3674 5520 Et
3695 5479 3785 5519 sus-

2251 5582 2269 5614 ι
2303 5563 2488 5618 citavit
2521 5560 2887 5617 testimonium
2929 5561 2982 5615 in
3011 5558 3213 5625 Jacob,
3253 5568 3308 5615 et
3336 5559 3508 5628 legem
3550 5552 3718 5627 posuit
3751 5550 3783 5603 ir

2251 5674 2271 5706 ι
2308 5653 2488 5709 Israel.
2516 5654 2724 5720 Quanta
2755 5652 3030 5708 mandavit
3059 5652 3304 5722 patribus
3329 5649 3529 5707 nostris
3550 5687 3564 5712 ,
3589 5655 3702 5702 nota
3729 5641 3766 5694 la

2252 5764 2269 5796 ι
2304 5745 2424 5800 cere
2465 5753 2527 5798 ea
2570 5745 2694 5800 ﬁliis
2741 5744 2886 5808 suis,
2920 5751 2979 5798 ut
3020 5752 3308 5814 cognoscat
3334 5741 3607 5813 generatio
3629 5737 3766 5791 altera

2252 5855 2268 5886 ‹
2302 5834 2421 5892 Filii
2471 5835 2559 5903 qui
2607 5842 2925 5903 nascentur,
2973 5842 3026 5888 ει
3068 5842 3390 5900 exsurgunt,
3443 5841 3496 5887 ct
3533 5825 3762 5886 narralmn
