3918 6470
85 369 180 424 διδ

1129 358 1660 416 ENARRATIONES
1698 358 1766 413 IN
1807 358 2139 414 PSALMOS.

3214 359 3319 416 546

83 500 100 531 ι
136 477 252 531 filiis
283 475 414 530 suis.
463 471 530 528 tJt
566 479 767 542 ponant
796 472 849 526 in
877 471 985 533 Deo
1015 485 1162 540 spem
1209 486 1390 534 suam,
1434 479 1489 524 et
1532 485 1638 524 non
1669 474 1715 534 Α
1749 488 1766 520 ι
1799 484 1989 539 campo
2017 469 2252 522 Taneos.
2284 467 2348 522 Et
2385 469 2648 522 convertit
2678 469 2729 522 in
2763 470 3077 540 sanguinem
3100 471 3320 529 flumina

84 590 99 620 ι
130 566 511 623 obliviscantur
534 576 755 632 operum
796 561 910 626 Dei,
945 568 1000 616 et
1034 559 1282 613 mandata
1309 559 1425 629 ejus
1448 559 1640 628 exqui-

79 678 97 710 ‹
133 666 266 713 rant.
296 655 372 711 Ne
399 655 530 709 ﬂant
555 655 695 708 sicut
722 661 906 722 patres
934 665 1144 715 eorum,
1175 650 1452 720 generatio
1477 663 1642 719 prava

81 759 178 803 «et
227 759 578 815 exasperans.
629 741 920 798 Generatio
965 755 1084 811 qua:
1138 755 1246 795 non
1303 739 1500 794 direxit
1548 752 1644 796 cor

80 860 96 891 ι
133 854 286 894 suum
306 879 320 900 ,
350 845 405 891 et
432 850 536 890 non
569 843 652 888 est
688 833 926 888 creditus
952 847 1076 898 cum
1111 833 1220 888 Deo
1245 829 1466 899 spiritus
1489 827 1605 897 ejus
1625 867 1642 894 ,

70 921 98 981 ἰ
128 927 220 982 filii
247 925 501 996 Ephraim
533 922 872 978 intendentes
903 932 959 976 et
990 920 1265 993 mit-tentes
1289 933 1643 986 arcum,con-

81 1038 97 1072 ι
129 1019 270 1074 versi
295 1017 496 1072 suntin
528 1016 615 1071 die
653 1014 798 1070 belli.
823 1013 937 1069 Non
963 1013 1333 1068 custodierunt
1356 1022 1646 1068 testamena

81 1127 97 1161 ι
131 1121 236 1163 tum
282 1108 395 1172 Dei,
431 1117 486 1161 et
526 1107 580 1162 in
622 1105 738 1177 lege
765 1106 882 1176 ejus
921 1105 1206 1160 noluerunt
1247 1104 1541 1160 ambulare.
1578 1105 1644 1158 Et

80 1217 95 1249 ι
125 1197 275 1252 obliti
308 1205 433 1251 sunt
464 1195 877 1251 benefactorum.
895 1193 1045 1263 ejus,
1073 1203 1128 1249 et
1168 1194 1492 1249 mirabilium
1530 1194 1646 1264 ejus

81 1306 97 1339 ι
127 1303 246 1358 qua:
273 1287 509 1342 ostendit
533 1287 631 1342 eis.
663 1286 856 1341 Coram
888 1285 1132 1356 patribus
1161 1299 1350 1340 eorum
1385 1283 1512 1340 fecit
1541 1285 1646 1340 mi-

80 1377 314 1449 rrabilia
350 1377 406 1431 in
441 1387 582 1432 terra
626 1377 843 1448 Egypti
891 1378 942 1430 in
987 1392 1179 1446 campo
1205 1375 1433 1430 'I‘aneos.
1481 1375 1648 1430 Inter-

80 1490 94 1521 ι
124 1471 266 1540 rupit
290 1483 459 1533 mare,
480 1479 534 1538 et
557 1469 930 1538 perduxiteos,
948 1479 1001 1525 et
1020 1470 1209 1524 statuit
1229 1483 1396 1538 aquas
1416 1467 1571 1538 quasi
1592 1467 1648 1524 in

80 1581 94 1612 ι
129 1571 270 1616 utre.
313 1560 383 1615 Et
424 1561 607 1615 eduxit
648 1573 742 1614 eos
769 1560 820 1614 in
859 1560 1017 1622 nube,
1045 1560 1148 1614 dici
1179 1569 1232 1615 et
1269 1566 1380 1614 tota
1416 1558 1647 1614 noctein

80 1676 93 1709 ι
126 1655 522 1710 illuminatione
551 1653 710 1724 ignis.
746 1653 1034 1724 Interrupit
1066 1662 1273 1724 petram
1302 1654 1354 1707 in
1384 1669 1565 1708 eremo
1594 1663 1650 1708 et

77 1748 420 1818 «adaquavit
461 1763 555 1804 eos
598 1747 746 1802 velut
791 1748 843 1801 in
885 1747 1079 1818 abysso
1127 1747 1313 1801 multa.
1363 1745 1430 1800 Et
1465 1745 1650 1800 eduxit

77 1857 317 1912 «aquam
342 1842 408 1896 de
429 1851 602 1912 petra,
632 1849 682 1895 et
705 1841 890 1896 eduxit
921 1851 1175 1910 tanquam
1211 1839 1427 1894 [Iumina
1452 1854 1641 1908 aquas.
1673 1830 1719 1890 Β

78 1951 92 1982 ι
122 1932 184 1987 Ει
214 1941 588 2001 apposuerunt
621 1931 795 1985 adhuc
822 1946 1048 2002 peccare
1083 1931 1132 1985 ei
1151 1972 1164 1995 ,
1195 1930 1248 1984 in
1282 1929 1646 1984 iramexcita-

79 2040 92 2072 ι
125 2033 324 2077 verunt
344 2022 614 2077 excelsum
640 2022 694 2076 in
719 2014 1092 2092 inaquoso.'Et
1116 2030 1458 2077 tentaverunt
1477 2019 1648 2076 Deum

79 2131 91 2161 ι
127 2113 175 2165 in
205 2112 468 2168 cordibus
486 2112 618 2176 suis,
651 2121 711 2166 ut
744 2122 990 2181 peterent
1017 2129 1172 2168 escas
1208 2113 1486 2169 animabus
1514 2113 1647 2169 suis.

79 2222 91 2252 ι
127 2203 186 2257 Et
240 2202 382 2258 male
434 2203 595 2258 locuti
624 2212 750 2258 sunt
779 2203 846 2259 de
879 2204 1029 2258 Deo:
1070 2205 1366 2259 dixerunt:
1399 2203 1649 2274 Nunquid

80 2314 92 2346 ι
125 2295 323 2364 poterit
359 2293 499 2349 Deus
523 2309 716 2364 parare
743 2309 981 2350 mensam
1010 2295 1062 2349 in
1093 2295 1351 2363 deserto?
1385 2293 1650 2363 Quoniam

79 2406 92 2434 ι
126 2387 396 2456 percussit
423 2395 733 2456 petram,.et
761 2385 1032 2452 illuxerunt
1075 2403 1262 2457 aqme,
1297 2397 1352 2442 et
1383 2397 1652 2444 torrentes

80 2496 93 2527 ι
123 2478 543 2532 inundaverunt.
572 2477 822 2547 Nunquid
848 2487 905 2533 et
933 2495 1126 2549 panem
1154 2479 1351 2550 poterit
1379 2480 1527 2544 dare,
1558 2487 1652 2534 aut

79 2586 92 2616 ι
122 2582 319 2637 parare
352 2583 590 2622 mensam
616 2567 810 2637 populo
838 2569 970 2622 suo?
996 2569 1119 2624 Ideo
1139 2567 1342 2622 audivit
1369 2569 1648 2634 Dominus,

79 2676 94 2707 ι
126 2669 176 2712 et
197 2657 450 2712 disruli't:
491 2665 546 2712 et
572 2656 709 2726 ignis
750 2671 1012 2730 accensus
1035 2656 1198 2712 estin
1227 2655 1426 2723 Jacob,
1478 2665 1532 2712 et
1570 2657 1651 2711 ira

78 2768 94 2800 ι
123 2750 374 2805 ascendit
413 2749 468 2803 in
499 2747 684 2803 Israel.
717 2747 851 2814 Quia
891 2760 996 2805 non
1024 2747 1372 2803 crediderunt
1409 2749 1462 2802 in
1506 2747 1648 2812 Deo,

78 2861 93 2891 ε
127 2857 225 2895 nec
256 2847 617 2909 speraverunt
646 2839 699 2893 in
729 2839 950 2894 salutari
981 2838 1118 2909 ejus.
1159 2839 1228 2893 Et
1255 2838 1530 2903 mandavit
1555 2854 1654 2893 nu-

77 2950 93 2983 i
123 2933 278 2990 bibus
306 2933 556 3000 desuper,
586 2939 642 2986 et
664 2930 857 3001 januas
891 2932 1013 2986 creti
1041 2931 1270 3001 aperuit.
1299 2931 1364 2985 Et
1390 2929 1522 3000 pluit
1548 2929 1654 2985 illis

78 3040 93 3072 ι
127 3039 326 3076 manna
352 3023 418 3076 ad
446 3022 897 3087 manducandum,
927 3032 981 3078 et
1007 3039 1198 3094 panem
1225 3021 1346 3078 οωιί
1383 3022 1529 3078 dedit
1551 3023 1650 3078 eis.

79 3134 96 3165 ‹
131 3115 338 3170 Panem
364 3115 676 3186 angelorum
704 3116 1049 3170 manducavit
1071 3117 1247 3181 homo,
1278 3115 1481 3172 cibaria
1507 3115 1656 3170 misit

76 3225 92 3258 ι
124 3207 204 3262 eis
234 3207 289 3260 in
319 3207 673 3262 abundantia.
707 3205 1000 3261 Transtulit
1035 3206 1289 3262 Austrum
1317 3207 1382 3262 de
1403 3205 1574 3272 coelo,
1601 3218 1654 3261 et
1684 3186 1728 3246 Ο

80 3313 95 3346 ε
125 3296 344 3353 induxit
366 3297 425 3352 in'
453 3297 651 3352 virtute
677 3311 772 3352 sua
810 3296 1071 3353 Africum.
1103 3298 1169 3353 Et
1201 3299 1337 3369 pluit
1363 3313 1526 3368 super
1561 3313 1656 3354 eos

77 3405 93 3435 ι
123 3386 264 3440 sicut
293 3387 574 3456 pulverem
597 3401 810 3452 carnes,
835 3397 888 3443 et
913 3388 1054 3443 sicut
1074 3403 1295 3444 arenam
1324 3389 1490 3443 maris
1513 3389 1660 3443 vola-

81 3492 99 3524 ι
137 3475 248 3539 tilia
290 3485 545 3545 pennata.
595 3476 665 3530 Et
705 3477 1014 3536 ceciderunt
1053 3478 1108 3534 in
1151 3478 1327 3534 medio
1357 3489 1657 3534 castrorum

81 3589 97 3619 ι
131 3585 351 3634 eorum,
384 3570 528 3625 circa
561 3569 905 3626 tabernacula
933 3585 1140 3626 eorum.
1192 3570 1258 3624 Et
1297 3570 1660 3624 manducavc-

80 3677 98 3709 ‹
132 3671 285 3725 runt,
317 3668 373 3716 et
396 3661 623 3716 saturati
652 3670 779 3718 sunt
804 3661 1003 3717 nimis:
1042 3669 1098 3717 et
1123 3661 1445 3717 desiderium
1474 3677 1661 3716 eorum

79 3771 96 3801 ι
130 3751 321 3806 attulit
338 3751 438 3817 eis,
466 3766 571 3808 non
591 3760 716 3808 sunt
742 3752 970 3808 fraudati
990 3767 1022 3807 a
1045 3753 1311 3809 desiderio
1330 3768 1449 3807 suo.
1472 3753 1665 3808 Adhuc

81 3859 100 3891 ι
132 3857 280 3897 escae
297 3856 491 3898 eorum
516 3851 671 3897 erant
695 3842 749 3898 in
775 3857 869 3897 ore
891 3843 1232 3914 ipsorum.Et
1252 3842 1332 3898 ira
1357 3843 1450 3898 Dei
1474 3857 1668 3898 ascen-

80 3951 98 3984 ι
133 3932 216 3989 dit
246 3947 418 4003 super
439 3947 553 3989 eos.
579 3933 646 3988 Et
670 3933 865 3990 occidit
889 3934 1115 4005 pingues
1140 3949 1351 4000 eorum,
1379 3943 1433 3990 et
1454 3934 1667 3990 electos

82 4041 101 4073 ι
137 4023 314 4080 Israel
346 4023 643 4094 impedivit.
683 4023 744 4079 In
780 4025 1032 4080 omnibus
1069 4025 1156 4082 bis
1183 4034 1540 4095 peccaverunt
1568 4023 1665 4078 ad-

82 4132 102 4166 ι
133 4115 283 4182 huc,
316 4123 374 4170 et
413 4130 520 4174 non
564 4116 910 4172 crediderunt
945 4117 998 4172 in
1045 4117 1386 4174 mirabilibus
1425 4117 1561 4188 ejus.
1602 4117 1670 4174 Et

82 4223 100 4256 ι
140 4204 466 4262 defecerunt
493 4206 545 4263 in
576 4206 815 4262 vanitate
838 4206 952 4262 dies
977 4221 1186 4274 eorum,
1217 4215 1273 4264 et
1312 4207 1440 4263 anni
1478 4222 1666 4264 eorum

79 4315 99 4348 ι
135 4313 265 4354 cum
315 4297 679 4355 festinatione.
708 4297 841 4355 Cum
883 4300 1154 4357 occideret
1193 4317 1317 4369 eos,
1358 4301 1672 4371 qttterebant

81 4404 100 4438 ι
136 4403 304 4451 eum,
350 4395 409 4442 et
451 4389 882 4454 revertebantur,
913 4400 970 4445 et
993 4390 1228 4447 diluculo
1271 4394 1560 4450 veniebant
1601 4394 1670 4450 ad

83 4495 102 4528 ι
141 4494 299 4534 cum.
351 4477 419 4547 Et
461 4479 810 4544 rememorati
852 4489 978 4542 sunt
1011 4481 1136 4552 quia
1175 4483 1316 4539 Deus
1346 4481 1561 4554 adjutor
1588 4491 1674 4540 est

83 4589 102 4623 ι
139 4585 364 4634 eorum,
396 4581 450 4626 et
473 4571 614 4634 Deus
636 4572 884 4629 excelsus
907 4573 1215 4645 redemptor
1247 4589 1435 4630 eorum
1463 4584 1566 4632 est.
1603 4575 1671 4630 Et

81 4677 101 4710 ι
139 4659 458 4715 dilexerunt
488 4676 611 4717 eum
641 4661 696 4716 in
723 4676 819 4718 ore
857 4678 983 4727 suo,
1031 4671 1086 4719 et
1123 4663 1304 4734 lingua
1333 4679 1428 4720 sua
1462 4663 1674 4720 mentiti

79 4767 98 4801 ι
138 4759 280 4805 sunt
300 4749 371 4806 ei.
406 4749 512 4806 Cor
531 4759 711 4806 autem
749 4766 936 4807 eorum
986 4769 1090 4808 non
1138 4761 1254 4809 erat
1299 4761 1508 4808 rectum
1550 4768 1675 4809 cum

80 4856 98 4889 ‹
135 4842 368 4905 eo,'nec
395 4838 579 4895 fideles
601 4839 768 4896 habiti
806 4842 1012 4896 suntin
1052 4849 1374 4898 testamento
1394 4841 1532 4911 ejus.
1557 4841 1678 4913 Ipse

77 4950 96 4981 ι
141 4937 340 4985 autem
368 4937 454 4984 est
483 4929 810 4994 misericors,
841 4939 896 4984 et
922 4931 1188 5002 propitius
1213 4931 1307 4988 fiet
1328 4934 1565 5001 peccatis
1586 4945 1677 4987 eo-

77 5040 96 5071 ι
140 5037 302 5087 rum,
325 5030 504 5077 etnon
539 5021 813 5094 disperdet
846 5037 960 5078 eos.
993 5023 1060 5078 Et
1087 5023 1380 5078 abundavit
1417 5031 1476 5078 ut
1520 5039 1677 5079 aver—

79 5131 101 5164 ‹
144 5120 300 5169 teret
342 5112 481 5167 iram
531 5127 719 5178 suam,
764 5120 820 5168 et
866 5128 972 5170 non
1014 5115 1259 5170 accendit
1299 5104 1513 5170 onmem
1543 5115 1681 5168 iram

82 5223 104 5258 ι
143 5220 338 5263 suam.
379 5204 449 5260 Et
482 5206 796 5262 recordatus
836 5214 920 5260 est
963 5205 1089 5277 quia
1127 5221 1254 5261 caro
1284 5215 1428 5271 sunt,
1459 5206 1681 5275 spiritus

84 5317 108 5353 ι
147 5299 370 5354 vadens
388 5306 569 5367 etnon
593 5297 824 5353 rediens.
847 5296 1068 5366 Quoties
1086 5296 1540 5353 exacerbaverunt
1560 5312 1682 5354 eum

87 5407 110 5442 ι
151 5389 216 5444 in
249 5388 486 5452 deserto,
515 5387 568 5442 in
597 5387 733 5443 iram
754 5387 1161 5442 concitaverunt
1180 5401 1303 5441 eum
1328 5387 1379 5441 in
1405 5387 1683 5456 inaquoso.

87 5499 109 5533 ι
155 5481 237 5536 Et
263 5479 510 5536 con'versi
538 5487 662 5534 sunt
689 5487 743 5534 et
774 5486 1114 5533 tentaverunt
1135 5477 1328 5545 Deum,
1358 5487 1414 5534 et
1440 5486 1686 5534 sanctum

89 5593 109 5626 ‹
146 5571 324 5628 Israel
351 5571 834 5640 exacerbaverant.
871 5569 988 5627 Non
1030 5579 1157 5637 sunt
1197 5571 1466 5626 recordati
1497 5585 1686 5628 manus

93 5686 114 5720 ι
154 5667 283 5736 ejus
308 5665 395 5720 die
419 5680 524 5736 qua
553 5665 783 5720 redemit
799 5677 893 5720 eos
913 5664 978 5720 de
999 5678 1161 5727 manu
1184 5663 1512 5719 tribulautis.
1537 5662 1690 5720 Sicut

94 5781 116 5815 ι
158 5758 349 5830 posuit
397 5757 450 5813 in
493 5756 728 5830 Egypto
767 5757 918 5828 signa
962 5772 1088 5825 sua,
1133 5765 1187 5813 et
1224 5756 1464 5830 prodigia
1504 5771 1600 5812 sua
1639 5755 1692 5810 in

1750 579 1769 616 ι
1807 575 2016 624 eorum,
2044 569 2098 614 et
2119 559 2322 613 imbres
2345 574 2532 612 eorum
2559 574 2625 613 nc
2659 559 2923 623 biberent.
2964 560 3109 614 Misit
3142 561 3196 614 in
3225 577 3322 618 eos

1751 670 1770 705 ι
1807 650 2186 720 cmnomyiam,
2215 658 2270 704 et
2307 650 2538 704 comedit
2557 665 2650 704 eos
2676 667 2699 703 ει
2726 658 2781 704 et
2796 666 3006 715 ranam,
3031 660 3085 706 et
3114 651 3324 720 disper-

1747 759 1767 793 ι
1799 739 1933 795 didit
1955 754 2069 794 eos.
2100 737 2166 794 Et
2200 739 2342 794 dedit
2379 740 2598 808 {Brugitti
2626 739 2830 794 fructus
2851 754 3070 804 eorum,
3103 749 3156 795 et
3176 741 3330 797 Ιίώο-Δ

1748 849 1766 884 ι
1802 846 1890 886 res
1917 845 2103 886 eorum
2143 830 2379 886 locustae.
2414 830 2479 884 Et
2518 831 2714 886 occidit
2755 831 2806 886 in
2847 831 3106 902 grandine
3140 833 3324 887 vincas

1748 939 1768 974 ι
1805 930 2089 986 eorum,et
2110 935 2290 976 moros
2308 935 2496 976 eorum
2519 921 2572 976 in
2604 922 2813 990 pruina.
2839 921 2904 976 Et
2930 922 3147 976 tradidit
3167 938 3326 992 gran-

1749 1029 1768 1064 t
1802 1010 1913 1064 dini
1936 1008 2179 1078 jumenta
2212 1026 2397 1066 eorum
2421 1052 2434 1077 ,
2461 1021 2514 1066 et
2541 1012 2938 1080 possessionem
2969 1028 3154 1067 eorum
3193 1013 3322 1084 igni.

1749 1123 1768 1156 ‹
1803 1103 1948 1158 Misit
1973 1103 2026 1158 in
2055 1118 2148 1159 eos
2176 1104 2310 1158 iram
2339 1105 2718 1175 indignationis
2745 1120 2874 1169 suae,
2903 1106 3323 1176 indignationem

1750 1213 1769 1247 ι
1798 1203 1854 1250 et
1877 1196 2011 1250 iram
2036 1206 2091 1250 et
2114 1187 2544 1260 tribulationem,
2587 1196 2944 1251 innuissiones
2982 1211 3076 1266 per
3108 1197 3328 1265 angelos

1750 1305 1768 1342 ι
1807 1286 1996 1343 malos.
2023 1285 2174 1341 Viam
2200 1287 2330 1344 fecit
2367 1287 2574 1344 semitae
2604 1288 2697 1342 ira:
2720 1304 2852 1354 suae,
2882 1303 2985 1342 non
3020 1288 3260 1357 pepercit
3296 1304 3326 1340 a

1750 1395 1769 1431 ι
1808 1390 1980 1433 morte
2000 1379 2301 1433 animarum
2321 1393 2527 1444 eorum,
2544 1389 2599 1434 et
2613 1377 2853 1447 jumenta
2874 1394 3058 1435 eorum
3082 1380 3134 1433 in
3157 1389 3330 1434 morte

1751 1487 1770 1519 ς
1801 1468 2084 1523 conclusit.
2109 1469 2175 1522 Et
2199 1469 2465 1539 percussit
2486 1484 2644 1524 onmc
2671 1469 3078 1539 primOgenitnm
3105 1469 3156 1524 in
3184 1477 3330 1524 terra

1751 1580 1769 1613 ι
1807 1560 2047 1633 Egypti.
2073 1562 2340 1632 primitias
2368 1563 2544 1634 omnis
2569 1563 2768 1619 laboris
2787 1580 2973 1632 eorum
2999 1565 3052 1618 in
3081 1566 3332 1619 taberna-

1753 1670 1772 1705 ι
1805 1653 1941 1708 culis
1972 1654 2160 1709 Cham.
2195 1653 2261 1709 Et
2298 1654 2518 1727 abstulit
2553 1657 2692 1713 sicut
2712 1671 2840 1710 oves
2866 1655 3115 1726 populum
3139 1671 3326 1716 suum,

1755 1763 1772 1795 ι
1807 1755 1862 1801 et
1901 1746 2154 1816 perduxit
2193 1761 2286 1802 eos
2327 1756 2578 1816 tanquam
2625 1761 2839 1818 gregem
2890 1748 2944 1801 in
2991 1748 3223 1803 deserto.
3263 1745 3334 1800 Et

1753 1860 1772 1894 ι
1802 1842 2024 1898 deduxit
2049 1857 2144 1898 eos
2174 1844 2226 1897 in
2258 1859 2372 1914 spe,
2404 1853 2460 1898 et
2495 1860 2600 1899 non
2644 1845 2958 1909 timuerunt,
2993 1852 3047 1898 et
3084 1843 3331 1898 inimicos

1752 1949 1770 1984 ι
1807 1946 1994 1986 eorum
2013 1932 2225 2002 operuit
2245 1947 2411 1988 mare.
2436 1933 2502 1986 Et
2527 1933 2733 1988 induxit
2754 1947 2846 1987 eos
2869 1932 2920 1986 in
2946 1941 3184 1987 montem
3205 1947 3329 1986 san-

1751 2043 1770 2075 c
1802 2023 2147 2087 ctificationis
2172 2040 2313 2088 suae,
2355 2035 2590 2080 montem
2620 2040 2778 2096 quem
2803 2024 3085 2093 acquisivit
3107 2021 3329 2078 dextera

1754 2133 1771 2166 ι
1809 2114 1945 2185 ejus.
1981 2115 2049 2168 Et
2075 2115 2231 2184 ejecit
2255 2131 2284 2168 a
2320 2114 2456 2169 facie
2487 2130 2672 2170 eorum
2699 2124 2904 2185 gentes,
2933 2123 2986 2169 et
3014 2123 3160 2168 sorte
3188 2113 3326 2170 divi-

1755 2223 1775 2256 ι
1813 2205 1883 2260 sit
1912 2205 1993 2260 eis
2028 2213 2226 2258 terram
2259 2203 2498 2259 funiculo
2527 2203 2939 2259 distributionis.
2984 2203 3049 2257 Et
3089 2201 3333 2256 habitare

1755 2315 1773 2348 ι
1813 2297 1942 2352 fecit
1985 2296 2039 2351 in
2080 2295 2442 2352 tabernaculis
2482 2293 2667 2351 eorum
2692 2296 2872 2355 tribus
2909 2293 3092 2349 Israel.
3123 2293 3190 2348 Et
3216 2301 3333 2348 ten-

1757 2406 1776 2440 c
1815 2398 2093 2454 taverunt,
2137 2397 2195 2443 et
2231 2389 2695 2444 exaeerbaverunt
2736 2388 2903 2443 Deum
2937 2387 3240 2452 excelsum,
3278 2393 3336 2441 et

1756 2499 1774 2531 ι
1817 2476 2262 2546 testimoniaejus
2291 2493 2396 2534 non
2425 2479 2808 2534 custodierunt.
2835 2477 2902 2532 Et
2921 2484 3232 2533 averterunt
3251 2491 3333 2540 se,

1757 2587 1777 2623 ο
1810 2579 1990 2625 etnon
2017 2579 2372 2625 servaverunt
2392 2581 2605 2640 pactum
2629 2586 2643 2624 :
2678 2570 3126 2640 quemadmodum
3153 2576 3336 2638 patres

1758 2681 1776 2714 ι
1808 2677 2018 2728 eorum,
2059 2662 2305 2717 conversi
2342 2672 2464 2717 sunt
2505 2663 2558 2717 in
2593 2678 2776 2718 arcum
2819 2677 3062 2731 pravum.
3105 2661 3160 2715 In
3199 2662 3334 2717 iram

1760 2769 1780 2804 ι
1815 2752 2224 2808 concitaverunt
2259 2767 2382 2806 eum
2412 2752 2466 2806 in
2506 2751 2732 2807 collibus
2764 2753 2877 2808 suis
2899 2792 2914 2818 ,
2955 2761 3009 2806 et
3035 2753 3087 2806 in
3118 2751 3338 2821 sculpti-

1761 2857 1781 2892 ε
1819 2841 1959 2896 libus
2007 2841 2118 2896 suis
2165 2842 2232 2896 ad
2279 2841 2674 2896 :nmulationem
2713 2858 2836 2896 cum
2887 2849 3331 2911 provocavcrunt.

1763 2953 1782 2985 ι
1810 2933 2026 2988 Audivil
2057 2935 2219 2997 Deus,
2247 2942 2299 2988 et
2317 2935 2517 3003 sprevit
2539 2943 2592 2990 et
2619 2933 2685 2987 ad
2709 2923 2932 2988 nihilum
2957 2933 3161 3004 redegit
3183 2932 3337 2987 valde

1762 3045 1780 3077 ι
1811 3025 1997 3080 Israel.
2028 3025 2094 3080 Et
2121 3025 2314 3095 repulit
2343 3024 2744 3079 tabernaculum
2771 3018 2903 3090 Silo,
2935 3023 3336 3079 tabernaculum

1765 3134 1785 3168 ι
1819 3131 1974 3171 suum
2007 3116 2095 3170 ubi
2136 3116 2400 3171 habitavit
2443 3117 2494 3170 in
2541 3116 2867 3172 hominibus.
2917 3114 2985 3169 Et
3027 3113 3249 3170 tradidit
3283 3115 3339 3170 in

1767 3225 1787 3260 ‹
1821 3209 2188 3282 captivitatem
2232 3209 2487 3264 virtutem
2528 3223 2746 3274 eorum,
2793 3217 2847 3264 et
2889 3207 3341 3276 pulchritudinem

1765 3317 1784 3350 ι
1821 3315 2007 3354 eorum
2059 3299 2112 3353 in
2161 3314 2355 3355 manus
2399 3298 2622 3353 inimici.
2667 3299 2733 3353 Et
2778 3298 3040 3354 conclusit
3069 3298 3120 3352 in
3166 3297 3342 3368 gladio

1766 3409 1784 3443 ‹
1822 3391 2074 3462 populum
2104 3405 2281 3455 suum,
2311 3401 2365 3444 et
2393 3389 2764 3445 hmreditatem
2805 3405 2956 3444 suam
3001 3389 3221 3457 sprevit.
3250 3387 3344 3443 Ju-

1767 3502 1786 3535 ι
1821 3497 1983 3538 venes
2008 3497 2192 3537 eorum
2214 3482 2449 3536 comedit
2473 3481 2633 3549 ignis,
2670 3490 2724 3536 et
2755 3480 2988 3552 virgines
3016 3494 3202 3533 eorum
3233 3495 3342 3532 non

1768 3594 1786 3626 ι
1820 3583 1945 3630 sunt
1971 3575 2291 3628 lamentattc.
2319 3571 2640 3627 Sacerdotes
2673 3587 2858 3627 eorum
2905 3572 2956 3625 in
2992 3569 3165 3641 gladio
3205 3571 3347 3624 ceci-

1769 3683 1788 3715 1
1823 3664 2052 3728 derunt,
2088 3672 2143 3717 et
2165 3663 2338 3716 vidua:
2368 3677 2555 3716 eorum
2583 3677 2689 3715 non
2718 3661 3086 3731 plorabantur.
3114 3659 3178 3712 Et
3201 3659 3348 3714 exei-

1770 3773 1789 3806 ‹
1826 3763 1969 3810 tatus
2013 3761 2095 3810 est
2145 3763 2402 3824 tanquam
2445 3753 2718 3808 dormiens
2763 3752 3040 3816 Dominus,
3089 3759 3345 3820 tanquam

1772 3863 1790 3897 ι
1826 3852 2017 3915 potens
2060 3838 2369 3912 crapulatus
2415 3858 2444 3896 a
2494 3843 2640 3896 vino.
2691 3841 2756 3895 Et
2792 3840 3057 3910 percussit
3103 3839 3351 3894 inimicos

1773 3953 1792 3986 ί
1823 3949 1952 3989 suos
1977 3934 2031 3988 in
2056 3933 2377 4003 posteriora,
2403 3933 2748 4003 opprobrium
2779 3930 3162 4000 sempiternum
3201 3929 3351 3985 dedit

1773 4043 1792 4075 ι
1829 4023 1954 4078 illis.
1995 4023 2061 4078 Et
2108 4021 2306 4092 repulit
2345 4015 2748 4076 tabernaculum
2789 4020 3021 4091 Joseph,
3067 4030 3124 4075 et
3153 4019 3350 4075 tribum

1775 4133 1794 4167 ‹
1830 4115 2086 4186 Ephraim
2116 4129 2224 4170 non
2254 4112 2434 4184 elegit.
2472 4113 2577 4168 Sed
2607 4113 2768 4182 elegit
2796 4113 2991 4168 tribum
3014 4112 3169 4179 Juda,
3199 4128 3354 4168 mon-

1776 4227 1794 4260 ι
1829 4216 1938 4264 tem
1969 4207 2099 4263 Sion
2128 4219 2290 4278 quem
2320 4206 2527 4262 dilexit.
2567 4207 2633 4262 Et
2660 4207 2946 4262 aedificavit
2973 4206 3113 4262 sicut
3138 4206 3355 4262 unicor—

1777 4317 1797 4350 ε
1834 4299 1918 4355 nis
1943 4290 2300 4355 sanctificium
2341 4312 2495 4353 suum
2526 4297 2577 4352 in
2612 4308 2789 4360 terra,
2818 4312 2980 4367 quam
3016 4294 3258 4350 fundavit
3295 4294 3354 4350 in

1780 4406 1800 4441 ι
1833 4387 2048 4445 smcula.
2092 4389 2159 4444 Et
2195 4387 2357 4459 elegit
2400 4389 2569 4442 David
2597 4403 2810 4443 servum
2842 4401 3018 4452 suum,
3059 4393 3114 4440 et
3140 4384 3355 4440 sustulit

1782 4497 1800 4530 ι
1833 4493 1957 4534 eum
1988 4479 2054 4535 de
2084 4479 2335 4550 gregibus
2363 4478 2542 4534 ovium
2561 4519 2575 4543 ,
2619 4479 2684 4533 de
2713 4486 2834 4548 post
2867 4475 3122 4530 fwtanles
3149 4473 3356 4545 accepit

1780 4587 1800 4622 ι
1834 4584 1958 4626 eum
1985 4585 2209 4640 pascere
2237 4568 2403 4625 Jacob
2425 4583 2639 4624 servum
2667 4559 2852 4630 suum,
2901 4576 2954 4621 et
2992 4566 3156 4622 Israel
3181 4567 3356 4622 haere-

1782 4679 1801 4712 ι
1836 4660 2058 4716 ditatem
2087 4677 2259 4716 suam.
2293 4653 2359 4714 Et
2395 4661 2543 4731 pavit
2583 4674 2676 4714 eos
2722 4659 2774 4713 in
2824 4657 3131 4713 innocentia
3179 4657 3358 4713 cordis

1783 4769 1802 4803 ι
1834 4751 1940 4817 sui,
1971 4758 2027 4806 et
2067 4751 2122 4805 in
2160 4749 2524 4806 intellectibus
2547 4743 2826 4804 manuum
2875 4764 3094 4805 suarum
3139 4747 3358 4806 deduxit

1787 4857 1806 4893 ι
1838 4855 1952 4898 C03.
1986 4859 2005 4893 ι

2355 4931 2802 4989 ΕΝΑΒΠΑΤΙΟ.

1857 5023 1914 5078 In
1948 5024 2052 5079 hoc
2076 5022 2283 5094 psalmo
2309 5023 2679 5088 continentur,
2719 5039 2838 5094 qum
2872 5024 2924 5078 in
2956 5022 3124 5080 veteri
3167 5020 3361 5091 popqu

1788 5114 1928 5170 facta
1961 5124 2268 5168 narrantur.
2305 5114 2594 5170 Recentior
2617 5125 2794 5171 autem
2824 5124 2878 5170 et
2906 5105 3169 5184 posterior
3196 5127 3360 5183 popu-

1790 5203 1873 5258 lus
1899 5205 2246 5270 admonetur,
2284 5213 2344 5258 ut
2375 5215 2567 5260 caveat
2607 5221 2674 5260 ne
2712 5193 3057 5276 sitingratus
3090 5203 3360 5258 beneficiis

1791 5295 1912 5362 Dei,
1943 5295 2166 5366 ejusque
2191 5296 2244 5350 in
2275 5310 2333 5350 se
2352 5306 2607 5365 provocet
2634 5297 2987 5362 iracundiam,
3017 5292 3168 5362 cujus
3191 5292 3357 5346 Immi-

1792 5384 1914 5440 liter
1942 5385 2101 5440 debet
2128 5385 2404 5455 suscipere
2431 5387 2679 5456 gratiam.
2709 5384 2842 5442 Cum
2877 5392 3057 5438 autem
3083 5381 3172 5436 hic
3200 5395 3363 5450 opera

1793 5487 1979 5547 aperte
2007 5477 2256 5532 videntur
2285 5475 2388 5531 dici
2413 5487 2576 5546 atque
2602 5475 2830 5538 narrari,
2861 5473 3108 5544 primitus
3133 5485 3231 5527 nos
3254 5485 3355 5525 mo-

1795 5583 1884 5630 net
1914 5585 2076 5645 atque
2113 5583 2349 5628 attentos
2379 5571 2506 5628 facit
2542 5571 2726 5625 titulus
2756 5569 2942 5640 psalmi
2969 5586 2982 5621 :
3019 5580 3192 5645 neque
3224 5565 3366 5623 enim

1794 5663 1995 5720 frustra
2024 5665 2282 5734 scriptum
2310 5673 2417 5727 est,
2455 5661 2743 5730 intellectus
2783 5660 2980 5730 Amph,
3014 5657 3114 5712 nisi
3142 5655 3367 5717 forsitan.-

1795 5773 1902 5814 non
1939 5758 2081 5828 quod
2123 5756 2438 5826 superficies
2467 5754 2656 5808 litterae
2696 5761 2881 5816 sonat,
2915 5749 3120 5806 scilicet
3149 5749 3367 5813 interius
