3918 6410
607 347 707 403 557
1238 329 1494 389 REMIGII
1532 316 2187 382 ANTISSIODORENSIS

606 459 810 533 aliquid
850 454 1237 526 intelligentem
1265 457 1514 521 quaerunt
1551 447 1650 502 ista
1685 444 1963 498 lectorem.
1997 438 2190 494 Narra-

609 529 762 606 turus
783 555 962 602 autem
984 560 1045 598 ea
1070 558 1190 612 quae
1213 557 1318 596 non
1339 539 1589 598 videntur
1608 534 1846 604 indigere
1866 529 2194 600 expositore,

607 639 702 694 sed
736 646 942 691 tantum
971 633 1257 686 auditore:
1296 629 1559 699 Aperiam,
1593 623 1799 692 inquit.
1841 621 1896 674 in
1933 616 2197 687 parabolis

609 746 667 782 os
691 742 861 780 meum
885 766 898 789 ,
930 723 1116 792 loquar
1155 719 1532 791 propositiones
1580 715 1645 768 ab
1692 712 1863 766 initio.
1903 708 2036 777 Quis
2067 719 2198 773 ergo

611 817 775 872 audet
821 811 1103 885 parabolas
1147 819 1201 865 et
1245 806 1637 879 propositiones
1681 801 1833 872 quasi
1884 797 2198 854 manifestas

610 905 924 962 transitorie
961 914 1306 972 percurrere,
1337 912 1454 966 quae
1481 895 1594 950 suis
1624 892 1928 948 nominibus
1957 888 2200 943 indicant

614 1013 671 1052 se
694 997 854 1050 altius
883 990 1189 1062 investigari
1216 987 1504 1060 oportere?
1537 984 1817 1040 Parabola:
1840 982 1986 1037 enim
2017 992 2196 1034 rerum

612 1085 990 1142 similitudines
1025 1097 1136 1152 pra:
1166 1096 1224 1134 se
1256 1087 1489 1150 gerunt:
1531 1085 1586 1131 et
1628 1084 1814 1130 notum
1847 1080 1931 1126 est
1965 1068 2108 1140 quod
2144 1066 2198 1120 in

610 1178 883 1250 parabolis
929 1190 1108 1230 rerum
1141 1156 1520 1228 similitudines
1565 1182 1685 1238 qua
1727 1165 2002 1228 dicuntur,
2039 1161 2201 1214 rebus

609 1269 676 1322 de
704 1268 912 1338 quibus
941 1266 1116 1336 agitur
1151 1269 1534 1332 comparantur
1565 1278 1579 1312 :
1621 1265 1680 1312 ut
1705 1257 1758 1312 in
1788 1255 1875 1310 illa
1912 1250 2200 1324 parabola,

611 1359 756 1412 Exiit
779 1359 867 1428 qui
892 1357 1112 1410 seminat
1133 1353 1389 1408 seminare
1407 1364 1590 1406 semen
1621 1361 1775 1403 suum
1803 1343 2020 1417 (Matth.
2052 1339 2198 1411 xm).

613 1449 810 1504 Semen
843 1449 1010 1504 verbo
1041 1447 1132 1500 Dei
1175 1455 1554 1514 comparatur,
1597 1441 1723 1511 quia
1751 1440 1868 1509 ejus
1894 1433 2202 1492 similitudi-

611 1560 734 1599 nem
764 1543 900 1607 gerit
931 1541 982 1594 in
1011 1539 1098 1593 illa
1126 1536 1402 1608 parabola.
1429 1532 1835 1605 Propositiones
1859 1538 2038 1584 autem
2067 1541 2201 1597 quas

611 1637 786 1693 Grmci
815 1634 1155 1710 προϐλήματα
1177 1637 1394 1694 vocant,
1419 1625 1743 1698 qumstiones
1767 1631 1912 1687 sunt,
1939 1621 2202 1675 habentes

615 1727 817 1797 aliquid
843 1708 896 1780 in
923 1739 981 1778 se
1009 1736 1260 1792 magnum
1281 1759 1296 1784 ,
1324 1717 1469 1789 quod
1494 1715 1860 1786 disputatione
1895 1711 1968 1766 sit
1992 1708 2204 1766 solven-

610 1821 758 1874 dum.
797 1815 929 1883 Quis
970 1828 1100 1884 ergo
1141 1811 1334 1866 audeat
1369 1808 1655 1880 parabolas
1694 1813 1750 1860 et
1801 1801 2200 1876 propesitiones

613 1905 921 1964 transitoria
975 1906 1156 1974 legere
1201 1899 1357 1970 quasi
1402 1899 1749 1960 manifestas,
1781 1904 1838 1950 et
1877 1909 1982 1949 non
2020 1894 2202 1966 potius

609 2012 819 2053 summa
843 1993 1121 2064 vigilantia
1148 1991 1413 2053 intendat,
1438 1997 1500 2042 ut
1525 1989 1592 2042 ad
1624 2001 1812 2042 earum
1841 1984 2053 2039 fructus
2072 1998 2200 2054 per-

607 2085 832 2141 veniat?
873 2083 1014 2138 Dicit
1040 2089 1219 2136 autem
1253 2080 1331 2134 sic
1359 2078 1581 2148 Asaph:

680 2174 962 2237 Attendite,
1005 2169 1191 2241 popule
1232 2185 1412 2235 meus,
1457 2167 1617 2238 legem
1660 2182 1850 2220 meam.
1877 2164 2056 2235 Asaph
2101 2163 2202 2218 iste

609 2265 860 2320 Christus
884 2260 1217 2330 intelligitur,
1244 2259 1368 2329 quia
1399 2257 1512 2328 ipse
1543 2256 1779 2312 maxime
1805 2257 1858 2310 in
1883 2253 2078 2324 populo
2114 2253 2203 2306 illo

612 2356 679 2410 ad
707 2355 806 2409 hoc
830 2352 1133 2416 laborabat,
1164 2359 1224 2406 ut
1251 2350 1352 2406 sibi
1383 2349 1518 2405 alios
1547 2355 1902 2420 aggregaret:
1931 2356 1989 2401 et
2012 2345 2080 2400 ad
2103 2359 2201 2400 nos

611 2445 776 2499 etiam
803 2443 1037 2512 pertinet
1065 2440 1361 2496 admonitio
1387 2455 1506 2510 qua:
1530 2440 1590 2492 lit
1614 2439 1666 2492 in
1691 2438 1792 2492 hoc
1821 2435 2046 2506 psalmo,
2069 2449 2204 2503 quo-

612 2533 757 2588 niam
800 2533 867 2585 de
913 2530 1068 2585 nobis
1094 2529 1296 2583 dictum
1340 2537 1426 2582 est
1466 2528 1670 2583 etiam:
1713 2524 1874 2581 Salva
1913 2541 2028 2589 nos,
2059 2523 2201 2577 Deus

611 2622 862 2677 salutaris
892 2630 1084 2686 noster,
1107 2629 1154 2674 et
1187 2635 1442 2689 congrega
1467 2633 1559 2672 nos
1588 2616 1654 2670 de
1678 2615 1974 2676 nationibus
2015 2610 2198 2683 (Psal.

611 2714 758 2783 cv):
797 2711 1054 2782 quoniam
1101 2710 1147 2766 si
1195 2709 1434 2764 cavenda
1475 2716 1632 2762 erant
1667 2705 1831 2776 priori
1871 2704 2067 2776 populo
2093 2713 2204 2758 tor-

616 2812 794 2867 menta
828 2801 1214 2873 signiﬁcantia,
1247 2799 1416 2854 multo
1445 2798 1616 2870 magis
1640 2799 1879 2852 cavenda
1902 2804 2028 2851 sunt
2048 2794 2202 2850 nobis

614 2902 882 2949 tormenta
912 2891 1236 2962 signiﬁcata.
1277 2888 1387 2944 Nos
1429 2887 1572 2944 enim
1603 2902 1791 2942 sumus
1819 2887 1871 2940 in
1897 2901 2034 2956 quos
2069 2884 2202 2940 ﬁnes

613 2984 935 3040 smculorum
963 2983 1337 3038 devenerunt:
1385 2987 1441 3034 et
1483 2993 1816 3049 quaecunque
1848 2977 1950 3032 illis
1977 2978 2031 3033 in
2063 2977 2200 3049 ﬁgu-

614 3089 730 3128 ram
757 3073 1120 3144 contigerunt,
1145 3070 1214 3125 ad
1236 3078 1474 3124 nostram
1500 3067 1890 3122 correctionem
1916 3066 2055 3122 facta
2077 3073 2204 3122 sunt

615 3163 677 3235 (I
710 3163 828 3218 Cor.
870 3163 957 3234 χ).
1009 3162 1076 3216 Ει
1115 3161 1234 3216 ideo
1263 3159 1309 3215 si
1338 3160 1416 3215 eis
1448 3158 1666 3213 luerunt
1705 3157 1922 3212 vitanda
1952 3156 2093 3211 mala
2129 3155 2202 3210 si-

614 3252 944 3324 gniﬁcantia,
973 3250 1188 3305 vitanda
1220 3259 1346 3304 sunt
1381 3248 1536 3304 nobis
1559 3247 1730 3317 magis
1761 3245 1898 3300 mala
1931 3244 2157 3318 ﬁgurata
2183 3258 2197 3299 :

615 3345 743 3415 quia
779 3343 938 3399 sicuti
969 3341 1270 3414 signiﬁcata
1311 3341 1451 3396 bona
1493 3339 1736 3410 digniora
1779 3345 1905 3392 sunt
1948 3337 2003 3391 in
2048 3336 2203 3392 nobis

615 3453 778 3508 quam
819 3437 958 3491 bona
996 3434 1384 3506 signiﬁcantia,
1415 3433 1488 3486 ita
1518 3432 1570 3486 in
1603 3430 1758 3486 malis
1799 3439 1926 3486 sunt
1953 3428 2202 3502 graviora

617 3528 780 3592 mala,
809 3542 928 3598 qua:
964 3524 1261 3595 signiﬁcata
1307 3531 1450 3578 sunt.
1481 3522 1763 3587 Attentlite,
1799 3520 1986 3592 popule
2023 3536 2202 3584 meus,

617 3620 779 3689 legent
804 3633 993 3672 meam.
1019 3616 1183 3683 Quasi
1212 3615 1389 3670 dicat:
1414 3614 1513 3681 Qui
1542 3612 1822 3668 attenditis
1843 3612 2016 3682 legem
2037 3610 2200 3676 servi,

618 3714 880 3769 attendite
907 3715 1074 3782 legem
1108 3711 1342 3774 Domini,
1368 3709 1620 3764 videlicet
1654 3721 1758 3761 non
1787 3707 2084 3761 secundum
2115 3705 2205 3758 lit-

619 3815 814 3867 teram,
845 3803 938 3857 sed
960 3801 1256 3856 secundum
1289 3800 1536 3870 spirituum
1565 3816 1578 3852 :
1607 3797 1732 3866 quia
1770 3797 1943 3850 littera
1982 3795 2167 3850 occidit
2188 3835 2204 3860 ,

619 3893 835 3962 spiritus
872 3901 1042 3944 autem
1083 3890 1307 3958 viviﬁcat
1343 3888 1428 3956 (ll
1457 3887 1579 3942 Cor.
1613 3885 1718 3958 III).
1744 3885 2003 3940 Inclinate
2025 3901 2207 3939 aurem

619 3992 840 4037 vestram
874 3982 928 4034 in
968 3983 1119 4034 verba
1142 3981 1250 4034 oris
1274 3980 1393 4042 mei,
1420 3979 1474 4034 id
1498 3987 1602 4043 est,
1631 3977 1904 4033 humiliter
1923 3976 2203 4032 attendite.

620 4073 758 4128 Nota
790 4072 929 4127 idem
956 4085 1077 4126 esse
1105 4071 1274 4140 legem
1303 4079 1359 4125 et
1393 4071 1552 4124 verba
1579 4087 1590 4123 :
1633 4069 1726 4124 sed
1753 4068 1948 4138 repetit
1971 4067 2038 4121 ad
2060 4083 2208 4122 com-

622 4160 1048 4225 mendatiouem,
1076 4160 1154 4215 sic
1179 4177 1192 4214 :
1235 4157 1494 4215 Inclinate
1521 4175 1701 4214 aurem
1725 4167 1946 4214 vestram
1970 4159 2026 4212 in
2055 4159 2207 4212 verba

621 4256 728 4310 oris
752 4255 874 4307 mei.
901 4251 1038 4320 Quid
1060 4261 1143 4307 est
1164 4250 1416 4306 inclinare
1441 4267 1643 4316 aurem,
1671 4251 1774 4306 nisi
1804 4249 2082 4305 humiliter
2109 4264 2208 4304 au-

619 4347 782 4401 dire?
819 4345 1107 4400 Ilumiliter
1153 4354 1333 4399 autem
1367 4343 1538 4410 audit,
1583 4345 1736 4414 cujus
1765 4335 1948 4398 aurem
1990 4343 2209 4399 inclinat

621 4439 882 4503 charitas,
909 4452 1013 4492 non
1039 4435 1194 4505 cujus
1221 4435 1489 4492 cervicem
1511 4436 1672 4505 erigit
1691 4443 1843 4490 vetus
1867 4434 2206 4490 animositas.

623 4527 866 4597 Aperiunt
889 4527 943 4578 in
962 4525 1226 4594 parabolis
1273 4540 1330 4578 os
1369 4541 1572 4589 meum,
1617 4523 1804 4595 loquar
1832 4525 2206 4597 propositiones

621 4617 686 4670 ab
710 4616 882 4670 initio.
919 4615 1083 4681 Quasi
1111 4615 1255 4670 dicat
1279 4632 1292 4668 :
1326 4614 1450 4670 Ideo
1476 4615 1597 4670 dico
1621 4623 1681 4669 ut
1705 4614 1974 4670 inclinetis
1995 4629 2203 4680 aurem,

622 4707 748 4777 quia
772 4722 872 4777 ego
899 4707 1128 4776 aperiam
1155 4723 1210 4761 os
1233 4723 1403 4760 meum
1427 4707 1480 4760 in
1504 4705 1789 4775 parabolis,
1815 4706 1868 4760 id
1888 4715 1994 4770 est,
2018 4708 2068 4760 in
2092 4722 2207 4762 ser-

624 4798 872 4853 monibus
901 4812 1079 4852 rerum
1109 4797 1514 4853 similitudinem
1551 4812 1664 4867 pra:
1687 4813 1746 4853 se
1769 4798 2098 4868 gerentibus.
2133 4797 2206 4853 Et

626 4889 832 4942 utinam
862 4888 954 4957 qui
983 4888 1071 4942 hic
1099 4889 1352 4958 dignatur
1385 4903 1448 4944 os
1479 4889 1690 4957 aperire
1717 4889 1769 4942 in
1798 4889 2205 4944 similitudinem

625 4994 828 5043 rerum,
860 4979 1173 5048 dignaretur
1192 4993 1255 5034 os
1285 4979 1494 5048 aperire
1521 4979 1572 5032 in
1603 4979 2028 5050 expositionibus
2066 4982 2206 5052 ipsa-

625 5086 742 5124 rum
770 5083 948 5124 rerum
972 5086 986 5135 ;
1029 5070 1154 5140 quia
1189 5079 1243 5124 et
1265 5070 1310 5124 si
1337 5069 1537 5139 aliquid
1558 5071 1775 5143 dignum
1797 5072 1863 5124 ad
1884 5074 2206 5128 audiendum

625 5159 1000 5229 exprimimus,
1030 5160 1084 5213 in
1107 5159 1303 5214 sudore
1335 5169 1514 5216 tamen
1540 5176 1734 5231 panem
1760 5171 2002 5216 nostrum
2027 5179 2208 5220 come-

625 5251 822 5309 dimus.
863 5247 988 5304 Haec
1015 5249 1176 5303 verba
1206 5249 1258 5302 iu
1287 5250 1586 5321 Augustino
1620 5253 1875 5321 reperies,
1910 5254 1962 5307 in
1987 5256 2208 5325 exposi-

627 5338 772 5392 tione
820 5337 976 5392 istius
1020 5352 1244 5405 versus:
1281 5337 1494 5410 Loquar
1540 5342 1917 5410 propositiones
1957 5346 2021 5398 ab
2059 5345 2208 5399 initio

628 5431 784 5487 istius
828 5431 1261 5510 congregationis
1299 5431 1488 5491 iactas.
1535 5433 1750 5490 Initium
1793 5435 1893 5492 fuit
1920 5437 2086 5493 Vetus
2113 5439 2217 5495 Te-

627 5531 975 5588 stamentum,
1007 5523 1127 5577 linis
1149 5533 1229 5577 est
1254 5523 1493 5579 Novum:
1535 5525 1619 5579 vel
1649 5527 1860 5582 initiutn
1891 5530 2047 5585 istius
2085 5547 2212 5586 con-

630 5615 958 5683 gregationis
986 5614 1102 5680 fuit,
1134 5617 1349 5686 quando
1393 5631 1487 5686 per
1523 5618 1741 5690 Moysen
1785 5631 1841 5675 et
1876 5621 2055 5676 Aaron
2083 5639 2209 5677 con-

631 5705 835 5774 gregati
866 5718 991 5760 sunt
1033 5716 1092 5761 ut
1119 5708 1477 5762 educerentur
1504 5711 1570 5765 de
1610 5719 1749 5765 terra
1797 5712 2030 5783 Egypti.
2074 5714 2207 5770 Nota

2225 314 2378 376 OPP.
2417 309 2599 367 PARS
2636 307 2677 363 1.
2715 336 2784 347 -
2823 302 3230 360 ΕΧΕΟΕΤΙΟΛ.
3723 306 3797 366 με

2219 439 2267 499 Α
2293 430 2418 502 quia
2461 422 2857 498 propositiones
2880 428 3007 477 sunt
3028 417 3351 490 quaestiones
3375 415 3570 488 aliquid
3599 418 3800 479 habentes

2299 521 2352 577 in
2378 534 2456 583 se,
2485 517 2626 588 quod
2653 515 2718 570 de
2744 511 3106 582 disputatione
3129 509 3443 565 solvendum
3467 517 3579 565 est:
3602 511 3715 567 etin
3733 512 3803 570 hoc

2301 608 2556 668 dili‘erunt
2579 604 2878 678 propositio
2905 611 2962 658 et
2986 599 3262 672 parabola.
3288 599 3542 655 Parabola
3568 601 3804 657 similitudi-

2301 721 2424 761 nem
2454 700 2728 772 exprimit,
2759 695 3156 768 propositiones
3181 701 3360 750 autem
3387 694 3504 748 sine
3528 693 3804 752 similitudine

2300 791 2524 862 intelligi
2561 794 2825 859 possunt;
2865 784 3007 856 quod
3038 783 3208 839 dicit:
3247 782 3491 852 Aperiam
3525 783 3575 835 in
3604 785 3803 852 parabolis

2300 903 2358 942 os
2387 899 2582 947 meum,
2613 881 2799 952 loquar
2819 877 3200 952 proplsitiones
3221 875 3284 929 ab
3308 875 3496 929 initio:
3533 875 3643 945 quia
3663 888 3806 946 quam

2301 945 2598 1031 audiuimus
2623 945 2688 1025 in.
2706 945 2886 1024 Veteri
2915 945 3265 1022 Testamento
3288 965 3571 1035 promissa,
3606 977 3646 1018 et
3672 945 3805 1032 cogno-

2301 1067 2467 1123 vimus
2491 1079 2552 1117 ea
2584 1062 2636 1116 in
2667 1059 2816 1114 Novo
2843 1054 3190 1113 Testamento
3217 1056 3456 1136 impleta,
3498 1063 3554 1108 et.
3577 1054 3667 1109 hoc
3686 1066 3803 1124 palm

2301 1155 2468 1215 nostri
2493 1161 2838 1210 narraverunt
2865 1147 3032 1204 nobis.
3067 1149 3204 1205 Nota
3233 1149 3359 1218 quia
3394 1147 3516 1202 licet
3542 1136 3803 1200 Dominusia

2301 1251 2591 1325 Evangelia
2617 1235 2975 1325 prtecipieildo
3013 1243 3157 1299 dicat
3204 1241 3382 1296 Nolite
3408 1254 3583 1293 vocare
3615 1238 3728 1292 uobis
3745 1256 3806 1307 pa-

2301 1321 2643 1412 trem,vsuper
2671 1321 2890 1404 terranﬂ
2913 1352 3050 1391 unus
3075 1342 3150 1388 est
3172 1333 3308 1386 enim
3331 1327 3492 1383 Pater
3513 1339 3658 1382 uester
3681 1330 3748 1398 qui
3771 1329 3802 1382 is

2301 1433 2442 1490 caelis
2469 1443 2543 1488 est
2565 1431 2792 1502 (Matth;
2815 1427 3015 1498 mu):
3057 1434 3238 1480 tamen
3272 1437 3377 1477 non
3413 1419 3642 1492 praecipit
3664 1418 3803 1474 auferri

2303 1541 2501 1582 nomen
2532 1525 2636 1580 hoc
2671 1522 2896 1578 honoris
2922 1520 2992 1574 ab
3012 1534 3113 1572 usu
3138 1513 3416 1586 loquendi,
3444 1513 3579 1582 quod
3607 1520 3734 1567 aetate
3753 1511 3803 1566 vel

2304 1614 2655 1672 similitudine
2684 1626 2831 1668 cum
2873 1609 3182 1680 impositum
3233 1614 3318 1661 est
3359 1621 3373 1660 :
3417 1603 3509 1659 sed
3558 1604 3663 1659 ideo
3695 1604 3801 1665 dicit,

2306 1703 2483 1760 Nolite
2507 1719 2690 1758 vocare
2718 1701 2858 1756 vobis
2885 1710 3084 1772 patrem
3108 1713 3262 1768 super
3282 1705 3496 1761 terram,
3527 1709 3589 1748 ne
3611 1693 3686 1749 alii
3709 1694 3803 1747 altri.

2229 1820 2275 1880 Β
2303 1796 2560 1852 bueretur
2587 1793 2760 1865 gratia
2790 1801 2988 1864 prazter
3025 1790 3207 1854 illum,
3247 1787 3334 1842 cui
3379 1787 3669 1856 specialiter
3704 1785 3804 1839 attri-

2303 1888 2574 1944 bueadum
2615 1895 2722 1951 est,
2771 1885 2846 1940 illi
2877 1882 3126 1938 videlicet
3166 1880 3258 1951 qui
3307 1879 3489 1935 omnia
3533 1887 3686 1949 parat.
3715 1876 3802 1933 Nota

2302 1979 2429 2050 quia
2475 1978 2564 2034 hic
2603 1986 2766 2048 caput
2803 1985 3044 2032 nostrum
3086 1987 3144 2028 se
3176 1974 3229 2026 in
3261 1985 3488 2026 numero
3516 1968 3674 2039 populi
3712 1969 3803 2022 illius

2301 2071 2476 2143 ponit,
2504 2079 2562 2125 at
2585 2071 2727 2141 piam
2755 2067 3095 2124 all‘cctionem
3120 2080 3272 2121 suam
3297 2079 3428 2134 erga
3463 2062 3574 2117 illos
3593 2061 3801 2117 ostendat:

2303 2161 2446 2232 quod
2462 2160 2594 2216 dicit
2623 2177 2636 2215 :
2665 2159 2874 2225 Quanta
2901 2157 3199 2212 audivimus
3219 2154 3613 2225 et'cognovimus
3629 2168 3680 2206 ea
3696 2160 3730 2205 et
3746 2166 3803 2218 pt-

2303 2261 2406 2306 tres
2427 2251 2591 2306 nostri
2616 2259 2962 2317 narraverunt
2992 2247 3140 2302 nobis
3161 2259 3180 2298 :
3210 2254 3266 2301 et
3293 2245 3416 2300 ideo
3448 2260 3548 2298 non
3571 2249 3675 2298 sunt
3690 2237 3805 2294 ocul.

2302 2350 2412 2395 tata
2439 2357 2472 2394 a
2513 2340 2639 2410 ﬁliis
2667 2339 2970 2404 hominum,
3006 2336 3130 2406 ﬁliis
3155 2335 3306 2397 dico,
3334 2329 3804 2390 existentibusiao-

2301 2432 2555 2502 gnatione
2583 2438 2866 2500 sequente.
2895 2427 3145 2484 videlicet
3163 2441 3261 2497 per
3281 2423 3662 2480 successionem
3675 2419 3803 2492 prolis.

2303 2533 2364 2580 ut
2403 2523 2572 2580 altera
2604 2525 2703 2579 fuit
2738 2523 3016 2596 generatio
3050 2521 3304 2584 ﬁliorum,
3337 2519 3467 2590 quia
3505 2516 3728 2589 patresin
3746 2513 3800 2568 lit-

2302 2624 2419 2672 tera
2444 2623 2572 2671 suut
2596 2616 2874 2678 obcaecati,
2905 2613 2998 2669 ﬁlii
3024 2629 3122 2684 per
3144 2613 3398 2682 spiritum
3422 2610 3692 2666 illuminati.
3712 2605 3802 2660 Nar-

2302 2717 2478 2762 rantes
2499 2706 2682 2760 laudes
2709 2705 2918 2759 Domini
2937 2715 2984 2760 et
3007 2705 3220 2759 virtutes
3247 2702 3388 2774 ejus,
3418 2712 3464 2756 et
3489 2701 3713 2755 mirabilia
3730 2699 3801 2767 ἠν

2300 2814 2418 2869 qua:
2463 2795 2606 2866 fecit.
2647 2794 2811 2863 Quasi
2854 2795 3038 2850 dicat:
3080 2792 3272 2849 Patres
3318 2794 3492 2848 nostri
3533 2797 3801 2846 narraverint

2302 2887 2496 2952 nobis;
2533 2896 2707 2958 patres
2737 2887 2858 2941 dico
2887 2879 3163 2940 narrantes
3199 2884 3386 2938 laudes
3417 2883 3644 2938 Domini:
3668 2879 3801 2936 etideo

2303 2989 2598 3046 narrantes,
2625 2977 2751 3049 quia
2779 2977 3008 3033 virtutes
3037 2977 3520 3042 annuntiaverunt,
3542 2985 3590 3031 et
3615 2989 3698 3029 non
3718 2986 3801 3040 qua-

2303 3069 2600 3140 lescunque
2633 3069 2883 3135 virtutes,
2913 3070 3005 3125 sed
3027 3067 3304 3124 mirabiles
3331 3068 3556 3122 virtutes
3574 3080 3687 3136 quas
3705 3062 3799 3122 fecit.

2228 3175 2274 3237 ρ
2304 3161 2440 3216 istas
2463 3158 2746 3216 videlicet:
2790 3157 2858 3212 Et
2881 3159 3148 3214 suscitavit
3177 3158 3531 3214 testimonium
3549 3157 3597 3210 in
3617 3153 3756 3214 Iacob,
3770 3150 3801 3202 id

2305 3256 2410 3311 est,
2447 3249 2605 3305 ﬁdem
2634 3251 2752 3305 sine
2777 3250 2894 3322 lege
2921 3250 3103 3305 datam
3123 3249 3414 3304 suscitavit
3436 3249 3488 3302 in
3507 3246 3668 3311 Iacob,
3687 3243 3723 3299 id
3736 3250 3800 3303 est.

2305 3343 2358 3397 in
2409 3341 2906 3412 supplantatoribus
2951 3351 3006 3398 et
3047 3350 3238 3397 contra
3270 3341 3403 3396 vitia
3447 3339 3801 3396 luctantibusnt

2305 3434 2466 3504 legem
2489 3435 2683 3504 posuit,
2715 3435 2770 3490 id
2791 3447 2893 3500 est,
2926 3434 3154 3490 ﬁrmiter
3179 3432 3444 3490 stabilivit
3469 3435 3520 3488 in
3543 3431 3713 3488 Israel:
3735 3441 3801 3482 non

2304 3525 2360 3577 in
2384 3523 2556 3578 Israel
2584 3527 2878 3581 secundum
2905 3516 3158 3591 carnem;
3172 3527 3267 3582 sed
3297 3525 3586 3582 secundum
3611 3521 3799 3593 spiritum.

2309 3615 2461 3672 Unde
2490 3616 2616 3672 illttd
2641 3635 2661 3670 τ
2694 3617 2830 3672 Ecce
2847 3634 2964 3672 vere
2987 3615 3255 3682 Israelita,
3288 3617 3349 3672 in
3372 3633 3475 3688 quo
3507 3615 3639 3671 dolus
3665 3626 3740 3666 nos
3756 3614 3801 3661 al

2307 3706 2490 3778 (loan.
2522 3711 2583 3778 ι).
2613 3707 2747 3763 Nota
2775 3709 2901 3779 quia
2943 3707 3076 3764 ﬁdes
3113 3707 3310 3763 dicitur
3351 3707 3671 3764 testimonium
3702 3702 3800 3758 idea.

2305 3801 2434 3872 quia
2467 3801 2584 3873 lege
2609 3810 2664 3856 et
2691 3802 2969 3872 prophetis
2998 3799 3282 3856 testiﬁcata
3302 3811 3392 3857 est
3415 3820 3429 3856 :
3450 3801 3531 3857 vel
3556 3799 3671 3855 idem
3686 3799 3802 3865 pws!

2307 3895 2531 3966 intelligi
2557 3910 2653 3966 per
2679 3894 3030 3950 testimonium
3061 3903 3114 3950 et
3140 3909 3238 3964 per
3263 3894 3464 3966 legem:
3487 3893 3565 3949 lex
3584 3890 3699 3946 enim
3714 3883 3801 3940 male

2307 3984 2616 4050 utentibus,
2648 3983 3012 4040 testimonium
3059 3999 3169 4054 quo
3208 3985 3592 4039 convincuntur
3623 3970 3801 4050 puniendi

2308 4073 2547 4145 legitime
2587 4076 2880 4139 utentibus,
2911 4083 2995 4130 est
3025 4075 3397 4130 testimonium
3426 4089 3529 4144 quo
3554 4075 3799 4129 demonstre-

2311 4175 2396 4220 tur
2427 4166 2495 4220 ad
2519 4180 2677 4234 quem
2707 4165 3018 4236 confugiant
3049 4165 3336 4221 liberandi.
3369 4163 3433 4218 Et
3458 4164 3604 4235 legent
3622 4158 3749 4232 possit
3769 4155 3800 4205 it

2309 4254 2498 4311 Israel.
2527 4255 2649 4312 Illos
2679 4255 2770 4326 qui
2815 4254 2975 4311 Israel
3009 4265 3134 4311 sunt
3166 4255 3466 4311 secundum
3493 4244 3801 4313 carnemdtge

2309 4346 2461 4416 quasi
2489 4360 2653 4402 onere
2679 4346 2824 4417 gravi
2857 4345 3101 4402 oneravit
3128 4363 3142 4400 :
3183 4345 3309 4416 quia
3343 4344 3580 4402 veniente
3603 4335 3798 4396 mandato.

2312 4443 2507 4499 revixit
2551 4447 2833 4514 peccatum
2883 4442 3062 4515 (Rom.
3103 4441 3224 4514 vu).
3266 4441 3379 4499 Nec
3422 4441 3606 4497 frustra
3641 4433 3798 4508 positum

2235 4531 2285 4590 Β
2311 4541 2416 4598 est,
2445 4534 2754 4587 suscitavit:
2787 4532 2912 4603 quia
2947 4531 3078 4587 nihil
3115 4531 3414 4587 suscitatur
3455 4529 3584 4601 quod
3616 4525 3800 4596 priusso-

2313 4625 2478 4694 pitur,
2513 4625 2565 4679 in
2598 4623 2705 4678 illis
2737 4637 2865 4680 vero
2897 4623 2982 4680 lex
3016 4623 3279 4679 naturalis
3303 4633 3390 4679 est
3420 4623 3609 4692 sopita,
3644 4613 3716 4671 sed
3741 4621 3799 4680 P“

2312 4713 2484 4786 legem
2511 4715 2765 4785 scriptam
2791 4723 2876 4768 est
2901 4715 3220 4769 resuscitata
3247 4731 3261 4768 :
3289 4714 3432 4783 quod
3467 4712 3613 4776 dicit,
3637 4716 3674 4760 et
3692 4700 3799 4757 ηπί-

2313 4807 2436 4859 tavit
2464 4807 2813 4860 testimonium
2842 4808 2894 4858 in
2921 4804 3114 4867 Iacob,
3152 4805 3204 4858 in
3235 4820 3344 4874 quo
3370 4800 3648 4859 testimonio
3665 4798 3797 4866 qui“

2311 4894 2575 4948 mandavit
2598 4894 2834 4964 patribus
2873 4894 3094 4958 nostris,
3124 4893 3292 4964 Moysi
3318 4893 3555 4948 videlicet
3582 4898 3627 4943 et
3652 4885 3795 4939 Aaron.

2312 4985 2396 5038 vel
2435 4985 2557 5040 aliis
2585 4985 2830 5055 patribus
2857 4983 3150 5040 carnaliter
3179 4984 3614 5054 intelligentibus:
3648 4970 3797 5055 naudtj

2282 5075 2414 5136 τίς,
2464 5075 2558 5129 sed
2587 5053 2706 5130 ἠοιι
2753 5075 3083 5130 intellectum
3133 5075 3300 5132 dedit.
3343 5053 3407 5128 ει
3429 5072 3547 5144 quid
3575 5053 3797 5124 mandarit?

2310 5173 2435 5218 nota
2465 5165 2636 5234 facere
2672 5181 2734 5220 ea
2759 5165 2886 5234 ﬁliis
2923 5167 3036 5221 suis
3059 5183 3078 5221 :
3115 5166 3243 5235 quia
3288 5165 3416 5220 licet
3457 5164 3548 5234 ipsi
3582 5148 3794 5216 intellexis-

2314 5272 2456 5329 sent,
2489 5263 2556 5317 ab
2585 5261 2705 5317 aliis
2736 5272 2914 5317 tamen
2945 5261 3237 5318 carnaliter
3266 5257 3654 5333 intelligentibus
3672 5255 3795 5320 ρει-τεο

2311 5363 2506 5424 perunt
2531 5353 2622 5408 ﬁlii
2648 5355 2788 5424 quod
2814 5355 3216 5426 intelligendum
3243 5367 3392 5411 erat:
3429 5353 3542 5425 quia
3571 5345 3651 5423 ipsi
3669 5348 3794 5397 cam:-

2314 5447 2438 5502 liter
2483 5445 2846 5503 observabant
2889 5447 3083 5519 legem,
3115 5450 3286 5505 donec
3314 5449 3404 5504 ﬁlii
3433 5461 3522 5517 per
3542 5438 3720 5513 gratiam
3740 5427 3792 5480 in-

2315 5537 2636 5593 tellexerunt
2678 5538 2806 5606 quid
2850 5537 2935 5593 lex
2967 5538 3264 5608 ﬁgttraret:
3304 5538 3442 5610 quod
3483 5532 3615 5594 dicit.
3649 5525 3793 5610 0"?“

2316 5629 2582 5683 mandavit
2629 5630 2864 5699 patribus
2909 5629 3131 5697 nostris,
3166 5640 3285 5684 nota
3313 5609 3475 5699 facere
3501 5641 3556 5677 ea
3577 5619 3674 5690 ﬁliis
3694 5609 3789 5699 suis,

2314 5729 2368 5773 ut
2393 5732 2666 5787 cognoscat
2690 5722 2950 5786 qeneratio
2975 5721 3162 5784 altera,
3189 5724 3511 5790 subsequens
3529 5709 3722 5770 videlicet
3739 5694 3790 5748 νει
