3884 5466
70 358 149 413 549

1081 341 1612 397 ENARRATIONES
1647 341 1713 395 IN
1753 343 2090 399 PSALMOS.

3144 352 3249 409 550

70 466 248 522 alterata
274 458 318 512 in
343 451 539 525 spiritu.
570 451 638 506 Et
682 465 801 521 quae
839 458 922 505 est
966 452 1274 521 generatio?
1309 450 1434 505 Filii
1470 452 1558 521 qui
1589 454 1636 511 Α
1666 449 1827 506 tionis
1870 452 2213 519 defecerunt;
2268 453 2348 509 vel
2397 457 2462 507 ad
2516 455 2915 514 similitudinem
2963 460 3200 533 legamus
3228 483 3247 522 :

69 560 292 612 nascentur
307 562 365 603 ex
389 545 512 616 ipsis
539 544 805 614 patribus,
834 552 878 596 et
904 553 1197 611 exsurgent,
1224 543 1302 598 vel
1338 558 1453 607 non,
1473 558 1568 598 cor

68 658 188 701 suum
208 655 312 694 cum
334 635 564 706 patribus
596 634 709 688 suis
737 632 804 687 de
843 631 956 702 lege
981 631 1271 691 carnaliter
1298 632 1566 701 sapientes

66 738 237 804 ponent,
264 726 347 783 sed
374 732 653 794 exsurgcnt
678 724 876 777 animo.
916 721 1024 776 Cor
1049 737 1169 775 cum
1200 722 1424 781 Domino
1448 737 1567 776 sur-

66 839 155 879 sum
178 820 375 889 erigant,
404 814 712 885 mysterium
750 812 997 869 videlicet
1023 814 1073 868 in
1105 814 1219 881 lege
1244 815 1565 885 investigan-

67 922 125 967 tes
151 917 189 963 et
210 909 467 961 narrabant
495 902 620 972 [iliis
646 905 792 957 suis:
820 903 962 958 istud
992 903 1262 969 videlicet,
1293 914 1347 956 ut
1372 912 1564 971 ponant

64 1004 103 1054 iu
120 1000 205 1053 Deo
227 1012 349 1066 spem
369 1010 533 1057 suam,
561 1009 617 1048 sa
627 1001 865 1063 tagcntes
884 993 1027 1048 circa
1052 994 1301 1048 mandata
1332 994 1562 1057 Domini,

65 1092 157 1161 quia
195 1104 283 1143 non
322 1100 461 1155 spem
493 1100 643 1139 suam
684 1084 737 1138 in
765 1085 874 1140 Deo
899 1094 1122 1154 ponunt,
1151 1086 1241 1155 qui
1277 1100 1381 1139 non
1422 1086 1564 1140 circa

62 1183 148 1251 ejus
170 1180 389 1236 mandata
417 1185 683 1248 satagunt.
712 1176 780 1230 Et
820 1193 922 1230 non
959 1177 1329 1231 obliviscantur
1357 1194 1565 1247 operam

64 1276 150 1337 Dei,
173 1273 215 1326 id
238 1280 341 1336 est,
371 1286 469 1324 non
501 1270 610 1323 sint
637 1268 828 1338 ingrati
862 1268 1134 1323 beneliciis
1160 1269 1275 1333 Dei,
1315 1270 1404 1337 qui
1435 1284 1566 1339 ope--

63 1374 175 1418 ratur
196 1361 312 1415 velle
339 1368 386 1414 et
417 1374 510 1428 pro
540 1361 679 1413 bona
705 1357 977 1413 voluntate
1005 1359 1283 1427 perlicere.
1320 1358 1388 1412 Et
1414 1375 1573 1413 man—

62 1456 153 1506 data
174 1456 269 1521 ejus
302 1451 599 1521 exquirant,
645 1465 750 1504 non
798 1457 1005 1502 tantum
1047 1457 1105 1502 ut
1132 1449 1340 1513 sciant,
1372 1449 1466 1503 sed
1510 1455 1568 1503 ut

62 1545 263 1613 impleant
285 1554 335 1597 et
363 1544 460 1596 hoc
485 1542 625 1605 idco,
653 1558 715 1595 ne
736 1541 867 1609 ﬁant
889 1540 1020 1594 sicut
1049 1551 1222 1610 putres
1243 1556 1421 1594 eorum
1440 1581 1455 1606 ,
1481 1556 1568 1609 ge-

61 1634 210 1686 neratio
240 1632 470 1686 videlicet
493 1648 677 1700 prava,
703 1631 754 1684 id
777 1639 859 1685 est
888 1630 1136 1693 distorta,
1161 1640 1209 1683 et
1229 1645 1563 1699 exasperans,

60 1727 94 1779 id
116 1735 197 1785 est,
235 1725 386 1778 Deum
413 1723 792 1778 amarilicans:
831 1725 1093 1793 generatio
1116 1723 1271 1788 dico,
1307 1738 1425 1797 quia
1462 1740 1565 1778 non

1667 539 1797 595 Filii
1835 543 2087 613 Ephraim
2133 546 2452 600 intendentes
2491 555 2539 598 et
2594 548 2849 603 mittentes
2884 569 3086 619 areum,
3128 572 3254 610 eon-

1665 633 1798 684 uersi
1831 643 1951 686 sunt
1979 633 2032 687 in
2056 634 2140 688 die
2167 633 2302 698 belli,
2338 635 2390 690 id
2422 644 2523 700 est,
2552 638 2940 706 comparabiles
2973 641 3095 696 facti
3124 653 3253 697 sunt

1666 720 1790 784 illis,
1821 723 1990 791 quiin
2022 724 2108 779 die
2146 724 2294 795 pacis
2331 727 2499 782 armis
2546 728 2927 798 pmluderent,
2972 739 3027 785 et
3071 733 3125 787 in
3167 734 3251 788 dte

1667 809 1784 863 belli
1817 810 1993 882 fugam
2029 814 2257 870 inirent:
2287 818 2409 887 quia
2432 818 2531 888 ipsi
2557 818 2610 873 in
2635 820 2722 874 die
2753 820 3042 875 auditionis
3069 824 3252 879 omnia

1666 902 2079 975 promittebant,
2117 914 2171 958 et
2212 906 2299 959 die
2336 906 2563 961 actionis
2603 907 2732 962 nihil
2771 908 2897 963 boni
2950 909 3250 980 faciebant;

1666 992 1807 1059 quod
1838 992 1992 1057 dicit,
2020 997 2250 1050 conversi
2268 1007 2386 1050 sunt
2411 998 2465 1051 in
2487 999 2573 1052 die
2593 999 2711 1053 belli
2733 1016 2751 1054 :
2774 1009 2828 1055 et
2851 1014 2978 1057 ecce
2998 1002 3252 1071 qualiter,

1666 1082 1791 1151 quia
1828 1100 1929 1137 non
1960 1087 2315 1140 custodierunt
2340 1098 2701 1142 testamentum
2738 1088 2853 1157 Dei,
2895 1091 2948 1145 id
2985 1098 3086 1155 est,
3130 1107 3255 1161 pro-

1667 1172 1952 1229 missiones
1980 1173 2187 1231 Domini
2220 1176 2271 1229 in
2307 1175 2454 1230 Novo
2489 1164 2832 1235 Testamento
2861 1178 3052 1234 factas.
3092 1178 3160 1233 Et
3199 1182 3253 1235 in

1667 1261 1775 1332 lege
1822 1262 1936 1332 ejus
1996 1266 2272 1319 noluerunt
2320 1267 2629 1321 ambulare:
2671 1269 2795 1338 quia
2852 1271 2951 1325 etsi
3014 1258 3255 1326 exterius

1667 1354 2014 1409 ostenderent
2046 1356 2338 1409 secundum
2388 1355 2556 1425 legem
2597 1358 2891 1422 ambulare,
2942 1348 3119 1415 tamen
3173 1362 3252 1416 in-

1671 1444 1838 1507 terius
1878 1446 1924 1499 ei
1962 1446 2451 1501 contradicebatur.
2514 1448 2579 1502 Et
2624 1450 2768 1503 obliti
2802 1461 2925 1506 sunt
2960 1438 3255 1522 benefacto-

1669 1551 1783 1588 rum
1816 1535 1949 1605 ejus,
1976 1546 2022 1590 et
2049 1537 2366 1591 mirabilium
2392 1539 2504 1608 eius
2532 1556 2634 1610 qua
2663 1526 2883 1597 ostendit
2911 1545 3028 1597 eis:
3060 1544 3254 1613 quibus

1671 1625 2095 1693 admonebantur
2114 1642 2144 1679 a
2177 1627 2284 1681 Deo
2310 1643 2414 1683 non
2441 1631 2727 1696 recedere;
2759 1641 2814 1687 et
2855 1648 2982 1688 ecce
3028 1634 3252 1688 mirabi—

1672 1718 1738 1773 lia
1770 1733 1785 1772 :
1813 1718 2001 1773 Coram
2029 1720 2264 1795 patribus
2295 1737 2472 1774 eorum
2497 1762 2511 1786 ,
2546 1722 2727 1793 Moyse
2764 1733 2820 1779 ct
2851 1725 3033 1780 Aaron
3059 1734 3114 1781 et
3136 1725 3257 1782 aliis

57 1819 199 1870 direxit
220 1833 305 1870 eor
332 1833 500 1869 suum.
526 1814 663 1868 Nota
688 1829 703 1868 :
742 1816 1049 1885 quicunque
1087 1830 1192 1869 non
1236 1815 1436 1870 habent
1473 1830 1570 1871 cor
1598 1806 1644 1866 Β
1672 1815 1972 1870 senioribus
2000 1814 2183 1878 Israel,
2214 1816 2334 1885 fecit
2364 1817 2626 1871 mirabilia
2655 1818 2708 1872 in
2744 1829 2886 1874 terra
2930 1821 3172 1892 zEgypli,
3199 1822 3254 1875 in

57 1910 281 1973 directum,
308 1918 359 1964 et
398 1908 443 1961 si
474 1908 758 1962 videantur
795 1921 914 1962 esse
955 1907 1190 1969 directa,
1220 1922 1326 1960 non
1369 1906 1570 1960 habent

55 2012 211 2064 opera:
248 1997 378 2051 Deus
420 2006 601 2051 autem
648 2004 828 2053 rectus
869 2005 982 2060 est,
1014 2006 1068 2050 et
1113 1996 1419 2067 quicunque
1456 1997 1583 2055 vult,

56 2097 212 2139 rectum
253 2102 339 2141 cor
368 2088 590 2152 habere,
630 2100 848 2142 necesse
881 2095 965 2141 est
992 2094 1048 2140 ut
1075 2082 1446 2156 cdmplanetur
1483 2088 1566 2142 in-

54 2178 351 2233 commutabili
386 2178 614 2248 justitia:
640 2179 734 2233 Dei
769 2187 825 2234 et
855 2178 1159 2234 rectitudini
1179 2219 1194 2243 ,
1224 2180 1310 2234 cui
1338 2179 1452 2234 hicc
1479 2194 1569 2249 ge-

54 2266 213 2319 neratio
230 2282 323 2322 non
351 2267 447 2322 fuit
473 2268 853 2338 complanata:
895 2277 950 2323 et
983 2269 1087 2323 hoc
1126 2269 1273 2334 ideo,
1304 2269 1569 2339 quianon

52 2366 104 2406 eu
129 2358 320 2410 creditus
346 2376 459 2411 cum
493 2358 602 2413 Deo
627 2359 841 2430 spiritus
869 2359 1007 2428 ejus,
1037 2359 1089 2414 id
1120 2372 1222 2425 est,
1247 2375 1353 2415 non
1381 2358 1569 2415 habuit

54 2443 170 2498 lldt’fll
194 2462 298 2514 quae
333 2448 587 2518 impetrat
608 2449 747 2519 quod
774 2449 858 2503 lex
893 2448 1139 2518 imperat.
1168 2449 1391 2517 Quando
1421 2449 1567 2503 enim

52 2551 139 2589 rum
162 2551 390 2606 operante
420 2541 617 2610 Spiritu
651 2540 745 2597 Dei
777 2548 1099 2611 cooperatur
1135 2540 1358 2610 spiritus
1397 2540 1568 2595 homi-

50 2629 127 2691 nis,
151 2638 255 2685 tuuc
280 2632 524 2702 impletur
543 2634 688 2703 quod
720 2635 860 2689 Deus
883 2633 1054 2703 jubet.
1098 2633 1211 2688 Hoc
1244 2642 1423 2689 autem
1460 2648 1564 2688 non

50 2728 180 2782 potest
213 2720 338 2784 fieri,
366 2721 466 2776 nisi
511 2721 785 2777 credendo
814 2724 866 2785 in
901 2739 1023 2778 eum
1050 2723 1140 2793 qui
1179 2722 1437 2792 justilicat
1467 2723 1570 2777 im-

49 2807 170 2872 pium.
194 2809 248 2862 Et
274 2826 395 2865 vere
416 2812 620 2867 dicitur
653 2812 797 2867 istud
825 2814 1048 2877 dictum,
1076 2815 1142 2869 ad
1164 2815 1564 2884 expressionem

49 2897 189 2963 gratiae
224 2899 434 2966 divimn,
464 2917 593 2972 quae
623 2918 728 2957 non
765 2911 968 2957 tantum
1009 2914 1266 2973 operatur
1298 2903 1567 2958 remissio-

49 3002 136 3039 nem
158 3001 498 3057 peccatorum,
531 2992 630 3047 sed
660 2991 786 3047 facit
814 2993 1064 3063 spiritum
1094 2993 1327 3048 hominis
1352 2994 1566 3064 operari

49 3092 138 3130 cum
161 3081 331 3149 spiritu
358 3082 451 3138 Dei
477 3093 533 3138 et
558 3084 675 3154 ipse
697 3083 856 3139 habet
881 3084 1142 3139 creditum
1165 3085 1413 3153 spiritum
1443 3100 1565 3139 cum

1669 1919 1849 1972 campo
1878 1902 2095 1957 Taneos.
2138 1903 2425 1974 Interrupit
2450 1922 2614 1971 mare,
2640 1906 2881 1985 Rubrum
2910 1910 3178 1973 videlicet,
3204 1919 3252 1964 et

1666 1994 1906 2062 perduxit
1954 2011 2061 2059 eos,
2104 2004 2152 2048 et
2194 1996 2374 2055 statuit
2403 2012 2588 2064 aquas,
2627 1997 2680 2053 id
2708 2008 2809 2063 est,
2838 2002 3090 2055 Statorius
3128 2000 3257 2058 fecit

1666 2084 1823 2152 quasi
1849 2084 1904 2137 in
1933 2095 2065 2148 utre,
2094 2085 2350 2141 subaudis
2376 2087 2795 2145 concludendas.
2837 2092 2963 2146 Hmc
3011 2093 3063 2146 in
3100 2093 3255 2148 nobis

1669 2174 1891 2243 mystice
1913 2174 2114 2244 aliquid
2140 2176 2443 2247 designant,
2476 2178 2602 2247 quia
2631 2180 2744 2250 ipsa
2780 2183 2835 2236 in
2870 2193 3008 2237 terra
3034 2183 3253 2254 diggpti

1670 2264 2054 2335 intelliguntur.
2098 2267 2261 2322 Multa
2290 2278 2543 2337 operatus
2580 2282 2666 2325 est
2702 2273 2966 2327 mirabilia
3012 2274 3066 2328 in
3116 2274 3257 2329 inte-a

1669 2357 1817 2419 riori,
1848 2356 1972 2412 licet
2000 2372 2104 2411 non
2128 2358 2181 2412 in
2212 2357 2455 2431 pluribus
2477 2369 2734 2429 Operatns
2766 2363 2839 2417 sit
2866 2362 2918 2417 in
2946 2364 3201 2420 exteriori
3235 2380 3250 2418 :

1668 2456 1724 2502 et
1752 2447 1852 2502 hoc
1880 2448 1933 2502 in
1962 2464 2144 2517 eampo
2177 2446 2218 2500 T
2220 2465 2398 2513 aneos,
2435 2449 2487 2504 id
2511 2461 2593 2505 est
2620 2451 2673 2505 in
2708 2452 2812 2507 illis
2836 2453 2927 2524 qui
2950 2454 3256 2511 custodien-

1670 2544 1750 2591 tes
1795 2537 2042 2592 mandata
2083 2537 2315 2602 Domini,
2371 2540 2633 2595 lntmiliati
2689 2554 2835 2598 sunt.
2895 2543 3061 2599 Tanis
3109 2545 3255 2601 enim

1668 2622 2052 2699 interpretatur
2075 2629 2383 2683 mandatum
2413 2646 2433 2685 :
2460 2646 2682 2703 campus
2723 2649 2852 2691 vero
2894 2636 3124 2692 humiles
3162 2636 3258 2693 de-

1667 2719 1878 2789 signat;
1923 2720 2047 2789 quia
2085 2736 2190 2776 non
2236 2721 2586 2777 salvabuntur
2625 2739 2723 2794 per
2769 2727 3102 2793 mandatum,
3150 2727 3256 2784 nisi

1668 2809 1919 2865 humiles.
1977 2808 2133 2877 Quod
2188 2826 2341 2867 mare
2400 2811 2757 2882 interruptum
2805 2824 2933 2881 est,
2985 2817 3303 2893 signiﬁcatg

1666 2897 1991 2967 baptismum
2011 2938 2026 2964 ,
2053 2899 2106 2953 in
2133 2915 2240 2969 quo
2264 2915 2452 2957 omnes
2482 2903 2665 2959 hostes
2691 2906 2861 2989 nostri
2896 2906 3256 2978 submergun-

1670 3000 1771 3055 tur,
1806 2993 1931 3062 quia
1966 3002 2188 3063 peccata
2225 2994 2507 3065 originalia
2550 3005 2606 3052 et
2646 2998 2877 3053 actualia
2916 2999 3257 3056 abluuntur:

1670 3082 1766 3136 sed
1794 3083 2207 3157 interrumpitur
2234 3095 2439 3156 postea,
2473 3087 2599 3156 quia
2634 3088 2737 3143 etsi
2763 3103 2952 3146 omnes
2979 3092 3260 3161 aequaliter

49 3167 146 3233 Deo,
180 3174 257 3241 qui
297 3176 464 3229 credit
510 3190 571 3231 se
617 3191 725 3229 non
771 3190 926 3245 posse
954 3174 1134 3231 facere.
1154 3175 1420 3245 justitiam
1451 3158 1642 3232 sincC
1674 3177 1942 3248 recipiunt
1992 3178 2045 3233 in
2095 3179 2417 3249 baptismate
2465 3180 2837 3236 remissionem
2885 3158 3258 3253 peccatorum,

50 3260 155 3325 Deo,
196 3273 243 3318 et
283 3266 379 3321 hoc
421 3276 505 3322 est
542 3266 768 3322 credere
799 3266 851 3319 in
890 3266 1077 3329 Deum,
1112 3267 1254 3337 quod
1285 3268 1457 3339 majus
1486 3274 1569 3322 est

50 3365 168 3416 quam
209 3357 439 3411 credere.
488 3357 749 3413 Creditur
798 3356 941 3411 enim
992 3356 1226 3421 homini,
1267 3357 1359 3423 sed
1395 3356 1573 3413 nullus

49 3442 174 3494 credit
215 3444 262 3498 in
304 3446 599 3501 hominem.
651 3445 884 3501 Credere
923 3454 1103 3501 autem
1153 3446 1206 3500 in
1252 3448 1416 3502 Deum
1452 3455 1570 3513 est,

49 3537 259 3592 credendo
296 3541 573 3595 adhazrcre
613 3541 666 3595 in
710 3542 845 3597 bene
884 3542 1219 3612 cooperando
1256 3544 1397 3597 bona
1440 3558 1571 3613 ope-

50 3630 146 3681 ranti
176 3630 288 3687 Deo.
319 3633 449 3688 Filii
477 3636 736 3705 Epitraim
776 3636 1095 3691 intendentes
1128 3648 1175 3692 et
1211 3646 1465 3693 mittentes
1488 3655 1575 3691 ar-

50 3734 155 3784 tum,
190 3728 406 3780 corrrersi
435 3737 557 3781 sunt
605 3728 661 3779 in
702 3727 787 3780 die
827 3728 965 3781 belli.
1007 3728 1139 3783 Nota
1178 3737 1363 3800 aperte
1407 3738 1576 3784 totum

50 3812 105 3865 uic
144 3814 340 3888 intelligi
393 3833 494 3888 per
544 3817 688 3873 ﬁlios
736 3818 1022 3887 Ephraim,
1068 3819 1317 3875 videlicet
1353 3830 1578 3875 caateros

49 3899 207 3961 ludens
248 3919 299 3963 et
344 3910 413 3964 ab
460 3925 527 3965 ea
579 3920 738 3979 parte
784 3925 815 3964 a
869 3924 975 3979 qna
1010 3910 1349 3980 potissimum
1390 3910 1579 3965 melius

49 3996 310 4059 sperandum
361 4000 599 4053 fuerat:
660 3999 913 4067 quoniam
966 3982 1091 4054 cum
1136 3998 1302 4055 Jacob
1350 4000 1580 4070 caligas-

49 4092 294 4158 ientoculi,
326 4093 589 4164 praecepit
628 4092 825 4162 Ioseph
864 4092 973 4147 lilio
1014 4108 1141 4158 suo,
1185 4101 1244 4147 ut
1291 4093 1581 4148 adduceret

50 4174 143 4232 ilios
184 4196 302 4237 suos
347 4183 615 4253 Ephraim
666 4192 720 4236 et
761 4181 1079 4249 Manassen,
1126 4192 1186 4236 ut
1228 4184 1295 4237 ah
1338 4198 1403 4239 eo
1441 4183 1583 4238 acci-

50 4281 187 4325 terent
234 4272 694 4328 benedictionem.
745 4270 943 4340 Joseph
993 4272 1262 4327 adducens
1304 4287 1425 4338 eos,
1474 4280 1584 4327 sta-

55 4357 113 4409 uit
137 4358 401 4416 Manassen
430 4363 503 4416 ad
533 4361 844 4423 dexteram,
882 4360 1007 4430 quia
1051 4360 1223 4431 major
1249 4369 1366 4416 erat
1392 4369 1583 4426 natale,

50 4459 77 4500 rt
110 4452 339 4522 prraim
375 4457 445 4511 ad
493 4454 799 4509 sinistram.
843 4452 1011 4508 Jacob
1049 4462 1227 4508 autem
1270 4454 1583 4523 pr0phetico

1671 3281 1780 3322 non
1824 3277 2002 3323 tamen
2042 3268 2291 3325 omnibus
2335 3277 2419 3324 est
2463 3268 2532 3323 ad
2570 3269 2984 3342 salutem:quia
3040 3272 3124 3327 his
3168 3274 3262 3343 qui

1672 3366 1793 3425 post
1823 3344 2272 3414 resurrectionem
2304 3358 2643 3428 baptismatis
2697 3376 2729 3413 a
2775 3360 2886 3415 Deo
2935 3369 3261 3431 apostatant,

1674 3456 1758 3501 est
1783 3447 1853 3501 ad
1874 3447 2227 3516 perditionem
2258 3465 2271 3502 :
2300 3448 2427 3518 quia
2471 3448 2661 3505 melius
2706 3460 2790 3506 est
2833 3450 2977 3505 viam
3013 3453 3262 3509 veritatis

1675 3538 1947 3608 ignorare,
1997 3554 2157 3607 quam
2194 3547 2316 3608 post
2362 3530 2595 3610 agnitam
2641 3549 2935 3597 retrorsum
2989 3543 3139 3598 abire
3174 3542 3262 3616 (Il

1678 3629 1823 3683 Petr.
1853 3631 1937 3701 ιι).
1978 3629 2046 3685 Et
2065 3630 2252 3684 statuit
2275 3644 2442 3699 aquas
2463 3631 2616 3700 quasi
2644 3631 2698 3686 in
2721 3642 2864 3697 utre,
2894 3632 2943 3687 id
2965 3642 3069 3699 est,
3098 3633 3263 3690 ﬂuida

1677 3723 1911 3793 carnalia
1953 3734 2136 3779 nostra
2165 3724 2429 3779 desideria
2466 3725 2689 3780 statoria
2711 3725 2860 3792 fecit,
2888 3728 3040 3797 quasi
3064 3728 3118 3783 in
3147 3738 3267 3785 utre

1678 3818 2042 3873 concludenda
2075 3833 2088 3870 :
2117 3816 2241 3886 quia
2268 3816 2345 3872 sic
2368 3806 2432 3873 ea
2467 3817 2567 3873 sub
2590 3827 2853 3888 potestate
2888 3829 3073 3875 nostra
3104 3822 3263 3878 rede-

1679 3909 1773 3979 git,
1806 3919 1865 3963 ut
1889 3924 1996 3963 non
2022 3908 2250 3978 amplius
2278 3923 2377 3964 nos
2402 3908 2743 3980 immergant,
2782 3910 2884 3966 nisi
2926 3911 3005 3966 eis
3038 3927 3268 3967 consen-

1684 4000 1785 4053 tire
1824 3997 2068 4054 velimus.
2109 3998 2181 4051 Et
2220 3998 2435 4065 deduxit
2483 4015 2569 4053 eos
2616 3999 2671 4051 in
2718 3999 2850 4054 nube
2895 4001 3020 4065 diei,
3071 4011 3117 4055 et
3157 4010 3269 4058 tota

1684 4098 1829 4144 nocte
1874 4089 1927 4141 in
1969 4087 2349 4142 illuminatione
2398 4087 2551 4158 ignis.
2608 4086 2720 4143 Hoc
2762 4088 2866 4143 illis
2919 4088 3270 4146 historialiter

1683 4180 1881 4235 factum
1914 4190 2015 4244 est,
2042 4187 2101 4233 ut
2135 4178 2311 4234 securi
2351 4178 2492 4234 irent
2520 4197 2533 4232 :
2561 4194 2659 4234 nos
2700 4189 2879 4235 autem
2926 4182 3135 4237 deducti
3179 4199 3270 4238 sn-

1684 4289 1804 4329 mus
1845 4275 1900 4327 in
1940 4273 2073 4327 nube
2109 4273 2243 4336 diei,
2285 4272 2337 4325 id
2372 4279 2490 4336 est,
2529 4272 2628 4326 sub
2664 4275 2998 4341 protectione
3035 4273 3270 4343 splendi-

1685 4364 1919 4418 dissima:
1950 4362 2129 4418 carnis
2155 4360 2377 4426 Christi,
2406 4376 2525 4430 qua:
2557 4376 2652 4431 per
2689 4363 2883 4417 nubem
2932 4363 3266 4432 intelligitur.

1687 4453 1840 4509 Unde
1879 4453 2038 4516 illud,
2075 4452 2325 4507 Ascendet
2357 4452 2498 4505 Deus
2524 4451 2575 4504 in
2606 4452 2790 4504 nubem
2824 4450 2981 4505 levem
3017 4464 3063 4507 et
3102 4454 3272 4523 ingre-

50 4518 185 4609 piritu
214 4547 398 4603 videns
430 4548 562 4617 quia
590 4546 748 4616 primi
767 4555 917 4599 erunt
944 4546 1225 4608 novissimi,
1248 4554 1296 4600 et
1320 4545 1583 4599 novissimi
1612 4518 1663 4580 θ
1690 4543 1864 4598 dietur
1914 4544 2206 4614 Egyptum
2236 4582 2252 4609 ,
2304 4552 2359 4598 et
2394 4542 2695 4612 confringet
2732 4543 2911 4596 omnia
2957 4544 3095 4598 idola
3150 4546 3271 4615 ejus

50 4636 153 4685 nimi
174 4634 376 4703 (Matth.
402 4636 523 4707 xx),
550 4634 812 4689 varicatis
830 4636 1077 4690 manibus
1095 4635 1241 4689 dedit
1259 4634 1583 4690 benedictio-

50 4740 145 4789 rem,
175 4728 447 4785 dexteram
480 4742 696 4800 ponens
726 4742 887 4797 super
913 4727 1169 4797 Ephraim
1191 4725 1343 4797 (Gen.
1370 4728 1580 4797 xcvm).

49 4816 102 4871 Sic
121 4820 238 4875 Abel
268 4821 452 4889 junior
474 4821 637 4875 fratri
662 4836 759 4876 suo
779 4821 1032 4889 praelatus
1050 4830 1151 4885 est,
1186 4819 1333 4875 Isaac
1353 4820 1585 4886 lsmaeli,

50 4908 164 4966 iacob
195 4912 353 4980 Esau,
383 4913 559 4968 David
590 4912 888 4982 majoribus
917 4910 1175 4966 fratribus
1212 4913 1421 4967 cunctis
1454 4927 1591 4982 prmo

50 5009 145 5056 atus
194 5014 273 5059 est
315 5003 471 5076 (Gen.
534 5018 617 5067 ιν,
671 5016 761 5055 xxr
807 5009 861 5055 et
898 5016 1080 5067 xxvn;
1114 5001 1143 5055 Ι
1190 5000 1317 5071 Reg.
1351 5002 1495 5073 xvr);
1536 5002 1588 5055 in

49 5090 195 5156 juibus
241 5095 494 5148 omnibus
559 5089 899 5161 signiﬁcatur
948 5091 1075 5160 quia
1122 5088 1345 5146 Judaico
1399 5092 1594 5164 populo

50 5178 359 5239 inefcrendus
385 5191 509 5239 erat
529 5180 895 5237 Christianus.
944 5180 1147 5235 Littera
1172 5181 1251 5236 sic
1276 5184 1591 5252 exponitur:

49 5267 138 5324 E'ilii
162 5273 427 5344 Epitraim,
454 5274 535 5330 illi
556 5272 829 5341 _videlicet
856 5274 946 5341 qui
976 5273 1295 5331 videbantur
1325 5277 1592 5345 meliores,

55 5363 317 5412 “"m'entoq
339 5381 547 5410 nrt-um,
574 5364 842 5406 inmanius!
868 5363 1105 5404 υἶιιιιηρρι
1131 5366 1266 5402 hnna
1290 5382 1449 5412 ωηο-..η
1476 5380 1571 5412 mm

1694 4631 1827 4703 (Isa.
1870 4633 2005 4702 xxx).
2046 4631 2114 4685 Et
2156 4642 2265 4686 tota
2301 4642 2463 4694 nocte,
2520 4633 2573 4686 id
2612 4642 2714 4696 est,
2754 4632 2804 4684 in
2845 4631 2933 4687 die
2974 4633 3276 4697 tribulatio?

1692 4723 1777 4778 nis
1820 4723 2047 4777 deducet
2089 4738 2188 4777 nos
2241 4722 2496 4777 Dominus
2522 4724 2574 4775 in
2601 4722 2732 4777 nube
2760 4724 2885 4791 diei,
2918 4734 2965 4778 et
2989 4734 3096 4777 tota
3127 4735 3275 4779 nocte

1688 4815 1744 4868 in
1770 4808 2150 4867 illuminatione
2174 4814 2328 4884 ignis,
2354 4812 2406 4867 id
2427 4822 2528 4879 est,
2554 4812 2608 4866 in
2632 4813 2786 4868 donis
2810 4814 3044 4884 Spiritus
3066 4817 3273 4870 sancti:

1688 4913 1775 4969 vel
1808 4914 1862 4966 in
1902 4913 2033 4967 nube
2061 4912 2336 4982 praecessit
2383 4913 2436 4968 in
2482 4914 2588 4974 dic,
2631 4913 2885 4982 quoniam
2925 4914 3085 4985 justis
3130 4916 3280 4970 mitis

1696 5004 1975 5074 apparebit
1998 5003 2152 5072 quasi
2180 5003 2232 5057 in
2261 5004 2415 5058 nube.
2430 5004 2556 5061 levi.
2596 5002 2664 5056 Et
2705 5003 2759 5057 in
2803 5016 2962 5061 nocte
3005 5006 3283 5074 pramessit

1698 5092 1754 5147 in
1808 5095 1949 5164 igne,
1995 5092 2121 5164 quia
2174 5092 2428 5150 terribilis
2481 5093 2761 5165 apparebit
2806 5094 3140 5164 injustiszet
3182 5092 3285 5147 hoc

1700 5187 1822 5255 igne
1859 5185 1990 5255 justi
2039 5187 2507 5253 illuminahuntur,
2564 5184 2714 5252 impii
2763 5195 2943 5241 autem
2985 5181 3287 5237 ardcbunt:

1700 5278 1975 5346 interrupit
2023 5286 2226 5347 petram
2276 5276 2329 5330 in
2366 5293 2566 5340 eremo,
2590 5282 2635 5326 et
2657 5273 2934 5344 adaquavit
2961 5287 3044 5327 eos
3074 5267 3205 5323 velut
3234 5269 3291 5321 in

1704 5367 1886 5404 alumen
1913 5368 2078 5404 multa
2143 5366 2275 5402 ann
2308 5369 2433 5412 ιιι-1η,
2464 5366 2621 5412 ηνίιια
2661 5376 2725 5400 av
2769 5365 2922 5402 ann-ia
2957 5373 3111 5398 rnnnc
3144 5354 3267 5392 funi!
