3918 6464
605 346 705 405 551
1234 343 1495 399 ιιωιιαιι
1534 338 2149 396 ΑΝἸἹΞΞΙΟΒΟΒΕΝΞΙ

2232 336 2384 394 ΟΡΡ.
2425 335 2627 391 PARS.
2660 335 2700 389 1.
2739 365 2810 376 --
2845 334 3258 396 EXEGETICA.
3711 345 3779 404 552

600 475 862 536 percussa
887 469 974 516 est
1005 467 1178 531 petra,
1207 458 1477 528 signiﬁcat
1497 457 1621 526 quia
1643 456 1891 511 Christus
1923 455 1974 508 in
1997 452 2199 522 duplici
2228 459 2274 517 Α
2305 447 2446 502 unde
2502 445 2836 501 reticiuntnr.
2908 445 3062 500 Unde
3130 444 3262 501 illud
3316 464 3329 500 :
3394 444 3568 505 Omnes
3615 458 3782 515 unde.

601 555 749 626 ligno
779 552 958 607 crucis
983 558 1239 606 extensus
1267 548 1387 614 fuit,
1421 559 1478 604 et
1508 549 1560 602 in
1592 548 1682 615 illo
1723 556 1946 601 extenso
1978 559 2200 600 emana-
2302 556 2472 594 escam
2501 536 2790 607 spiritalem
2820 538 3288 603 manducaverunt,
3316 550 3362 595 et
3395 542 3612 597 evanidam
3659 558 3784 615 potu

602 625 800 703 verunt
846 658 1001 714 aqua:
1040 642 1359 715 largissimae
1391 659 1406 697 :
1439 641 1565 711 quia
1613 637 1925 711 prophetica
1961 636 2105 693 dicta
2146 635 2199 689 in
2300 628 2589 699 spiritalem
2643 626 2881 696 biberunt
2928 626 2990 698 (l
3042 625 3165 681 Cor.
3193 626 3271 697 χ).
3314 625 3517 683 Cibaria
3544 632 3659 686 misit
3679 636 3784 692 eisin

600 748 780 796 morte
825 751 924 793 sua
966 728 1322 806 i‘ntelligibilia
1354 733 1511 805 facta,
1535 743 1682 799 sunt,
1707 732 1835 803 quia
1869 730 1986 786 vela
2019 727 2199 799 templi
2302 718 2643 773 abundantia.
2679 716 2745 772 Et
2783 719 3053 806 Quomodo
3105 718 3243 772 hoc?
3280 717 3553 773 Transtulit
3604 721 3784 784 Auum

601 829 773 885 scissa
827 806 975 891 sunt,
1012 802 1199 881 omnis
1241 802 1543 880 obscuritas
1593 802 1890 894 prophetici
1936 819 2202 876 sermonis
2301 807 2367 862 de
2394 805 2545 871 εοειο,
2587 807 2639 861 ill
2695 813 2897 860 lcrl'am
2923 802 3351 876 ευῑωιιιιίενειυὶει
3376 808 3559 862 malam
3583 809 3781 883 intempe-

600 920 877 987 dcstructa
921 925 1006 972 est
1036 933 1051 971 :
1083 931 1152 972 ex
1196 915 1392 985 quibus
1441 898 1774 985 propheticis
1805 898 1989 968 'dictis
2027 897 2201 964 'ntulti
2303 900 2436 987 rietn
2466 898 2611 954 acris
2636 899 2921 963 destruxit,
2949 905 3005 952 cl
3046 899 3359 967 temperiem
3387 898 3569 954 bonam
3593 903 3657 956 eis
3672 904 3783 960 ttulit.
3854 942 3855 987 ᾖ

600 983 796 1067 divites
822 1009 993 1081 potati
1018 998 1163 1064 sunt.
1204 983 1358 1063 Unde
1386 983 1513 1061 illud
1588 1005 1650 1061 Si
1692 1005 1809 1076 quis
1855 1002 1982 1067 sitit,
2030 1001 2202 1071 ueniat
2301 983 2370 1046 Et
2400 983 2613 1081 ’ἰηᾱιιςεὶι
2640 992 2695 1045 iu
2717 991 2906 1045 uirtute
2934 1007 3033 1045 sua
3071 990 3327 1060 Africum,
3356 1001 3426 1081 pet
3451 992 3570 1060 pluit
3597 1010 3786 1064 superent

598 1101 668 1155 ad
715 1079 887 1156 meet
926 1099 1067 1154 bibat
1098 1098 1279 1170 (Joan.
1326 1096 1464 1169 vn);
1514 1098 1657 1168 quod
1708 1096 1880 1152 dicit:
1914 1086 2207 1161 Interrupit
2300 1081 2433 1135 εἱεῑιι
2458 1079 2724 1150 Pulvere?“
2751 1084 2934 1169 ςανηθδ
2962 1090 2982 1136 ἔ
3011 1086 3198 1170 θῑγιιοη
3247 1079 3620 1170 qualescunque
3638 1096 3785 1148 carnes.
3854 1108 3855 1123 ι

597 1202 800 1261 petram
856 1192 914 1245 in
957 1168 1150 1256 eremo,
1200 1200 1249 1244 et
1292 1168 1577 1259 adaquavit
1616 1203 1705 1242 eos
1743 1185 1880 1241 velut
1922 1187 1977 1239 in
2015 1184 2144 1255 abys.

2301 1171 2394 1225 sed
2421 1170 2555 1224 sicut
2577 1168 2799 1225 arenam
2825 1171 2985 1223 maris
3006 1169 3238 1225 volatilia
3260 1181 3503 1240 pennata.
3523 1168 3623 1228 Non
3647 1174 3783 1232 frustra

597 1260 789 1334 multa,
846 1279 917 1335 Ει
963 1279 1236 1350 quomodo
1285 1277 1439 1334 hoc?
1495 1276 1632 1343 Quia
1679 1276 1860 1330 ειιηπξι
1909 1290 2102 1345 aquam
2138 1272 2205 1326 de
2302 1261 2433 1315 dicit
2467 1271 2722 1330 pennata,
2769 1275 2892 1314 cum
2939 1260 3121 1315 omnia
3160 1261 3396 1316 volatilia
3425 1272 3543 1317 sunt
3570 1270 3784 1333 pennata:

597 1379 745 1438 petra
772 1410 789 1435 ,
842 1379 890 1424 et
930 1349 1156 1425 deduxit
1190 1379 1439 1440 tanquam
1472 1367 1697 1438 ﬂumina
1733 1382 1918 1436 aquas.
1968 1364 2035 1418 Et
2076 1363 2203 1418 licet
2300 1351 2395 1407 Sed
2431 1349 2558 1421 (luia
2600 1349 2846 1406 ἀίοῑυτυδ
2870 1360 3009 1416 erat.
3037 1350 3334 1404 εεείάϐηιηε
3367 1351 3423 1404 in
3463 1351 3615 1405 πιθάίο
3652 1365 3787 1408 tam?

600 1459 917 1516 lmoomnia
942 1460 1028 1529 his
1049 1459 1286 1526 fecisset,
1310 1469 1488 1513 tamen
1515 1458 1687 1511 adhuc
1707 1463 2057 1526 opposuerunt
2079 1470 2147 1522 rei

2302 1456 2419 1495 rum
2467 1457 2667 1506 eorum,
2714 1440 2978 1511 praemisit
3007 1440 3242 1494 rolatilia
3273 1450 3595 1511 pennata,'ttt
3624 1443 3786 1496 adnun-

596 1564 719 1604 care
741 1550 810 1615 ei,
834 1540 888 1606 id
906 1558 1011 1615 est,
1034 1558 1221 1606 contra
1242 1564 1395 1614 eum;
1418 1548 1495 1603 sic
1509 1546 1758 1603 videlicet
1774 1563 1787 1599 :
1804 1546 1955 1599 inira
1967 1543 2202 1598 cancita-
2303 1534 2434 1589 ῑῖοηῖ
2463 1534 2663 1588 habeas
2684 1554 2689 1561 ‘
2714 1533 2950 1587 νοιῖιιίῑὶίι
2998 1532 3278 1587 εθοῖάῖεεε-
3324 1530 3391 1585 ΕΙ
3436 1532 3786 1587 mandantem!

596 1655 783 1696 υεηηιι
814 1655 938 1697 cum
962 1641 1017 1695 ίη
1036 1643 1310 1712 imque“,
1337 1641 1463 1709 quia
1486 1639 1541 1693 in
1563 1637 1850 1694 aridoloco
1871 1651 2064 1707 aquam
2089 1645 2202 1691 ιεη.
2299 1632 2348 1677 et
2370 1623 2597 1676 saturati
2635 1630 2758 1677 sunt
2804 1621 2977 1688 nimis,
3031 1631 3079 1675 et
3121 1620 3435 1675 desiderium
3477 1636 3635 1674 eorum
3669 1623 3785 1674 attulit

600 1731 763 1788 tando
796 1732 1100 1803 petierunt,
1129 1732 1283 1803 quasi
1311 1731 1578 1801 impotens
1629 1739 1776 1786 esset
1822 1728 1965 1783 Deus
2000 1742 2141 1799 aqua

2300 1717 2414 1771 eis:
2442 1717 2568 1786 quia
2609 1731 2713 1770 non
2741 1725 2871 1770 sunt
2889 1715 3124 1785 fraudati
3166 1731 3200 1768 ιι
3245 1714 3499 1768 desiderio
3531 1729 3617 1769 suo
3657 1731 3672 1769 :
3708 1713 3784 1785 quia

596 1820 652 1875 in
683 1820 835 1877 arido
878 1820 998 1877 loco
1043 1819 1193 1888 dare,
1243 1820 1336 1891 qui
1389 1835 1542 1875 mare
1581 1819 1812 1887 divisum
1845 1817 1976 1874 fecit
2020 1827 2186 1874 stare,
2216 1809 2265 1869 Β
2292 1806 2643 1863 refectionem
2673 1820 2834 1877 quam
2879 1805 3160 1875 petebant,
3195 1803 3530 1860 abundanter
3565 1804 3713 1859 ll’ibllil
3738 1804 3787 1859 eis

595 1910 667 1967 In
710 1913 965 1984 inaquoso
995 1921 1293 1984 provocant
1337 1910 1620 1967 Excelsum
1669 1910 1737 1965 ad
1784 1911 1948 1974 iram,
1986 1908 2081 1980 qui
2131 1908 2203 1964 in‘
2291 1899 2573 1955 Dominus.
2627 1898 2697 1986 Et
2740 1897 2917 1952 adhuc
2967 1912 3098 1951 esca:
3150 1910 3354 1961 eorum.
3384 1894 3784 1957 videlicctcarnes.

596 2001 799 2058 mentis
853 2001 1111 2057 ariditate
1166 2000 1235 2057 de
1289 2009 1511 2057 terreno
1575 2000 1861 2056 commodo
1907 1999 2137 2054 invocan

2287 1999 2436 2044 erant
2476 1991 2530 2044 in
2562 2004 2652 2044 ore
2679 1984 2937 2059 ipsorum
2976 2001 2996 2041 :
3041 1995 3096 2041 et
3124 1994 3310 2041 tamen
3356 1985 3547 2056 ingrati
3591 1984 3787 2039 beneﬁcis

594 2090 666 2146 Et
696 2100 1022 2148 cantaverunt
1065 2092 1234 2169 Deum
1279 2092 1336 2165 in
1375 2090 1619 2145 cordibus
1669 2091 1803 2155 suis,
1860 2098 1916 2144 ut
1963 2097 2191 2160 peterent
2288 2083 2542 2138 omnibus
2588 2061 3009 2169 promeruerunt
3037 2080 3141 2136 hoc
3180 2081 3323 2150 quod
3360 2081 3442 2133 ira
3489 2078 3577 2133 Dei
3624 2079 3786 2132 ascendit

594 2198 743 2237 escas
789 2166 1083 2237 animabus
1123 2183 1255 2237 suis.
1316 2181 1454 2238 Nota
1503 2180 1736 2252 qualiter
1797 2181 1965 2236 Deum
2014 2188 2190 2236 tenta—
2287 2194 2445 2248 super
2470 2194 2580 2243 eos,
2610 2165 2882 2247 quispctn
2910 2191 3063 2232 suam
3088 2176 3141 2231 in
3166 2178 3277 2231 Deo
3313 2177 3629 2247 posuissent,
3653 2184 3786 2230 utnon

595 2272 730 2328 llam
758 2289 774 2328 :
802 2273 930 2343 quia
976 2273 1121 2345 quod
1166 2288 1263 2329 ore
1312 2274 1611 2344 rogabant,
1650 2273 1820 2329 Deum
1875 2287 1983 2327 non
2031 2287 2190 2343 posse
2292 2274 2501 2321 tantum
2552 2266 2919 2321 ministrasset
2963 2267 3045 2321 eis
3099 2265 3362 2332 carnalia,
3411 2267 3504 2322 sed
3547 2266 3785 2337 spiritualia.

596 2362 779 2420 facere
810 2365 868 2419 in
901 2364 1075 2441 corde
1112 2364 1447 2437 dubitabant.
1502 2363 1639 2419 Sunt
1668 2364 1845 2419 adhuc
1871 2361 2045 2428 multi,
2096 2362 2188 2433 qui
2290 2357 2422 2413 Nam
2462 2358 2555 2428 qui
2584 2350 2853 2413 mandarit
2897 2359 3120 2413 nubibus
3171 2359 3416 2430 desuper,
3463 2369 3511 2414 et
3537 2358 3787 2429 jauuastali

598 2454 875 2510 animabus
907 2455 1038 2523 suis,
1089 2456 1143 2511 id
1193 2465 1298 2521 est,
1346 2454 1668 2509 animalitati
1711 2469 1823 2509 suae
1874 2468 2057 2508 escam
2096 2467 2191 2524 pe-
2289 2450 2513 2521 aperuit,
2552 2457 2603 2504 et
2650 2446 2783 2520 pluit
2826 2448 2935 2505 illis
2988 2467 3182 2506 manna
3235 2453 3304 2505 ad
3349 2452 3786 2514 manducandttttt,tl

598 2552 741 2613 tuut,
763 2544 912 2601 velut
939 2546 1017 2602 illi
1046 2545 1139 2617 qui
1168 2545 1332 2601 Deum
1358 2561 1465 2600 non
1493 2552 1717 2619 propter
1740 2559 1821 2609 se,
1852 2545 1946 2599 sed
1970 2553 2191 2614 propter
2287 2555 2473 2610 panem
2494 2539 2610 2594 caeli
2631 2540 2794 2605 dedit,
2825 2550 2873 2594 et
2919 2541 3119 2595 cibaria
3148 2541 3288 2596 misit
3332 2544 3410 2596 eis
3444 2542 3496 2596 in
3523 2541 3786 2599 abundantia.

600 2646 820 2691 terrena
867 2635 1071 2702 colunt,
1119 2635 1273 2707 quasi
1305 2633 1524 2690 suavius
1570 2635 1643 2688 sit
1688 2634 1829 2703 quod
1869 2633 1982 2698 dat,
2023 2647 2187 2702 quam
2288 2638 2347 2684 ut
2372 2638 2622 2701 pasceret.
2660 2630 2987 2696 incredulos,
3026 2647 3133 2688 non
3162 2632 3414 2689 incilicax
3461 2644 3542 2688 est
3572 2632 3785 2700 ttecimpi-

571 2710 713 2805 ipse
741 2726 832 2796 qui
863 2726 976 2781 dat.
1012 2725 1079 2780 Et
1114 2724 1252 2780 male
1297 2718 1465 2799 locuti
1484 2733 1604 2778 sunt
1632 2723 1696 2777 de
1728 2722 1868 2788 Deo;
1899 2723 2143 2777 dixerunt
2168 2736 2187 2774 :
2289 2730 2429 2788 tens,
2457 2723 2805 2780 credentibus
2831 2739 3246 2795 verumpanetn
3277 2726 3348 2782 de
3372 2727 3509 2781 etelo
3531 2726 3659 2789 dare,
3680 2738 3785 2793 quem

599 2812 856 2884 Nunquid
902 2815 1090 2893 poterit
1124 2813 1280 2868 Deus
1317 2829 1507 2884 parare
1561 2828 1796 2866 mensam
1839 2812 1893 2865 in
1941 2811 2191 2866 deserto?
2287 2812 2617 2885 signiﬁcavit
2646 2830 2865 2882 manna,
2897 2815 2990 2884 qui
3035 2831 3192 2871 verus
3230 2817 3388 2872 cibus
3411 2824 3493 2871 est
3516 2816 3783 2884 angelorum:

596 2902 699 2959 llic
758 2912 1020 2987 notantur
1064 2903 1162 2971 illi,
1219 2904 1312 2975 qui
1365 2894 1472 2959 non
1511 2904 1816 2969 credentes,
1869 2902 2121 2983 dixerunt
2169 2921 2184 2957 :
2289 2904 2392 2985 hoc
2445 2914 2529 2960 est
2558 2944 2574 2970 ,
2623 2903 2862 2960 Verbum
2916 2905 3094 2963 Patris
3121 2947 3137 2973 ,
3184 2908 3330 2978 quod
3397 2906 3787 2978 incorruptibilich

596 2982 1127 3067 Nunquidicarnetn
1189 3011 1343 3051 suam
1395 3004 1450 3051 et
1497 2996 1816 3066 sanguinem
1854 3010 2010 3051 suum
2040 2994 2189 3050 dabit
2288 2982 2480 3066 pascit,
2506 2996 2575 3050 Et
2600 3012 2789 3068 panem
2832 2998 3134 3068 angelorum
3163 3001 3501 3055 manducavit
3537 3001 3682 3054 homo.
3708 2997 3785 3050 Vu-

595 3086 755 3143 nobis
779 3101 877 3157 per
901 3098 1084 3157 partes
1116 3087 1185 3142 ad
1225 3086 1615 3141 comedendum
1654 3095 1711 3141 et
1771 3089 1838 3141 ad
1896 3085 2186 3142 bibendum
2268 3086 2408 3161 lum
2436 3105 2559 3167 caro
2581 3089 2779 3158 factum
2804 3099 2903 3167 est,
2932 3100 2979 3145 et
3017 3092 3269 3147 habitavit
3297 3093 3357 3147 in
3404 3094 3543 3148 nobis
3569 3093 3785 3159 (lauat):

596 3174 791 3260 (Joan.
848 3178 971 3246 vi)?
1039 3178 1289 3249 quoniam
1341 3177 1455 3260 jam
1523 3178 1775 3247 percussit
1831 3187 2076 3247 petram,
2132 3173 2256 3234 etC
2288 3180 2431 3251 quod
2474 3163 2710 3235 Verbum
2762 3196 2862 3250 per
2898 3163 3173 3253 angelicas
3230 3182 3682 3241 nubes'universo
3711 3180 3784 3235 orbi

594 3266 860 3336 ﬂuxerunt
887 3283 1059 3337 aqum,
1107 3277 1155 3321 et
1203 3276 1477 3347 torrentes,
1526 3266 1579 3351 id
1604 3276 1707 3331 est,
1751 3267 2010 3322 doctrinm
2039 3267 2189 3321 inun-
2289 3271 2511 3342 pluitur,
2540 3280 2597 3327 et
2620 3275 2824 3344 apertis
2860 3276 3273 3347 prtedicatorum
3302 3280 3578 3343 cordibus,
3607 3288 3787 3346 tanquam

594 3358 874 3412 daverunt.
930 3358 998 3412 Et
1057 3358 1184 3427 quia
1235 3357 1376 3413 istud
1431 3354 1560 3412 fecit
1588 3355 1913 3430 ,‘Nunquitl
1958 3366 2034 3440 et.
2065 3357 2197 3412 ideo.
2288 3362 2341 3416 in
2396 3363 2541 3419 vasis
2589 3362 2915 3428 coelestibus,
2960 3380 3067 3420 non
3097 3367 3462 3422 murmuranti
3497 3382 3589 3422 nec
3630 3360 3786 3420 lt‘ntauli
3858 3356 3859 3435 ᾖ

592 3452 783 3523 poterit
809 3452 939 3507 dare
979 3468 1165 3523 panem
1200 3460 1292 3504 aut
1321 3466 1511 3521 parare
1551 3467 1784 3505 mensam
1823 3438 2193 3521 populovsuo?
2287 3466 2594 3526 synagogtc,
2641 3458 2737 3512 sed
2781 3456 3037 3513 Ecclesia:
3080 3459 3352 3524 credenti,
3398 3470 3457 3515 et
3496 3460 3546 3515 in
3573 3460 3663 3514 Deo
3690 3469 3787 3526 spell
3858 3438 3859 3505 ἶ

593 3542 747 3600 Hanc
792 3544 1275 3600 murmurationem
1337 3542 1498 3598 talem
1552 3544 1750 3598 audivit
1806 3542 2085 3610 Dominus,
2136 3552 2186 3598 et
2286 3550 2438 3598 suam
2468 3545 2685 3614 ponenti
2716 3546 3057 3615 praedicatur.
3099 3547 3167 3602 Et
3203 3548 3293 3618 qui
3323 3549 3587 3604 transtulit
3612 3550 3786 3601 Austrum
3858 3570 3859 3607 γ

592 3632 798 3690 distulit
827 3649 923 3691 eos
951 3634 1201 3690 videlicet
1228 3633 1284 3688 itt
1327 3642 1530 3688 terram
1558 3634 1934 3704 promissionis
1962 3635 2183 3699 ducere,
2285 3635 2350 3689 de
2371 3635 2517 3701 caelo,
2547 3646 2594 3690 et
2634 3637 2843 3692 induxit
2873 3639 2927 3692 in
2967 3639 3159 3693 uirtute
3201 3656 3301 3693 sua
3345 3641 3597 3711 Africum,
3636 3648 3673 3694 et
3700 3635 3785 3707 pili!
3858 3626 3859 3673 ἶ

594 3740 717 3783 cum
746 3742 844 3798 per
869 3741 1069 3798 paucos
1113 3727 1229 3782 dies
1275 3725 1405 3782 illuc
1455 3736 1677 3797 possent
1722 3727 2028 3798 pervenire,
2081 3726 2184 3783 nisi
2284 3741 2440 3795 super
2460 3742 2547 3781 eos
2572 3726 2705 3781 sicut
2731 3716 2991 3798 pulverem
3034 3746 3241 3796 carnes,
3272 3741 3323 3785 et
3354 3734 3489 3787 sicut
3516 3748 3656 3786 arena
3680 3724 3787 3780 mari:

593 3824 777 3874 esSent
833 3832 864 3873 a
915 3819 1089 3890 patria
1120 3816 1403 3873 differendi
1430 3828 1485 3873 et
1512 3819 1564 3872 in
1604 3834 1789 3875 eremo
1818 3820 2134 3875 eonterendi
2167 3837 2179 3874 .
2285 3815 2520 3870 uolatifia
2552 3826 2800 3886 pennata,
2852 3827 3046 3888 potens
3091 3828 3176 3875 est
3215 3830 3271 3876 et
3327 3837 3437 3877 non
3476 3831 3593 3877 tunc
3623 3826 3786 3873 tantum.

592 3910 681 3966 vel
735 3911 936 3966 distulit
991 3925 1228 3983 pinnam,
1290 3920 1348 3965 ut
1406 3910 1673 3966 inﬁdelem
1723 3912 1948 3968 satiaret
1994 3928 2187 3968 eorum
2284 3908 2378 3962 sed
2413 3908 2745 3963 credentium
2775 3922 2996 3979 parvam
3042 3910 3204 3966 ﬁdem
3257 3927 3429 3969 carne
3468 3913 3615 3970 editis
3653 3918 3785 3963 vocum

594 4000 1093 4070 concupiscentiam
1146 4018 1161 4055 :
1226 4011 1283 4056 et
1344 4000 1496 4070 prius
1558 3999 1691 4057 fecit
1752 4003 1897 4071 quod
1955 4002 2185 4058 inﬁdelis
2284 3996 2451 4067 signis
2476 4005 2533 4052 et
2574 4012 2673 4068 per
2701 4012 2883 4053 acrem
2916 4002 3444 4069 lrallscurrcnlibuss
3488 4011 3702 4072 tanquam
3730 4009 3787 4048 “"

592 4088 823 4161 populus
879 4104 1005 4146 eum
1054 4088 1234 4145 facere
1285 4105 1390 4144 non
1444 4103 1603 4159 posse
1655 4091 1942 4155 credebat,
1992 4090 2186 4146 deinde
2285 4089 2523 4146 Ialilibus
2556 4105 2799 4160 pascere,
2849 4106 2958 4147 non
3007 4100 3188 4148 tamen
3219 4093 3288 4149 ab
3318 4095 3567 4167 aquilone
3596 4084 3787 4147 Yettiwli'

595 4181 778 4237 intulit
805 4181 948 4252 quod
985 4194 1109 4236 eum
1155 4182 1267 4251 pati
1289 4180 1595 4252 Oportebat,
1623 4183 1767 4252 quod
1801 4182 1955 4249 dicit,
1984 4183 2181 4238 audivit
2284 4181 2384 4237 hus
2414 4198 2430 4236 :
2467 4191 2523 4237 et
2547 4182 2620 4238 ibi
2659 4182 2831 4254 frigus
2859 4192 2915 4239 ct
2950 4183 3124 4255 caligo
3153 4187 3472 4256 praevalent,
3516 4187 3565 4241 id
3597 4192 3680 4248 est,
3715 4180 3786 4233 cla

591 4269 851 4326 Dominus
887 4281 936 4325 et
961 4268 1186 4336 distulit,
1209 4279 1258 4325 et
1294 4270 1430 4341 ignis
1468 4285 1717 4325 accensus
1751 4272 1909 4325 estin
1953 4269 2117 4325 Iacob
2161 4286 2181 4327 :
2283 4271 2501 4342 quentia
2550 4287 2669 4341 qua:
2717 4272 2844 4329 huic
2883 4274 3084 4329 mundo
3132 4273 3298 4342 favet,
3355 4279 3452 4334 sed
3502 4270 3787 4333 transferendo

592 4362 649 4419 in
708 4362 952 4419 moribus
1011 4362 1303 4428 videlicet;
1370 4372 1418 4416 et
1475 4362 1558 4415 ira
1616 4360 1897 4426 ascendit,
1964 4361 2019 4417 id
2097 4372 2183 4419 est
2284 4366 2533 4418 Austrum
2557 4365 2621 4420 de
2651 4365 2779 4420 caelo
2832 4366 2901 4421 ad
2950 4375 3171 4435 terram,
3209 4379 3269 4424 ut
3295 4372 3392 4441 qui
3419 4371 3613 4443 parvuli
3644 4374 3736 4423 sunt
3753 4364 3786 4414 in

593 4463 938 4527 augmentata
962 4462 1066 4521 est,
1095 4451 1367 4509 inlsrael.
1409 4451 1552 4523 Ignis
1578 4451 1680 4507 iste
1724 4452 1994 4508 incentiva
2026 4453 2180 4510 vitio-
2216 4530 2219 4531 ν
2286 4455 2408 4523 ﬁde,
2459 4457 2727 4514 audiendo
2774 4458 3073 4524 terrestria,
3125 4463 3443 4519 nutriantur
3489 4465 3553 4519 ad
3598 4456 3786 4531 capienda

592 4560 712 4601 rum
751 4554 925 4612 notat,
959 4561 1080 4616 qua:
1111 4544 1342 4603 interius
1368 4543 1642 4598 hominem
1666 4543 1950 4600 devastant
1985 4562 1999 4600 :
2035 4546 2177 4614 quod
2283 4548 2544 4605 cmlcstia.
2576 4536 2729 4606 Unde
2773 4550 3034 4608 Dominus
3080 4552 3134 4608 in
3185 4534 3483 4628 Evangelia
3524 4571 3540 4610 :
3569 4553 3621 4611 Si
3642 4563 3786 4607 terrm

591 4637 745 4704 dicit,
800 4637 869 4692 Et
922 4639 1059 4709 ignis
1105 4652 1354 4692 accensus
1400 4647 1475 4692 est
1530 4637 1586 4691 iu
1641 4636 1811 4692 Iacob
1859 4650 1907 4694 et
1951 4641 2032 4694 ira
2078 4639 2176 4696 Dei
2283 4640 2397 4694 dixi
2433 4640 2592 4706 uobis,
2633 4650 2812 4695 etnon
2861 4641 3096 4707 creditis,
3151 4645 3418 4711 quomodo
3447 4645 3676 4701 srdixero
3694 4636 3787 4693 coiit

592 4730 825 4785 ascendit
852 4731 907 4784 in
948 4729 1120 4785 Israel
1148 4747 1167 4784 :
1219 4731 1404 4813 etboc
1449 4731 1591 4813 ideo,
1638 4732 1763 4802 quia
1802 4751 1904 4787 non
1944 4734 2177 4788 credide-
2283 4731 2530 4798 calestia,
2561 4733 2780 4787 credetis
2811 4729 2999 4802 (Ioan.
3036 4732 3156 4805 In)?
3187 4732 3509 4791 Translatus
3537 4734 3623 4788 fuit
3649 4727 3786 4785 Paulini

593 4829 715 4883 runt
745 4820 801 4875 in
820 4820 953 4888 Deo,
988 4836 1080 4876 nec
1107 4810 1443 4890 speraverant
1472 4810 1529 4874 in
1558 4819 1783 4875 salutari
1814 4823 1949 4893 ejus,
1986 4822 2036 4877 id
2070 4830 2174 4889 est,
2282 4826 2348 4881 dc
2376 4825 2534 4890 caelo,
2563 4823 2654 4879 ubi
2701 4835 2882 4879 mente
2926 4824 3037 4879 Deo
3080 4827 3336 4892 excessit,
3370 4837 3431 4883 ut
3454 4826 3530 4882 eis
3552 4829 3786 4886 contempt

590 4907 794 4970 salvari
825 4925 924 4981 per
950 4911 1141 4966 Deum.
1169 4910 1235 4965 Et
1258 4900 1513 4966 Dominus
1541 4912 1765 4995 audivit,
1808 4914 1981 4983 quid?
2019 4912 2176 4968 Man-
2284 4931 2412 4972 rans
2451 4916 2833 4987 essetquibus
2882 4916 3094 4971 dicebat
3126 4934 3140 4971 :
3180 4916 3302 4972 Non
3349 4920 3496 4989 potui
3541 4913 3660 4970 vobis

589 5002 734 5065 ducit
759 5001 979 5056 nubibus
1003 5002 1225 5069 desuper
1246 5010 1294 5054 et
1309 5000 1510 5070 jnnuas
1532 5000 1646 5054 mli
1674 5003 1899 5072 aperuit,
1929 4994 1988 5057 ut
2012 5004 2177 5057 abun-
2277 5006 2428 5078 quasi
2473 5006 2855 5077 spiritualilms,
2878 5028 2882 5037 ι
2902 5008 2992 5060 scd
3030 5005 3184 5076 quasi
3228 5006 3551 5062 carnalibus.
3576 5001 3666 5057 Lac
3688 4994 3785 5052 ῑοθίί

590 5096 788 5155 dautcr
821 5093 1061 5149 mitteret
1102 5091 1184 5147 eis
1212 5091 1356 5162 quod
1392 5092 1654 5148 missurus
1672 5079 1808 5147 erat.
1838 5093 1978 5149 Ecce
2025 5102 2176 5149 notat
2278 5109 2457 5167 potum
2497 5096 2641 5159 dedi,
2686 5102 2742 5150 et
2779 5110 2882 5148 non
2933 5110 3104 5149 escam
3147 5094 3197 5166 (1
3249 5093 3374 5149 Cor.
3419 5100 3523 5162 tn).
3569 5093 3667 5163 Ipse
3686 5084 3783 5141 ctum

589 5188 762 5263 quare
790 5184 993 5242 distulit
1023 5197 1260 5254 plenam,
1289 5192 1347 5237 ut
1371 5188 1470 5253 per
1509 5184 1612 5238 hoc
1664 5172 1910 5240 videlicet
1943 5174 2061 5255 qua:
2092 5200 2177 5241 se-
2280 5186 2476 5243 l’aulns
2510 5186 2755 5242 audierat
2783 5184 2834 5239 in
2869 5184 3009 5240 etnlo
3036 5200 3255 5249 arcana,
3283 5201 3407 5256 quas
3434 5201 3534 5238 non
3562 5183 3666 5237 licet
3686 5169 3784 5243 loqui

592 5291 853 5354 quuntur,
879 5294 1065 5334 eorum
1101 5277 1324 5332 satiaret
1365 5276 1740 5347 cupiditatem.
1774 5277 1845 5333 Et
1898 5274 2029 5350 pluit
2069 5279 2175 5336 illis
2278 5280 2332 5334 in
2394 5288 2556 5341 terra,
2615 5277 2963 5347 personantia
3017 5277 3168 5346 quasi
3224 5292 3320 5348 per
3348 5268 3577 5333 volatilia
3612 5289 3626 5326 :
3665 5262 3786 5334 ιιι]ιὶ

594 5387 789 5426 manna
819 5370 888 5424 ad
914 5367 1365 5434 ntanducandum,
1389 5377 1436 5421 et
1461 5368 1796 5439 panemcaali,
1820 5385 1925 5424 non
1951 5371 2002 5425 in
2031 5381 2173 5427 terra
2278 5369 2547 5424 transtulit
2577 5368 2848 5430 Austrum,
2881 5367 3089 5420 induxit
3114 5367 3373 5436 Africum,
3406 5368 3459 5423 id
3496 5374 3591 5430 est,
3613 5376 3691 5433 per
3709 5368 3784 5411 ωε·

594 5463 951 5527 elaboratum,
973 5459 1114 5539 dedit
1137 5456 1241 5513 illis
1264 5475 1285 5524 ;
1308 5466 1363 5514 et
1383 5459 1504 5528 quis
1530 5459 1601 5514 sit
1630 5458 1900 5533 subiungit
1928 5477 1942 5516 :
1976 5445 2174 5519 Panem
2282 5460 2521 5518 ridianos
2543 5470 2731 5517 ventos
2761 5458 3094 5515 [acescentes
3115 5470 3170 5516 et
3196 5460 3601 5531 prauiicatorum
3628 5455 3782 5539 ferret!-

595 5553 901 5623 angelorum
953 5538 1285 5604 manduCarit
1359 5550 1533 5605 homo.
1602 5548 1803 5606 Panem
1869 5553 2173 5624 angelorum
2281 5560 2364 5607 tes
2393 5551 2634 5623 spiritus,
2658 5549 2812 5605 nobis
2841 5559 2899 5603 ut
2925 5550 3005 5605 eis
3029 5549 3515 5616 conformaremur,
3541 5538 3781 5603 insinuarit.

593 5643 717 5699 ideo
745 5643 895 5708 dicit,
940 5642 1192 5719 quoniam
1242 5641 1397 5711 panis
1447 5640 1537 5696 ille
1588 5656 1750 5712 quem
1796 5640 2173 5711 contcdcbant,
2280 5638 2350 5695 Et
2376 5640 2671 5699 ceciderunt
2698 5640 2751 5695 in
2774 5639 2943 5695 medio
2969 5650 3260 5696 castrorum
3279 5657 3480 5706 eorum,
3507 5638 3620 5710 quia
3642 5627 3783 5704 ἰρεὶἀθ

594 5730 933 5799 signiﬁcabat
971 5746 1164 5808 pauent
1214 5730 1384 5797 illum,
1429 5728 1663 5787 Verbum
1697 5730 1944 5786 videlicet
1973 5731 2172 5801 l‘atris,
2281 5728 2416 5790 emlc
2449 5732 2716 5801 translati,
2764 5731 2905 5793 ultro
2937 5733 3213 5789 Venientes
3252 5733 3315 5789 ad
3363 5733 3615 5794 homines,
3645 5719 3782 5783 τίσετε·
