3918 6410
160 438 270 499 533

1296 451 1832 536 ENAthATIONES
1869 461 1935 517 IN
1971 464 2307 527 PSALMOS.

3338 489 3448 547 55$

150 559 290 612 bant
318 557 399 614 eis
432 555 593 614 verba
642 561 900 617 divinitus
946 564 1137 629 missa,
1182 577 1243 622 ut
1274 574 1644 644 unusquisque
1692 576 1746 630 in
1779 586 1826 642 Α
1853 580 2107 639 cordibus
2140 585 2434 643 infidelium
2462 589 2664 646 nullum
2695 594 2858 651 habet
2882 597 3095 656 divinus
3117 617 3297 660 sermo
3320 621 3449 675 pru-

154 647 271 675 οηζο
310 648 557 675 ΩΔΑΙΖιυ...
588 660 636 675 Α.
685 653 818 675 -;..--
852 669 941 675 ---Α
1000 656 1077 675 ,ξι
1286 659 1298 675 ι
2152 674 2167 675 γ

154 647 274 701 suis
309 648 559 704 ﬁdelibus
585 660 641 706 et
677 653 819 707 circa
850 669 946 708 sua
995 656 1332 713 tabernacula
1360 676 1753 736 congregarent

152 740 469 809 hujusmodi
500 743 761 810 volatilia,
789 758 847 799 ut
877 747 956 802 sic
989 764 1177 805 omnes
1216 753 1464 809 nationes
1508 757 1750 826 gentium

148 832 330 887 Deum
364 836 672 893 adorarent.
728 836 845 892 Non
877 847 1085 894 tantum
1131 842 1281 897 missi
1333 856 1458 900 sunt
1503 850 1747 904 extranei

142 923 576 991 praedicatores;
629 927 721 982 sed
750 929 913 983 etiam
946 931 1096 986 multi
1129 948 1255 988 suos
1281 934 1430 991 cives
1473 937 1749 994 habebunt

141 1014 575 1082 prmdicatores;
615 1018 708 1073 sed
736 1021 900 1074 etiam
927 1022 1245 1093 sylvestrem
1281 1035 1335 1079 et
1358 1036 1583 1084 caeteros
1619 1045 1745 1086 suos

138 1104 323 1160 cives.
366 1106 696 1184 Repetamus
741 1111 977 1168 litteram
1006 1133 1018 1168 :
1050 1118 1191 1187 quod
1216 1120 1452 1187 sparsim
1482 1122 1741 1187 diximus,

137 1196 201 1249 in
228 1200 571 1256 orationibus
612 1202 804 1258 littera:
831 1208 1125 1262 convenire
1164 1208 1446 1267 faciamus.
1483 1213 1553 1266 Et
1592 1229 1742 1270 man-

133 1290 299 1343 davit
331 1292 550 1347 nubibus
576 1293 843 1364 desuper:
893 1299 1192 1366 venientes,
1222 1303 1346 1371 quia
1396 1320 1425 1358 a
1474 1306 1583 1361 Deo
1632 1325 1738 1363 non

136 1385 408 1439 recedunt
428 1395 488 1441 ut
521 1388 751 1459 desuper
777 1400 923 1457 sunt,
954 1395 1079 1463 quia
1130 1396 1251 1451 aliis
1280 1407 1408 1452 sunt
1429 1400 1737 1469 superiores

132 1484 196 1528 et
233 1475 532 1545 digniores.
574 1479 730 1534 Unde
780 1482 935 1549 illud,
994 1483 1224 1541 Narrate
1252 1490 1309 1543 in
1357 1492 1591 1545 turribus
1617 1493 1733 1561 ejus

134 1560 322 1630 (Psal.
359 1567 547 1637 nvn).
600 1568 670 1622 Et
690 1570 891 1639 januas
937 1574 1068 1639 caeli,
1103 1578 1289 1643 idest,
1335 1582 1498 1635 corda
1537 1560 1733 1651 praedi-

127 1653 383 1707 cautium
407 1657 630 1725 aperuit.
677 1659 747 1713 Et
788 1663 981 1717 merito
1018 1668 1248 1735 apostoli
1276 1667 1442 1737 janua
1468 1672 1593 1726 caeli
1643 1674 1729 1728 di-

123 1754 361 1809 cuntur,
407 1748 661 1816 quoniam
693 1768 792 1821 per
846 1770 941 1809 eos
982 1758 1150 1830 caelos
1184 1759 1452 1816 intrarunt
1490 1780 1504 1817 :
1553 1773 1608 1819 et
1637 1781 1729 1821 eo-

126 1851 257 1889 rum
286 1836 480 1907 linguae
508 1840 687 1896 claves
715 1844 837 1898 coeli
866 1844 1024 1901 factae
1067 1857 1217 1915 sunt,
1245 1859 1301 1905 et
1326 1867 1423 1921 per
1449 1852 1567 1909 illos
1597 1871 1729 1923 apo-

1854 682 2088 729 vectum.
2141 674 2209 729 Et
2256 680 2549 735 ceciderunt
2582 684 2634 738 in
2686 688 2855 741 medio
2886 700 3179 748 castrorum
3233 712 3438 764 eorum,

1852 762 1978 830 quia
2038 769 2414 839 unusquisque
2461 773 2513 826 in
2554 789 2652 829 suo
2714 776 2833 832 loco
2870 780 3076 836 audivit
3114 782 3238 838 fidei
3293 802 3432 856 prae-

1850 850 2136 910 dicalores.
2191 857 2258 911 Et
2300 862 2763 931 manducaveruut,
2796 868 2848 923 id
2878 882 2982 934 est,
3016 871 3436 943 reficiebantur;

1849 948 1903 993 et
1962 945 2181 1012 quidam
2244 965 2432 1006 eorum
2480 959 2703 1010 saturati
2765 970 2883 1014 sunt
2956 963 3137 1029 nimis,
3199 965 3441 1025 haeretici

1847 1033 2115 1103 videlicet,
2141 1040 2358 1099 sinistra
2388 1046 2830 1118 interpretatione
2852 1054 3258 1124 interpretando
3288 1061 3437 1117 Scri-

1846 1133 2056 1192 pturas,
2092 1139 2139 1183 et
2168 1131 2486 1189 desiderium
2512 1154 2692 1194 eorum
2740 1143 2913 1197 attulit
2946 1149 3048 1212 eis,
3079 1150 3205 1218 quia
3230 1152 3435 1220 permi-

1844 1214 1918 1269 sit
1960 1232 2057 1273 eos
2101 1221 2156 1274 in
2209 1238 2464 1292 perverso
2504 1228 2775 1286 intellectu
2803 1234 3110 1291 obcaacariv:
3144 1249 3192 1293 et
3221 1240 3302 1295 sic
3329 1259 3437 1297 non

1841 1320 1964 1363 sunt
1992 1312 2228 1381 fraudati
2272 1336 2304 1371 a
2353 1318 2611 1376 desiderio
2653 1342 2770 1391 suo,
2801 1329 2925 1398 quia
2963 1331 3314 1389 intenderunt
3342 1355 3433 1391 ar-

1840 1415 1963 1455 cum
1991 1418 2167 1468 suum,
2201 1418 2259 1462 ut
2289 1410 2545 1480 sagittent
2573 1414 2626 1468 in
2650 1418 2877 1474 occultis
2900 1420 3325 1482 immaculatum.
3361 1428 3433 1483 Et

1836 1491 2011 1545 adhuc
2039 1511 2171 1559 escte
2196 1513 2377 1552 eorum
2406 1513 2554 1556 erant
2590 1505 2643 1560 in
2677 1524 2765 1561 ore
2796 1512 3054 1579 ipsorum,
3089 1516 3141 1571 id
3170 1527 3276 1583 est,
3304 1534 3429 1575 car-

1836 1580 1975 1636 nalis
2012 1584 2317 1643 intellectus
2348 1602 2465 1647 erat
2500 1595 2580 1650 eis
2612 1612 2829 1668 semper
2864 1604 2917 1656 in
2947 1620 3042 1661 ore
3076 1624 3088 1659 :
3136 1609 3284 1678 quia,
3323 1612 3428 1668 etsi

1832 1670 1971 1727 bene
1999 1674 2389 1747 iutelligebant,
2420 1690 2597 1739 tamen
2636 1704 2741 1743 non
2775 1707 2869 1747 ore
2902 1694 3002 1751 hoc
3040 1670 3419 1758 ostendebant.

1832 1760 1902 1815 Et
1921 1765 2007 1827 ira
2030 1766 2127 1821 Dei
2150 1773 2380 1825 ascendit
2408 1791 2563 1845 super
2583 1795 2691 1833 eos.
2718 1781 2967 1841 Ostendit
2988 1792 3236 1858 superius
3252 1810 3425 1865 quare

1831 1853 2058 1923 distulit,
2085 1859 2334 1917 videlicet
2368 1880 2486 1934 qua:
2524 1873 2756 1945 ascendit
2796 1892 2952 1945 super
2983 1853 3091 1935 eoi.
3126 1881 3195 1936 Et
3232 1853 3425 1941 occidit

122 1928 305 1983 stolos
350 1930 483 1999 pluit
512 1948 706 1987 manna
742 1936 807 1989 ad
858 1940 1313 1997 manducandum.
1342 1943 1536 2000 Manna
1584 1948 1727 2004 istud
1761 1937 1803 1995 Β
1829 1946 2045 2017 pingues
2066 1968 2273 2020 eorum,
2312 1956 2364 2011 id
2396 1969 2503 2025 est,
2535 1966 2798 2032 superbos
2825 1970 3020 2033 etalta
3052 1976 3344 2045 sapientes,
3371 1991 3422 2035 α
3505 2002 3519 2017 .

124 2035 233 2045 _.__
264 2023 538 2045 κωλεμω
576 2026 799 2045 huius,
862 2044 901 2045 η
933 2030 945 2045 .
1180 2041 1187 2045 ,
1328 2035 1339 2045 .
1462 2033 1466 2036 ι
1598 2039 1608 2045 .
1864 2038 1873 2045 .
2046 2042 2062 2045 _

122 2035 236 2074 non
263 2023 539 2078 manditur
560 2026 828 2091 dentibus,
854 2030 947 2083 sed
968 2030 1721 2094 aviditateranimae‘sumitur.

123 2110 239 2166 Nec
292 2112 490 2169 frustra
543 2118 722 2185 posuit
771 2121 841 2172 ad
888 2125 1339 2192 manducandum,
1369 2129 1495 2197 quia
1541 2130 1753 2186 multis

119 2205 461 2271 praedicatur
488 2210 734 2274 verbum,
765 2212 855 2280 qui
886 2226 952 2267 ex
983 2230 1047 2270 eo
1074 2230 1179 2270 non
1209 2217 1544 2274 reﬁciuntur.
1574 2221 1725 2278 Unde

122 2298 258 2352 illud
290 2319 300 2352 :
339 2300 405 2354 Et
429 2302 657 2358 volucres
687 2306 799 2359 caeli
822 2308 1152 2363 comederunt
1181 2311 1312 2367 illud
1334 2312 1549 2383 (Matth.
1580 2316 1719 2386 xm).

124 2389 195 2441 Et
230 2408 243 2441 :
283 2389 484 2446 Panem
515 2394 637 2448 οωιί
668 2395 916 2452 dediteis
954 2397 1134 2470 (Joan.
1168 2402 1262 2473 vi).
1318 2403 1393 2458 De
1433 2406 1536 2461 hoc
1585 2423 1723 2477 pane

119 2478 329 2533 dictum
354 2490 475 2535 est:
524 2481 723 2538 Panem
769 2497 1006 2543 nostrum
1054 2493 1419 2559 quotidianum
1457 2496 1527 2550 da
1574 2499 1720 2555 nobis

116 2570 281 2624 hodie
310 2570 529 2637 (Matth.
560 2575 634 2636 vr)
664 2586 755 2641 ;et
786 2578 901 2647 ipse
931 2580 1188 2639 Dominus
1219 2601 1233 2637 :
1274 2584 1386 2656 Ego
1423 2604 1539 2641 sunt
1566 2591 1719 2657 panis

119 2662 271 2714 rivus
298 2662 391 2731 qui
418 2664 482 2717 de
506 2664 631 2719 rtelo
653 2667 897 2722 descendi
924 2670 1105 2738 (Joan.
1129 2674 1226 2744 vr).
1261 2672 1463 2731 Panem
1508 2680 1718 2749 angelo-

117 2766 236 2802 rum
288 2755 625 2808 manducarit
657 2758 831 2812 homo.
874 2760 1028 2817 llunc
1075 2778 1266 2832 panem
1310 2776 1369 2820 ut
1408 2771 1718 2825 comederet

116 2839 304 2903 homo,
362 2858 454 2896 rex
507 2846 820 2915 angelorum
876 2850 1051 2906 factus
1097 2862 1180 2907 est
1237 2855 1437 2921 homo,
1500 2861 1714 2926 quando

114 2929 354 2998 quisque
407 2931 782 2990 incarnatione
840 2938 1052 2994 Domini
1110 2951 1165 2995 ct
1223 2954 1397 2999 morte
1446 2946 1705 3004 reficitur.

112 3016 336 3071 Cibaria
368 3021 506 3073 misit
529 3024 602 3075 eis
626 3024 677 3077 in
699 3025 1045 3082 abundantia.
1081 3028 1210 3095 Quae
1240 3041 1367 3085 sunt
1393 3049 1408 3086 :
1442 3034 1493 3089 in
1519 3048 1713 3107 myste-

112 3110 193 3163 rio
243 3112 429 3166 crucis
498 3118 953 3173 resurrectionem
1013 3121 1230 3177 habere.
1302 3122 1489 3194 Neque
1561 3129 1707 3184 enim

109 3199 316 3254 frustra
371 3202 539 3257 voluit
574 3205 675 3259 sic
732 3209 974 3275 extendi,
1038 3211 1139 3266 nisi
1203 3222 1261 3267 ut
1312 3232 1411 3271 nos
1463 3231 1708 3274 moneret

108 3300 396 3344 extensam
430 3292 628 3348 habere
676 3296 995 3353 charilatem
1045 3310 1102 3355 et
1144 3302 1445 3362 immobiles
1473 3323 1594 3362 esse
1636 3311 1705 3363 ad
1734 3283 1775 3343 C

107 3388 490 3455 cupiditatem.
522 3389 591 3444 Et
614 3393 885 3460 quomodo
915 3396 1030 3450 haec
1060 3400 1237 3452 omnia
1267 3401 1393 3465 sint,
1426 3402 1705 3475 subjungi-

108 3487 239 3533 tur:
268 3480 397 3547 quia
425 3484 691 3537 transtulit
717 3486 965 3540 Austrum
988 3489 1052 3543 de
1077 3490 1222 3557 cwlo,
1255 3492 1306 3545 id
1350 3503 1433 3549 est
1466 3496 1698 3550 calidum

104 3583 358 3636 ventum,
411 3576 683 3641 apostolos
714 3577 965 3634 videlicet
1008 3582 1189 3638 calore
1235 3583 1357 3639 fidei
1405 3586 1696 3653 ferventes,

102 3673 159 3714 et
208 3662 349 3717 alios
382 3663 450 3717 ad
482 3665 639 3721 fidem
672 3668 1028 3738 impellentes,
1060 3676 1324 3728 transtulit
1366 3676 1430 3731 de
1458 3679 1606 3744 caelo,
1645 3683 1698 3735 id

101 3762 213 3815 cst,
247 3754 316 3807 de
354 3753 461 3807 alta
506 3758 837 3814 contuitione
866 3761 1191 3828 caelestium,
1225 3774 1283 3817 ut
1314 3765 1367 3819 in
1402 3776 1571 3822 terras
1602 3769 1695 3824 lla-

103 3854 246 3908 rent,
288 3845 537 3901 humanae
564 3851 851 3917 capacitati
879 3854 1390 3912 condescenderent.
1431 3860 1497 3914 Et
1538 3863 1698 3917 indu-

96 3935 177 3987 xit
200 3936 257 3988 in
291 3936 480 3991 virtute
515 3955 609 3991 sua
646 3940 903 4009 Africam,
928 3943 980 3997 id
1003 3954 1107 4009 est,
1142 3948 1365 4017 spiritus
1394 3954 1693 4020 praedican-

98 4022 237 4076 tium
267 4025 425 4078 nobis
460 4026 623 4079 vitam
653 4028 829 4082 dando
856 4030 1167 4098 insinuavit,
1195 4045 1248 4089 et
1273 4036 1327 4090 in
1361 4040 1545 4093 virtute
1569 4059 1689 4110 sua,

94 4125 147 4169 et
173 4130 285 4169 non
307 4132 372 4169 ex
402 4118 595 4173 merito
622 4122 1030 4189 prcedicantium
1056 4125 1155 4181 hoc
1178 4126 1376 4184 factum
1394 4142 1480 4187 est
1506 4133 1688 4203 :juxta

92 4207 250 4271 illud,
287 4218 347 4262 ut
374 4210 678 4266 sublimitas
715 4213 786 4267 sit
812 4216 1035 4270 virtutis
1066 4219 1182 4283 Dei,
1212 4229 1267 4275 et
1296 4238 1400 4277 non
1436 4241 1501 4280 ex
1532 4229 1687 4284 nobis

91 4298 183 4367 (11
210 4298 337 4353 Cor.
368 4303 460 4370 tv).
501 4302 569 4356 Et
590 4306 720 4375 pluit
748 4324 903 4378 super
921 4327 1006 4364 eos
1037 4312 1167 4367 sicut
1187 4316 1444 4383 pulverem
1481 4337 1682 4380 carnes.

92 4390 311 4446 (Iarnes
362 4402 488 4447 sunt
537 4396 645 4450 cibi
691 4398 1078 4468 delectabiles,
1138 4406 1334 4475 quibus
1394 4422 1685 4468 vescuntur

91 4481 265 4536 adulti
323 4501 336 4536 :
392 4486 485 4540 ubi
537 4486 883 4560 intelligimus
939 4495 1378 4562 praedicationem
1429 4503 1680 4560 subtilem

87 4581 141 4627 et
200 4574 451 4641 solidam,
504 4593 610 4647 qua
662 4580 935 4637 reficiendi
992 4595 1119 4640 sunt
1149 4588 1409 4657 perfecti;
1461 4602 1560 4648 ut:
1609 4596 1753 4689 InD

84 4665 350 4735 principio
392 4677 503 4721 erat
541 4668 786 4738 Verbum,
824 4684 872 4728 et
918 4673 1140 4732 Verbum
1178 4692 1289 4735 erat
1326 4685 1469 4753 apud
1505 4686 1673 4743 Deum

86 4752 274 4821 (Joan.
308 4756 369 4825 ι).
408 4758 481 4813 De
536 4760 637 4815 hac
686 4764 774 4817 tali
810 4766 1191 4834 przedicatione
1240 4752 1378 4828 dixit
1422 4775 1617 4835 Paulus
1658 4799 1671 4835 ε

84 4844 419 4914 Sapientiam
468 4850 731 4920 loquimur
771 4856 907 4910 inter
964 4861 1219 4929 perfectos
1288 4864 1343 4935 (Ι
1394 4864 1516 4921 Cor.
1582 4871 1670 4940 ιι),

80 4936 228 5003 quod
261 4936 413 5002 dicit,
446 4950 491 4992 et
539 4941 669 5010 pluit
721 4961 876 5015 super
896 4964 982 5002 eos
1014 4950 1146 5004 sicut
1174 4954 1435 5019 puluerem
1466 4936 1667 5016 carnes.

80 5023 148 5078 Et
192 5030 465 5094 quomodo
510 5030 611 5085 hoc
655 5033 740 5088 hic
788 5045 937 5090 notat
990 5054 1085 5107 per
1124 5041 1357 5097 volatilia
1405 5062 1663 5117 pennata,

77 5114 234 5183 signa
273 5115 523 5174 videlicet
561 5135 753 5176 vocum
810 5138 907 5191 per
950 5141 1073 5182 aera
1124 5130 1361 5187 volatilia
1407 5114 1659 5205 pennata.

78 5201 183 5256 Per
213 5221 431 5260 arenam
464 5211 645 5275 maris,
678 5220 893 5267 notatur
918 5216 1245 5274 abundantia
1271 5223 1435 5280 divini
1463 5242 1668 5285 sermo-

74 5292 180 5354 nis,
214 5296 358 5363 quod
389 5298 538 5367 prius
561 5301 849 5357 notabatur
885 5322 978 5374 per
1020 5309 1280 5376 pulverem
1310 5327 1330 5364 .·
1359 5315 1443 5371 vel
1471 5320 1570 5387 sic,
1616 5332 1665 5377 et

72 5381 208 5447 pluit
246 5400 403 5453 super
440 5403 525 5441 eos
574 5406 756 5446 carnes
809 5394 945 5448 sicut
992 5397 1295 5465 puluerem:
1342 5407 1468 5475 quia
1524 5411 1664 5469 sicut

74 5471 252 5538 pulvis
302 5484 466 5531 vento
512 5478 719 5547 rapitur
766 5491 821 5536 et
863 5483 916 5537 in
963 5500 1142 5542 aerem
1183 5471 1484 5561 deducitur,
1521 5500 1591 5556 ita
1629 5519 1659 5558 a

72 5564 397 5631 quibusdam
430 5578 587 5624 vento
615 5571 862 5627 elationis
892 5591 1069 5633 sermo
1113 5580 1326 5638 divinus
1379 5588 1661 5647 aufereba-

72 5662 178 5705 tur.
207 5653 361 5708 Unde
387 5657 515 5711 illud
549 5678 563 5712 :
593 5660 657 5713 Et
686 5675 880 5719 exorta:
916 5669 1077 5736 spina:
1099 5675 1485 5744 suﬂ'ocaverunt
1525 5683 1659 5740 illud

74 5742 289 5810 (ΜαιιΙι.
317 5748 458 5820 xm).
489 5749 557 5805 Et
583 5753 661 5806 sic
682 5770 900 5812 arenam
940 5764 1107 5818 maris
1129 5742 1369 5825 volatilia
1398 5786 1649 5841 pennata.

73 5832 225 5892 Sicut
258 5836 509 5897 in,arena
547 5844 712 5899 maris
759 5846 935 5905 nullus
960 5855 1205 5913 exoritur
1230 5858 1457 5933 fructus,
1496 5866 1567 5922 ita
1598 5869 1651 5924 in

512 5932 784 5999 ΡΑτιιοι.
813 5940 1106 6011 CXXXI.

1825 2038 2009 2096 electos
2036 2042 2206 2100 Israel
2232 2048 2517 2119 impedivit,
2541 2072 2609 2109 ne
2635 2060 2955 2126 prodessent
2974 2038 3170 2134 quibus
3183 2038 3420 2140 paterno

1825 2130 2021 2187 aﬂ‘ectu
2053 2138 2343 2206 cupiebant
2368 2146 2622 2211 prodesse
2657 2163 2671 2201 :
2709 2153 2965 2220 quoniam
2991 2130 3103 2213 non
3130 2130 3422 2219 defuerunt

1824 2222 1878 2276 in
1923 2227 2119 2296 populo
2161 2229 2252 2285 illo
2301 2234 2391 2301 qui
2436 2238 2772 2308 corrigerent
2816 2244 2982 2312 alios;
3030 2251 3129 2305 sed
3172 2252 3418 2324 impediti

1824 2322 1966 2377 sunt,
1998 2317 2251 2384 quoniam
2280 2336 2386 2377 non
2416 2335 2536 2381 erat
2561 2328 2633 2382 ibi
2667 2331 2864 2401 aliquis
2886 2338 2975 2405 qui
3006 2340 3203 2412 corrigi
3236 2317 3413 2401 vellet.

1825 2400 1976 2458 Unde
2018 2409 2281 2478 prOpheta
2330 2431 2343 2466 :
2390 2414 2649 2487 Linguam
2692 2400 2842 2478 tuam
2895 2400 3093 2496 iaciam
3143 2400 3416 2492 dahazrere

1818 2491 1998 2559 palato
2019 2506 2129 2562 tuo,
2145 2502 2400 2567 quoniam
2424 2507 2609 2564 domus
2629 2528 2947 2582 exasperans
2968 2532 3042 2573 est
3068 2520 3285 2591 (Ezeclr.
3304 2532 3410 2598 ttt).

1821 2582 1916 2637 Vel
1957 2584 2143 2642 electos
2194 2590 2367 2646 Israel
2410 2596 2694 2667 impedivit,
2723 2607 2846 2674 quia
2873 2582 3260 2671 condoluerunt
3288 2582 3413 2689 pet:-

1818 2675 2070 2731 euntibus
2118 2697 2131 2732 :
2187 2682 2327 2737 unde
2350 2724 2364 2747 ,
2394 2689 2634 2757 confusio
2673 2694 2832 2761 faciei
2876 2716 3002 2753 mea:
3028 2708 3293 2775 cooperuit
3330 2724 3413 2763 me

1818 2762 1990 2834 (Psal.
2022 2771 2176 2841 mn)
2218 2792 2229 2826 :
2280 2777 2360 2829 vel
2394 2780 2553 2835 electi
2584 2783 2749 2841 Israel
2794 2799 2920 2845 sunt
2948 2762 3282 2866 sacerdotes,
3311 2804 3408 2872 qui

1815 2854 2179 2925 impediuntur
2209 2864 2498 2934 aliquando
2536 2887 2567 2925 a
2608 2876 2832 2932 Domino
2870 2896 2977 2950 pro.
2997 2889 3237 2954 peccatis
3268 2854 3408 2948 ἐιῖὺ-

1813 2946 2069 3013 ditorum,
2094 2966 2213 3020 qua:
2242 2953 2385 3022 juste
2410 2963 2725 3032 corrigenda
2754 2982 2942 3027 essent
2971 2992 2983 3027 :
3012 2978 3105 3033 sed
3142 2994 3208 3033 ex
3235 2982 3405 3039 nimia

1812 3043 2187 3111 compassione
2218 3057 2423 3106 natura:
2462 3054 2731 3124 humana},
2760 3063 2985 3120 nimium
3018 3082 3237 3139 parcent
3276 3090 3404 3145 pec-

1812 3133 2083 3200 cantibus,
2122 3154 2228 3193 non
2275 3147 2616 3204 attendentes
2656 3155 2781 3222 quia
2827 3165 3130 3230 eompassio
3177 3166 3406 3225 debetur

1812 3231 2041 3290 naturte,
2086 3238 2140 3282 et
2174 3233 2440 3289 rectitude
2489 3240 2677 3311 culpm.
2727 3245 2898 3303 Debet
2942 3254 3090 3308 enim
3134 3256 3403 3327 judicium

1809 3315 1924 3371 ﬁeri
1974 3319 2041 3374 de
2069 3337 2392 3395 unoquoque
2418 3345 2714 3402 peccante;
2771 3341 2867 3395 sed
2914 3344 2957 3398 si
2988 3315 3173 3415 postea
3206 3351 3405 3409 viderit

1807 3408 2061 3477 praelatus
2079 3416 2169 3482 qui
2199 3416 2476 3476 humiliter
2496 3426 2601 3494 agit
2624 3408 3022 3501 paenitentiam,
3048 3454 3147 3493 suo
3165 3445 3399 3503 arbitrio

1805 3500 2148 3573 relinquitur,
2170 3518 2225 3561 ut
2248 3512 2329 3564 sui
2364 3515 2686 3574 misereatur
2719 3540 2731 3575 :
2766 3524 2820 3579 in
2855 3531 3094 3588 omnibus
3125 3534 3227 3598 Itis,
3258 3541 3392 3597 sub-

1804 3592 1959 3646 audis
2007 3599 2239 3652 correcti
2283 3608 2713 3674 praemonitioue,
2742 3624 2801 3667 ut
2827 3620 3057 3689 amplius
3079 3639 3389 3696 peccarent,

1798 3698 2136 3750 peccaverunt
2162 3690 2354 3757 adhuc,
2387 3705 2434 3747 et
2466 3698 2568 3754 hoc
2609 3702 2728 3758 ideo
2759 3708 2886 3777 quia
2921 3728 3026 3767 non
3055 3690 3391 3777 crediderunt

1797 3776 1851 3829 in
1883 3778 2207 3837 mirabilibus
2235 3786 2350 3853 ejus
2377 3806 2395 3851 ;
2424 3802 2470 3844 et
2499 3794 2796 3863 defecerunt
2819 3804 2929 3859 dies
2955 3824 3135 3865 eorum
3162 3814 3216 3868 in
3238 3817 3394 3871 vani-

1796 3878 1922 3932 tate,
1963 3888 2089 3928 cum
2121 3892 2339 3944 possent
2370 3885 2640 3952 prolicere
2676 3892 2730 3945 in
2772 3898 2998 3954 veritate
3025 3916 3041 3955 :
3068 3912 3116 3957 et
3147 3908 3274 3961 anui
3303 3925 3393 3963 eo-

1797 3974 1912 4013 rum
1961 3978 2078 4015 cum
2135 3965 2471 4034 festinatione
2524 3994 2540 4031 :
2588 3980 2713 4048 quia
2770 4000 2984 4057 semper
3032 3992 3103 4046 ad
3158 4008 3389 4054 mortem

1795 4050 2102 4120 tendebant,
2150 4060 2216 4113 de
2263 4062 2396 4131 vitio
2433 4067 2499 4121 ad
2528 4069 2737 4137 vitium,
2763 4050 3024 4135 cadentes
3052 4082 3390 4155 desperando

1793 4142 1843 4196 in
1896 4149 2131 4213 peccatis
2188 4169 2201 4204 :
2256 4154 2361 4210 hoc
2406 4162 2729 4219 ostendebat
2770 4170 2913 4237 quod
2969 4142 3198 4233 mortem
3250 4180 3387 4237 inte-

1790 4234 1987 4291 riorem
2029 4241 2309 4309 optabant.
2344 4246 2475 4302 Cum
2513 4234 2797 4323 occideret,
2828 4264 3130 4329 qurerebant
3160 4285 3299 4335 eum,
3332 4282 3384 4326 et

1789 4333 2192 4393 revertebantur,
2222 4346 2272 4387 et
2317 4337 2569 4405 diluculo,
2610 4345 2662 4398 id
2706 4357 2811 4413 est,
2852 4351 3139 4421 vigilanter
3178 4370 3233 4415 et
3261 4333 3379 4419 stu-

1785 4416 1953 4483 diose,
2002 4423 2267 4479 veniebant
2309 4429 2379 4481 ad
2421 4448 2564 4498 eum,
2604 4446 2650 4489 et
2695 4447 2821 4495 tunc
2861 4446 3074 4501 tandem
3121 4467 3376 4511 rememo-

1786 4509 1885 4561 rati
1924 4522 2043 4564 sunt
2088 4516 2215 4578 quia
2250 4516 2396 4573 Deus
2434 4523 2650 4593 adjutor
2681 4541 2755 4583 est
2795 4549 2975 4589 eorum
3022 4539 3074 4594 iu
3115 4543 3295 4615 bonis,
3320 4562 3373 4607 et

1784 4596 1923 4653 Deus
1966 4603 2199 4661 excelsus
2244 4610 2536 4681 redemptor
2566 4634 2746 4675 eorum
2776 4634 2851 4678 est
2890 4627 2943 4681 in
2978 4633 3151 4690 malis.
3182 4637 3251 4693 Et
3279 4596 3377 4698 ,di-

1786 4688 2021 4747 (exerunt
2049 4712 2168 4751 eum
2197 4700 2251 4752 in
2282 4718 2369 4755 ore
2409 4721 2527 4769 suo,
2555 4708 2606 4764 id
2633 4720 2736 4776 est,
2780 4731 2875 4772 ore
2918 4725 3279 4787 ostendebant
3310 4749 3375 4795 se

1786 4779 2070 4839 Dominum
2121 4789 2341 4857 diligere
2377 4811 2389 4846 :
2438 4804 2494 4849 et
2534 4797 2714 4868 lingua
2760 4821 2860 4859 sua
2904 4815 3107 4868 mentiti
3138 4831 3262 4876 sunt
3296 4779 3367 4881 ei:

1783 4868 1887 4926 Cor
1919 4885 2092 4930 autem
2121 4878 2355 4949 ipsorum
2388 4901 2491 4940 non
2515 4900 2627 4943 erat
2655 4903 2850 4950 rectum
2877 4916 2996 4955 cum
3021 4921 3101 4972 eo,
3126 4925 3218 4963 nec
3235 4912 3368 4980 ﬁde-

1775 4959 1849 5015 les
1889 4964 2053 5018 Itabiti
2100 4980 2221 5022 sunt
2254 4970 2307 5024 in
2345 4983 2651 5033 testamento
2697 4984 2811 5053 ejus
2850 5005 2870 5041 :
2914 4959 3165 5060 quoniam
3199 4959 3366 5059 testa-

1773 5064 2015 5109 mentum
2042 5073 2198 5112 suum
2228 5062 2565 5135 adhortatur,
2592 5081 2648 5126 nt
2670 5090 2796 5129 eum
2822 5080 3105 5153 diligamus
3129 5104 3233 5145 non
3262 5108 3361 5161 pro

1772 5147 2021 5212 terrenis,
2060 5151 2153 5204 sed
2186 5168 2282 5221 pro
2309 5170 2367 5210 se
2398 5166 2605 5217 tantum
2639 5182 2650 5217 :
2689 5166 2815 5224 huic
2841 5147 3019 5229 autem
3051 5147 3356 5239 testamento

1774 5249 1876 5288 non
1921 5246 2078 5291 erant
2121 5240 2321 5309 ﬁdeles,
2367 5248 2490 5315 quia
2540 5268 2643 5306 non
2686 5254 2931 5316 faciendo
2984 5280 3104 5335 qua:
3152 5270 3353 5338 docuit,

1772 5322 1930 5380 ﬁdem
1962 5327 2010 5381 ei
2056 5346 2161 5384 non
2210 5333 2552 5394 habuerunt:
2592 5351 2648 5396 et
2690 5345 2806 5401 ideo
2837 5366 2929 5403 cor
2968 5322 3204 5423 ipsorum
3247 5378 3354 5418 non

1768 5428 1879 5471 erat
1926 5430 2121 5475 rectum
2148 5440 2267 5479 cum
2299 5445 2382 5495 eo,
2431 5434 2555 5502 quia
2600 5446 2806 5493 rectum
2853 5458 2948 5497 cor
2986 5446 3185 5506 habere
3219 5468 3347 5509 cum

1766 5506 2030 5573 Domino.
2083 5523 2167 5569 est
2210 5532 2453 5587 qua-rere
2499 5523 2665 5580 Deum
2717 5541 2933 5599 propter
2980 5535 3168 5594 Deum.

1766 5598 2117 5658 historialiter
2155 5610 2293 5677 apud
2323 5610 2440 5665 illos
2484 5611 2622 5667 facta
2654 5628 2796 5683 sunt,
2818 5598 2971 5677 ifiunt
3000 5628 3162 5684 etiam
3204 5598 3347 5704 apud

1763 5704 1863 5744 nos
1896 5694 2120 5763 mystice
2148 5712 2162 5760 ;
2195 5698 2316 5765 quia
2349 5714 2469 5753 cum
2498 5702 2715 5771 occidit,
2755 5708 2805 5762 id
2837 5720 2938 5774 est,
2964 5714 3114 5784 justo
3141 5694 3347 5791 judicio

1759 5778 1992 5850 aliquem
2039 5785 2220 5854 punit,
2265 5786 2349 5840 vel
2397 5804 2493 5845 nos
2544 5790 2689 5863 ipsos
2735 5778 3001 5873 ﬂagellat,
3051 5778 3342 5881 quaerimus

1754 5890 1877 5931 eum
1925 5878 2225 5937 invocando
2268 5882 2386 5953 ejus
2432 5887 2860 5951 misericordiam
2905 5911 2964 5956 ut
3008 5878 3195 5974 parcat
3236 5922 3339 5966 :ct

2824 5989 2898 6050 18
