3884 5814
129 390 240 458 δεῖ

1227 396 1760 452 ΕΝΑΒΒΑΤΙΟΝΕΞ
1799 397 1862 452 IN
1899 395 2238 451 PSALMDS.

3275 395 3382 464 πᾳ

133 532 294 574 sessm
329 530 510 571 eorum
541 515 626 569 sit
666 514 775 584 igni
809 511 1044 568 tradita:
1097 513 1191 567 sed
1236 512 1556 582 interposuit
1600 512 1688 568 hic
1717 522 1762 579 Α
1791 523 1892 565 tem
1948 509 2380 580 sanctiﬁcationis
2435 523 2584 573 sure,
2646 516 2870 561 montem
2913 523 3066 576 quem
3111 509 3384 577 acquisivit

131 609 406 678 Propheta.
428 606 584 662 utsic
606 605 926 660 admoneret
951 603 1204 659 lectorem
1224 617 1468 672 quaerere
1489 611 1692 674 myste-

132 700 283 763 rium,
309 707 361 754 et
387 712 489 753 non
522 705 728 752 tantum
765 697 816 750 iu
845 695 1129 766 superﬁcie
1148 696 1344 749 littera:
1365 702 1688 749 remaneret.

130 787 234 842 Per
268 788 632 858 possessionem
666 785 754 840 hic
799 794 1014 839 notatur
1039 783 1338 853 patientia;
1379 783 1503 852 quia
1534 782 1600 837 de
1627 799 1694 838 ea

128 880 320 934 dictum
365 887 448 934 est
471 895 484 931 :
511 878 579 931 In
620 878 874 949 patientia
917 887 1084 932 vestra
1121 877 1452 948 possitleltitis
1490 878 1695 932 animos

123 965 473 1038 cestras(an.
501 980 615 1030 xm
639 983 654 1019 :
689 966 816 1035 quia‘
843 966 956 1036 ipsa
983 965 1240 1036 patientia
1256 964 1389 1020 facit
1411 980 1695 1034 possesso-

128 1074 235 1113 res.
266 1057 411 1114 Unde
457 1057 620 1113 illud:
657 1055 921 1112 Patientia
960 1067 1034 1111 est
1073 1057 1221 1110 nobis
1257 1058 1550 1111 necessaria
1573 1098 1592 1123 ,
1638 1069 1696 1111 ut

125 1158 451 1220 reperiemus
466 1133 855 1220 prottdssiones
879 1147 1034 1219 (Heb.
1059 1147 1563 1222 x).[ﬂa:c:patientia
1589 1149 1698 1219 igni

122 1239 486 1304 comburitur,
537 1240 751 1310 quando
786 1239 1140 1293 unanimitate
1187 1240 1266 1294 ira
1295 1238 1598 1310 expellitur.
1633 1239 1700 1292 Et

123 1333 263 1386 misit
303 1332 354 1385 in
375 1347 461 1386 eos
509 1332 645 1385 iram
696 1332 1072 1401 indignationis
1094 1346 1223 1392 sure,
1256 1331 1309 1385 id
1350 1339 1451 1395 est,
1485 1345 1596 1385 suae
1619 1329 1700 1385 in-

123 1425 418 1494 dignationi
451 1432 847 1494 competentem
887 1438 904 1476 :
952 1431 1010 1478 et
1045 1423 1166 1477 ideo
1197 1423 1611 1493 indignationem
1647 1431 1699 1475 et

119 1515 258 1566 iram
283 1527 302 1564 :
326 1528 444 1583 qua:
489 1513 567 1568 ira
615 1511 717 1566 fuit
762 1512 1038 1568 tribulatio
1083 1511 1321 1567 immissa
1359 1527 1453 1582 per
1487 1510 1700 1580 angelos

113 1603 320 1668 malos,
360 1618 464 1657 non
489 1603 617 1673 quia
653 1617 761 1657 non
795 1599 996 1657 inferat
1029 1603 1170 1657 Deus
1199 1601 1367 1656 etiam
1405 1616 1502 1672 per
1530 1601 1700 1656 bonos

117 1693 298 1762 qualia
325 1693 455 1758 vult,
486 1694 578 1749 sed
603 1694 774 1748 utitur
805 1693 963 1749 malis
989 1694 1133 1750 sicut
1172 1693 1328 1748 bonis
1353 1695 1420 1748 ad
1447 1691 1701 1762 reprobo-

120 1800 245 1838 rum
270 1783 542 1839 ultionem.
573 1784 738 1840 Bonis
767 1799 896 1840 usus
921 1793 1009 1840 est
1029 1784 1083 1838 in
1111 1783 1402 1838 vindictam
1433 1781 1696 1837 Sodomo-

1797 602 1984 656 dextra
2009 604 2146 673 ejus.
2178 599 2327 654 Mons
2355 597 2802 654 sanctiﬁcationis
2825 606 2910 651 est
2942 596 3200 663 Ecclesia,
3221 613 3384 667 quam

1799 695 2087 764 acquisivit
2135 695 2390 750 Christus
2443 691 2537 745 Dei
2597 691 2808 744 dextra.
2851 687 2918 742 Et
2973 688 3122 756 ejecit
3177 704 3210 740 a
3251 687 3389 756 facis

1796 803 1976 841 eorum
2006 796 2218 856 gentes,
2265 794 2311 838 et
2357 793 2494 838 sorte
2529 781 2707 836 dimsit
2737 781 2811 834 eis
2843 791 3033 834 terram
3059 779 3117 832 in
3149 777 3390 847 [micqu

1796 876 2233 939 distributionis;
2291 877 2342 929 in
2397 874 2501 929 hoc
2551 882 2742 928 notans
2789 871 2915 939 quia
2965 869 3212 939 ej-ieicndi
3263 880 3393 924 sunt.

1799 990 1830 1023 a
1863 968 1998 1039 facie
2044 968 2280 1024 ﬁdelium
2329 982 2547 1022 suorum
2583 964 2802 1034 maligni
2845 962 3075 1032 spiritus
3112 960 3390 1031 gentilium
3473 1019 3484 1023 _

1797 1073 2074 1120 errorum,
2098 1067 2158 1110 ut
2185 1056 2519 1111 inliabitetin
2548 1055 2630 1109 eis
2653 1062 2978 1136 nnus_atque
2999 1054 3137 1108 idem
3161 1051 3394 1122 Spiritus

1801 1148 2048 1203 dividens
2077 1149 2300 1216 singulis
2333 1155 2496 1216 prout
2525 1145 2659 1210 vult,
2688 1144 2838 1212 quasi
2865 1142 3116 1212 ‘l‘uniculo
3151 1157 3239 1198 res
3267 1156 3390 1212 age.

1800 1248 1971 1294 retur.
2016 1238 2175 1293 Sorte
2209 1238 2468 1291 dividitur
2509 1246 2652 1291 terra
2693 1235 2922 1292 electis:
2971 1235 3095 1303 quia
3122 1233 3266 1303 quod
3297 1232 3397 1288 eli-

1801 1338 2024 1400 guntur,
2078 1343 2182 1381 non
2209 1335 2294 1382 est
2335 1341 2401 1380 ex
2438 1327 2686 1390 meritis,
2713 1326 2804 1380 sed
2826 1339 2892 1379 ex
2921 1324 3094 1394 gratia
3121 1364 3138 1389 ,
3163 1338 3284 1393 quas
3316 1323 3397 1378 eis

1802 1419 1952 1489 quasi
1975 1434 2076 1489 per
2096 1428 2300 1474 sortem
2326 1421 2532 1473 evenit.
2567 1417 2632 1472 Et
2653 1417 2894 1470 habitare
2918 1417 3037 1486 fecit
3066 1416 3123 1470 in
3146 1415 3396 1470 taberna-

1802 1511 1936 1566 culis
1999 1528 2179 1566 eorum
2223 1513 2390 1565 nibus
2445 1510 2635 1565 Israel.
2680 1508 3049 1563 Tabernacula
3091 1508 3195 1562 ista
3234 1505 3397 1576 signi-

1801 1604 1966 1660 ﬁcant
1991 1603 2266 1660 crelestem
2289 1603 2609 1666 leruSaIem,
2634 1602 2722 1656 ubi
2748 1600 2920 1671 angeli
2960 1607 3220 1668 apostataa
3240 1596 3398 1668 quasi

1803 1695 1856 1749 in
1889 1694 2252 1749 tabernaculis
2274 1695 2343 1748 ad
2374 1694 2560 1747 horam
2589 1691 2828 1756 luerunt,
2852 1693 2993 1746 unde
3012 1690 3224 1761 expulsi
3249 1698 3398 1754 sunt,

1803 1796 1882 1852 ut,
1909 1787 2232 1856 quandoque
2267 1787 2438 1840 tribus
2482 1785 2686 1850 Israel,
2728 1786 2782 1838 id
2823 1793 2927 1850 est,
2953 1783 3204 1839 collectio
3232 1785 3400 1838 Deum

121 1891 264 1939 sum,
281 1875 402 1943 quia
429 1874 622 1945 legitur
648 1875 918 1930 Abraham
938 1890 1038 1930 eos
1067 1874 1337 1945 recepisse
1363 1873 1417 1928 in
1445 1871 1696 1941 hospitio,

1817 1878 2098 1934 bidentium
2122 1920 2135 1942 ,
2163 1880 2216 1933 in
2247 1895 2434 1933 eorum
2465 1878 2582 1933 loco
2610 1887 2939 1932 assumatur.
2981 1876 3043 1930 Et
3076 1886 3402 1932 tentaret-aut

113 1983 222 2036 per
271 1983 403 2037 quos
469 1967 728 2022 Dominus
791 1968 1128 2023 aununtiavit
1181 1981 1335 2022 suam
1409 1964 1699 2018 vindictam

111 2058 277 2130 (Gen.
317 2059 493 2131 ιιι-ιιι).
523 2060 675 2128 Quod
706 2060 862 2115 bonis
900 2069 1080 2114 autem
1125 2058 1322 2115 inierat
1353 2056 1703 2127 temporalem

112 2154 507 2209 correctionem
527 2169 624 2224 per
651 2153 824 2209 bonos
850 2154 1090 2223 augt-los,
1124 2153 1228 2208 hoc
1261 2167 1368 2208 non
1398 2152 1702 2216 invenitur;

113 2243 217 2298 sed
258 2242 424 2297 utitur
465 2251 679 2296 tantum
727 2243 883 2297 malis
929 2244 980 2297 in
1029 2242 1366 2298 correctione
1417 2241 1703 2304 bonorum,

116 2335 270 2390 velut
297 2335 361 2388 de
382 2333 482 2389 Job
510 2333 710 2405 legitur
739 2333 864 2404 (Job
895 2350 911 2388 ι
943 2334 980 2405 ).
1013 2331 1280 2388 lmmissio
1311 2331 1414 2387 ista
1444 2333 1585 2387 facta
1610 2344 1708 2400 per

106 2424 342 2494 angelos
377 2424 546 2479 malos
573 2433 656 2480 est
688 2423 973 2480 obduratio
997 2423 1178 2479 cordis
1203 2463 1217 2487 ,
1245 2438 1362 2493 quae
1392 2420 1452 2476 ﬁt
1488 2437 1585 2491 per
1606 2435 1706 2474 an-

107 2520 272 2591 gelos
299 2519 466 2574 malos
491 2528 726 2585 tantum,
753 2527 814 2573 ut
844 2519 1198 2590 persistentes
1236 2519 1289 2572 in
1327 2525 1555 2588 peccato
1588 2531 1711 2586 gra-

114 2611 303 2666 viores
327 2625 514 2680 plenas
548 2621 862 2666 mereantur
888 2652 902 2675 ,
942 2620 1145 2680 quanto
1183 2611 1432 2680 graviora
1461 2609 1544 2663 vel
1571 2609 1708 2663 ulte-

113 2704 270 2759 riora
321 2703 747 2758 committerent.
797 2700 946 2755 Viam
1001 2703 1122 2771 fecit
1185 2701 1384 2756 semita:
1438 2702 1533 2754 irte
1577 2716 1706 2754 sum.

106 2795 329 2850 Semita
356 2795 448 2849 irae
494 2795 586 2850 Dei
613 2803 700 2849 est
727 2836 742 2859 ,
766 2797 983 2864 quando
1007 2794 1276 2864 permittit
1309 2793 1540 2862 aliquem
1567 2791 1708 2845 trahi

107 2885 378 2941 funiculis
419 2895 790 2955 peccatorum,
834 2894 898 2940 ut
943 2885 1248 2940 committat
1288 2885 1588 2938 erilninalia
1618 2901 1713 2952 pro

106 2977 322 3048 quibus
371 2977 596 3032 interius
641 2987 980 3042 cxcmcatnr,
1022 2984 1081 3031 ut
1107 2975 1428 3045 quandoque
1473 2975 1712 3030 exterius

108 3070 400 3138 puniatur.
440 3069 506 3123 Et
530 3086 632 3123 non
676 3069 904 3139 pepercit
933 3085 966 3123 a
1004 3079 1172 3122 morte
1194 3069 1476 3123 animabus
1507 3085 1710 3134 eorum,

1803 1985 1848 2027 et
1895 1975 2274 2028 exacerbantia
2326 1974 2489 2026 Deum
2541 1972 2824 2037 excelsum,
2869 1983 2919 2026 et
2953 1973 3255 2026 testimonia
3285 1971 3401 2040 ejus

1807 2081 1909 2119 non
1972 2066 2350 2119 custodierun'.
2389 2065 2558 2131 Quasi
2587 2066 2728 2120 dicat
2758 2083 2771 2119 :
2805 2065 2953 2120 Licet
2977 2067 3096 2120 lure
3115 2065 3296 2121 omnia
3317 2064 3401 2119 fe-

1803 2159 1969 2213 cisset
2003 2157 2264 2213 Dominus
2296 2173 2459 2212 causa
2509 2157 2689 2228 populi
2740 2156 2882 2212 illius
2905 2197 2920 2221 ,
2963 2157 3062 2227 ipsi
3098 2165 3280 2211 tamen
3317 2155 3403 2209 liis

1807 2250 2059 2304 omnibus
2083 2249 2278 2319 ingrati
2303 2247 2545 2312 fuerunt,
2574 2248 2700 2318 quia
2727 2249 2986 2302 tentando
3001 2261 3124 2301 eum
3139 2245 3403 2300 acerbum

1808 2341 2076 2407 fecerunt,
2113 2358 2218 2396 non
2251 2342 2616 2396 custodientes
2659 2341 2772 2410 ejus
2821 2340 3156 2404 testimonia,
3205 2339 3256 2392 id
3301 2346 3403 2402 est,

1809 2431 1926 2500 ejus
1947 2434 2210 2502 promissa
2232 2475 2247 2497 ,
2280 2432 2533 2502 quoniam
2564 2432 2682 2501 ejus
2728 2431 2997 2502 promissa
3049 2429 3268 2484 luerunt
3299 2443 3410 2484 cm-

1811 2525 1986 2588 lcstia,
2013 2538 2132 2593 qua:
2163 2522 2611 2594 signiﬁcabantur
2641 2523 2693 2576 in
2723 2523 2988 2587 terrenis;
3019 2537 3139 2592 quae
3161 2520 3409 2576 coelestia

1815 2633 1919 2670 non
1965 2617 2334 2686 quaisierunt,
2375 2615 2469 2670 sed
2520 2624 2730 2668 tantum
2765 2615 2998 2668 terrenis
3042 2613 3408 2673 adlncserunt,

1814 2709 1956 2763 sicut
1981 2717 2033 2762 et
2064 2724 2160 2761 nos
2190 2721 2313 2760 eum
2343 2706 2602 2759 tentando
2648 2705 3069 2769 exacerbatnns,
3112 2705 3324 2774 quando
3349 2703 3412 2757 id

1815 2799 1882 2853 ab
1913 2814 1977 2852 eo
2014 2798 2247 2868 petimus
2290 2797 2431 2865 quod
2479 2796 2768 2864 petendum
2813 2811 2920 2850 non
2964 2805 3065 2849 est.
3094 2796 3232 2850 Sunt
3265 2795 3409 2849 enim

1812 2891 1930 2959 ejus
1953 2889 2218 2960 promissa
2247 2906 2260 2941 :
2308 2885 2472 2941 I’etite
2501 2899 2548 2941 et
2579 2887 2844 2956 accipietis
2877 2886 3059 2958 (Joan.
3101 2901 3213 2949 xlv,
3254 2885 3366 2956 xvt)
3395 2901 3410 2938 :

1813 2999 1936 3052 qum
1981 2996 2080 3036 nos
2115 2995 2216 3034 non
2249 2993 2548 3044 servamus,
2591 2978 2716 3047 quia
2767 2977 2819 3031 in
2858 2976 2976 3044 ejus
3019 2975 3238 3030 nomine
3280 2975 3413 3029 nihil

1816 3075 2070 3145 petimus.
2105 3073 2169 3127 Et
2202 3080 2498 3126 averterant
2529 3087 2584 3124 se
2604 3080 2650 3124 et
2680 3087 2781 3124 non
2808 3077 3143 3124 servaverunt
3181 3079 3412 3138 pactum.

95 3173 160 3215 et
207 3162 454 3232 jnmenfa
498 3178 678 3216 eorum
729 3162 785 3215 in
827 3171 996 3216 morte
1039 3159 1312 3216 conclusit.
1359 3159 1609 3215 Iumenta
1659 3161 1712 3213 in
1755 3194 1784 3218 ,ι
1822 3163 2258 3236 quemadmodum
2304 3170 2479 3231 patres
2508 3176 2694 3214 eorum
2723 3158 2956 3213 conversi
2983 3167 3101 3212 sunt
3143 3158 3197 3212 in
3231 3147 3414 3210 arcum

100 3263 293 3308 morte
320 3253 598 3319 conclusa,
630 3261 821 3308 notant
851 3251 968 3307 illos
992 3252 1082 3323 qui
1110 3267 1205 3323 per
1222 3252 1715 3323 concupiscentiam
1743 3236 1791 3298 C
1822 3274 2056 3329 pravum.
2100 3255 2241 3310 Ecce
2281 3254 2519 3308 ostendit
2563 3252 2797 3323 qualiter
2841 3251 3138 3305 testimonia
3173 3250 3287 3319 ejus
3311 3267 3415 3303 non

97 3345 312 3399 carnis
333 3361 453 3414 qua:
479 3344 791 3400 hominibus
812 3359 938 3397 cum
972 3343 1256 3412 pecoribus
1284 3351 1366 3396 est
1390 3343 1715 3407 communis,

105 3434 315 3490 relicta
345 3435 626 3504 pudicitia,
648 3449 820 3504 usque
845 3434 910 3488 ad
948 3443 1176 3489 mortem
1205 3442 1385 3487 ruunt.
1417 3433 1482 3487 Et
1509 3449 1717 3503 percus-

92 3528 178 3580 sit
226 3541 382 3579 omne
422 3526 820 3597 primogenitum
859 3529 914 3580 in
965 3536 1106 3580 terra
1157 3525 1411 3596 Egypti:
1457 3526 1717 3596 primitias

95 3616 371 3671 laborum
416 3633 594 3670 eorum
624 3619 681 3671 in
720 3618 1072 3672 tabernaculis
1099 3615 1282 3671 Cham.
1316 3616 1421 3671 Per
1454 3617 1717 3688 primoge-

95 3709 234 3762 nita
259 3710 444 3763 occisa
475 3717 694 3764 notatur
717 3710 926 3778 justitia
948 3751 963 3775 ,
993 3710 1046 3764 in
1071 3725 1174 3779 qua
1217 3710 1512 3764 humanum
1546 3723 1719 3778 genus

92 3808 200 3854 est
256 3800 601 3868 associabile,
660 3802 786 3871 quia
841 3802 1021 3857 nullus
1094 3812 1174 3856 est
1218 3802 1308 3873 qui
1364 3817 1470 3857 non
1525 3801 1719 3856 habeat

94 3890 524 3961 aliquantulam
559 3891 863 3962 justitiam;
913 3895 1010 3948 sed
1059 3895 1200 3964 perit
1231 3893 1476 3962 justitia,
1503 3893 1721 3963 quando

83 3982 362 4052 quisque
399 3982 547 4051 jnste
588 3983 773 4037 vivere
799 3984 1027 4048 desiuit;
1065 3983 1166 4048 vel,
1206 3993 1382 4053 potest
1408 3984 1583 4038 notari
1627 4001 1724 4054 per

77 4074 475 4142 primogenita
515 4090 769 4143 percussa
793 4115 808 4138 ,
847 4077 1068 4131 amissio
1108 4076 1268 4142 ﬁdei,
1292 4093 1412 4147 quae
1438 4077 1608 4148 prima
1641 4086 1723 4132 cst

88 4167 158 4220 in
195 4165 462 4221 ﬁdelibus
487 4185 504 4219 :
533 4168 658 4237 quia
691 4167 843 4223 locus
875 4169 986 4222 veri
1021 4169 1276 4224 sacriﬁcii
1333 4181 1485 4225 extra
1538 4171 1725 4225 catho-

85 4256 289 4312 licam
327 4255 626 4313 Ecelesiam
651 4274 759 4315 non
788 4268 890 4314 est.
911 4259 1016 4314 Per
1042 4261 1312 4332 primitias
1337 4264 1507 4317 omnis
1527 4262 1724 4318 laboris

82 4355 395 4402 notantur
435 4349 574 4404 bona
599 4364 787 4420 opera,
822 4365 941 4420 qua:
987 4349 1038 4405 in
1073 4351 1432 4407 tabernaculis
1475 4361 1720 4422 pereunt,

88 4441 156 4494 id
187 4449 319 4504 est,
350 4440 404 4496 in
436 4440 542 4496 illis
566 4442 655 4512 qui
678 4443 911 4512 quadam
937 4442 1228 4499 calliditate
1247 4443 1402 4514 quasi
1424 4443 1524 4498 sub
1547 4445 1726 4513 specie

81 4527 414 4600 religionis
441 4531 579 4586 bene
606 4542 918 4602 operantur.
944 4530 1115 4587 Cham
1149 4533 1298 4587 enim
1339 4533 1726 4603 interpretatur

75 4619 387 4674 callidus.
437 4619 504 4674 Et
543 4622 758 4676 abstulit
799 4624 934 4676 sicut
983 4639 1100 4676 oves
1149 4622 1398 4692 populant
1451 4640 1626 4688 suum,
1672 4632 1722 4677 et

68 4711 385 4780 perduxit
439 4728 528 4767 eos
567 4722 816 4784 tanquam
865 4729 1069 4783 gregem
1113 4714 1166 4766 in
1222 4714 1441 4768 deserto.
1481 4713 1725 4769 Ostensis

71 4805 305 4876 plagis
375 4821 511 4875 quas
551 4807 730 4862 intulit
785 4807 1044 4863 Dominus
1097 4807 1371 4879 Egyptiis
1422 4808 1725 4866 nolentibus

75 4896 418 4951 dimittere
454 4898 740 4966 populum,
768 4901 1008 4954 ostendit
1035 4899 1267 4970 qualiter
1297 4899 1556 4956 Dominus
1594 4901 1730 4956 libe-

71 4987 264 5040 πιπτει
326 4987 582 5056 populum
624 5004 782 5043 suum
814 4988 879 5042 de
924 4999 1195 5058 potestate
1231 5005 1452 5059 eorum,
1498 4994 1577 5048 sic
1613 5010 1626 5047 :
1659 4991 1728 5046 Et

61 5077 353 5132 abstulit
395 5079 526 5131 sicut
567 5095 683 5134 oves
722 5078 971 5148 papulum
1009 5097 1198 5147 suum;
1234 5082 1374 5152 quod
1399 5099 1540 5140 nunc
1565 5084 1730 5140 etiam

63 5171 372 5226 interius
421 5170 696 5228 nobiscum
735 5172 934 5244 agitur,
983 5175 1200 5244 quando
1235 5175 1500 5232 ellicitnur
1539 5193 1734 5234 secun-

65 5264 239 5318 dum
278 5260 597 5332 spiritualia
623 5277 824 5336 pascua
847 5277 976 5320 oves
1011 5266 1126 5334 Dei,
1161 5267 1500 5324 ambulantes
1530 5269 1584 5324 in
1631 5267 1736 5322 boe

59 5351 339 5406 seculo
382 5359 630 5420 tanquam
678 5354 734 5408 in
779 5351 1015 5410 deserto.
1071 5355 1139 5410 Et
1185 5356 1365 5410 educit
1405 5375 1492 5413 eos
1533 5360 1591 5413 in
1647 5373 1738 5427 spe

59 5451 316 5506 terrae,
356 5438 599 5498 videlicet
624 5441 942 5514 promissae,
970 5457 1020 5500 et
1057 5464 1158 5501 non
1185 5447 1471 5502 timuerunt
1520 5446 1734 5513 deduci,

57 5535 234 5604 quia
316 5533 560 5590 inimicos
607 5552 794 5593 eorum
858 5542 1138 5611 conparuit
1198 5557 1362 5594 mare.
1415 5539 1523 5595 Nos
1570 5540 1741 5598 etiam

49 5624 484 5688 deducimur,
511 5625 561 5681 in
599 5646 688 5700 spe
713 5626 851 5682 salvi
893 5643 1120 5689 sumus:
1152 5643 1198 5687 et
1230 5632 1470 5687 inimicos
1495 5643 1733 5698 nostros,

49 5717 123 5770 id
199 5724 320 5770 est
350 5755 367 5779 ,
400 5713 527 5770 vitia
571 5729 760 5775 nostra
810 5725 1016 5790 operuit
1059 5739 1248 5786 mare,
1297 5724 1438 5778 unda
1485 5723 1739 5780 vidiclicct

1823 3349 2205 3412 custodierunt,
2233 3348 2360 3417 quia
2396 3345 2692 3401 avertendo
2729 3360 2788 3400 se
2809 3360 2840 3398 a
2871 3345 3004 3407 Deo,
3029 3353 3246 3413 pactum
3286 3341 3415 3396 illud

1821 3439 1962 3509 quod
1986 3454 2106 3493 cum
2135 3437 2365 3492 Domino
2390 3436 2728 3506 pepigerunt,
2747 3434 2888 3489 istud
2914 3433 3197 3488 videlicet:
3221 3430 3416 3487 Omnia

1818 3547 1937 3600 qua:
1983 3528 2187 3583 locutus
2233 3537 2308 3581 est
2358 3527 2648 3591 Dominus,
2707 3525 2960 3590 faciemus
2998 3522 3195 3593 (Exod.
3239 3521 3413 3594 XXIV),

1822 3619 2054 3676 terrenis
2110 3619 2461 3685 adhaerendo,
2510 3635 2616 3673 non
2665 3628 3038 3673 servaverunt.
3088 3615 3199 3672 Nos
3247 3616 3414 3671 etiam

1822 3712 2057 3783 quodam
2083 3719 2244 3782 pacto
2269 3727 2392 3766 cum
2422 3711 2530 3765 Deo
2565 3711 2938 3776 convenimus,
2969 3711 3093 3780 quia
3126 3710 3177 3765 in
3209 3710 3416 3780 baptis-

1824 3814 1968 3858 male
2000 3803 2203 3858 mundo
2218 3810 2274 3858 et
2295 3803 2547 3858 omnibus
2570 3803 2782 3874 pompis
2803 3802 2921 3871 ejus
2947 3804 3413 3872 ain-enuntiamus,

1822 3897 1965 3966 quod
2025 3895 2149 3965 quia
2211 3911 2315 3950 non
2373 3894 2741 3961 custodimus,
2788 3904 3004 3966 pactum
3053 3894 3413 3964 infringimus.

1825 3986 2277 4054 Quemadmodum
2305 3995 2478 4057 patres
2503 4004 2682 4041 eorum
2702 3989 2938 4042 conversi
2968 3997 3086 4041 sunt
3133 3987 3188 4040 in
3235 4003 3416 4040 arcum

1823 4095 2068 4150 pravum,
2099 4079 2152 4133 id
2175 4090 2278 4144 est,
2303 4079 2696 4150 comparabiles
2725 4079 2854 4135 facti
2880 4094 3048 4150 pravo
3077 4080 3225 4135 arcui
3252 4101 3264 4133 :
3290 4081 3417 4150 quia

1825 4172 1969 4226 sicut
1997 4187 2154 4225 arcus
2177 4187 2376 4241 parvus
2397 4173 2508 4226 cito
2537 4171 2853 4233 remittitur,
2883 4172 2956 4225 ita
2986 4170 3086 4242 ipsi
3117 4171 3169 4224 in
3193 4187 3416 4240 pravam

1828 4262 2182 4316 intentionem
2215 4263 2488 4328 conversi,
2521 4262 2734 4316 remissi
2767 4261 2894 4316 facti
2935 4271 3062 4317 sunt
3088 4263 3231 4316 circa
3269 4277 3421 4316 man-

1827 4351 1950 4406 data
1978 4351 2107 4417 Dei;
2131 4352 2234 4418 vel,
2264 4367 2464 4422 pravus
2491 4367 2650 4406 arcus
2681 4361 2782 4416 est,
2813 4351 2902 4421 qui
2935 4367 3056 4407 cum
3095 4352 3329 4406 tenditur
3367 4353 3419 4406 in

1829 4445 2124 4511 anteriora,
2175 4456 2320 4500 retro
2370 4445 2639 4514 percutit:
2695 4445 2766 4498 ita
2812 4443 2937 4497 mali
2975 4457 3105 4497 cum
3137 4443 3424 4498 intendunt

1830 4536 1952 4592 aliis
1986 4552 2184 4592 nocere
2207 4579 2220 4601 ,
2255 4548 2311 4591 et
2347 4536 2500 4606 quasi
2533 4536 2743 4606 sagittae
2776 4535 3074 4603 iniquitatis
3119 4545 3421 4606 percutere,

1831 4630 2121 4681 revertitur
2143 4629 2207 4681 ad
2236 4641 2328 4682 eos
2352 4627 2548 4697 sagitta
2585 4644 2600 4678 :
2630 4625 2754 4695 quia
2787 4641 2945 4680 nemo
2973 4641 3078 4680 non
3108 4626 3257 4696 prius
3288 4627 3341 4681 in
3368 4643 3427 4682 se

1831 4731 1992 4786 quam
2034 4716 2085 4770 in
2126 4715 2353 4770 alterum
2383 4725 2604 4785 peccat;
2637 4714 2721 4768 vel
2751 4730 2910 4768 arcus
2940 4729 3137 4785 pravus
3166 4725 3273 4781 est,
3301 4718 3425 4785 quia

1833 4808 1900 4862 ad
1926 4806 2188 4876 jactatum
2238 4822 2402 4860 unum
2452 4807 2674 4863 deﬁcit:
2727 4804 2797 4859 Hi
2827 4818 2949 4860 sunt
2991 4809 3080 4878 qui
3110 4807 3179 4861 ad
3226 4816 3426 4878 tempus

1833 4902 2070 4965 credunt,
2094 4911 2141 4954 et
2166 4901 2221 4954 in
2243 4911 2472 4970 tempore
2499 4903 2801 4959 tentationis
2832 4906 3078 4959 recedunt
3108 4903 3239 4976 (Luc
3259 4903 3381 4974 vm)
3408 4922 3426 4957 :

1836 4997 1890 5049 in
1914 4995 2048 5048 iram
2078 4989 2469 5050 concitaverunt
2492 5016 2609 5054 eum
2635 4997 2689 5050 in
2717 4995 2936 5052 collibus
2962 4998 3094 5061 suis,
3123 4997 3245 5068 quia
3270 5010 3434 5049 unus-

1839 5088 2070 5160 (ιιιῑείιιιο
2099 5086 2370 5142 excelsum
2411 5087 2596 5148 locum
2631 5087 2733 5142 sibi
2762 5087 2925 5158 elegit
2955 5090 3042 5143 ubi
3073 5089 3240 5143 Deum
3267 5082 3438 5138 oﬂ'en-

1839 5180 2013 5247 deret,
2045 5191 2101 5237 el
2138 5182 2241 5236 hoc
2265 5184 2548 5240 ostendit:
2590 5181 2713 5251 quia
2751 5180 2804 5232 in
2846 5179 3168 5250 sculptilibns
3208 5175 3316 5229 suis
3368 5177 3439 5228 ad

1841 5274 2231 5327 a’mulationem
2268 5288 2385 5325 eum
2426 5278 2858 5344 provocat'erunt,
2893 5270 2945 5324 id
2969 5277 3078 5333 est,
3108 5266 3261 5323 idolis
3288 5266 3443 5320 vanis

1841 5361 2235 5428 sacriﬁcantes,
2293 5361 2469 5419 Deum
2517 5365 2588 5420 ad
2638 5359 3057 5426 indignationem
3102 5366 3156 5412 et
3200 5352 3447 5408 inviden-

1845 5450 1975 5508 tiam
2005 5454 2388 5527 provocabant.
2423 5454 2543 5512 Nos
2569 5450 2733 5508 etiam
2761 5447 2815 5498 in
2843 5446 3058 5499 collibus
3085 5460 3206 5500 eum
3234 5443 3286 5496 in
3308 5442 3448 5498 iram

1844 5547 2200 5608 concitamus,
2237 5547 2514 5613 quomodo
2542 5546 2595 5600 in
2636 5536 2867 5593 elatione
2902 5536 3098 5590 mentis
3128 5550 3249 5592 eum
3275 5531 3448 5588 offen-

1840 5635 2021 5695 dimus
2047 5659 2060 5694 :
2111 5647 2164 5694 et
2185 5635 2523 5707 sculptilibus
2560 5633 2628 5690 ad
2655 5625 3048 5684 annulationem
3071 5643 3450 5700 provocamus.

1839 5730 2061 5796 quando
2091 5727 2249 5784 idolis
2275 5726 2480 5780 mentis
2504 5717 2924 5782 satisfaciamus.
2949 5716 3087 5773 Sunt
3112 5721 3253 5775 enim
3272 5715 3456 5787 plures
