  <div class='ocr_page' id='page_1' title='image "/cluster/home/n/w/nwhite01/storage/ocr_20150623/131/hvd.32044015471725/285.png"; bbox 0 0 3884 5584; ppageno 0'>
   <div class='ocr_carea' id='block_1_1' title="bbox 461 428 564 485">
    <p class='ocr_par' dir='ltr' id='par_1_1' title="bbox 461 428 564 485">
     <span class='ocr_line' id='line_1_1' title="bbox 461 428 564 485; baseline 0.01 -1"><span class='ocrx_word' id='word_1_1' title='bbox 461 428 564 485; x_wconf 76' lang='lat'><strong>559</strong></span> 
     </span>
    </p>
   </div>
   <div class='ocr_carea' id='block_1_2' title="bbox 1097 423 3074 486">
    <p class='ocr_par' dir='ltr' id='par_1_2' title="bbox 1097 423 3074 486">
     <span class='ocr_line' id='line_1_2' title="bbox 1097 423 3074 486; baseline -0.002 -4"><span class='ocrx_word' id='word_1_2' title='bbox 1097 426 1355 483; x_wconf 79' lang='lat' dir='ltr'><strong>REMIGII</strong></span> <span class='ocrx_word' id='word_1_3' title='bbox 1392 423 2047 486; x_wconf 76' lang='lat' dir='ltr'><strong>ANTISSIODORENSIS</strong></span> <span class='ocrx_word' id='word_1_4' title='bbox 2080 424 2228 483; x_wconf 84' lang='lat' dir='ltr'><strong>OPP.</strong></span> <span class='ocrx_word' id='word_1_5' title='bbox 2272 425 2452 485; x_wconf 80' lang='lat' dir='ltr'><strong>PARS</strong></span> <span class='ocrx_word' id='word_1_6' title='bbox 2490 426 2528 481; x_wconf 93' lang='lat' dir='ltr'><strong>I.</strong></span> <span class='ocrx_word' id='word_1_7' title='bbox 2565 456 2634 466; x_wconf 90' lang='lat'><strong>—</strong></span> <span class='ocrx_word' id='word_1_8' title='bbox 2667 425 3074 483; x_wconf 74' lang='lat' dir='ltr'><strong>EXEGETICA.</strong></span> 
     </span>
    </p>
   </div>
   <div class='ocr_carea' id='block_1_3' title="bbox 454 536 3699 612">
    <p class='ocr_par' dir='ltr' id='par_1_3' title="bbox 454 536 3699 612">
     <span class='ocr_line' id='line_1_3' title="bbox 454 536 3699 612; baseline -0.002 -15"><span class='ocrx_word' id='word_1_9' title='bbox 454 541 719 597; x_wconf 86' lang='lat' dir='ltr'><strong>cervicost</strong></span> <span class='ocrx_word' id='word_1_10' title='bbox 745 542 881 596; x_wconf 89' lang='lat' dir='ltr'><strong>tauri</strong></span> <span class='ocrx_word' id='word_1_11' title='bbox 926 550 1142 597; x_wconf 90' lang='lat' dir='ltr'><strong>ruentes</strong></span> <span class='ocrx_word' id='word_1_12' title='bbox 1178 541 1231 596; x_wconf 90' lang='lat' dir='ltr'><strong>in</strong></span> <span class='ocrx_word' id='word_1_13' title='bbox 1259 557 1530 597; x_wconf 86' lang='lat' dir='ltr'><strong>venerem.</strong></span> <span class='ocrx_word' id='word_1_14' title='bbox 1573 543 1784 597; x_wconf 66' lang='lat' dir='ltr'><strong>Audiuit</strong></span> <span class='ocrx_word' id='word_1_15' title='bbox 1828 540 1964 596; x_wconf 87' lang='lat' dir='ltr'><strong>Deus</strong></span> <span class='ocrx_word' id='word_1_16' title='bbox 1992 552 2039 595; x_wconf 87' lang='lat' dir='ltr'><strong>et</strong></span> <span class='ocrx_word' id='word_1_17' title='bbox 2070 545 2115 604; x_wconf 79' lang='grc' dir='ltr'><strong>Α</strong></span> <span class='ocrx_word' id='word_1_18' title='bbox 2145 540 2329 597; x_wconf 89' lang='lat' dir='ltr'><strong>stitate</strong></span> <span class='ocrx_word' id='word_1_19' title='bbox 2372 541 2499 596; x_wconf 89' lang='lat' dir='ltr'><strong>boni</strong></span> <span class='ocrx_word' id='word_1_20' title='bbox 2527 541 2708 612; x_wconf 88' lang='lat' dir='ltr'><strong>operis</strong></span> <span class='ocrx_word' id='word_1_21' title='bbox 2741 540 2996 596; x_wconf 78' lang='lat' dir='ltr'><strong>deberent</strong></span> <span class='ocrx_word' id='word_1_22' title='bbox 3023 551 3374 609; x_wconf 82' lang='lat' dir='ltr'><strong>permanere;</strong></span> <span class='ocrx_word' id='word_1_23' title='bbox 3406 542 3469 591; x_wconf 89' lang='lat' dir='ltr'><strong>ut</strong></span> <span class='ocrx_word' id='word_1_24' title='bbox 3490 536 3699 592; x_wconf 79' lang='lat' dir='ltr'><strong>tandem</strong></span> 
     </span>
    </p>
   </div>
   <div class='ocr_carea' id='block_1_4' title="bbox 452 629 2032 701">
    <p class='ocr_par' dir='ltr' id='par_1_4' title="bbox 452 629 2032 701">
     <span class='ocr_line' id='line_1_4' title="bbox 452 629 2032 701; baseline 0 -16"><span class='ocrx_word' id='word_1_25' title='bbox 452 630 663 701; x_wconf 80' lang='lat' dir='ltr'><strong>sprevit,</strong></span> <span class='ocrx_word' id='word_1_26' title='bbox 717 629 768 684; x_wconf 98' lang='lat' dir='ltr'><strong>id</strong></span> <span class='ocrx_word' id='word_1_27' title='bbox 821 639 921 697; x_wconf 90' lang='lat' dir='ltr'><strong>est,</strong></span> <span class='ocrx_word' id='word_1_28' title='bbox 982 631 1097 687; x_wconf 82' lang='lat' dir='ltr'><strong>haec</strong></span> <span class='ocrx_word' id='word_1_29' title='bbox 1146 632 1328 687; x_wconf 81' lang='lat' dir='ltr'><strong>omnia</strong></span> <span class='ocrx_word' id='word_1_30' title='bbox 1372 633 1769 687; x_wconf 75' lang='lat' dir='ltr'><strong>consideravit:</strong></span> <span class='ocrx_word' id='word_1_31' title='bbox 1814 640 1870 685; x_wconf 90' lang='lat' dir='ltr'><strong>et</strong></span> <span class='ocrx_word' id='word_1_32' title='bbox 1913 630 2032 686; x_wconf 87' lang='lat' dir='ltr'><strong>ideo</strong></span> 
     </span>
    </p>
   </div>
   <div class='ocr_carea' id='block_1_5' title="bbox 454 720 2031 792">
    <p class='ocr_par' dir='ltr' id='par_1_5' title="bbox 454 720 2031 792">
     <span class='ocr_line' id='line_1_5' title="bbox 454 720 2031 792; baseline -0.003 -16"><span class='ocrx_word' id='word_1_33' title='bbox 454 725 643 789; x_wconf 74' lang='lat' dir='ltr'><strong>sprevit</strong></span> <span class='ocrx_word' id='word_1_34' title='bbox 693 736 788 776; x_wconf 88' lang='lat' dir='ltr'><strong>eos</strong></span> <span class='ocrx_word' id='word_1_35' title='bbox 814 762 829 787; x_wconf 95' lang='lat'><strong>,</strong></span> <span class='ocrx_word' id='word_1_36' title='bbox 880 722 1002 792; x_wconf 84' lang='lat' dir='ltr'><strong>quia</strong></span> <span class='ocrx_word' id='word_1_37' title='bbox 1049 722 1119 775; x_wconf 88' lang='lat' dir='ltr'><strong>ad</strong></span> <span class='ocrx_word' id='word_1_38' title='bbox 1158 722 1378 776; x_wconf 76' lang='lat' dir='ltr'><strong>nihilum</strong></span> <span class='ocrx_word' id='word_1_39' title='bbox 1416 722 1606 792; x_wconf 85' lang='lat' dir='ltr'><strong>redegit</strong></span> <span class='ocrx_word' id='word_1_40' title='bbox 1652 721 1802 777; x_wconf 82' lang='lat' dir='ltr'><strong><em>valde</em></strong></span> <span class='ocrx_word' id='word_1_41' title='bbox 1842 720 2031 786; x_wconf 84' lang='lat' dir='ltr'><strong>Israel,</strong></span> 
     </span>
    </p>
   </div>
   <div class='ocr_carea' id='block_1_6' title="bbox 457 813 2034 886">
    <p class='ocr_par' dir='ltr' id='par_1_6' title="bbox 457 813 2034 886">
     <span class='ocr_line' id='line_1_6' title="bbox 457 813 2034 886; baseline -0.001 -19"><span class='ocrx_word' id='word_1_42' title='bbox 457 813 672 884; x_wconf 74' lang='lat' dir='ltr'><strong>quando</strong></span> <span class='ocrx_word' id='word_1_43' title='bbox 697 815 763 869; x_wconf 87' lang='lat' dir='ltr'><strong>ab</strong></span> <span class='ocrx_word' id='word_1_44' title='bbox 805 813 1098 886; x_wconf 79' lang='lat' dir='ltr'><strong>Allophylis</strong></span> <span class='ocrx_word' id='word_1_45' title='bbox 1123 823 1178 870; x_wconf 89' lang='lat' dir='ltr'><strong>et</strong></span> <span class='ocrx_word' id='word_1_46' title='bbox 1222 830 1252 869; x_wconf 91' lang='lat' dir='ltr'><strong>a</strong></span> <span class='ocrx_word' id='word_1_47' title='bbox 1278 814 1490 870; x_wconf 81' lang='lat' dir='ltr'><strong>caeteris</strong></span> <span class='ocrx_word' id='word_1_48' title='bbox 1521 814 1647 869; x_wconf 89' lang='lat' dir='ltr'><strong>victi</strong></span> <span class='ocrx_word' id='word_1_49' title='bbox 1675 821 1801 869; x_wconf 89' lang='lat' dir='ltr'><strong>sunt</strong></span> <span class='ocrx_word' id='word_1_50' title='bbox 1828 831 1841 867; x_wconf 91' lang='lat'>:</span> <span class='ocrx_word' id='word_1_51' title='bbox 1890 826 2034 866; x_wconf 91' lang='lat' dir='ltr'><strong>nunc</strong></span> 
     </span>
    </p>
   </div>
   <div class='ocr_carea' id='block_1_7' title="bbox 457 903 2030 976">
    <p class='ocr_par' dir='ltr' id='par_1_7' title="bbox 457 903 2030 976">
     <span class='ocr_line' id='line_1_7' title="bbox 457 903 2030 976; baseline 0 -20"><span class='ocrx_word' id='word_1_52' title='bbox 457 903 625 957; x_wconf 88' lang='lat' dir='ltr'><strong>etiam</strong></span> <span class='ocrx_word' id='word_1_53' title='bbox 661 904 884 973; x_wconf 90' lang='lat' dir='ltr'><strong>spernit,</strong></span> <span class='ocrx_word' id='word_1_54' title='bbox 916 905 1129 974; x_wconf 90' lang='lat' dir='ltr'><strong>quando</strong></span> <span class='ocrx_word' id='word_1_55' title='bbox 1156 920 1425 975; x_wconf 87' lang='lat' dir='ltr'><strong>quemque</strong></span> <span class='ocrx_word' id='word_1_56' title='bbox 1448 903 1881 976; x_wconf 89' lang='lat' dir='ltr'><strong>promerentibus</strong></span> <span class='ocrx_word' id='word_1_57' title='bbox 1902 915 2030 972; x_wconf 87' lang='lat' dir='ltr'><strong>pec-</strong></span> 
     </span>
    </p>
   </div>
   <div class='ocr_carea' id='block_1_8' title="bbox 458 990 2028 1064">
    <p class='ocr_par' dir='ltr' id='par_1_8' title="bbox 458 990 2028 1064">
     <span class='ocr_line' id='line_1_8' title="bbox 458 990 2028 1064; baseline -0.003 -16"><span class='ocrx_word' id='word_1_58' title='bbox 458 991 596 1048; x_wconf 76' lang='lat' dir='ltr'><strong>catis</strong></span> <span class='ocrx_word' id='word_1_59' title='bbox 622 990 733 1048; x_wconf 87' lang='lat' dir='ltr'><strong>suis</strong></span> <span class='ocrx_word' id='word_1_60' title='bbox 773 993 873 1050; x_wconf 85' lang='lat' dir='ltr'><strong>hoc</strong></span> <span class='ocrx_word' id='word_1_61' title='bbox 893 1035 908 1059; x_wconf 87' lang='lat'><strong>,</strong></span> <span class='ocrx_word' id='word_1_62' title='bbox 940 995 1010 1050; x_wconf 88' lang='lat' dir='ltr'><strong>ab</strong></span> <span class='ocrx_word' id='word_1_63' title='bbox 1036 994 1277 1050; x_wconf 87' lang='lat' dir='ltr'><strong>interiori</strong></span> <span class='ocrx_word' id='word_1_64' title='bbox 1311 995 1531 1050; x_wconf 87' lang='lat' dir='ltr'><strong>inimico</strong></span> <span class='ocrx_word' id='word_1_65' title='bbox 1568 994 1706 1049; x_wconf 86' lang='lat' dir='ltr'><strong>vinci</strong></span> <span class='ocrx_word' id='word_1_66' title='bbox 1746 991 2028 1064; x_wconf 79' lang='lat' dir='ltr'><strong>permittit.</strong></span> 
     </span>
    </p>
   </div>
   <div class='ocr_carea' id='block_1_9' title="bbox 457 1081 2032 1152">
    <p class='ocr_par' dir='ltr' id='par_1_9' title="bbox 457 1081 2032 1152">
     <span class='ocr_line' id='line_1_9' title="bbox 457 1081 2032 1152; baseline 0 -17"><span class='ocrx_word' id='word_1_67' title='bbox 457 1082 526 1136; x_wconf 83' lang='lat' dir='ltr'><strong>Et</strong></span> <span class='ocrx_word' id='word_1_68' title='bbox 557 1083 742 1152; x_wconf 76' lang='lat' dir='ltr'><strong>repulit</strong></span> <span class='ocrx_word' id='word_1_69' title='bbox 764 1085 1154 1139; x_wconf 89' lang='lat' dir='ltr'><strong>tabernaculum</strong></span> <span class='ocrx_word' id='word_1_70' title='bbox 1184 1083 1319 1150; x_wconf 91' lang='lat' dir='ltr'><strong>Silo,</strong></span> <span class='ocrx_word' id='word_1_71' title='bbox 1343 1084 1736 1139; x_wconf 89' lang='lat' dir='ltr'><strong>tabernaculum</strong></span> <span class='ocrx_word' id='word_1_72' title='bbox 1758 1098 1911 1138; x_wconf 85' lang='lat' dir='ltr'><strong>suum</strong></span> <span class='ocrx_word' id='word_1_73' title='bbox 1944 1081 2032 1136; x_wconf 84' lang='lat' dir='ltr'><strong>ubi</strong></span> 
     </span>
    </p>
   </div>
   <div class='ocr_carea' id='block_1_10' title="bbox 456 1172 2032 1241">
    <p class='ocr_par' dir='ltr' id='par_1_10' title="bbox 456 1172 2032 1241">
     <span class='ocr_line' id='line_1_10' title="bbox 456 1172 2032 1241; baseline -0.001 -15"><span class='ocrx_word' id='word_1_74' title='bbox 456 1173 704 1227; x_wconf 79' lang='lat' dir='ltr'><strong>habitavit</strong></span> <span class='ocrx_word' id='word_1_75' title='bbox 742 1175 797 1228; x_wconf 89' lang='lat' dir='ltr'><strong>in</strong></span> <span class='ocrx_word' id='word_1_76' title='bbox 839 1174 1170 1229; x_wconf 86' lang='lat' dir='ltr'><strong>hominibus:</strong></span> <span class='ocrx_word' id='word_1_77' title='bbox 1207 1175 1260 1230; x_wconf 91' lang='lat' dir='ltr'><strong>id</strong></span> <span class='ocrx_word' id='word_1_78' title='bbox 1286 1184 1391 1241; x_wconf 90' lang='lat' dir='ltr'><strong>est,</strong></span> <span class='ocrx_word' id='word_1_79' title='bbox 1432 1175 1573 1229; x_wconf 87' lang='lat' dir='ltr'><strong>inter</strong></span> <span class='ocrx_word' id='word_1_80' title='bbox 1613 1172 1880 1236; x_wconf 90' lang='lat' dir='ltr'><strong>homines,</strong></span> <span class='ocrx_word' id='word_1_81' title='bbox 1924 1185 2032 1226; x_wconf 92' lang='lat' dir='ltr'><strong>non</strong></span> 
     </span>
    </p>
   </div>
   <div class='ocr_carea' id='block_1_11' title="bbox 457 1261 2030 1335">
    <p class='ocr_par' dir='ltr' id='par_1_11' title="bbox 457 1261 2030 1335">
     <span class='ocr_line' id='line_1_11' title="bbox 457 1261 2030 1335; baseline -0.003 -17"><span class='ocrx_word' id='word_1_82' title='bbox 457 1263 598 1333; x_wconf 90' lang='lat' dir='ltr'><strong>quod</strong></span> <span class='ocrx_word' id='word_1_83' title='bbox 624 1263 678 1317; x_wconf 89' lang='lat' dir='ltr'><strong>in</strong></span> <span class='ocrx_word' id='word_1_84' title='bbox 704 1262 1041 1335; x_wconf 29' lang='lat' dir='ltr'><strong>.manul‘actis</strong></span> <span class='ocrx_word' id='word_1_85' title='bbox 1079 1265 1287 1320; x_wconf 85' lang='lat' dir='ltr'><strong>habitat</strong></span> <span class='ocrx_word' id='word_1_86' title='bbox 1321 1265 1493 1329; x_wconf 85' lang='lat' dir='ltr'><strong>Deus,</strong></span> <span class='ocrx_word' id='word_1_87' title='bbox 1534 1262 1835 1319; x_wconf 20' lang='lat' dir='ltr'><strong>secundum,</strong></span> <span class='ocrx_word' id='word_1_88' title='bbox 1864 1261 2030 1315; x_wconf 88' lang='lat' dir='ltr'><strong>illud:</strong></span> 
     </span>
    </p>
   </div>
   <div class='ocr_carea' id='block_1_12' title="bbox 459 1351 2033 1426">
    <p class='ocr_par' dir='ltr' id='par_1_12' title="bbox 459 1351 2033 1426">
     <span class='ocr_line' id='line_1_12' title="bbox 459 1351 2033 1426; baseline -0.001 -18"><span class='ocrx_word' id='word_1_89' title='bbox 459 1353 638 1410; x_wconf 81' lang='lat' dir='ltr'><strong>Nolite</strong></span> <span class='ocrx_word' id='word_1_90' title='bbox 677 1355 937 1426; x_wconf 83' lang='lat' dir='ltr'><strong>conlidere</strong></span> <span class='ocrx_word' id='word_1_91' title='bbox 968 1356 1023 1411; x_wconf 89' lang='lat' dir='ltr'><strong>in</strong></span> <span class='ocrx_word' id='word_1_92' title='bbox 1063 1356 1227 1410; x_wconf 79' lang='lat' dir='ltr'><strong>verbis</strong></span> <span class='ocrx_word' id='word_1_93' title='bbox 1272 1355 1550 1421; x_wconf 81' lang='lat' dir='ltr'><strong>mendacii,</strong></span> <span class='ocrx_word' id='word_1_94' title='bbox 1587 1355 1851 1409; x_wconf 73' lang='lat' dir='ltr'><strong>dicentes:</strong></span> <span class='ocrx_word' id='word_1_95' title='bbox 1878 1351 2033 1407; x_wconf 83' lang='lat' dir='ltr'><strong>Tem-</strong></span> 
     </span>
    </p>
   </div>
   <div class='ocr_carea' id='block_1_13' title="bbox 456 1444 2035 1518">
    <p class='ocr_par' dir='ltr' id='par_1_13' title="bbox 456 1444 2035 1518">
     <span class='ocr_line' id='line_1_13' title="bbox 456 1444 2035 1518; baseline -0.003 -18"><span class='ocrx_word' id='word_1_96' title='bbox 456 1447 597 1518; x_wconf 86' lang='lat' dir='ltr'><strong>plum</strong></span> <span class='ocrx_word' id='word_1_97' title='bbox 624 1446 854 1509; x_wconf 89' lang='lat' dir='ltr'><strong>Domini,</strong></span> <span class='ocrx_word' id='word_1_98' title='bbox 875 1446 1120 1518; x_wconf 78' lang='lat' dir='ltr'><strong>templum</strong></span> <span class='ocrx_word' id='word_1_99' title='bbox 1149 1446 1383 1512; x_wconf 85' lang='lat' dir='ltr'><strong>Domini,</strong></span> <span class='ocrx_word' id='word_1_100' title='bbox 1411 1444 1658 1516; x_wconf 81' lang='lat' dir='ltr'><strong>templum</strong></span> <span class='ocrx_word' id='word_1_101' title='bbox 1685 1444 1900 1501; x_wconf 83' lang='lat' dir='ltr'><strong>Domini</strong></span> <span class='ocrx_word' id='word_1_102' title='bbox 1921 1452 2035 1509; x_wconf 88' lang='lat' dir='ltr'><strong>est;</strong></span> 
     </span>
    </p>
   </div>
   <div class='ocr_carea' id='block_1_14' title="bbox 456 1533 2034 1606">
    <p class='ocr_par' dir='ltr' id='par_1_14' title="bbox 456 1533 2034 1606">
     <span class='ocr_line' id='line_1_14' title="bbox 456 1533 2034 1606; baseline -0.001 -17"><span class='ocrx_word' id='word_1_103' title='bbox 456 1533 571 1591; x_wconf 77' lang='lat' dir='ltr'><strong>Non</strong></span> <span class='ocrx_word' id='word_1_104' title='bbox 594 1537 738 1591; x_wconf 89' lang='lat' dir='ltr'><strong>enim</strong></span> <span class='ocrx_word' id='word_1_105' title='bbox 768 1536 1023 1606; x_wconf 86' lang='lat' dir='ltr'><strong>templum</strong></span> <span class='ocrx_word' id='word_1_106' title='bbox 1047 1537 1101 1591; x_wconf 90' lang='lat' dir='ltr'><strong>in</strong></span> <span class='ocrx_word' id='word_1_107' title='bbox 1130 1550 1216 1601; x_wconf 91' lang='lat' dir='ltr'><strong>eo,</strong></span> <span class='ocrx_word' id='word_1_108' title='bbox 1242 1536 1347 1591; x_wconf 90' lang='lat' dir='ltr'><strong>nisi</strong></span> <span class='ocrx_word' id='word_1_109' title='bbox 1377 1544 1636 1606; x_wconf 89' lang='lat' dir='ltr'><strong>quantum</strong></span> <span class='ocrx_word' id='word_1_110' title='bbox 1666 1535 1735 1590; x_wconf 89' lang='lat' dir='ltr'><strong>ad</strong></span> <span class='ocrx_word' id='word_1_111' title='bbox 1766 1549 1881 1600; x_wconf 88' lang='lat' dir='ltr'><strong>vos,</strong></span> <span class='ocrx_word' id='word_1_112' title='bbox 1912 1549 2034 1590; x_wconf 91' lang='lat' dir='ltr'><strong>cum</strong></span> 
     </span>
    </p>
   </div>
   <div class='ocr_carea' id='block_1_15' title="bbox 455 1628 2038 1702">
    <p class='ocr_par' dir='ltr' id='par_1_15' title="bbox 455 1628 2038 1702">
     <span class='ocr_line' id='line_1_15' title="bbox 455 1628 2038 1702; baseline 0.001 -21"><span class='ocrx_word' id='word_1_113' title='bbox 455 1628 651 1702; x_wconf 79' lang='lat' dir='ltr'><strong>quibus</strong></span> <span class='ocrx_word' id='word_1_114' title='bbox 674 1638 730 1684; x_wconf 91' lang='lat' dir='ltr'><strong>et</strong></span> <span class='ocrx_word' id='word_1_115' title='bbox 751 1629 802 1684; x_wconf 91' lang='lat' dir='ltr'><strong>in</strong></span> <span class='ocrx_word' id='word_1_116' title='bbox 825 1630 1020 1700; x_wconf 87' lang='lat' dir='ltr'><strong>quibus</strong></span> <span class='ocrx_word' id='word_1_117' title='bbox 1050 1629 1292 1685; x_wconf 84' lang='lat' dir='ltr'><strong>habitabo</strong></span> <span class='ocrx_word' id='word_1_118' title='bbox 1320 1630 1375 1684; x_wconf 89' lang='lat' dir='ltr'><strong>in</strong></span> <span class='ocrx_word' id='word_1_119' title='bbox 1401 1629 1514 1685; x_wconf 91' lang='lat' dir='ltr'><strong>loco</strong></span> <span class='ocrx_word' id='word_1_120' title='bbox 1542 1631 1664 1696; x_wconf 89' lang='lat' dir='ltr'><strong>isto,</strong></span> <span class='ocrx_word' id='word_1_121' title='bbox 1693 1629 1739 1685; x_wconf 94' lang='lat' dir='ltr'><strong>si</strong></span> <span class='ocrx_word' id='word_1_122' title='bbox 1765 1630 2038 1684; x_wconf 75' lang='lat' dir='ltr'><strong>benedixe-</strong></span> 
     </span>
    </p>
   </div>
   <div class='ocr_carea' id='block_1_16' title="bbox 459 1718 2038 1792">
    <p class='ocr_par' dir='ltr' id='par_1_16' title="bbox 459 1718 2038 1792">
     <span class='ocr_line' id='line_1_16' title="bbox 459 1718 2038 1792; baseline 0.002 -20"><span class='ocrx_word' id='word_1_123' title='bbox 459 1719 572 1773; x_wconf 85' lang='lat' dir='ltr'><strong>ritis</strong></span> <span class='ocrx_word' id='word_1_124' title='bbox 603 1720 711 1779; x_wconf 84' lang='lat' dir='ltr'><strong>vias</strong></span> <span class='ocrx_word' id='word_1_125' title='bbox 739 1730 932 1775; x_wconf 79' lang='lat' dir='ltr'><strong>vestras</strong></span> <span class='ocrx_word' id='word_1_126' title='bbox 968 1720 1101 1792; x_wconf 84' lang='lat' dir='ltr'><strong>(Jer.</strong></span> <span class='ocrx_word' id='word_1_127' title='bbox 1131 1723 1228 1791; x_wconf 83' lang='lat' dir='ltr'><strong>vn)</strong></span> <span class='ocrx_word' id='word_1_128' title='bbox 1256 1737 1269 1774; x_wconf 87' lang='lat'><strong>:</strong></span> <span class='ocrx_word' id='word_1_129' title='bbox 1304 1721 1401 1777; x_wconf 89' lang='lat' dir='ltr'><strong>sed</strong></span> <span class='ocrx_word' id='word_1_130' title='bbox 1431 1719 1679 1777; x_wconf 84' lang='lat' dir='ltr'><strong>habitare</strong></span> <span class='ocrx_word' id='word_1_131' title='bbox 1706 1719 1760 1775; x_wconf 92' lang='lat' dir='ltr'><strong>in</strong></span> <span class='ocrx_word' id='word_1_132' title='bbox 1787 1718 2038 1776; x_wconf 86' lang='lat' dir='ltr'><strong>omnibus</strong></span> 
     </span>
    </p>
   </div>
   <div class='ocr_carea' id='block_1_17' title="bbox 458 1807 2036 1884">
    <p class='ocr_par' dir='ltr' id='par_1_17' title="bbox 458 1807 2036 1884">
     <span class='ocr_line' id='line_1_17' title="bbox 458 1807 2036 1884; baseline 0.002 -19"><span class='ocrx_word' id='word_1_133' title='bbox 458 1809 561 1866; x_wconf 88' lang='lat' dir='ltr'><strong>illis</strong></span> <span class='ocrx_word' id='word_1_134' title='bbox 600 1811 898 1876; x_wconf 82' lang='lat' dir='ltr'><strong>dicebatur,</strong></span> <span class='ocrx_word' id='word_1_135' title='bbox 931 1807 1150 1882; x_wconf 81' lang='lat' dir='ltr'><strong>propter</strong></span> <span class='ocrx_word' id='word_1_136' title='bbox 1176 1812 1462 1869; x_wconf 80' lang='lat' dir='ltr'><strong>manifesta</strong></span> <span class='ocrx_word' id='word_1_137' title='bbox 1491 1812 1645 1884; x_wconf 75' lang='lat' dir='ltr'><strong>signa</strong></span> <span class='ocrx_word' id='word_1_138' title='bbox 1669 1827 1792 1883; x_wconf 76' lang='lat' dir='ltr'><strong>qua:</strong></span> <span class='ocrx_word' id='word_1_139' title='bbox 1814 1828 1913 1883; x_wconf 91' lang='lat' dir='ltr'><strong>per</strong></span> <span class='ocrx_word' id='word_1_140' title='bbox 1939 1827 2036 1868; x_wconf 90' lang='lat' dir='ltr'><strong>eos</strong></span> 
     </span>
    </p>
   </div>
   <div class='ocr_carea' id='block_1_18' title="bbox 2139 625 3702 702">
    <p class='ocr_par' dir='ltr' id='par_1_18' title="bbox 2139 625 3702 702">
     <span class='ocr_line' id='line_1_18' title="bbox 2139 625 3702 702; baseline -0.004 -16"><span class='ocrx_word' id='word_1_141' title='bbox 2139 631 2381 689; x_wconf 82' lang='lat' dir='ltr'><strong>secundo</strong></span> <span class='ocrx_word' id='word_1_142' title='bbox 2426 630 2676 702; x_wconf 77' lang='lat' dir='ltr'><strong>coniugio</strong></span> <span class='ocrx_word' id='word_1_143' title='bbox 2706 630 2989 687; x_wconf 86' lang='lat' dir='ltr'><strong>castissimi</strong></span> <span class='ocrx_word' id='word_1_144' title='bbox 3030 628 3211 700; x_wconf 85' lang='lat' dir='ltr'><strong>sponsi</strong></span> <span class='ocrx_word' id='word_1_145' title='bbox 3261 625 3456 697; x_wconf 85' lang='lat' dir='ltr'><strong>copula</strong></span> <span class='ocrx_word' id='word_1_146' title='bbox 3489 625 3702 696; x_wconf 84' lang='lat' dir='ltr'><strong>copula-</strong></span> 
     </span>
    </p>
   </div>
   <div class='ocr_carea' id='block_1_19' title="bbox 2134 715 3706 783">
    <p class='ocr_par' dir='ltr' id='par_1_19' title="bbox 2134 715 3706 783">
     <span class='ocr_line' id='line_1_19' title="bbox 2134 715 3706 783; baseline -0.001 -10"><span class='ocrx_word' id='word_1_147' title='bbox 2134 730 2323 775; x_wconf 86' lang='lat' dir='ltr'><strong>rentur</strong></span> <span class='ocrx_word' id='word_1_148' title='bbox 2347 736 2361 775; x_wconf 91' lang='lat'><strong>:</strong></span> <span class='ocrx_word' id='word_1_149' title='bbox 2386 719 2479 776; x_wconf 87' lang='lat' dir='ltr'><strong>sed</strong></span> <span class='ocrx_word' id='word_1_150' title='bbox 2509 735 2614 776; x_wconf 92' lang='lat' dir='ltr'><strong>non</strong></span> <span class='ocrx_word' id='word_1_151' title='bbox 2646 728 2796 775; x_wconf 82' lang='lat' dir='ltr'><strong>caste</strong></span> <span class='ocrx_word' id='word_1_152' title='bbox 2825 718 3074 783; x_wconf 89' lang='lat' dir='ltr'><strong>vivendo,</strong></span> <span class='ocrx_word' id='word_1_153' title='bbox 3121 719 3189 774; x_wconf 87' lang='lat' dir='ltr'><strong>ab</strong></span> <span class='ocrx_word' id='word_1_154' title='bbox 3214 732 3279 774; x_wconf 90' lang='lat' dir='ltr'><strong>eo</strong></span> <span class='ocrx_word' id='word_1_155' title='bbox 3307 715 3563 771; x_wconf 77' lang='lat' dir='ltr'><strong>fornicati</strong></span> <span class='ocrx_word' id='word_1_156' title='bbox 3588 726 3706 771; x_wconf 87' lang='lat' dir='ltr'><strong>sunt</strong></span> 
     </span>
    </p>
   </div>
   <div class='ocr_carea' id='block_1_20' title="bbox 2116 804 3704 880">
    <p class='ocr_par' dir='ltr' id='par_1_20' title="bbox 2116 804 3704 880">
     <span class='ocr_line' id='line_1_20' title="bbox 2116 804 3704 880; baseline -0.003 -15"><span class='ocrx_word' id='word_1_157' title='bbox 2116 808 2517 865; x_wconf 86' lang='lat' dir='ltr'><strong>discedentes:</strong></span> <span class='ocrx_word' id='word_1_158' title='bbox 2546 811 2687 880; x_wconf 89' lang='lat' dir='ltr'><strong>quod</strong></span> <span class='ocrx_word' id='word_1_159' title='bbox 2734 810 2821 864; x_wconf 79' lang='lat' dir='ltr'><strong>vix</strong></span> <span class='ocrx_word' id='word_1_160' title='bbox 2852 809 3047 880; x_wconf 81' lang='lat' dir='ltr'><strong>aliquis</strong></span> <span class='ocrx_word' id='word_1_161' title='bbox 3089 807 3350 880; x_wconf 83' lang='lat' dir='ltr'><strong>deplorat.</strong></span> <span class='ocrx_word' id='word_1_162' title='bbox 3403 804 3704 861; x_wconf 69' lang='lat' dir='ltr'><strong>Sacerdotes</strong></span> 
     </span>
    </p>
   </div>
   <div class='ocr_carea' id='block_1_21' title="bbox 2132 894 3709 971">
    <p class='ocr_par' dir='ltr' id='par_1_21' title="bbox 2132 894 3709 971">
     <span class='ocr_line' id='line_1_21' title="bbox 2132 894 3709 971; baseline -0.004 -17"><span class='ocrx_word' id='word_1_163' title='bbox 2132 915 2310 954; x_wconf 88' lang='lat' dir='ltr'><strong>eorum</strong></span> <span class='ocrx_word' id='word_1_164' title='bbox 2335 900 2390 954; x_wconf 89' lang='lat' dir='ltr'><strong>in</strong></span> <span class='ocrx_word' id='word_1_165' title='bbox 2417 898 2593 969; x_wconf 87' lang='lat' dir='ltr'><strong>gladio</strong></span> <span class='ocrx_word' id='word_1_166' title='bbox 2620 899 2912 955; x_wconf 87' lang='lat' dir='ltr'><strong>ceciderunt</strong></span> <span class='ocrx_word' id='word_1_167' title='bbox 2942 910 2990 953; x_wconf 90' lang='lat' dir='ltr'><strong>et</strong></span> <span class='ocrx_word' id='word_1_168' title='bbox 3011 900 3180 955; x_wconf 71' lang='lat' dir='ltr'><strong>vidua:</strong></span> <span class='ocrx_word' id='word_1_169' title='bbox 3203 913 3382 971; x_wconf 84' lang='lat' dir='ltr'><strong>eorum</strong></span> <span class='ocrx_word' id='word_1_170' title='bbox 3411 912 3515 949; x_wconf 86' lang='lat' dir='ltr'><strong>non</strong></span> <span class='ocrx_word' id='word_1_171' title='bbox 3540 894 3709 964; x_wconf 84' lang='lat' dir='ltr'><strong>plora-</strong></span> 
     </span>
    </p>
   </div>
   <div class='ocr_carea' id='block_1_22' title="bbox 2134 987 3711 1061">
    <p class='ocr_par' dir='ltr' id='par_1_22' title="bbox 2134 987 3711 1061">
     <span class='ocr_line' id='line_1_22' title="bbox 2134 987 3711 1061; baseline 0.001 -18"><span class='ocrx_word' id='word_1_172' title='bbox 2134 989 2343 1045; x_wconf 86' lang='lat' dir='ltr'><strong>bantur.</strong></span> <span class='ocrx_word' id='word_1_173' title='bbox 2403 989 2721 1047; x_wconf 85' lang='lat' dir='ltr'><strong>Sacerdotes</strong></span> <span class='ocrx_word' id='word_1_174' title='bbox 2774 991 2863 1060; x_wconf 84' lang='lat' dir='ltr'><strong>isti</strong></span> <span class='ocrx_word' id='word_1_175' title='bbox 2903 990 3119 1048; x_wconf 81' lang='lat' dir='ltr'><strong>inerunt</strong></span> <span class='ocrx_word' id='word_1_176' title='bbox 3163 990 3340 1061; x_wconf 86' lang='lat' dir='ltr'><strong>Ophni</strong></span> <span class='ocrx_word' id='word_1_177' title='bbox 3383 996 3442 1044; x_wconf 91' lang='lat' dir='ltr'><strong>et</strong></span> <span class='ocrx_word' id='word_1_178' title='bbox 3487 987 3711 1044; x_wconf 78' lang='lat' dir='ltr'><strong>Phinees</strong></span> 
     </span>
    </p>
   </div>
   <div class='ocr_carea' id='block_1_23' title="bbox 2135 1078 3713 1152">
    <p class='ocr_par' dir='ltr' id='par_1_23' title="bbox 2135 1078 3713 1152">
     <span class='ocr_line' id='line_1_23' title="bbox 2135 1078 3713 1152; baseline 0.001 -19"><span class='ocrx_word' id='word_1_179' title='bbox 2135 1078 2233 1134; x_wconf 80' lang='lat' dir='ltr'><strong>ﬁlii</strong></span> <span class='ocrx_word' id='word_1_180' title='bbox 2267 1078 2415 1145; x_wconf 75' lang='lat' dir='ltr'><strong>,Heli,</strong></span> <span class='ocrx_word' id='word_1_181' title='bbox 2467 1081 2561 1151; x_wconf 90' lang='lat' dir='ltr'><strong>qui</strong></span> <span class='ocrx_word' id='word_1_182' title='bbox 2604 1081 2800 1138; x_wconf 90' lang='lat' dir='ltr'><strong>mortui</strong></span> <span class='ocrx_word' id='word_1_183' title='bbox 2843 1089 2969 1138; x_wconf 88' lang='lat' dir='ltr'><strong>sunt</strong></span> <span class='ocrx_word' id='word_1_184' title='bbox 3023 1081 3076 1137; x_wconf 91' lang='lat' dir='ltr'><strong>in</strong></span> <span class='ocrx_word' id='word_1_185' title='bbox 3114 1082 3274 1148; x_wconf 89' lang='lat' dir='ltr'><strong>bello,</strong></span> <span class='ocrx_word' id='word_1_186' title='bbox 3310 1083 3404 1138; x_wconf 93' lang='lat' dir='ltr'><strong>ubi</strong></span> <span class='ocrx_word' id='word_1_187' title='bbox 3438 1089 3603 1152; x_wconf 84' lang='lat' dir='ltr'><strong>capta</strong></span> <span class='ocrx_word' id='word_1_188' title='bbox 3636 1090 3713 1136; x_wconf 86' lang='lat' dir='ltr'><strong>est</strong></span> 
     </span>
    </p>
   </div>
   <div class='ocr_carea' id='block_1_24' title="bbox 2135 1171 3711 1244">
    <p class='ocr_par' dir='ltr' id='par_1_24' title="bbox 2135 1171 3711 1244">
     <span class='ocr_line' id='line_1_24' title="bbox 2135 1171 3711 1244; baseline 0 -17"><span class='ocrx_word' id='word_1_189' title='bbox 2135 1189 2262 1230; x_wconf 86' lang='lat' dir='ltr'><strong>arca</strong></span> <span class='ocrx_word' id='word_1_190' title='bbox 2293 1174 2507 1231; x_wconf 85' lang='lat' dir='ltr'><strong>Domini</strong></span> <span class='ocrx_word' id='word_1_191' title='bbox 2531 1191 2545 1241; x_wconf 91' lang='lat'><strong>;</strong></span> <span class='ocrx_word' id='word_1_192' title='bbox 2577 1176 2721 1244; x_wconf 88' lang='lat' dir='ltr'><strong>quod</strong></span> <span class='ocrx_word' id='word_1_193' title='bbox 2750 1190 2886 1230; x_wconf 79' lang='lat' dir='ltr'><strong>uxor</strong></span> <span class='ocrx_word' id='word_1_194' title='bbox 2914 1175 3138 1230; x_wconf 80' lang='lat' dir='ltr'><strong>alterius</strong></span> <span class='ocrx_word' id='word_1_195' title='bbox 3184 1174 3438 1240; x_wconf 87' lang='lat' dir='ltr'><strong>audiens,</strong></span> <span class='ocrx_word' id='word_1_196' title='bbox 3464 1188 3591 1244; x_wconf 68' lang='lat' dir='ltr'><strong>qua:</strong></span> <span class='ocrx_word' id='word_1_197' title='bbox 3610 1171 3711 1241; x_wconf 80' lang='lat' dir='ltr'><strong>iam</strong></span> 
     </span>
    </p>
   </div>
   <div class='ocr_carea' id='block_1_25' title="bbox 2133 1256 3716 1335">
    <p class='ocr_par' dir='ltr' id='par_1_25' title="bbox 2133 1256 3716 1335">
     <span class='ocr_line' id='line_1_25' title="bbox 2133 1256 3716 1335; baseline -0.002 -16"><span class='ocrx_word' id='word_1_198' title='bbox 2133 1273 2252 1319; x_wconf 86' lang='lat' dir='ltr'><strong>erat</strong></span> <span class='ocrx_word' id='word_1_199' title='bbox 2297 1264 2350 1319; x_wconf 91' lang='lat' dir='ltr'><strong>in</strong></span> <span class='ocrx_word' id='word_1_200' title='bbox 2379 1272 2562 1334; x_wconf 88' lang='lat' dir='ltr'><strong>partu,</strong></span> <span class='ocrx_word' id='word_1_201' title='bbox 2596 1279 2708 1335; x_wconf 72' lang='lat' dir='ltr'><strong>pra:</strong></span> <span class='ocrx_word' id='word_1_202' title='bbox 2741 1264 2962 1319; x_wconf 79' lang='lat' dir='ltr'><strong>tristitia</strong></span> <span class='ocrx_word' id='word_1_203' title='bbox 3000 1256 3316 1331; x_wconf 82' lang='lat' dir='ltr'><strong>abortiendo</strong></span> <span class='ocrx_word' id='word_1_204' title='bbox 3339 1261 3541 1318; x_wconf 86' lang='lat' dir='ltr'><strong>cecidit</strong></span> <span class='ocrx_word' id='word_1_205' title='bbox 3581 1276 3716 1316; x_wconf 61' lang='lat' dir='ltr'><strong>moro</strong></span> 
     </span>
    </p>
   </div>
   <div class='ocr_carea' id='block_1_26' title="bbox 2136 1350 3716 1424">
    <p class='ocr_par' dir='ltr' id='par_1_26' title="bbox 2136 1350 3716 1424">
     <span class='ocr_line' id='line_1_26' title="bbox 2136 1350 3716 1424; baseline -0.002 -16"><span class='ocrx_word' id='word_1_206' title='bbox 2136 1363 2229 1409; x_wconf 88' lang='lat' dir='ltr'><strong>tua</strong></span> <span class='ocrx_word' id='word_1_207' title='bbox 2260 1352 2313 1424; x_wconf 85' lang='grc' dir='ltr'>(ι</span> <span class='ocrx_word' id='word_1_208' title='bbox 2344 1352 2467 1424; x_wconf 84' lang='lat' dir='ltr'><strong>Reg.</strong></span> <span class='ocrx_word' id='word_1_209' title='bbox 2512 1354 2610 1423; x_wconf 80' lang='lat' dir='ltr'><strong>tv).</strong></span> <span class='ocrx_word' id='word_1_210' title='bbox 2654 1351 2978 1409; x_wconf 85' lang='lat' dir='ltr'><strong>Sacerdotes</strong></span> <span class='ocrx_word' id='word_1_211' title='bbox 3016 1361 3141 1409; x_wconf 88' lang='lat' dir='ltr'><strong>sunt</strong></span> <span class='ocrx_word' id='word_1_212' title='bbox 3173 1353 3416 1424; x_wconf 85' lang='lat' dir='ltr'><strong>episcopi</strong></span> <span class='ocrx_word' id='word_1_213' title='bbox 3445 1361 3507 1408; x_wconf 87' lang='lat' dir='ltr'><strong>et</strong></span> <span class='ocrx_word' id='word_1_214' title='bbox 3536 1350 3716 1407; x_wconf 71' lang='lat' dir='ltr'><strong>caeteri</strong></span> 
     </span>
    </p>
   </div>
   <div class='ocr_carea' id='block_1_27' title="bbox 2134 1443 3719 1517">
    <p class='ocr_par' dir='ltr' id='par_1_27' title="bbox 2134 1443 3719 1517">
     <span class='ocr_line' id='line_1_27' title="bbox 2134 1443 3719 1517; baseline -0.003 -18"><span class='ocrx_word' id='word_1_215' title='bbox 2134 1444 2338 1517; x_wconf 84' lang='lat' dir='ltr'><strong>praelati</strong></span> <span class='ocrx_word' id='word_1_216' title='bbox 2369 1444 2424 1498; x_wconf 92' lang='lat' dir='ltr'><strong>in</strong></span> <span class='ocrx_word' id='word_1_217' title='bbox 2473 1444 2733 1511; x_wconf 85' lang='lat' dir='ltr'><strong>Ecclesia,</strong></span> <span class='ocrx_word' id='word_1_218' title='bbox 2762 1445 2853 1515; x_wconf 91' lang='lat' dir='ltr'><strong>qui</strong></span> <span class='ocrx_word' id='word_1_219' title='bbox 2902 1446 3103 1500; x_wconf 89' lang='lat' dir='ltr'><strong>cadunt</strong></span> <span class='ocrx_word' id='word_1_220' title='bbox 3130 1445 3184 1500; x_wconf 91' lang='lat' dir='ltr'><strong>in</strong></span> <span class='ocrx_word' id='word_1_221' title='bbox 3231 1445 3452 1516; x_wconf 77' lang='lat' dir='ltr'><strong>gladio,</strong></span> <span class='ocrx_word' id='word_1_222' title='bbox 3506 1443 3719 1514; x_wconf 82' lang='lat' dir='ltr'><strong>quando</strong></span> 
     </span>
    </p>
   </div>
   <div class='ocr_carea' id='block_1_28' title="bbox 2134 1538 3717 1609">
    <p class='ocr_par' dir='ltr' id='par_1_28' title="bbox 2134 1538 3717 1609">
     <span class='ocr_line' id='line_1_28' title="bbox 2134 1538 3717 1609; baseline 0.001 -18"><span class='ocrx_word' id='word_1_223' title='bbox 2134 1552 2230 1609; x_wconf 88' lang='lat' dir='ltr'><strong>per</strong></span> <span class='ocrx_word' id='word_1_224' title='bbox 2263 1538 2511 1594; x_wconf 89' lang='lat' dir='ltr'><strong>timorem</strong></span> <span class='ocrx_word' id='word_1_225' title='bbox 2542 1550 2756 1595; x_wconf 89' lang='lat' dir='ltr'><strong>cessant</strong></span> <span class='ocrx_word' id='word_1_226' title='bbox 2796 1555 2826 1594; x_wconf 91' lang='lat' dir='ltr'><strong>a</strong></span> <span class='ocrx_word' id='word_1_227' title='bbox 2856 1553 3107 1595; x_wconf 88' lang='lat' dir='ltr'><strong>sermone</strong></span> <span class='ocrx_word' id='word_1_228' title='bbox 3147 1540 3350 1595; x_wconf 91' lang='lat' dir='ltr'><strong>divino.</strong></span> <span class='ocrx_word' id='word_1_229' title='bbox 3396 1539 3595 1603; x_wconf 68' lang='lat' dir='ltr'><strong>Vitium</strong></span> <span class='ocrx_word' id='word_1_230' title='bbox 3630 1554 3717 1593; x_wconf 87' lang='lat' dir='ltr'><strong>eo-</strong></span> 
     </span>
    </p>
   </div>
   <div class='ocr_carea' id='block_1_29' title="bbox 2136 1630 3720 1703">
    <p class='ocr_par' dir='ltr' id='par_1_29' title="bbox 2136 1630 3720 1703">
     <span class='ocr_line' id='line_1_29' title="bbox 2136 1630 3720 1703; baseline -0.001 -17"><span class='ocrx_word' id='word_1_231' title='bbox 2136 1645 2255 1686; x_wconf 88' lang='lat' dir='ltr'><strong>rum</strong></span> <span class='ocrx_word' id='word_1_232' title='bbox 2310 1640 2440 1686; x_wconf 88' lang='lat' dir='ltr'><strong>sunt</strong></span> <span class='ocrx_word' id='word_1_233' title='bbox 2481 1630 2737 1688; x_wconf 73' lang='lat' dir='ltr'><strong>Ecclesia:</strong></span> <span class='ocrx_word' id='word_1_234' title='bbox 2769 1632 3045 1699; x_wconf 58' lang='lat' dir='ltr'><strong>desolata,</strong></span> <span class='ocrx_word' id='word_1_235' title='bbox 3092 1643 3148 1689; x_wconf 89' lang='lat' dir='ltr'><strong>et</strong></span> <span class='ocrx_word' id='word_1_236' title='bbox 3188 1649 3219 1687; x_wconf 90' lang='lat' dir='ltr'><strong>a</strong></span> <span class='ocrx_word' id='word_1_237' title='bbox 3276 1632 3597 1703; x_wconf 86' lang='lat' dir='ltr'><strong>pastoribus</strong></span> <span class='ocrx_word' id='word_1_238' title='bbox 3645 1631 3720 1684; x_wconf 85' lang='lat' dir='ltr'><strong>vi-</strong></span> 
     </span>
    </p>
   </div>
   <div class='ocr_carea' id='block_1_30' title="bbox 2135 1718 3721 1794">
    <p class='ocr_par' dir='ltr' id='par_1_30' title="bbox 2135 1718 3721 1794">
     <span class='ocr_line' id='line_1_30' title="bbox 2135 1718 3721 1794; baseline 0 -20"><span class='ocrx_word' id='word_1_239' title='bbox 2135 1718 2335 1785; x_wconf 65' lang='lat' dir='ltr'><strong>duatae,</strong></span> <span class='ocrx_word' id='word_1_240' title='bbox 2366 1721 2432 1775; x_wconf 88' lang='lat' dir='ltr'><strong>de</strong></span> <span class='ocrx_word' id='word_1_241' title='bbox 2462 1737 2691 1794; x_wconf 88' lang='lat' dir='ltr'><strong>quorum</strong></span> <span class='ocrx_word' id='word_1_242' title='bbox 2721 1722 3088 1779; x_wconf 84' lang='lat' dir='ltr'><strong>consolatione</strong></span> <span class='ocrx_word' id='word_1_243' title='bbox 3114 1723 3271 1793; x_wconf 87' lang='lat' dir='ltr'><strong>pauci</strong></span> <span class='ocrx_word' id='word_1_244' title='bbox 3301 1723 3509 1779; x_wconf 88' lang='lat' dir='ltr'><strong>dolent.</strong></span> <span class='ocrx_word' id='word_1_245' title='bbox 3541 1720 3616 1774; x_wconf 77' lang='lat' dir='ltr'><strong>Et</strong></span> <span class='ocrx_word' id='word_1_246' title='bbox 3635 1738 3721 1775; x_wconf 72' lang='lat' dir='ltr'><strong>es-</strong></span> 
     </span>
    </p>
   </div>
   <div class='ocr_carea' id='block_1_31' title="bbox 2138 1809 3725 1885">
    <p class='ocr_par' dir='ltr' id='par_1_31' title="bbox 2138 1809 3725 1885">
     <span class='ocr_line' id='line_1_31' title="bbox 2138 1809 3725 1885; baseline 0.003 -23"><span class='ocrx_word' id='word_1_247' title='bbox 2138 1810 2329 1864; x_wconf 88' lang='lat' dir='ltr'><strong>citatus</strong></span> <span class='ocrx_word' id='word_1_248' title='bbox 2379 1820 2457 1864; x_wconf 89' lang='lat' dir='ltr'><strong>est</strong></span> <span class='ocrx_word' id='word_1_249' title='bbox 2514 1820 2765 1883; x_wconf 82' lang='lat' dir='ltr'><strong>tanquam</strong></span> <span class='ocrx_word' id='word_1_250' title='bbox 2820 1812 3084 1867; x_wconf 86' lang='lat' dir='ltr'><strong>dormiens</strong></span> <span class='ocrx_word' id='word_1_251' title='bbox 3139 1811 3418 1867; x_wconf 83' lang='lat' dir='ltr'><strong>Dominus.</strong></span> <span class='ocrx_word' id='word_1_252' title='bbox 3480 1809 3725 1885; x_wconf 64' lang='lat' dir='ltr'><strong>Ostiensis</strong></span> 
     </span>
    </p>
   </div>
   <div class='ocr_carea' id='block_1_32' title="bbox 452 1898 3725 1975">
    <p class='ocr_par' dir='ltr' id='par_1_32' title="bbox 452 1898 3725 1975">
     <span class='ocr_line' id='line_1_32' title="bbox 452 1898 3725 1975; baseline 0.002 -21"><span class='ocrx_word' id='word_1_253' title='bbox 452 1910 708 1972; x_wconf 69' lang='lat' dir='ltr'><strong>speratus</strong></span> <span class='ocrx_word' id='word_1_254' title='bbox 726 1910 829 1958; x_wconf 89' lang='lat' dir='ltr'><strong>est.</strong></span> <span class='ocrx_word' id='word_1_255' title='bbox 867 1901 981 1957; x_wconf 88' lang='lat' dir='ltr'><strong>Silo</strong></span> <span class='ocrx_word' id='word_1_256' title='bbox 1010 1902 1394 1972; x_wconf 87' lang='lat' dir='ltr'><strong>interpretatur</strong></span> <span class='ocrx_word' id='word_1_257' title='bbox 1418 1902 1631 1959; x_wconf 74' lang='lat' dir='ltr'><strong>avulsus</strong></span> <span class='ocrx_word' id='word_1_258' title='bbox 1653 1903 1740 1959; x_wconf 92' lang='lat' dir='ltr'><strong>vel</strong></span> <span class='ocrx_word' id='word_1_259' title='bbox 1759 1904 2035 1975; x_wconf 87' lang='lat' dir='ltr'><strong>abruptus:</strong></span> <span class='ocrx_word' id='word_1_260' title='bbox 2067 1899 2112 1957; x_wconf 82' lang='grc' dir='ltr'><strong>Β</strong></span> <span class='ocrx_word' id='word_1_261' title='bbox 2142 1898 2297 1954; x_wconf 88' lang='lat' dir='ltr'><strong>malis</strong></span> <span class='ocrx_word' id='word_1_262' title='bbox 2334 1900 2530 1969; x_wconf 84' lang='lat' dir='ltr'><strong>quibus</strong></span> <span class='ocrx_word' id='word_1_263' title='bbox 2557 1902 2784 1958; x_wconf 83' lang='lat' dir='ltr'><strong>alliictus</strong></span> <span class='ocrx_word' id='word_1_264' title='bbox 2811 1903 3038 1973; x_wconf 87' lang='lat' dir='ltr'><strong>populus</strong></span> <span class='ocrx_word' id='word_1_265' title='bbox 3074 1903 3311 1969; x_wconf 87' lang='lat' dir='ltr'><strong>Domini,</strong></span> <span class='ocrx_word' id='word_1_266' title='bbox 3338 1905 3595 1975; x_wconf 88' lang='lat' dir='ltr'><strong>sequitur</strong></span> <span class='ocrx_word' id='word_1_267' title='bbox 3616 1905 3725 1960; x_wconf 59' lang='lat' dir='ltr'><strong>vino</strong></span> 
     </span>
    </p>
   </div>
   <div class='ocr_carea' id='block_1_33' title="bbox 456 1993 2031 2067">
    <p class='ocr_par' dir='ltr' id='par_1_33' title="bbox 456 1993 2031 2067">
     <span class='ocr_line' id='line_1_33' title="bbox 456 1993 2031 2067; baseline 0.001 -19"><span class='ocrx_word' id='word_1_268' title='bbox 456 1993 545 2067; x_wconf 87' lang='lat' dir='ltr'><strong>ubi</strong></span> <span class='ocrx_word' id='word_1_269' title='bbox 569 2002 823 2050; x_wconf 86' lang='lat' dir='ltr'><strong>notantur</strong></span> <span class='ocrx_word' id='word_1_270' title='bbox 845 1994 1053 2064; x_wconf 90' lang='lat' dir='ltr'><strong>illi,_qui</strong></span> <span class='ocrx_word' id='word_1_271' title='bbox 1070 2010 1100 2048; x_wconf 88' lang='lat' dir='ltr'><strong>a</strong></span> <span class='ocrx_word' id='word_1_272' title='bbox 1132 1995 1399 2050; x_wconf 86' lang='lat' dir='ltr'><strong>mandatis</strong></span> <span class='ocrx_word' id='word_1_273' title='bbox 1422 1995 1630 2050; x_wconf 89' lang='lat' dir='ltr'><strong>Domini</strong></span> <span class='ocrx_word' id='word_1_274' title='bbox 1648 2003 1775 2051; x_wconf 91' lang='lat' dir='ltr'><strong>sunt</strong></span> <span class='ocrx_word' id='word_1_275' title='bbox 1795 1995 2031 2066; x_wconf 81' lang='lat' dir='ltr'><strong>abrupti,</strong></span> 
     </span>
    </p>
   </div>
   <div class='ocr_carea' id='block_1_34' title="bbox 456 2083 2032 2154">
    <p class='ocr_par' dir='ltr' id='par_1_34' title="bbox 456 2083 2032 2154">
     <span class='ocr_line' id='line_1_34' title="bbox 456 2083 2032 2154; baseline 0.002 -19"><span class='ocrx_word' id='word_1_276' title='bbox 456 2092 532 2149; x_wconf 85' lang='lat' dir='ltr'><strong>ct,</strong></span> <span class='ocrx_word' id='word_1_277' title='bbox 570 2085 763 2150; x_wconf 79' lang='lat' dir='ltr'><strong>avulsi,</strong></span> <span class='ocrx_word' id='word_1_278' title='bbox 797 2100 1026 2154; x_wconf 89' lang='lat' dir='ltr'><strong>quorum</strong></span> <span class='ocrx_word' id='word_1_279' title='bbox 1076 2083 1478 2139; x_wconf 84' lang='lat' dir='ltr'><strong>tabernaculum</strong></span> <span class='ocrx_word' id='word_1_280' title='bbox 1517 2083 1583 2138; x_wconf 88' lang='lat' dir='ltr'><strong>ad</strong></span> <span class='ocrx_word' id='word_1_281' title='bbox 1623 2083 2032 2141; x_wconf 83' lang='lat' dir='ltr'><strong>inhabitandum</strong></span> 
     </span>
    </p>
   </div>
   <div class='ocr_carea' id='block_1_35' title="bbox 458 2177 2034 2249">
    <p class='ocr_par' dir='ltr' id='par_1_35' title="bbox 458 2177 2034 2249">
     <span class='ocr_line' id='line_1_35' title="bbox 458 2177 2034 2249; baseline 0.001 -19"><span class='ocrx_word' id='word_1_282' title='bbox 458 2193 562 2232; x_wconf 91' lang='lat' dir='ltr'><strong>non</strong></span> <span class='ocrx_word' id='word_1_283' title='bbox 593 2178 771 2249; x_wconf 80' lang='lat' dir='ltr'><strong>elegit.</strong></span> <span class='ocrx_word' id='word_1_284' title='bbox 812 2177 876 2232; x_wconf 74' lang='lat' dir='ltr'><strong>Et</strong></span> <span class='ocrx_word' id='word_1_285' title='bbox 907 2177 1121 2231; x_wconf 84' lang='lat' dir='ltr'><strong>tradidit</strong></span> <span class='ocrx_word' id='word_1_286' title='bbox 1145 2179 1199 2231; x_wconf 88' lang='lat' dir='ltr'><strong>in</strong></span> <span class='ocrx_word' id='word_1_287' title='bbox 1220 2178 1566 2243; x_wconf 76' lang='lat' dir='ltr'><strong>captivitatem</strong></span> <span class='ocrx_word' id='word_1_288' title='bbox 1593 2177 1832 2232; x_wconf 81' lang='lat' dir='ltr'><strong>virtutem</strong></span> <span class='ocrx_word' id='word_1_289' title='bbox 1852 2192 2034 2232; x_wconf 87' lang='lat' dir='ltr'><strong>eorum</strong></span> 
     </span>
    </p>
   </div>
   <div class='ocr_carea' id='block_1_36' title="bbox 455 2256 2034 2338">
    <p class='ocr_par' dir='ltr' id='par_1_36' title="bbox 455 2256 2034 2338">
     <span class='ocr_line' id='line_1_36' title="bbox 455 2256 2034 2338; baseline 0.003 -17"><span class='ocrx_word' id='word_1_290' title='bbox 455 2278 503 2323; x_wconf 84' lang='lat' dir='ltr'><strong>et</strong></span> <span class='ocrx_word' id='word_1_291' title='bbox 544 2268 984 2338; x_wconf 81' lang='lat' dir='ltr'><strong>pulchritudinem</strong></span> <span class='ocrx_word' id='word_1_292' title='bbox 1032 2285 1208 2322; x_wconf 88' lang='lat' dir='ltr'><strong>eorum</strong></span> <span class='ocrx_word' id='word_1_293' title='bbox 1253 2269 1308 2324; x_wconf 89' lang='lat' dir='ltr'><strong>in</strong></span> <span class='ocrx_word' id='word_1_294' title='bbox 1355 2256 1557 2323; x_wconf 80' lang='lat' dir='ltr'><strong>manus</strong></span> <span class='ocrx_word' id='word_1_295' title='bbox 1584 2269 1801 2323; x_wconf 84' lang='lat' dir='ltr'><strong>inimici.</strong></span> <span class='ocrx_word' id='word_1_296' title='bbox 1852 2269 2034 2325; x_wconf 81' lang='lat' dir='ltr'><strong>Virtus</strong></span> 
     </span>
    </p>
   </div>
   <div class='ocr_carea' id='block_1_37' title="bbox 454 2356 2033 2429">
    <p class='ocr_par' dir='ltr' id='par_1_37' title="bbox 454 2356 2033 2429">
     <span class='ocr_line' id='line_1_37' title="bbox 454 2356 2033 2429; baseline 0.001 -17"><span class='ocrx_word' id='word_1_297' title='bbox 454 2367 511 2412; x_wconf 90' lang='lat' dir='ltr'><strong>et</strong></span> <span class='ocrx_word' id='word_1_298' title='bbox 540 2357 881 2427; x_wconf 85' lang='lat' dir='ltr'><strong>pulchritudo</strong></span> <span class='ocrx_word' id='word_1_299' title='bbox 920 2373 1106 2412; x_wconf 90' lang='lat' dir='ltr'><strong>eorum</strong></span> <span class='ocrx_word' id='word_1_300' title='bbox 1137 2356 1233 2413; x_wconf 85' lang='lat' dir='ltr'><strong>iuit</strong></span> <span class='ocrx_word' id='word_1_301' title='bbox 1263 2373 1390 2413; x_wconf 89' lang='lat' dir='ltr'><strong>arca</strong></span> <span class='ocrx_word' id='word_1_302' title='bbox 1416 2357 1645 2422; x_wconf 90' lang='lat' dir='ltr'><strong>Domini,</strong></span> <span class='ocrx_word' id='word_1_303' title='bbox 1678 2374 1838 2429; x_wconf 86' lang='lat' dir='ltr'><strong>quam</strong></span> <span class='ocrx_word' id='word_1_304' title='bbox 1871 2373 2033 2429; x_wconf 83' lang='lat' dir='ltr'><strong>cepe-</strong></span> 
     </span>
    </p>
   </div>
   <div class='ocr_carea' id='block_1_38' title="bbox 458 2449 2033 2527">
    <p class='ocr_par' dir='ltr' id='par_1_38' title="bbox 458 2449 2033 2527">
     <span class='ocr_line' id='line_1_38' title="bbox 458 2449 2033 2527; baseline 0.001 -23"><span class='ocrx_word' id='word_1_305' title='bbox 458 2459 583 2505; x_wconf 81' lang='lat' dir='ltr'><strong>runt</strong></span> <span class='ocrx_word' id='word_1_306' title='bbox 619 2449 916 2521; x_wconf 83' lang='lat' dir='ltr'><strong>Allophyli,</strong></span> <span class='ocrx_word' id='word_1_307' title='bbox 955 2457 1158 2527; x_wconf 84' lang='lat' dir='ltr'><strong>etcum</strong></span> <span class='ocrx_word' id='word_1_308' title='bbox 1190 2450 1348 2506; x_wconf 85' lang='lat' dir='ltr'><strong>idolis</strong></span> <span class='ocrx_word' id='word_1_309' title='bbox 1382 2450 1493 2505; x_wconf 89' lang='lat' dir='ltr'><strong>suis</strong></span> <span class='ocrx_word' id='word_1_310' title='bbox 1526 2450 1579 2504; x_wconf 90' lang='lat' dir='ltr'><strong>in</strong></span> <span class='ocrx_word' id='word_1_311' title='bbox 1617 2451 1811 2520; x_wconf 87' lang='lat' dir='ltr'><strong>templo</strong></span> <span class='ocrx_word' id='word_1_312' title='bbox 1840 2465 2033 2519; x_wconf 84' lang='lat' dir='ltr'><strong>posue-</strong></span> 
     </span>
    </p>
   </div>
   <div class='ocr_carea' id='block_1_39' title="bbox 458 2541 2034 2611">
    <p class='ocr_par' dir='ltr' id='par_1_39' title="bbox 458 2541 2034 2611">
     <span class='ocr_line' id='line_1_39' title="bbox 458 2541 2034 2611; baseline 0.001 -15"><span class='ocrx_word' id='word_1_313' title='bbox 458 2549 620 2596; x_wconf 89' lang='lat' dir='ltr'><strong>runt:</strong></span> <span class='ocrx_word' id='word_1_314' title='bbox 663 2542 757 2596; x_wconf 89' lang='lat' dir='ltr'><strong>sed</strong></span> <span class='ocrx_word' id='word_1_315' title='bbox 790 2556 910 2596; x_wconf 90' lang='lat' dir='ltr'><strong>cum</strong></span> <span class='ocrx_word' id='word_1_316' title='bbox 939 2541 1240 2611; x_wconf 89' lang='lat' dir='ltr'><strong>insequenti</strong></span> <span class='ocrx_word' id='word_1_317' title='bbox 1274 2542 1361 2598; x_wconf 90' lang='lat' dir='ltr'><strong>die</strong></span> <span class='ocrx_word' id='word_1_318' title='bbox 1388 2543 1520 2598; x_wconf 89' lang='lat' dir='ltr'><strong>deus</strong></span> <span class='ocrx_word' id='word_1_319' title='bbox 1552 2557 1740 2597; x_wconf 89' lang='lat' dir='ltr'><strong>eorum</strong></span> <span class='ocrx_word' id='word_1_320' title='bbox 1776 2542 1828 2597; x_wconf 92' lang='lat' dir='ltr'><strong>in</strong></span> <span class='ocrx_word' id='word_1_321' title='bbox 1858 2544 2034 2597; x_wconf 87' lang='lat' dir='ltr'><strong>medio</strong></span> 
     </span>
    </p>
   </div>
   <div class='ocr_carea' id='block_1_40' title="bbox 459 2631 2035 2703">
    <p class='ocr_par' dir='ltr' id='par_1_40' title="bbox 459 2631 2035 2703">
     <span class='ocr_line' id='line_1_40' title="bbox 459 2631 2035 2703; baseline 0 -17"><span class='ocrx_word' id='word_1_322' title='bbox 459 2631 639 2701; x_wconf 87' lang='lat' dir='ltr'><strong>templi</strong></span> <span class='ocrx_word' id='word_1_323' title='bbox 670 2631 930 2686; x_wconf 86' lang='lat' dir='ltr'><strong>truncatis</strong></span> <span class='ocrx_word' id='word_1_324' title='bbox 966 2632 1215 2688; x_wconf 87' lang='lat' dir='ltr'><strong>manibus</strong></span> <span class='ocrx_word' id='word_1_325' title='bbox 1245 2631 1437 2702; x_wconf 86' lang='lat' dir='ltr'><strong>jacens</strong></span> <span class='ocrx_word' id='word_1_326' title='bbox 1466 2632 1826 2699; x_wconf 80' lang='lat' dir='ltr'><strong>inveniretur,</strong></span> <span class='ocrx_word' id='word_1_327' title='bbox 1869 2648 2035 2703; x_wconf 82' lang='lat' dir='ltr'><strong>popu-</strong></span> 
     </span>
    </p>
   </div>
   <div class='ocr_carea' id='block_1_41' title="bbox 457 2722 2032 2795">
    <p class='ocr_par' dir='ltr' id='par_1_41' title="bbox 457 2722 2032 2795">
     <span class='ocr_line' id='line_1_41' title="bbox 457 2722 2032 2795; baseline 0.003 -20"><span class='ocrx_word' id='word_1_328' title='bbox 457 2723 647 2794; x_wconf 88' lang='lat' dir='ltr'><strong>lusque</strong></span> <span class='ocrx_word' id='word_1_329' title='bbox 698 2737 889 2795; x_wconf 76' lang='lat' dir='ltr'><strong>magna</strong></span> <span class='ocrx_word' id='word_1_330' title='bbox 946 2723 1099 2795; x_wconf 75' lang='lat' dir='ltr'><strong>plaga</strong></span> <span class='ocrx_word' id='word_1_331' title='bbox 1148 2722 1488 2790; x_wconf 72' lang='lat' dir='ltr'><strong>adiceretur,</strong></span> <span class='ocrx_word' id='word_1_332' title='bbox 1544 2725 1866 2779; x_wconf 89' lang='lat' dir='ltr'><strong>remiserunt</strong></span> <span class='ocrx_word' id='word_1_333' title='bbox 1912 2740 2032 2780; x_wconf 84' lang='lat' dir='ltr'><strong>eam</strong></span> 
     </span>
    </p>
   </div>
   <div class='ocr_carea' id='block_1_42' title="bbox 458 2814 2029 2886">
    <p class='ocr_par' dir='ltr' id='par_1_42' title="bbox 458 2814 2029 2886">
     <span class='ocr_line' id='line_1_42' title="bbox 458 2814 2029 2886; baseline -0.001 -16"><span class='ocrx_word' id='word_1_334' title='bbox 458 2817 672 2871; x_wconf 87' lang='lat' dir='ltr'><strong>tandem</strong></span> <span class='ocrx_word' id='word_1_335' title='bbox 698 2830 803 2870; x_wconf 90' lang='lat' dir='ltr'><strong>non</strong></span> <span class='ocrx_word' id='word_1_336' title='bbox 833 2816 950 2871; x_wconf 85' lang='lat' dir='ltr'><strong>sine</strong></span> <span class='ocrx_word' id='word_1_337' title='bbox 978 2814 1290 2871; x_wconf 89' lang='lat' dir='ltr'><strong>muneribus</strong></span> <span class='ocrx_word' id='word_1_338' title='bbox 1317 2816 1369 2869; x_wconf 86' lang='lat' dir='ltr'><strong>in</strong></span> <span class='ocrx_word' id='word_1_339' title='bbox 1409 2815 1575 2871; x_wconf 80' lang='lat' dir='ltr'><strong>lsrael</strong></span> <span class='ocrx_word' id='word_1_340' title='bbox 1604 2814 1658 2885; x_wconf 87' lang='grc' dir='ltr'><strong>(Ι</strong></span> <span class='ocrx_word' id='word_1_341' title='bbox 1700 2814 1826 2886; x_wconf 85' lang='lat' dir='ltr'><strong>Reg.</strong></span> <span class='ocrx_word' id='word_1_342' title='bbox 1857 2830 1932 2880; x_wconf 76' lang='grc' dir='ltr'>ιν,</span> <span class='ocrx_word' id='word_1_343' title='bbox 1954 2815 2029 2877; x_wconf 78' lang='lat' dir='ltr'><strong>v).</strong></span> 
     </span>
    </p>
   </div>
   <div class='ocr_carea' id='block_1_43' title="bbox 457 2905 2033 2977">
    <p class='ocr_par' dir='ltr' id='par_1_43' title="bbox 457 2905 2033 2977">
     <span class='ocr_line' id='line_1_43' title="bbox 457 2905 2033 2977; baseline -0.002 -15"><span class='ocrx_word' id='word_1_344' title='bbox 457 2906 590 2962; x_wconf 86' lang='lat' dir='ltr'><strong>Nota</strong></span> <span class='ocrx_word' id='word_1_345' title='bbox 635 2906 948 2977; x_wconf 88' lang='lat' dir='ltr'><strong>mysterium</strong></span> <span class='ocrx_word' id='word_1_346' title='bbox 996 2905 1046 2960; x_wconf 90' lang='lat' dir='ltr'><strong>in</strong></span> <span class='ocrx_word' id='word_1_347' title='bbox 1099 2905 1250 2960; x_wconf 83' lang='lat' dir='ltr'><strong>istis:</strong></span> <span class='ocrx_word' id='word_1_348' title='bbox 1302 2906 1440 2961; x_wconf 83' lang='lat' dir='ltr'><strong>Area</strong></span> <span class='ocrx_word' id='word_1_349' title='bbox 1496 2906 1622 2970; x_wconf 89' lang='lat' dir='ltr'><strong>Dei,</strong></span> <span class='ocrx_word' id='word_1_350' title='bbox 1666 2905 2033 2961; x_wconf 80' lang='lat' dir='ltr'><strong>ecclesiastica</strong></span> 
     </span>
    </p>
   </div>
   <div class='ocr_carea' id='block_1_44' title="bbox 454 2993 2032 3067">
    <p class='ocr_par' dir='ltr' id='par_1_44' title="bbox 454 2993 2032 3067">
     <span class='ocr_line' id='line_1_44' title="bbox 454 2993 2032 3067; baseline -0.001 -15"><span class='ocrx_word' id='word_1_351' title='bbox 454 2997 726 3067; x_wconf 75' lang='lat' dir='ltr'><strong>signiﬁcat</strong></span> <span class='ocrx_word' id='word_1_352' title='bbox 768 2996 1040 3060; x_wconf 87' lang='lat' dir='ltr'><strong>instituta,</strong></span> <span class='ocrx_word' id='word_1_353' title='bbox 1075 3010 1195 3065; x_wconf 71' lang='lat' dir='ltr'><strong>qua:</strong></span> <span class='ocrx_word' id='word_1_354' title='bbox 1238 2997 1467 3067; x_wconf 82' lang='lat' dir='ltr'><strong>quisque</strong></span> <span class='ocrx_word' id='word_1_355' title='bbox 1503 2993 1652 3065; x_wconf 87' lang='lat' dir='ltr'><strong>ponit</strong></span> <span class='ocrx_word' id='word_1_356' title='bbox 1693 3010 1814 3049; x_wconf 90' lang='lat' dir='ltr'><strong>cum</strong></span> <span class='ocrx_word' id='word_1_357' title='bbox 1855 2994 2032 3060; x_wconf 88' lang='lat' dir='ltr'><strong>idolis,</strong></span> 
     </span>
    </p>
   </div>
   <div class='ocr_carea' id='block_1_45' title="bbox 454 3084 2033 3157">
    <p class='ocr_par' dir='ltr' id='par_1_45' title="bbox 454 3084 2033 3157">
     <span class='ocr_line' id='line_1_45' title="bbox 454 3084 2033 3157; baseline 0.001 -18"><span class='ocrx_word' id='word_1_358' title='bbox 454 3087 545 3157; x_wconf 85' lang='lat' dir='ltr'><strong>qui</strong></span> <span class='ocrx_word' id='word_1_359' title='bbox 580 3087 658 3140; x_wconf 91' lang='lat' dir='ltr'><strong>eis</strong></span> <span class='ocrx_word' id='word_1_360' title='bbox 684 3086 912 3155; x_wconf 88' lang='lat' dir='ltr'><strong>receptis</strong></span> <span class='ocrx_word' id='word_1_361' title='bbox 932 3086 1107 3141; x_wconf 89' lang='lat' dir='ltr'><strong>adhuc</strong></span> <span class='ocrx_word' id='word_1_362' title='bbox 1132 3086 1363 3141; x_wconf 85' lang='lat' dir='ltr'><strong>terrenis</strong></span> <span class='ocrx_word' id='word_1_363' title='bbox 1392 3087 1630 3141; x_wconf 66' lang='lat' dir='ltr'><strong>adhaeret</strong></span> <span class='ocrx_word' id='word_1_364' title='bbox 1657 3086 1900 3140; x_wconf 88' lang='lat' dir='ltr'><strong>nimium.</strong></span> <span class='ocrx_word' id='word_1_365' title='bbox 1927 3084 2033 3142; x_wconf 87' lang='lat' dir='ltr'><strong>Sed</strong></span> 
     </span>
    </p>
   </div>
   <div class='ocr_carea' id='block_1_46' title="bbox 456 3174 2032 3245">
    <p class='ocr_par' dir='ltr' id='par_1_46' title="bbox 456 3174 2032 3245">
     <span class='ocr_line' id='line_1_46' title="bbox 456 3174 2032 3245; baseline -0.001 -16"><span class='ocrx_word' id='word_1_366' title='bbox 456 3176 583 3245; x_wconf 89' lang='lat' dir='ltr'><strong>quia</strong></span> <span class='ocrx_word' id='word_1_367' title='bbox 613 3174 812 3230; x_wconf 86' lang='lat' dir='ltr'><strong>dictum</strong></span> <span class='ocrx_word' id='word_1_368' title='bbox 841 3183 956 3240; x_wconf 89' lang='lat' dir='ltr'><strong>est,</strong></span> <span class='ocrx_word' id='word_1_369' title='bbox 993 3174 1185 3230; x_wconf 89' lang='lat' dir='ltr'><strong>Omnia</strong></span> <span class='ocrx_word' id='word_1_370' title='bbox 1222 3175 1555 3237; x_wconf 89' lang='lat' dir='ltr'><strong>transibunt,</strong></span> <span class='ocrx_word' id='word_1_371' title='bbox 1594 3174 1815 3228; x_wconf 89' lang='lat' dir='ltr'><strong>verbmn</strong></span> <span class='ocrx_word' id='word_1_372' title='bbox 1855 3182 2032 3228; x_wconf 89' lang='lat' dir='ltr'><strong>autem</strong></span> 
     </span>
    </p>
   </div>
   <div class='ocr_carea' id='block_1_47' title="bbox 2135 1988 3724 2067">
    <p class='ocr_par' dir='ltr' id='par_1_47' title="bbox 2135 1988 3724 2067">
     <span class='ocr_line' id='line_1_47' title="bbox 2135 1988 3724 2067; baseline 0.003 -24"><span class='ocrx_word' id='word_1_373' title='bbox 2135 1988 2275 2043; x_wconf 88' lang='lat' dir='ltr'><strong>dicta</strong></span> <span class='ocrx_word' id='word_1_374' title='bbox 2314 1989 2691 2059; x_wconf 79' lang='lat' dir='ltr'><strong>inimicorum;</strong></span> <span class='ocrx_word' id='word_1_375' title='bbox 2727 1992 2870 2062; x_wconf 87' lang='lat' dir='ltr'><strong>quod</strong></span> <span class='ocrx_word' id='word_1_376' title='bbox 2897 1994 3049 2060; x_wconf 89' lang='lat' dir='ltr'><strong>dicit,</strong></span> <span class='ocrx_word' id='word_1_377' title='bbox 3077 1995 3336 2048; x_wconf 73' lang='lat' dir='ltr'><strong>excitatus</strong></span> <span class='ocrx_word' id='word_1_378' title='bbox 3365 2005 3443 2049; x_wconf 86' lang='lat' dir='ltr'><strong>est</strong></span> <span class='ocrx_word' id='word_1_379' title='bbox 3473 2005 3724 2067; x_wconf 70' lang='lat' dir='ltr'><strong>tanquam</strong></span> 
     </span>
    </p>
   </div>
   <div class='ocr_carea' id='block_1_48' title="bbox 2134 2078 3719 2153">
    <p class='ocr_par' dir='ltr' id='par_1_48' title="bbox 2134 2078 3719 2153">
     <span class='ocr_line' id='line_1_48' title="bbox 2134 2078 3719 2153; baseline 0.006 -22"><span class='ocrx_word' id='word_1_380' title='bbox 2134 2078 2397 2153; x_wconf 79' lang='lat' dir='ltr'><strong>dormiens</strong></span> <span class='ocrx_word' id='word_1_381' title='bbox 2456 2080 2750 2148; x_wconf 79' lang='lat' dir='ltr'><strong>Dominus,</strong></span> <span class='ocrx_word' id='word_1_382' title='bbox 2811 2084 3024 2140; x_wconf 89' lang='lat' dir='ltr'><strong>videtur</strong></span> <span class='ocrx_word' id='word_1_383' title='bbox 3107 2083 3366 2140; x_wconf 88' lang='lat' dir='ltr'><strong>Dominus</strong></span> <span class='ocrx_word' id='word_1_384' title='bbox 3434 2086 3719 2151; x_wconf 84' lang='lat' dir='ltr'><strong>dormire,</strong></span> 
     </span>
    </p>
   </div>
   <div class='ocr_carea' id='block_1_49' title="bbox 2132 2169 3726 2250">
    <p class='ocr_par' dir='ltr' id='par_1_49' title="bbox 2132 2169 3726 2250">
     <span class='ocr_line' id='line_1_49' title="bbox 2132 2169 3726 2250; baseline 0.008 -28"><span class='ocrx_word' id='word_1_385' title='bbox 2132 2171 2349 2239; x_wconf 88' lang='lat' dir='ltr'><strong>quando</strong></span> <span class='ocrx_word' id='word_1_386' title='bbox 2378 2169 2558 2228; x_wconf 76' lang='lat' dir='ltr'><strong>diﬂ&#39;ert</strong></span> <span class='ocrx_word' id='word_1_387' title='bbox 2585 2173 2898 2240; x_wconf 88' lang='lat' dir='ltr'><strong>subvenire,</strong></span> <span class='ocrx_word' id='word_1_388' title='bbox 2934 2174 3030 2230; x_wconf 87' lang='lat' dir='ltr'><strong>sed</strong></span> <span class='ocrx_word' id='word_1_389' title='bbox 3057 2176 3315 2231; x_wconf 78' lang='lat' dir='ltr'><strong>excitatus</strong></span> <span class='ocrx_word' id='word_1_390' title='bbox 3357 2187 3435 2232; x_wconf 85' lang='lat' dir='ltr'><strong>est</strong></span> <span class='ocrx_word' id='word_1_391' title='bbox 3468 2188 3726 2250; x_wconf 61' lang='lat' dir='ltr'><strong>tanquam</strong></span> 
     </span>
    </p>
   </div>
   <div class='ocr_carea' id='block_1_50' title="bbox 2132 2262 3718 2340">
    <p class='ocr_par' dir='ltr' id='par_1_50' title="bbox 2132 2262 3718 2340">
     <span class='ocr_line' id='line_1_50' title="bbox 2132 2262 3718 2340; baseline 0.006 -26"><span class='ocrx_word' id='word_1_392' title='bbox 2132 2269 2311 2330; x_wconf 86' lang='lat' dir='ltr'><strong>potens</strong></span> <span class='ocrx_word' id='word_1_393' title='bbox 2347 2262 2651 2334; x_wconf 83' lang='lat' dir='ltr'><strong>crapulatus</strong></span> <span class='ocrx_word' id='word_1_394' title='bbox 2691 2281 2723 2318; x_wconf 92' lang='lat' dir='ltr'><strong>a</strong></span> <span class='ocrx_word' id='word_1_395' title='bbox 2767 2266 2908 2332; x_wconf 84' lang='lat' dir='ltr'><strong>vino,</strong></span> <span class='ocrx_word' id='word_1_396' title='bbox 2955 2264 3208 2321; x_wconf 78' lang='lat' dir='ltr'><strong>subaudis</strong></span> <span class='ocrx_word' id='word_1_397' title='bbox 3246 2267 3549 2337; x_wconf 75' lang='lat' dir='ltr'><strong>excutitur,</strong></span> <span class='ocrx_word' id='word_1_398' title='bbox 3594 2270 3718 2340; x_wconf 83' lang='lat' dir='ltr'><strong>quis</strong></span> 
     </span>
    </p>
   </div>
   <div class='ocr_carea' id='block_1_51' title="bbox 2136 2351 3731 2429">
    <p class='ocr_par' dir='ltr' id='par_1_51' title="bbox 2136 2351 3731 2429">
     <span class='ocr_line' id='line_1_51' title="bbox 2136 2351 3731 2429; baseline 0.008 -25"><span class='ocrx_word' id='word_1_399' title='bbox 2136 2351 2271 2429; x_wconf 84' lang='lat' dir='ltr'><strong>tales</strong></span> <span class='ocrx_word' id='word_1_400' title='bbox 2307 2354 2538 2411; x_wconf 83' lang='lat' dir='ltr'><strong>ﬁrmiter</strong></span> <span class='ocrx_word' id='word_1_401' title='bbox 2566 2356 2840 2412; x_wconf 86' lang='lat' dir='ltr'><strong>dormiunt</strong></span> <span class='ocrx_word' id='word_1_402' title='bbox 2875 2368 2925 2414; x_wconf 91' lang='lat' dir='ltr'><strong>et</strong></span> <span class='ocrx_word' id='word_1_403' title='bbox 2957 2358 3042 2412; x_wconf 82' lang='lat' dir='ltr'><strong>vix</strong></span> <span class='ocrx_word' id='word_1_404' title='bbox 3067 2359 3375 2415; x_wconf 76' lang='lat' dir='ltr'><strong>excitantur</strong></span> <span class='ocrx_word' id='word_1_405' title='bbox 3401 2376 3417 2414; x_wconf 90' lang='lat'><strong>:</strong></span> <span class='ocrx_word' id='word_1_406' title='bbox 3443 2360 3536 2415; x_wconf 85' lang='lat' dir='ltr'><strong>ubi</strong></span> <span class='ocrx_word' id='word_1_407' title='bbox 3564 2373 3731 2417; x_wconf 66' lang='lat' dir='ltr'><strong>neta-</strong></span> 
     </span>
    </p>
   </div>
   <div class='ocr_carea' id='block_1_52' title="bbox 2135 2447 3715 2521">
    <p class='ocr_par' dir='ltr' id='par_1_52' title="bbox 2135 2447 3715 2521">
     <span class='ocr_line' id='line_1_52' title="bbox 2135 2447 3715 2521; baseline 0.005 -21"><span class='ocrx_word' id='word_1_408' title='bbox 2135 2454 2250 2511; x_wconf 89' lang='lat' dir='ltr'><strong>tur,</strong></span> <span class='ocrx_word' id='word_1_409' title='bbox 2295 2447 2423 2521; x_wconf 83' lang='lat' dir='ltr'><strong>quia</strong></span> <span class='ocrx_word' id='word_1_410' title='bbox 2471 2448 2731 2506; x_wconf 86' lang='lat' dir='ltr'><strong>Dominus</strong></span> <span class='ocrx_word' id='word_1_411' title='bbox 2787 2451 2877 2506; x_wconf 84' lang='lat' dir='ltr'><strong>ditt</strong></span> <span class='ocrx_word' id='word_1_412' title='bbox 2949 2449 3156 2507; x_wconf 90' lang='lat' dir='ltr'><strong>distulit</strong></span> <span class='ocrx_word' id='word_1_413' title='bbox 3228 2452 3525 2507; x_wconf 73' lang='lat' dir='ltr'><strong>subvenire</strong></span> <span class='ocrx_word' id='word_1_414' title='bbox 3585 2454 3715 2508; x_wconf 81' lang='lat' dir='ltr'><strong>suis.</strong></span> 
     </span>
    </p>
   </div>
   <div class='ocr_carea' id='block_1_53' title="bbox 2136 2536 3723 2611">
    <p class='ocr_par' dir='ltr' id='par_1_53' title="bbox 2136 2536 3723 2611">
     <span class='ocr_line' id='line_1_53' title="bbox 2136 2536 3723 2611; baseline 0.003 -18"><span class='ocrx_word' id='word_1_415' title='bbox 2136 2536 2241 2593; x_wconf 86' lang='lat' dir='ltr'><strong>Sed</strong></span> <span class='ocrx_word' id='word_1_416' title='bbox 2312 2538 2525 2594; x_wconf 88' lang='lat' dir='ltr'><strong>tandem</strong></span> <span class='ocrx_word' id='word_1_417' title='bbox 2601 2541 2856 2596; x_wconf 77' lang='lat' dir='ltr'><strong>excitatus</strong></span> <span class='ocrx_word' id='word_1_418' title='bbox 2927 2551 3035 2608; x_wconf 88' lang='lat' dir='ltr'><strong>est,</strong></span> <span class='ocrx_word' id='word_1_419' title='bbox 3084 2551 3131 2597; x_wconf 87' lang='lat' dir='ltr'><strong>et</strong></span> <span class='ocrx_word' id='word_1_420' title='bbox 3173 2543 3432 2611; x_wconf 81' lang='lat' dir='ltr'><strong>percussit</strong></span> <span class='ocrx_word' id='word_1_421' title='bbox 3480 2543 3723 2597; x_wconf 77' lang='lat' dir='ltr'><strong>inimicos</strong></span> 
     </span>
    </p>
   </div>
   <div class='ocr_carea' id='block_1_54' title="bbox 2132 2628 3725 2702">
    <p class='ocr_par' dir='ltr' id='par_1_54' title="bbox 2132 2628 3725 2702">
     <span class='ocr_line' id='line_1_54' title="bbox 2132 2628 3725 2702; baseline 0.001 -20"><span class='ocrx_word' id='word_1_422' title='bbox 2132 2643 2253 2682; x_wconf 87' lang='lat' dir='ltr'><strong>suos</strong></span> <span class='ocrx_word' id='word_1_423' title='bbox 2297 2628 2353 2681; x_wconf 90' lang='lat' dir='ltr'><strong>in</strong></span> <span class='ocrx_word' id='word_1_424' title='bbox 2384 2632 2695 2699; x_wconf 86' lang='lat' dir='ltr'><strong>posteriora,</strong></span> <span class='ocrx_word' id='word_1_425' title='bbox 2727 2632 3056 2702; x_wconf 86' lang='lat' dir='ltr'><strong>opprobrium</strong></span> <span class='ocrx_word' id='word_1_426' title='bbox 3081 2630 3456 2701; x_wconf 83' lang='lat' dir='ltr'><strong>sempiternum</strong></span> <span class='ocrx_word' id='word_1_427' title='bbox 3483 2632 3634 2686; x_wconf 82' lang='lat' dir='ltr'><strong>dedit</strong></span> <span class='ocrx_word' id='word_1_428' title='bbox 3661 2631 3725 2686; x_wconf 86' lang='lat' dir='ltr'><strong>il—</strong></span> 
     </span>
    </p>
   </div>
   <div class='ocr_carea' id='block_1_55' title="bbox 2132 2715 3724 2793">
    <p class='ocr_par' dir='ltr' id='par_1_55' title="bbox 2132 2715 3724 2793">
     <span class='ocr_line' id='line_1_55' title="bbox 2132 2715 3724 2793; baseline 0.005 -24"><span class='ocrx_word' id='word_1_429' title='bbox 2132 2715 2197 2770; x_wconf 90' lang='lat' dir='ltr'><strong>lis</strong></span> <span class='ocrx_word' id='word_1_430' title='bbox 2221 2729 2240 2768; x_wconf 89' lang='lat'><strong><em>:</em></strong></span> <span class='ocrx_word' id='word_1_431' title='bbox 2270 2715 2352 2770; x_wconf 86' lang='lat' dir='ltr'><strong>vel</strong></span> <span class='ocrx_word' id='word_1_432' title='bbox 2381 2717 2561 2786; x_wconf 89' lang='lat' dir='ltr'><strong>aliter,</strong></span> <span class='ocrx_word' id='word_1_433' title='bbox 2602 2719 2878 2775; x_wconf 74' lang='lat' dir='ltr'><strong>Excitatus</strong></span> <span class='ocrx_word' id='word_1_434' title='bbox 2899 2732 2972 2776; x_wconf 91' lang='lat' dir='ltr'><strong>est</strong></span> <span class='ocrx_word' id='word_1_435' title='bbox 3001 2731 3249 2793; x_wconf 85' lang='lat' dir='ltr'><strong>tanquam</strong></span> <span class='ocrx_word' id='word_1_436' title='bbox 3287 2721 3584 2787; x_wconf 76' lang='lat' dir='ltr'><strong>dormiens,</strong></span> <span class='ocrx_word' id='word_1_437' title='bbox 3609 2732 3724 2777; x_wconf 75' lang='lat' dir='ltr'><strong>tan-</strong></span> 
     </span>
    </p>
   </div>
   <div class='ocr_carea' id='block_1_56' title="bbox 2131 2809 3725 2879">
    <p class='ocr_par' dir='ltr' id='par_1_56' title="bbox 2131 2809 3725 2879">
     <span class='ocr_line' id='line_1_56' title="bbox 2131 2809 3725 2879; baseline 0.007 -23"><span class='ocrx_word' id='word_1_438' title='bbox 2131 2820 2289 2875; x_wconf 83' lang='lat' dir='ltr'><strong>quam</strong></span> <span class='ocrx_word' id='word_1_439' title='bbox 2329 2817 2509 2876; x_wconf 86' lang='lat' dir='ltr'><strong>poteus</strong></span> <span class='ocrx_word' id='word_1_440' title='bbox 2547 2809 2857 2877; x_wconf 82' lang='lat' dir='ltr'><strong>crapulatus</strong></span> <span class='ocrx_word' id='word_1_441' title='bbox 2902 2827 2935 2863; x_wconf 92' lang='lat' dir='ltr'><strong>a</strong></span> <span class='ocrx_word' id='word_1_442' title='bbox 2964 2811 3096 2873; x_wconf 78' lang='lat' dir='ltr'><strong>uiuo,</strong></span> <span class='ocrx_word' id='word_1_443' title='bbox 3123 2810 3270 2879; x_wconf 80' lang='lat' dir='ltr'><strong>quia</strong></span> <span class='ocrx_word' id='word_1_444' title='bbox 3318 2809 3448 2865; x_wconf 88' lang='lat' dir='ltr'><strong>licet</strong></span> <span class='ocrx_word' id='word_1_445' title='bbox 3478 2810 3725 2867; x_wconf 75' lang='lat' dir='ltr'><strong>ﬁrmiter</strong></span> 
     </span>
    </p>
   </div>
   <div class='ocr_carea' id='block_1_57' title="bbox 2133 2897 3725 2970">
    <p class='ocr_par' dir='ltr' id='par_1_57' title="bbox 2133 2897 3725 2970">
     <span class='ocr_line' id='line_1_57' title="bbox 2133 2897 3725 2970; baseline 0.001 -17"><span class='ocrx_word' id='word_1_446' title='bbox 2133 2906 2187 2953; x_wconf 90' lang='lat' dir='ltr'><strong>et</strong></span> <span class='ocrx_word' id='word_1_447' title='bbox 2215 2899 2305 2953; x_wconf 90' lang='lat' dir='ltr'><strong>diu</strong></span> <span class='ocrx_word' id='word_1_448' title='bbox 2353 2897 2768 2967; x_wconf 81' lang='lat' dir='ltr'><strong>obdormivisset</strong></span> <span class='ocrx_word' id='word_1_449' title='bbox 2796 2939 2812 2963; x_wconf 90' lang='lat'><strong>,</strong></span> <span class='ocrx_word' id='word_1_450' title='bbox 2859 2908 3035 2954; x_wconf 87' lang='lat' dir='ltr'><strong>tamen</strong></span> <span class='ocrx_word' id='word_1_451' title='bbox 3096 2901 3355 2954; x_wconf 67' lang='lat' dir='ltr'><strong>excitatus</strong></span> <span class='ocrx_word' id='word_1_452' title='bbox 3395 2911 3579 2970; x_wconf 80' lang='lat' dir='ltr'><strong>potens</strong></span> <span class='ocrx_word' id='word_1_453' title='bbox 3627 2903 3725 2957; x_wconf 78' lang='lat' dir='ltr'><strong>iuit</strong></span> 
     </span>
    </p>
   </div>
   <div class='ocr_carea' id='block_1_58' title="bbox 2136 2984 3721 3060">
    <p class='ocr_par' dir='ltr' id='par_1_58' title="bbox 2136 2984 3721 3060">
     <span class='ocr_line' id='line_1_58' title="bbox 2136 2984 3721 3060; baseline 0.004 -21"><span class='ocrx_word' id='word_1_454' title='bbox 2136 2984 2337 3040; x_wconf 74' lang='lat' dir='ltr'><strong>inferre</strong></span> <span class='ocrx_word' id='word_1_455' title='bbox 2365 2985 2653 3041; x_wconf 84' lang='lat' dir='ltr'><strong>vindictam</strong></span> <span class='ocrx_word' id='word_1_456' title='bbox 2693 2987 2927 3043; x_wconf 90' lang='lat' dir='ltr'><strong>inimicis</strong></span> <span class='ocrx_word' id='word_1_457' title='bbox 2968 2989 3111 3055; x_wconf 87' lang='lat' dir='ltr'><strong>suis;</strong></span> <span class='ocrx_word' id='word_1_458' title='bbox 3155 2991 3300 3059; x_wconf 88' lang='lat' dir='ltr'><strong>quod</strong></span> <span class='ocrx_word' id='word_1_459' title='bbox 3327 2992 3605 3060; x_wconf 85' lang='lat' dir='ltr'><strong>sequitur,</strong></span> <span class='ocrx_word' id='word_1_460' title='bbox 3656 2990 3721 3045; x_wconf 79' lang='lat' dir='ltr'><strong>Et</strong></span> 
     </span>
    </p>
   </div>
   <div class='ocr_carea' id='block_1_59' title="bbox 2132 3076 3727 3152">
    <p class='ocr_par' dir='ltr' id='par_1_59' title="bbox 2132 3076 3727 3152">
     <span class='ocr_line' id='line_1_59' title="bbox 2132 3076 3727 3152; baseline 0.006 -23"><span class='ocrx_word' id='word_1_461' title='bbox 2132 3076 2382 3143; x_wconf 87' lang='lat' dir='ltr'><strong>percussit</strong></span> <span class='ocrx_word' id='word_1_462' title='bbox 2407 3076 2641 3131; x_wconf 83' lang='lat' dir='ltr'><strong>inimicos</strong></span> <span class='ocrx_word' id='word_1_463' title='bbox 2677 3094 2856 3132; x_wconf 86' lang='lat' dir='ltr'><strong>eorum</strong></span> <span class='ocrx_word' id='word_1_464' title='bbox 2881 3079 2937 3134; x_wconf 88' lang='lat' dir='ltr'><strong>in</strong></span> <span class='ocrx_word' id='word_1_465' title='bbox 2984 3080 3296 3150; x_wconf 84' lang='lat' dir='ltr'><strong>posteriora,</strong></span> <span class='ocrx_word' id='word_1_466' title='bbox 3323 3079 3527 3152; x_wconf 75' lang='lat' dir='ltr'><strong>legitur</strong></span> <span class='ocrx_word' id='word_1_467' title='bbox 3555 3083 3609 3136; x_wconf 88' lang='lat' dir='ltr'><strong>in</strong></span> <span class='ocrx_word' id='word_1_468' title='bbox 3644 3083 3727 3138; x_wconf 81' lang='lat' dir='ltr'><strong>hi-</strong></span> 
     </span>
    </p>
   </div>
   <div class='ocr_carea' id='block_1_60' title="bbox 2134 3164 3722 3239">
    <p class='ocr_par' dir='ltr' id='par_1_60' title="bbox 2134 3164 3722 3239">
     <span class='ocr_line' id='line_1_60' title="bbox 2134 3164 3722 3239; baseline 0.005 -21"><span class='ocrx_word' id='word_1_469' title='bbox 2134 3164 2323 3231; x_wconf 87' lang='lat' dir='ltr'><strong>storia,</strong></span> <span class='ocrx_word' id='word_1_470' title='bbox 2360 3167 2502 3236; x_wconf 87' lang='lat' dir='ltr'><strong>quod</strong></span> <span class='ocrx_word' id='word_1_471' title='bbox 2534 3165 2824 3239; x_wconf 81' lang='lat' dir='ltr'><strong>Allaphyli,</strong></span> <span class='ocrx_word' id='word_1_472' title='bbox 2858 3169 2983 3224; x_wconf 91' lang='lat' dir='ltr'><strong>dum</strong></span> <span class='ocrx_word' id='word_1_473' title='bbox 3027 3170 3292 3225; x_wconf 86' lang='lat' dir='ltr'><strong>haberent</strong></span> <span class='ocrx_word' id='word_1_474' title='bbox 3319 3186 3503 3225; x_wconf 86' lang='lat' dir='ltr'><strong>arcam</strong></span> <span class='ocrx_word' id='word_1_475' title='bbox 3540 3172 3599 3227; x_wconf 89' lang='lat' dir='ltr'><strong>in</strong></span> <span class='ocrx_word' id='word_1_476' title='bbox 3628 3188 3722 3231; x_wconf 82' lang='lat' dir='ltr'><strong>ca-</strong></span> 
     </span>
    </p>
   </div>
   <div class='ocr_carea' id='block_1_61' title="bbox 459 3254 3718 3338">
    <p class='ocr_par' dir='ltr' id='par_1_61' title="bbox 459 3254 3718 3338">
     <span class='ocr_line' id='line_1_61' title="bbox 459 3254 3718 3338; baseline -0.001 -18"><span class='ocrx_word' id='word_1_477' title='bbox 459 3266 666 3320; x_wconf 88' lang='lat' dir='ltr'><strong>Dotnini</strong></span> <span class='ocrx_word' id='word_1_478' title='bbox 707 3274 886 3321; x_wconf 88' lang='lat' dir='ltr'><strong>manet</strong></span> <span class='ocrx_word' id='word_1_479' title='bbox 930 3266 984 3320; x_wconf 90' lang='lat' dir='ltr'><strong>in</strong></span> <span class='ocrx_word' id='word_1_480' title='bbox 1013 3274 1271 3321; x_wconf 69' lang='lat' dir='ltr'><strong>aeternum</strong></span> <span class='ocrx_word' id='word_1_481' title='bbox 1300 3265 1433 3337; x_wconf 88' lang='lat' dir='ltr'><strong>(Isa.</strong></span> <span class='ocrx_word' id='word_1_482' title='bbox 1473 3264 1590 3337; x_wconf 73' lang='grc' dir='ltr'>ιιι),</span> <span class='ocrx_word' id='word_1_483' title='bbox 1616 3265 1809 3338; x_wconf 85' lang='lat' dir='ltr'><strong>merito</strong></span> <span class='ocrx_word' id='word_1_484' title='bbox 1836 3263 2033 3319; x_wconf 63' lang='lat' dir='ltr'><strong>idolum</strong></span> <span class='ocrx_word' id='word_1_485' title='bbox 2062 3254 2106 3318; x_wconf 87' lang='lat' dir='ltr'>C</span> <span class='ocrx_word' id='word_1_486' title='bbox 2137 3254 2380 3324; x_wconf 75' lang='lat' dir='ltr'><strong>PliVilale</strong></span> <span class='ocrx_word' id='word_1_487' title='bbox 2407 3258 2460 3311; x_wconf 85' lang='lat' dir='ltr'><strong>in</strong></span> <span class='ocrx_word' id='word_1_488' title='bbox 2508 3259 2724 3314; x_wconf 37' lang='lat' dir='ltr'><strong>sedibus</strong></span> <span class='ocrx_word' id='word_1_489' title='bbox 2754 3259 2890 3325; x_wconf 85' lang='lat' dir='ltr'><strong>suis,</strong></span> <span class='ocrx_word' id='word_1_490' title='bbox 2926 3276 3149 3333; x_wconf 77' lang='lat' dir='ltr'><strong>magnas</strong></span> <span class='ocrx_word' id='word_1_491' title='bbox 3182 3263 3326 3332; x_wconf 85' lang='lat' dir='ltr'><strong>passi</strong></span> <span class='ocrx_word' id='word_1_492' title='bbox 3355 3273 3481 3318; x_wconf 89' lang='lat' dir='ltr'><strong>sunt</strong></span> <span class='ocrx_word' id='word_1_493' title='bbox 3514 3264 3718 3336; x_wconf 74' lang='lat' dir='ltr'><strong>plagas,</strong></span> 
     </span>
    </p>
   </div>
   <div class='ocr_carea' id='block_1_62' title="bbox 458 3350 2032 3425">
    <p class='ocr_par' dir='ltr' id='par_1_62' title="bbox 458 3350 2032 3425">
     <span class='ocr_line' id='line_1_62' title="bbox 458 3350 2032 3425; baseline -0.002 -16"><span class='ocrx_word' id='word_1_494' title='bbox 458 3350 729 3411; x_wconf 83' lang='lat' dir='ltr'><strong>inventum</strong></span> <span class='ocrx_word' id='word_1_495' title='bbox 752 3365 836 3411; x_wconf 89' lang='lat' dir='ltr'><strong>est</strong></span> <span class='ocrx_word' id='word_1_496' title='bbox 855 3355 1117 3410; x_wconf 87' lang='lat' dir='ltr'><strong>truncatis</strong></span> <span class='ocrx_word' id='word_1_497' title='bbox 1147 3356 1429 3411; x_wconf 84' lang='lat' dir='ltr'><strong>manibus:</strong></span> <span class='ocrx_word' id='word_1_498' title='bbox 1460 3355 1654 3425; x_wconf 87' lang='lat' dir='ltr'><strong>quiaet</strong></span> <span class='ocrx_word' id='word_1_499' title='bbox 1678 3354 1722 3410; x_wconf 87' lang='lat' dir='ltr'><strong>si</strong></span> <span class='ocrx_word' id='word_1_500' title='bbox 1738 3353 2032 3423; x_wconf 84' lang='lat' dir='ltr'><strong>aliquantu-</strong></span> 
     </span>
    </p>
   </div>
   <div class='ocr_carea' id='block_1_63' title="bbox 456 3446 2036 3512">
    <p class='ocr_par' dir='ltr' id='par_1_63' title="bbox 456 3446 2036 3512">
     <span class='ocr_line' id='line_1_63' title="bbox 456 3446 2036 3512; baseline -0.002 -10"><span class='ocrx_word' id='word_1_501' title='bbox 456 3449 563 3503; x_wconf 88' lang='lat' dir='ltr'><strong>lum</strong></span> <span class='ocrx_word' id='word_1_502' title='bbox 587 3448 735 3504; x_wconf 81' lang='lat' dir='ltr'><strong>ﬂoris</strong></span> <span class='ocrx_word' id='word_1_503' title='bbox 749 3449 1031 3503; x_wconf 86' lang='lat' dir='ltr'><strong>vidcantur</strong></span> <span class='ocrx_word' id='word_1_504' title='bbox 1051 3448 1251 3503; x_wconf 83' lang='lat' dir='ltr'><strong>habere</strong></span> <span class='ocrx_word' id='word_1_505' title='bbox 1267 3448 1487 3512; x_wconf 88' lang='lat' dir='ltr'><strong>terreni,</strong></span> <span class='ocrx_word' id='word_1_506' title='bbox 1509 3459 1687 3502; x_wconf 88' lang='lat' dir='ltr'><strong>tamen</strong></span> <span class='ocrx_word' id='word_1_507' title='bbox 1702 3448 1768 3502; x_wconf 87' lang='lat' dir='ltr'><strong>ad</strong></span> <span class='ocrx_word' id='word_1_508' title='bbox 1792 3446 2036 3501; x_wconf 89' lang='lat' dir='ltr'><strong>ultimum</strong></span> 
     </span>
    </p>
   </div>
   <div class='ocr_carea' id='block_1_64' title="bbox 457 3538 2034 3608">
    <p class='ocr_par' dir='ltr' id='par_1_64' title="bbox 457 3538 2034 3608">
     <span class='ocr_line' id='line_1_64' title="bbox 457 3538 2034 3608; baseline -0.002 -13"><span class='ocrx_word' id='word_1_509' title='bbox 457 3541 778 3596; x_wconf 86' lang='lat' dir='ltr'><strong>videbuntur</strong></span> <span class='ocrx_word' id='word_1_510' title='bbox 818 3539 951 3594; x_wconf 85' lang='lat' dir='ltr'><strong>nihil</strong></span> <span class='ocrx_word' id='word_1_511' title='bbox 989 3554 1143 3594; x_wconf 88' lang='lat' dir='ltr'><strong>esse:</strong></span> <span class='ocrx_word' id='word_1_512' title='bbox 1181 3541 1309 3608; x_wconf 87' lang='lat' dir='ltr'><strong>quia</strong></span> <span class='ocrx_word' id='word_1_513' title='bbox 1346 3539 1510 3594; x_wconf 86' lang='lat' dir='ltr'><strong>omnis</strong></span> <span class='ocrx_word' id='word_1_514' title='bbox 1561 3555 1683 3593; x_wconf 87' lang='lat' dir='ltr'><strong>caro</strong></span> <span class='ocrx_word' id='word_1_515' title='bbox 1741 3538 1947 3608; x_wconf 80' lang='lat' dir='ltr'><strong>fenum,</strong></span> <span class='ocrx_word' id='word_1_516' title='bbox 1986 3547 2034 3592; x_wconf 90' lang='lat' dir='ltr'><strong>et</strong></span> 
     </span>
    </p>
   </div>
   <div class='ocr_carea' id='block_1_65' title="bbox 457 3627 2034 3700">
    <p class='ocr_par' dir='ltr' id='par_1_65' title="bbox 457 3627 2034 3700">
     <span class='ocr_line' id='line_1_65' title="bbox 457 3627 2034 3700; baseline -0.002 -16"><span class='ocrx_word' id='word_1_517' title='bbox 457 3631 625 3684; x_wconf 89' lang='lat' dir='ltr'><strong>omnis</strong></span> <span class='ocrx_word' id='word_1_518' title='bbox 672 3629 841 3700; x_wconf 83' lang='lat' dir='ltr'><strong>gloria</strong></span> <span class='ocrx_word' id='word_1_519' title='bbox 886 3630 1025 3686; x_wconf 85' lang='lat' dir='ltr'><strong>sicut</strong></span> <span class='ocrx_word' id='word_1_520' title='bbox 1067 3631 1164 3700; x_wconf 82' lang='lat' dir='ltr'><strong>ﬂos</strong></span> <span class='ocrx_word' id='word_1_521' title='bbox 1191 3631 1304 3698; x_wconf 85' lang='lat' dir='ltr'><strong>agri</strong></span> <span class='ocrx_word' id='word_1_522' title='bbox 1336 3627 1468 3698; x_wconf 85' lang='lat' dir='ltr'><strong>(lsa.</strong></span> <span class='ocrx_word' id='word_1_523' title='bbox 1504 3628 1612 3698; x_wconf 71' lang='grc' dir='ltr'><strong>χι).</strong></span> <span class='ocrx_word' id='word_1_524' title='bbox 1646 3628 1830 3685; x_wconf 76' lang='lat' dir='ltr'><strong>Virtus</strong></span> <span class='ocrx_word' id='word_1_525' title='bbox 1852 3638 2034 3682; x_wconf 89' lang='lat' dir='ltr'><strong>nostra</strong></span> 
     </span>
    </p>
   </div>
   <div class='ocr_carea' id='block_1_66' title="bbox 455 3718 2033 3791">
    <p class='ocr_par' dir='ltr' id='par_1_66' title="bbox 455 3718 2033 3791">
     <span class='ocr_line' id='line_1_66' title="bbox 455 3718 2033 3791; baseline -0.001 -17"><span class='ocrx_word' id='word_1_526' title='bbox 455 3731 511 3774; x_wconf 91' lang='lat' dir='ltr'><strong>ct</strong></span> <span class='ocrx_word' id='word_1_527' title='bbox 540 3720 881 3791; x_wconf 81' lang='lat' dir='ltr'><strong>pulchritudo</strong></span> <span class='ocrx_word' id='word_1_528' title='bbox 920 3730 1044 3774; x_wconf 88' lang='lat' dir='ltr'><strong>sunt.</strong></span> <span class='ocrx_word' id='word_1_529' title='bbox 1094 3721 1393 3788; x_wconf 80' lang='lat' dir='ltr'><strong>baptismus</strong></span> <span class='ocrx_word' id='word_1_530' title='bbox 1431 3728 1484 3773; x_wconf 87' lang='lat' dir='ltr'><strong>et</strong></span> <span class='ocrx_word' id='word_1_531' title='bbox 1529 3727 1758 3783; x_wconf 76' lang='lat' dir='ltr'><strong>caetera,</strong></span> <span class='ocrx_word' id='word_1_532' title='bbox 1808 3733 1926 3788; x_wconf 65' lang='lat' dir='ltr'><strong>quae</strong></span> <span class='ocrx_word' id='word_1_533' title='bbox 1979 3718 2033 3772; x_wconf 91' lang='lat' dir='ltr'><strong>in</strong></span> 
     </span>
    </p>
   </div>
   <div class='ocr_carea' id='block_1_67' title="bbox 458 3807 2033 3887">
    <p class='ocr_par' dir='ltr' id='par_1_67' title="bbox 458 3807 2033 3887">
     <span class='ocr_line' id='line_1_67' title="bbox 458 3807 2033 3887; baseline -0.003 -22"><span class='ocrx_word' id='word_1_534' title='bbox 458 3826 649 3865; x_wconf 90' lang='lat' dir='ltr'><strong>manus</strong></span> <span class='ocrx_word' id='word_1_535' title='bbox 699 3809 900 3864; x_wconf 86' lang='lat' dir='ltr'><strong>inimici</strong></span> <span class='ocrx_word' id='word_1_536' title='bbox 948 3809 1232 3864; x_wconf 89' lang='lat' dir='ltr'><strong>traduntur</strong></span> <span class='ocrx_word' id='word_1_537' title='bbox 1254 3810 1470 3879; x_wconf 82' lang='lat' dir='ltr'><strong>quando</strong></span> <span class='ocrx_word' id='word_1_538' title='bbox 1496 3810 1722 3878; x_wconf 88' lang='lat' dir='ltr'><strong>quisque</strong></span> <span class='ocrx_word' id='word_1_539' title='bbox 1750 3807 2033 3887; x_wconf 85' lang='lat' dir='ltr'><strong>sesalvari</strong></span> 
     </span>
    </p>
   </div>
   <div class='ocr_carea' id='block_1_68' title="bbox 456 3900 2034 3972">
    <p class='ocr_par' dir='ltr' id='par_1_68' title="bbox 456 3900 2034 3972">
     <span class='ocr_line' id='line_1_68' title="bbox 456 3900 2034 3972; baseline -0.001 -17"><span class='ocrx_word' id='word_1_540' title='bbox 456 3910 611 3971; x_wconf 87' lang='lat' dir='ltr'><strong>putat</strong></span> <span class='ocrx_word' id='word_1_541' title='bbox 649 3916 746 3970; x_wconf 89' lang='lat' dir='ltr'><strong>per</strong></span> <span class='ocrx_word' id='word_1_542' title='bbox 796 3900 951 3955; x_wconf 82' lang='lat' dir='ltr'><strong>[idem</strong></span> <span class='ocrx_word' id='word_1_543' title='bbox 994 3908 1226 3966; x_wconf 89' lang='lat' dir='ltr'><strong>tantum,</strong></span> <span class='ocrx_word' id='word_1_544' title='bbox 1254 3900 1566 3956; x_wconf 86' lang='lat' dir='ltr'><strong>velutmnlti</strong></span> <span class='ocrx_word' id='word_1_545' title='bbox 1597 3900 1689 3972; x_wconf 89' lang='lat' dir='ltr'><strong>qui</strong></span> <span class='ocrx_word' id='word_1_546' title='bbox 1718 3900 2034 3971; x_wconf 74' lang='lat' dir='ltr'><strong>negligendo</strong></span> 
     </span>
    </p>
   </div>
   <div class='ocr_carea' id='block_1_69' title="bbox 455 3992 2033 4071">
    <p class='ocr_par' dir='ltr' id='par_1_69' title="bbox 455 3992 2033 4071">
     <span class='ocr_line' id='line_1_69' title="bbox 455 3992 2033 4071; baseline 0 -23"><span class='ocrx_word' id='word_1_547' title='bbox 455 3993 596 4048; x_wconf 82' lang='lat' dir='ltr'><strong>bene</strong></span> <span class='ocrx_word' id='word_1_548' title='bbox 642 3993 851 4071; x_wconf 87' lang='lat' dir='ltr'><strong>operari</strong></span> <span class='ocrx_word' id='word_1_549' title='bbox 902 3994 1121 4047; x_wconf 90' lang='lat' dir='ltr'><strong>dicunt:</strong></span> <span class='ocrx_word' id='word_1_550' title='bbox 1175 3992 1279 4058; x_wconf 83' lang='lat' dir='ltr'><strong>Qui</strong></span> <span class='ocrx_word' id='word_1_551' title='bbox 1325 3993 1594 4047; x_wconf 81' lang='lat' dir='ltr'><strong>crediderit</strong></span> <span class='ocrx_word' id='word_1_552' title='bbox 1638 4002 1688 4047; x_wconf 87' lang='lat' dir='ltr'><strong>et</strong></span> <span class='ocrx_word' id='word_1_553' title='bbox 1741 3993 2033 4062; x_wconf 84' lang='lat' dir='ltr'><strong>baptizatus</strong></span> 
     </span>
    </p>
   </div>
   <div class='ocr_carea' id='block_1_70' title="bbox 456 4083 2029 4158">
    <p class='ocr_par' dir='ltr' id='par_1_70' title="bbox 456 4083 2029 4158">
     <span class='ocr_line' id='line_1_70' title="bbox 456 4083 2029 4158; baseline 0.003 -21"><span class='ocrx_word' id='word_1_554' title='bbox 456 4085 634 4155; x_wconf 78' lang='lat' dir='ltr'><strong>fuerit,</strong></span> <span class='ocrx_word' id='word_1_555' title='bbox 675 4083 847 4139; x_wconf 85' lang='lat' dir='ltr'><strong>salvus</strong></span> <span class='ocrx_word' id='word_1_556' title='bbox 905 4086 999 4139; x_wconf 88' lang='lat' dir='ltr'><strong>erit</strong></span> <span class='ocrx_word' id='word_1_557' title='bbox 1064 4084 1255 4156; x_wconf 75' lang='lat' dir='ltr'><strong>(Marc.</strong></span> <span class='ocrx_word' id='word_1_558' title='bbox 1304 4085 1453 4158; x_wconf 72' lang='lat' dir='ltr'><strong>xw):</strong></span> <span class='ocrx_word' id='word_1_559' title='bbox 1511 4101 1616 4140; x_wconf 89' lang='lat' dir='ltr'><strong>non</strong></span> <span class='ocrx_word' id='word_1_560' title='bbox 1670 4087 2029 4151; x_wconf 88' lang='lat' dir='ltr'><strong>attendentes,</strong></span> 
     </span>
    </p>
   </div>
   <div class='ocr_carea' id='block_1_71' title="bbox 456 4160 2030 4247">
    <p class='ocr_par' dir='ltr' id='par_1_71' title="bbox 456 4160 2030 4247">
     <span class='ocr_line' id='line_1_71' title="bbox 456 4160 2030 4247; baseline 0.001 -18"><span class='ocrx_word' id='word_1_561' title='bbox 456 4176 581 4244; x_wconf 88' lang='lat' dir='ltr'><strong>quia</strong></span> <span class='ocrx_word' id='word_1_562' title='bbox 630 4175 761 4243; x_wconf 81' lang='lat' dir='ltr'><strong>ﬁdes</strong></span> <span class='ocrx_word' id='word_1_563' title='bbox 811 4174 921 4230; x_wconf 89' lang='lat' dir='ltr'><strong>sine</strong></span> <span class='ocrx_word' id='word_1_564' title='bbox 967 4176 1207 4246; x_wconf 87' lang='lat' dir='ltr'><strong>operibus</strong></span> <span class='ocrx_word' id='word_1_565' title='bbox 1249 4189 1457 4230; x_wconf 88' lang='lat' dir='ltr'><strong>mortua</strong></span> <span class='ocrx_word' id='word_1_566' title='bbox 1498 4160 1807 4247; x_wconf 25' lang='lat' dir='ltr'><strong>est(Jacob..</strong></span> <span class='ocrx_word' id='word_1_567' title='bbox 1840 4177 1923 4247; x_wconf 88' lang='grc' dir='ltr'>ιι).</span> <span class='ocrx_word' id='word_1_568' title='bbox 1962 4176 2030 4231; x_wconf 85' lang='lat' dir='ltr'><strong>Et</strong></span> 
     </span>
    </p>
   </div>
   <div class='ocr_carea' id='block_1_72' title="bbox 456 4265 2030 4343">
    <p class='ocr_par' dir='ltr' id='par_1_72' title="bbox 456 4265 2030 4343">
     <span class='ocr_line' id='line_1_72' title="bbox 456 4265 2030 4343; baseline 0.001 -24"><span class='ocrx_word' id='word_1_569' title='bbox 456 4265 707 4343; x_wconf 82' lang='lat' dir='ltr'><strong>conclusit</strong></span> <span class='ocrx_word' id='word_1_570' title='bbox 777 4268 831 4322; x_wconf 91' lang='lat' dir='ltr'><strong>in</strong></span> <span class='ocrx_word' id='word_1_571' title='bbox 902 4266 1079 4338; x_wconf 87' lang='lat' dir='ltr'><strong>gladio</strong></span> <span class='ocrx_word' id='word_1_572' title='bbox 1147 4266 1396 4339; x_wconf 88' lang='lat' dir='ltr'><strong>populum</strong></span> <span class='ocrx_word' id='word_1_573' title='bbox 1441 4285 1630 4332; x_wconf 88' lang='lat' dir='ltr'><strong>suum,</strong></span> <span class='ocrx_word' id='word_1_574' title='bbox 1693 4278 1739 4322; x_wconf 86' lang='lat' dir='ltr'><strong>et</strong></span> <span class='ocrx_word' id='word_1_575' title='bbox 1807 4268 2030 4323; x_wconf 66' lang='lat' dir='ltr'><strong>haeredi-</strong></span> 
     </span>
    </p>
   </div>
   <div class='ocr_carea' id='block_1_73' title="bbox 454 4355 2029 4428">
    <p class='ocr_par' dir='ltr' id='par_1_73' title="bbox 454 4355 2029 4428">
     <span class='ocr_line' id='line_1_73' title="bbox 454 4355 2029 4428; baseline 0.002 -20"><span class='ocrx_word' id='word_1_576' title='bbox 454 4366 611 4411; x_wconf 88' lang='lat' dir='ltr'><strong>tatem</strong></span> <span class='ocrx_word' id='word_1_577' title='bbox 660 4373 809 4411; x_wconf 88' lang='lat' dir='ltr'><strong>suam</strong></span> <span class='ocrx_word' id='word_1_578' title='bbox 840 4357 1047 4427; x_wconf 82' lang='lat' dir='ltr'><strong>spreuit.</strong></span> <span class='ocrx_word' id='word_1_579' title='bbox 1088 4356 1200 4411; x_wconf 85' lang='lat' dir='ltr'><strong>Hoc</strong></span> <span class='ocrx_word' id='word_1_580' title='bbox 1245 4355 1306 4411; x_wconf 82' lang='lat' dir='ltr'><strong>iit</strong></span> <span class='ocrx_word' id='word_1_581' title='bbox 1349 4364 1403 4412; x_wconf 86' lang='lat' dir='ltr'><strong>et</strong></span> <span class='ocrx_word' id='word_1_582' title='bbox 1470 4356 1524 4411; x_wconf 89' lang='lat' dir='ltr'><strong>in</strong></span> <span class='ocrx_word' id='word_1_583' title='bbox 1569 4356 1805 4412; x_wconf 84' lang='lat' dir='ltr'><strong>Ecclesia</strong></span> <span class='ocrx_word' id='word_1_584' title='bbox 1831 4398 1846 4423; x_wconf 95' lang='lat'><strong>,</strong></span> <span class='ocrx_word' id='word_1_585' title='bbox 1903 4358 2029 4428; x_wconf 89' lang='lat' dir='ltr'><strong>quia</strong></span> 
     </span>
    </p>
   </div>
   <div class='ocr_carea' id='block_1_74' title="bbox 456 4447 2030 4520">
    <p class='ocr_par' dir='ltr' id='par_1_74' title="bbox 456 4447 2030 4520">
     <span class='ocr_line' id='line_1_74' title="bbox 456 4447 2030 4520; baseline 0.002 -20"><span class='ocrx_word' id='word_1_586' title='bbox 456 4447 606 4520; x_wconf 78' lang='lat' dir='ltr'><strong>inniti</strong></span> <span class='ocrx_word' id='word_1_587' title='bbox 654 4448 705 4501; x_wconf 88' lang='lat' dir='ltr'><strong>in</strong></span> <span class='ocrx_word' id='word_1_588' title='bbox 754 4448 930 4517; x_wconf 77' lang='lat' dir='ltr'><strong>gladio</strong></span> <span class='ocrx_word' id='word_1_589' title='bbox 972 4448 1200 4511; x_wconf 83' lang='lat' dir='ltr'><strong>cadunt,</strong></span> <span class='ocrx_word' id='word_1_590' title='bbox 1232 4448 1451 4518; x_wconf 84' lang='lat' dir='ltr'><strong>quando</strong></span> <span class='ocrx_word' id='word_1_591' title='bbox 1482 4457 1668 4518; x_wconf 86' lang='lat' dir='ltr'><strong>aperte</strong></span> <span class='ocrx_word' id='word_1_592' title='bbox 1715 4448 2030 4520; x_wconf 81' lang='lat' dir='ltr'><strong>impugnan-</strong></span> 
     </span>
    </p>
   </div>
   <div class='ocr_carea' id='block_1_75' title="bbox 456 4510 2022 4609">
    <p class='ocr_par' dir='ltr' id='par_1_75' title="bbox 456 4510 2022 4609">
     <span class='ocr_line' id='line_1_75' title="bbox 456 4510 2022 4609; baseline 0.001 -19"><span class='ocrx_word' id='word_1_593' title='bbox 456 4510 542 4591; x_wconf 71' lang='lat' dir='ltr'><strong>ttir</strong></span> <span class='ocrx_word' id='word_1_594' title='bbox 585 4539 652 4593; x_wconf 89' lang='lat' dir='ltr'><strong>ab</strong></span> <span class='ocrx_word' id='word_1_595' title='bbox 699 4539 939 4595; x_wconf 88' lang='lat' dir='ltr'><strong>hostibus</strong></span> <span class='ocrx_word' id='word_1_596' title='bbox 995 4548 1050 4593; x_wconf 88' lang='lat' dir='ltr'><strong>et</strong></span> <span class='ocrx_word' id='word_1_597' title='bbox 1116 4540 1441 4593; x_wconf 88' lang='lat' dir='ltr'><strong>vincuntur:</strong></span> <span class='ocrx_word' id='word_1_598' title='bbox 1505 4539 1723 4609; x_wconf 83' lang='lat' dir='ltr'><strong>juvenes</strong></span> <span class='ocrx_word' id='word_1_599' title='bbox 1786 4538 2022 4604; x_wconf 77' lang='lat' dir='ltr'><strong>illorum,</strong></span> 
     </span>
    </p>
   </div>
   <div class='ocr_carea' id='block_1_76' title="bbox 456 4602 2102 4699">
    <p class='ocr_par' dir='ltr' id='par_1_76' title="bbox 456 4602 2102 4699">
     <span class='ocr_line' id='line_1_76' title="bbox 456 4602 2102 4699; baseline 0.002 -17"><span class='ocrx_word' id='word_1_600' title='bbox 456 4624 632 4692; x_wconf 85' lang='lat' dir='ltr'><strong>idest,</strong></span> <span class='ocrx_word' id='word_1_601' title='bbox 683 4630 800 4684; x_wconf 90' lang='lat' dir='ltr'><strong>illos</strong></span> <span class='ocrx_word' id='word_1_602' title='bbox 839 4631 927 4699; x_wconf 88' lang='lat' dir='ltr'><strong>qui</strong></span> <span class='ocrx_word' id='word_1_603' title='bbox 973 4631 1231 4685; x_wconf 88' lang='lat' dir='ltr'><strong>deberent</strong></span> <span class='ocrx_word' id='word_1_604' title='bbox 1272 4644 1394 4686; x_wconf 88' lang='lat' dir='ltr'><strong>esse</strong></span> <span class='ocrx_word' id='word_1_605' title='bbox 1443 4632 1647 4686; x_wconf 89' lang='lat' dir='ltr'><strong>strenui</strong></span> <span class='ocrx_word' id='word_1_606' title='bbox 1700 4638 1760 4685; x_wconf 91' lang='lat' dir='ltr'><strong>ut</strong></span> <span class='ocrx_word' id='word_1_607' title='bbox 1808 4632 2024 4686; x_wconf 81' lang='lat' dir='ltr'><strong>resiste-</strong></span> <span class='ocrx_word' id='word_1_608' title='bbox 2053 4602 2102 4663; x_wconf 73' lang='grc' dir='ltr'><strong>θ</strong></span> 
     </span>
    </p>
   </div>
   <div class='ocr_carea' id='block_1_77' title="bbox 454 4719 2026 4797">
    <p class='ocr_par' dir='ltr' id='par_1_77' title="bbox 454 4719 2026 4797">
     <span class='ocr_line' id='line_1_77' title="bbox 454 4719 2026 4797; baseline 0.002 -24"><span class='ocrx_word' id='word_1_609' title='bbox 454 4728 574 4797; x_wconf 84' lang='lat' dir='ltr'><strong>rent</strong></span> <span class='ocrx_word' id='word_1_610' title='bbox 599 4719 848 4786; x_wconf 86' lang='lat' dir='ltr'><strong>inimicis,</strong></span> <span class='ocrx_word' id='word_1_611' title='bbox 881 4721 1075 4775; x_wconf 84' lang='lat' dir='ltr'><strong>armati</strong></span> <span class='ocrx_word' id='word_1_612' title='bbox 1111 4721 1233 4787; x_wconf 86' lang='lat' dir='ltr'><strong>lldc,</strong></span> <span class='ocrx_word' id='word_1_613' title='bbox 1267 4736 1382 4791; x_wconf 88' lang='lat' dir='ltr'><strong>spe,</strong></span> <span class='ocrx_word' id='word_1_614' title='bbox 1408 4722 1690 4786; x_wconf 83' lang='lat' dir='ltr'><strong>charitatc,</strong></span> <span class='ocrx_word' id='word_1_615' title='bbox 1722 4730 1779 4774; x_wconf 92' lang='lat' dir='ltr'><strong>ut</strong></span> <span class='ocrx_word' id='word_1_616' title='bbox 1818 4722 2026 4791; x_wconf 83' lang='lat' dir='ltr'><strong>possint</strong></span> 
     </span>
    </p>
   </div>
   <div class='ocr_carea' id='block_1_78' title="bbox 454 4810 2023 4878">
    <p class='ocr_par' dir='ltr' id='par_1_78' title="bbox 454 4810 2023 4878">
     <span class='ocr_line' id='line_1_78' title="bbox 454 4810 2023 4878; baseline 0.003 -15"><span class='ocrx_word' id='word_1_617' title='bbox 454 4810 709 4866; x_wconf 86' lang='lat' dir='ltr'><strong>resistere</strong></span> <span class='ocrx_word' id='word_1_618' title='bbox 744 4811 1001 4867; x_wconf 88' lang='lat' dir='ltr'><strong>adversus</strong></span> <span class='ocrx_word' id='word_1_619' title='bbox 1030 4811 1252 4866; x_wconf 88' lang='lat' dir='ltr'><strong>insidias</strong></span> <span class='ocrx_word' id='word_1_620' title='bbox 1277 4812 1495 4877; x_wconf 84' lang='lat' dir='ltr'><strong>diaboli,</strong></span> <span class='ocrx_word' id='word_1_621' title='bbox 1522 4813 1763 4878; x_wconf 83' lang='lat' dir='ltr'><strong>comedit,</strong></span> <span class='ocrx_word' id='word_1_622' title='bbox 1815 4814 1864 4867; x_wconf 92' lang='lat' dir='ltr'><strong>id</strong></span> <span class='ocrx_word' id='word_1_623' title='bbox 1917 4823 2023 4876; x_wconf 85' lang='lat' dir='ltr'><strong>cst,</strong></span> 
     </span>
    </p>
   </div>
   <div class='ocr_carea' id='block_1_79' title="bbox 450 4886 2024 4974">
    <p class='ocr_par' dir='ltr' id='par_1_79' title="bbox 450 4886 2024 4974">
     <span class='ocr_line' id='line_1_79' title="bbox 450 4886 2024 4974; baseline 0.002 -18"><span class='ocrx_word' id='word_1_624' title='bbox 450 4892 789 4971; x_wconf 76' lang='lat' dir='ltr'><strong>consumpsit</strong></span> <span class='ocrx_word' id='word_1_625' title='bbox 838 4903 971 4974; x_wconf 82' lang='lat' dir='ltr'><strong>ignis</strong></span> <span class='ocrx_word' id='word_1_626' title='bbox 1015 4886 1393 4965; x_wconf 74' lang='lat' dir='ltr'><strong>tribulationis,</strong></span> <span class='ocrx_word' id='word_1_627' title='bbox 1450 4904 1530 4957; x_wconf 87' lang='lat' dir='ltr'><strong>vel</strong></span> <span class='ocrx_word' id='word_1_628' title='bbox 1564 4904 1702 4974; x_wconf 80' lang='lat' dir='ltr'><strong>ignis</strong></span> <span class='ocrx_word' id='word_1_629' title='bbox 1728 4905 2024 4959; x_wconf 53' lang='lat' dir='ltr'><strong>incentivo.</strong></span> 
     </span>
    </p>
   </div>
   <div class='ocr_carea' id='block_1_80' title="bbox 454 4993 2027 5066">
    <p class='ocr_par' dir='ltr' id='par_1_80' title="bbox 454 4993 2027 5066">
     <span class='ocr_line' id='line_1_80' title="bbox 454 4993 2027 5066; baseline 0.003 -19"><span class='ocrx_word' id='word_1_630' title='bbox 454 5010 592 5048; x_wconf 87' lang='lat' dir='ltr'><strong>rum.</strong></span> <span class='ocrx_word' id='word_1_631' title='bbox 628 4993 718 5049; x_wconf 77' lang='lat' dir='ltr'><strong>Vol</strong></span> <span class='ocrx_word' id='word_1_632' title='bbox 750 4995 906 5049; x_wconf 87' lang='lat' dir='ltr'><strong>aliter</strong></span> <span class='ocrx_word' id='word_1_633' title='bbox 932 5012 944 5047; x_wconf 86' lang='lat'><strong>:</strong></span> <span class='ocrx_word' id='word_1_634' title='bbox 968 4993 1190 5049; x_wconf 81' lang='lat' dir='ltr'><strong>Juveues</strong></span> <span class='ocrx_word' id='word_1_635' title='bbox 1212 5012 1387 5049; x_wconf 85' lang='lat' dir='ltr'><strong>eorum</strong></span> <span class='ocrx_word' id='word_1_636' title='bbox 1419 4996 1634 5048; x_wconf 81' lang='lat' dir='ltr'><strong>comedit</strong></span> <span class='ocrx_word' id='word_1_637' title='bbox 1664 4997 1819 5065; x_wconf 86' lang='lat' dir='ltr'><strong>ignis,</strong></span> <span class='ocrx_word' id='word_1_638' title='bbox 1847 5009 1904 5051; x_wconf 91' lang='lat' dir='ltr'><strong>ut</strong></span> <span class='ocrx_word' id='word_1_639' title='bbox 1932 5013 2027 5066; x_wconf 85' lang='lat' dir='ltr'><strong>per</strong></span> 
     </span>
    </p>
   </div>
   <div class='ocr_carea' id='block_1_81' title="bbox 448 5084 2025 5157">
    <p class='ocr_par' dir='ltr' id='par_1_81' title="bbox 448 5084 2025 5157">
     <span class='ocr_line' id='line_1_81' title="bbox 448 5084 2025 5157; baseline 0.003 -19"><span class='ocrx_word' id='word_1_640' title='bbox 448 5084 675 5151; x_wconf 83' lang='lat' dir='ltr'><strong>juvenes</strong></span> <span class='ocrx_word' id='word_1_641' title='bbox 706 5087 1037 5156; x_wconf 86' lang='lat' dir='ltr'><strong>accipiamus</strong></span> <span class='ocrx_word' id='word_1_642' title='bbox 1069 5086 1403 5151; x_wconf 82' lang='lat' dir='ltr'><strong>temerarios,</strong></span> <span class='ocrx_word' id='word_1_643' title='bbox 1434 5098 1487 5142; x_wconf 91' lang='lat' dir='ltr'><strong>et</strong></span> <span class='ocrx_word' id='word_1_644' title='bbox 1515 5088 1581 5142; x_wconf 89' lang='lat' dir='ltr'><strong>ad</strong></span> <span class='ocrx_word' id='word_1_645' title='bbox 1623 5088 1869 5157; x_wconf 88' lang='lat' dir='ltr'><strong>quodque</strong></span> <span class='ocrx_word' id='word_1_646' title='bbox 1918 5105 2025 5142; x_wconf 86' lang='lat' dir='ltr'><strong>ma-</strong></span> 
     </span>
    </p>
   </div>
   <div class='ocr_carea' id='block_1_82' title="bbox 452 5179 2022 5249">
    <p class='ocr_par' dir='ltr' id='par_1_82' title="bbox 452 5179 2022 5249">
     <span class='ocr_line' id='line_1_82' title="bbox 452 5179 2022 5249; baseline 0.003 -20"><span class='ocrx_word' id='word_1_647' title='bbox 452 5179 562 5233; x_wconf 90' lang='lat' dir='ltr'><strong>lum</strong></span> <span class='ocrx_word' id='word_1_648' title='bbox 591 5190 823 5249; x_wconf 86' lang='lat' dir='ltr'><strong>paratos,</strong></span> <span class='ocrx_word' id='word_1_649' title='bbox 854 5195 988 5248; x_wconf 87' lang='lat' dir='ltr'><strong>quos</strong></span> <span class='ocrx_word' id='word_1_650' title='bbox 1016 5180 1150 5234; x_wconf 89' lang='lat' dir='ltr'><strong>tales</strong></span> <span class='ocrx_word' id='word_1_651' title='bbox 1195 5179 1406 5233; x_wconf 85' lang='lat' dir='ltr'><strong>tandem</strong></span> <span class='ocrx_word' id='word_1_652' title='bbox 1434 5188 1712 5234; x_wconf 88' lang='lat' dir='ltr'><strong>consumet</strong></span> <span class='ocrx_word' id='word_1_653' title='bbox 1742 5179 1876 5248; x_wconf 80' lang='lat' dir='ltr'><strong>ignis</strong></span> <span class='ocrx_word' id='word_1_654' title='bbox 1901 5194 2022 5248; x_wconf 81' lang='lat' dir='ltr'><strong>pec-</strong></span> 
     </span>
    </p>
   </div>
   <div class='ocr_carea' id='block_1_83' title="bbox 453 5264 2023 5341">
    <p class='ocr_par' dir='ltr' id='par_1_83' title="bbox 453 5264 2023 5341">
     <span class='ocr_line' id='line_1_83' title="bbox 453 5264 2023 5341; baseline 0.005 -20"><span class='ocrx_word' id='word_1_655' title='bbox 453 5264 715 5324; x_wconf 81' lang='lat' dir='ltr'><strong>catorum.</strong></span> <span class='ocrx_word' id='word_1_656' title='bbox 740 5270 838 5325; x_wconf 80' lang='lat' dir='ltr'><strong>llic</strong></span> <span class='ocrx_word' id='word_1_657' title='bbox 868 5273 1058 5326; x_wconf 89' lang='lat' dir='ltr'><strong>iterum</strong></span> <span class='ocrx_word' id='word_1_658' title='bbox 1085 5272 1434 5325; x_wconf 85' lang='lat' dir='ltr'><strong>admonemur</strong></span> <span class='ocrx_word' id='word_1_659' title='bbox 1460 5270 1709 5327; x_wconf 87' lang='lat' dir='ltr'><strong>insistere</strong></span> <span class='ocrx_word' id='word_1_660' title='bbox 1737 5272 2023 5341; x_wconf 77' lang='lat' dir='ltr'><strong>allegorice</strong></span> 
     </span>
    </p>
   </div>
   <div class='ocr_carea' id='block_1_84' title="bbox 446 5359 2023 5437">
    <p class='ocr_par' dir='ltr' id='par_1_84' title="bbox 446 5359 2023 5437">
     <span class='ocr_line' id='line_1_84' title="bbox 446 5359 2023 5437; baseline 0.003 -24"><span class='ocrx_word' id='word_1_661' title='bbox 446 5361 651 5437; x_wconf 72' lang='lat' dir='ltr'><strong>sensui,</strong></span> <span class='ocrx_word' id='word_1_662' title='bbox 682 5362 805 5430; x_wconf 89' lang='lat' dir='ltr'><strong>quia</strong></span> <span class='ocrx_word' id='word_1_663' title='bbox 864 5361 1002 5431; x_wconf 81' lang='lat' dir='ltr'><strong>ignis</strong></span> <span class='ocrx_word' id='word_1_664' title='bbox 1033 5361 1244 5429; x_wconf 86' lang='lat' dir='ltr'><strong>aliquos</strong></span> <span class='ocrx_word' id='word_1_665' title='bbox 1268 5361 1492 5429; x_wconf 71' lang='lat' dir='ltr'><strong>juvenes</strong></span> <span class='ocrx_word' id='word_1_666' title='bbox 1521 5359 1593 5414; x_wconf 90' lang='lat' dir='ltr'><strong>ibi</strong></span> <span class='ocrx_word' id='word_1_667' title='bbox 1626 5363 2023 5428; x_wconf 88' lang='lat' dir='ltr'><strong>consumpsisse</strong></span> 
     </span>
    </p>
   </div>
   <div class='ocr_carea' id='block_1_85' title="bbox 793 5453 1069 5482">
    <p class='ocr_par' dir='ltr' id='par_1_85' title="bbox 793 5453 1069 5482">
     <span class='ocr_line' id='line_1_85' title="bbox 793 5453 1069 5482; baseline -0.011 -8"><span class='ocrx_word' id='word_1_668' title='bbox 793 5468 817 5474; x_wconf 76' lang='lat'><strong>..</strong></span> <span class='ocrx_word' id='word_1_669' title='bbox 846 5453 895 5474; x_wconf 68' lang='grc' dir='ltr'>Σ...</span> <span class='ocrx_word' id='word_1_670' title='bbox 928 5453 1069 5482; x_wconf 66' lang='grc' dir='ltr'><strong>Ι-Ξ-.Α</strong></span> 
     </span>
    </p>
   </div>
   <div class='ocr_carea' id='block_1_86' title="bbox 1076 5449 2022 5500">
    <p class='ocr_par' dir='ltr' id='par_1_86' title="bbox 1076 5449 2022 5500">
     <span class='ocr_line' id='line_1_86' title="bbox 1076 5449 2022 5500; baseline -0.004 0"><span class='ocrx_word' id='word_1_671' title='bbox 1076 5452 1149 5482; x_wconf 72' lang='grc'><strong>”²·“</strong></span> <span class='ocrx_word' id='word_1_672' title='bbox 1212 5449 1278 5492; x_wconf 61' lang='grc' dir='ltr'><strong>Ιθῗι</strong></span> <span class='ocrx_word' id='word_1_673' title='bbox 1318 5451 1541 5500; x_wconf 62' lang='lat' dir='ltr'><strong>&quot;iw-inea</strong></span> <span class='ocrx_word' id='word_1_674' title='bbox 1569 5468 1746 5498; x_wconf 64' lang='lat' dir='ltr'><strong>carui):</strong></span> <span class='ocrx_word' id='word_1_675' title='bbox 1771 5470 1873 5498; x_wconf 66' lang='lat' dir='ltr'><strong>nni:</strong></span> <span class='ocrx_word' id='word_1_676' title='bbox 1902 5465 2022 5498; x_wconf 69' lang='lat' dir='ltr'><strong>sunt</strong></span> 
     </span>
    </p>
   </div>
   <div class='ocr_carea' id='block_1_87' title="bbox 2136 3353 3720 3425">
    <p class='ocr_par' dir='ltr' id='par_1_87' title="bbox 2136 3353 3720 3425">
     <span class='ocr_line' id='line_1_87' title="bbox 2136 3353 3720 3425; baseline 0.003 -17"><span class='ocrx_word' id='word_1_677' title='bbox 2136 3370 2240 3425; x_wconf 91' lang='lat' dir='ltr'><strong>qua</strong></span> <span class='ocrx_word' id='word_1_678' title='bbox 2290 3356 2357 3409; x_wconf 91' lang='lat' dir='ltr'><strong>de</strong></span> <span class='ocrx_word' id='word_1_679' title='bbox 2386 3353 2541 3424; x_wconf 79' lang='lat' dir='ltr'><strong>plaga</strong></span> <span class='ocrx_word' id='word_1_680' title='bbox 2572 3362 2629 3408; x_wconf 91' lang='lat' dir='ltr'><strong>ut</strong></span> <span class='ocrx_word' id='word_1_681' title='bbox 2654 3353 3036 3423; x_wconf 83' lang='lat' dir='ltr'><strong>liberarentur,</strong></span> <span class='ocrx_word' id='word_1_682' title='bbox 3071 3354 3315 3411; x_wconf 82' lang='lat' dir='ltr'><strong>fecerunt</strong></span> <span class='ocrx_word' id='word_1_683' title='bbox 3341 3372 3477 3414; x_wconf 85' lang='lat' dir='ltr'><strong>anos</strong></span> <span class='ocrx_word' id='word_1_684' title='bbox 3502 3373 3720 3424; x_wconf 82' lang='lat' dir='ltr'><strong>aureos.</strong></span> 
     </span>
    </p>
   </div>
   <div class='ocr_carea' id='block_1_88' title="bbox 2138 3448 3720 3518">
    <p class='ocr_par' dir='ltr' id='par_1_88' title="bbox 2138 3448 3720 3518">
     <span class='ocr_line' id='line_1_88' title="bbox 2138 3448 3720 3518; baseline -0.001 -12"><span class='ocrx_word' id='word_1_685' title='bbox 2138 3461 2193 3508; x_wconf 92' lang='lat' dir='ltr'><strong>et</strong></span> <span class='ocrx_word' id='word_1_686' title='bbox 2225 3451 2279 3506; x_wconf 91' lang='lat' dir='ltr'><strong>in</strong></span> <span class='ocrx_word' id='word_1_687' title='bbox 2311 3463 2438 3503; x_wconf 86' lang='lat' dir='ltr'><strong>arca</strong></span> <span class='ocrx_word' id='word_1_688' title='bbox 2462 3456 2779 3518; x_wconf 90' lang='lat' dir='ltr'><strong>posuerunt,</strong></span> <span class='ocrx_word' id='word_1_689' title='bbox 2819 3456 2877 3501; x_wconf 91' lang='lat' dir='ltr'><strong>ut</strong></span> <span class='ocrx_word' id='word_1_690' title='bbox 2926 3448 3004 3503; x_wconf 90' lang='lat' dir='ltr'><strong>sic</strong></span> <span class='ocrx_word' id='word_1_691' title='bbox 3032 3449 3371 3505; x_wconf 86' lang='lat' dir='ltr'><strong>remitterent</strong></span> <span class='ocrx_word' id='word_1_692' title='bbox 3398 3450 3547 3505; x_wconf 87' lang='lat' dir='ltr'><strong>illam</strong></span> <span class='ocrx_word' id='word_1_693' title='bbox 3592 3450 3720 3506; x_wconf 77' lang='lat' dir='ltr'><strong>ﬁliis</strong></span> 
     </span>
    </p>
   </div>
   <div class='ocr_carea' id='block_1_89' title="bbox 2136 3537 3718 3611">
    <p class='ocr_par' dir='ltr' id='par_1_89' title="bbox 2136 3537 3718 3611">
     <span class='ocr_line' id='line_1_89' title="bbox 2136 3537 3718 3611; baseline 0.002 -15"><span class='ocrx_word' id='word_1_694' title='bbox 2136 3540 2298 3597; x_wconf 85' lang='lat' dir='ltr'><strong>Israel</strong></span> <span class='ocrx_word' id='word_1_695' title='bbox 2327 3539 2379 3611; x_wconf 91' lang='grc' dir='ltr'><strong>(Ι</strong></span> <span class='ocrx_word' id='word_1_696' title='bbox 2412 3539 2537 3611; x_wconf 79' lang='lat' dir='ltr'><strong>Reg.</strong></span> <span class='ocrx_word' id='word_1_697' title='bbox 2566 3537 2640 3609; x_wconf 86' lang='lat' dir='ltr'><strong>v).</strong></span> <span class='ocrx_word' id='word_1_698' title='bbox 2677 3537 2787 3593; x_wconf 86' lang='lat' dir='ltr'><strong>Hoc</strong></span> <span class='ocrx_word' id='word_1_699' title='bbox 2816 3539 2978 3593; x_wconf 89' lang='lat' dir='ltr'><strong>etiam</strong></span> <span class='ocrx_word' id='word_1_700' title='bbox 3025 3555 3163 3595; x_wconf 91' lang='lat' dir='ltr'><strong>nunc</strong></span> <span class='ocrx_word' id='word_1_701' title='bbox 3188 3540 3445 3610; x_wconf 81' lang='lat' dir='ltr'><strong>agiturin</strong></span> <span class='ocrx_word' id='word_1_702' title='bbox 3482 3541 3718 3599; x_wconf 76' lang='lat' dir='ltr'><strong>Ecclesia</strong></span> 
     </span>
    </p>
   </div>
   <div class='ocr_carea' id='block_1_90' title="bbox 2136 3630 3723 3703">
    <p class='ocr_par' dir='ltr' id='par_1_90' title="bbox 2136 3630 3723 3703">
     <span class='ocr_line' id='line_1_90' title="bbox 2136 3630 3723 3703; baseline 0.001 -17"><span class='ocrx_word' id='word_1_703' title='bbox 2136 3633 2189 3688; x_wconf 90' lang='lat' dir='ltr'><strong>in</strong></span> <span class='ocrx_word' id='word_1_704' title='bbox 2221 3631 2346 3697; x_wconf 89' lang='lat' dir='ltr'><strong>illis,</strong></span> <span class='ocrx_word' id='word_1_705' title='bbox 2380 3630 2471 3701; x_wconf 91' lang='lat' dir='ltr'><strong>qui</strong></span> <span class='ocrx_word' id='word_1_706' title='bbox 2502 3630 2552 3683; x_wconf 90' lang='lat' dir='ltr'><strong>in</strong></span> <span class='ocrx_word' id='word_1_707' title='bbox 2582 3630 2880 3699; x_wconf 87' lang='lat' dir='ltr'><strong>posteriora</strong></span> <span class='ocrx_word' id='word_1_708' title='bbox 2911 3644 2970 3685; x_wconf 91' lang='lat' dir='ltr'><strong>se</strong></span> <span class='ocrx_word' id='word_1_709' title='bbox 3014 3630 3334 3695; x_wconf 87' lang='lat' dir='ltr'><strong>extendunt,</strong></span> <span class='ocrx_word' id='word_1_710' title='bbox 3364 3640 3422 3685; x_wconf 88' lang='lat' dir='ltr'><strong>et</strong></span> <span class='ocrx_word' id='word_1_711' title='bbox 3472 3647 3592 3703; x_wconf 68' lang='lat' dir='ltr'><strong>quae</strong></span> <span class='ocrx_word' id='word_1_712' title='bbox 3625 3647 3723 3687; x_wconf 74' lang='lat' dir='ltr'><strong>an-</strong></span> 
     </span>
    </p>
   </div>
   <div class='ocr_carea' id='block_1_91' title="bbox 2139 3721 3714 3793">
    <p class='ocr_par' dir='ltr' id='par_1_91' title="bbox 2139 3721 3714 3793">
     <span class='ocr_line' id='line_1_91' title="bbox 2139 3721 3714 3793; baseline -0.001 -14"><span class='ocrx_word' id='word_1_713' title='bbox 2139 3724 2338 3779; x_wconf 79' lang='lat' dir='ltr'><strong>teriora</strong></span> <span class='ocrx_word' id='word_1_714' title='bbox 2391 3730 2519 3777; x_wconf 89' lang='lat' dir='ltr'><strong>sunt</strong></span> <span class='ocrx_word' id='word_1_715' title='bbox 2566 3721 2877 3776; x_wconf 88' lang='lat' dir='ltr'><strong>dimittunt:</strong></span> <span class='ocrx_word' id='word_1_716' title='bbox 2914 3722 3039 3792; x_wconf 89' lang='lat' dir='ltr'><strong>quia</strong></span> <span class='ocrx_word' id='word_1_717' title='bbox 3092 3721 3354 3777; x_wconf 84' lang='lat' dir='ltr'><strong>malorum</strong></span> <span class='ocrx_word' id='word_1_718' title='bbox 3395 3724 3714 3793; x_wconf 79' lang='lat' dir='ltr'><strong>posteriora,</strong></span> 
     </span>
    </p>
   </div>
   <div class='ocr_carea' id='block_1_92' title="bbox 2135 3815 3715 3895">
    <p class='ocr_par' dir='ltr' id='par_1_92' title="bbox 2135 3815 3715 3895">
     <span class='ocr_line' id='line_1_92' title="bbox 2135 3815 3715 3895; baseline -0.001 -22"><span class='ocrx_word' id='word_1_719' title='bbox 2135 3818 2187 3873; x_wconf 95' lang='lat' dir='ltr'><strong>in</strong></span> <span class='ocrx_word' id='word_1_720' title='bbox 2215 3816 2468 3888; x_wconf 80' lang='lat' dir='ltr'><strong>plagiset</strong></span> <span class='ocrx_word' id='word_1_721' title='bbox 2491 3816 2542 3870; x_wconf 91' lang='lat' dir='ltr'><strong>in</strong></span> <span class='ocrx_word' id='word_1_722' title='bbox 2586 3815 2819 3871; x_wconf 88' lang='lat' dir='ltr'><strong>miseriis</strong></span> <span class='ocrx_word' id='word_1_723' title='bbox 2848 3824 3052 3883; x_wconf 85' lang='lat' dir='ltr'><strong>tantum</strong></span> <span class='ocrx_word' id='word_1_724' title='bbox 3081 3824 3271 3895; x_wconf 30' lang='lat' dir='ltr'><strong>eru‘nt.‘</strong></span> <span class='ocrx_word' id='word_1_725' title='bbox 3290 3816 3360 3872; x_wconf 83' lang='lat' dir='ltr'><strong>Et</strong></span> <span class='ocrx_word' id='word_1_726' title='bbox 3383 3818 3715 3888; x_wconf 62' lang='lat' dir='ltr'><strong>opprobrium</strong></span> 
     </span>
    </p>
   </div>
   <div class='ocr_carea' id='block_1_93' title="bbox 2132 3904 3716 3979">
    <p class='ocr_par' dir='ltr' id='par_1_93' title="bbox 2132 3904 3716 3979">
     <span class='ocr_line' id='line_1_93' title="bbox 2132 3904 3716 3979; baseline 0.002 -19"><span class='ocrx_word' id='word_1_727' title='bbox 2132 3907 2500 3976; x_wconf 80' lang='lat' dir='ltr'><strong>sempiternum</strong></span> <span class='ocrx_word' id='word_1_728' title='bbox 2533 3904 2638 3959; x_wconf 90' lang='lat' dir='ltr'><strong>erit</strong></span> <span class='ocrx_word' id='word_1_729' title='bbox 2679 3906 2754 3959; x_wconf 90' lang='lat' dir='ltr'><strong>eis</strong></span> <span class='ocrx_word' id='word_1_730' title='bbox 2779 3945 2794 3970; x_wconf 95' lang='lat'><strong>,</strong></span> <span class='ocrx_word' id='word_1_731' title='bbox 2840 3905 3096 3976; x_wconf 78' lang='lat' dir='ltr'><strong>quoniam</strong></span> <span class='ocrx_word' id='word_1_732' title='bbox 3125 3906 3367 3979; x_wconf 72' lang='lat' dir='ltr'><strong>mtcrnali</strong></span> <span class='ocrx_word' id='word_1_733' title='bbox 3398 3920 3560 3978; x_wconf 64' lang='lat' dir='ltr'><strong>poena</strong></span> <span class='ocrx_word' id='word_1_734' title='bbox 3604 3919 3716 3973; x_wconf 62' lang='lat' dir='ltr'><strong>toro</strong></span> 
     </span>
    </p>
   </div>
   <div class='ocr_carea' id='block_1_94' title="bbox 2132 3994 3715 4067">
    <p class='ocr_par' dir='ltr' id='par_1_94' title="bbox 2132 3994 3715 4067">
     <span class='ocr_line' id='line_1_94' title="bbox 2132 3994 3715 4067; baseline 0.001 -17"><span class='ocrx_word' id='word_1_735' title='bbox 2132 3994 2465 4067; x_wconf 89' lang='lat' dir='ltr'><strong>qucbuntur,</strong></span> <span class='ocrx_word' id='word_1_736' title='bbox 2515 3995 2605 4064; x_wconf 84' lang='lat' dir='ltr'><strong>qui</strong></span> <span class='ocrx_word' id='word_1_737' title='bbox 2648 3994 2737 4051; x_wconf 91' lang='lat' dir='ltr'><strong>hic</strong></span> <span class='ocrx_word' id='word_1_738' title='bbox 2772 3995 3157 4066; x_wconf 87' lang='lat' dir='ltr'><strong>temporalibus</strong></span> <span class='ocrx_word' id='word_1_739' title='bbox 3206 4006 3612 4066; x_wconf 88' lang='lat' dir='ltr'><strong>prosperantur.</strong></span> <span class='ocrx_word' id='word_1_740' title='bbox 3643 3996 3715 4051; x_wconf 80' lang='lat' dir='ltr'><strong>Et</strong></span> 
     </span>
    </p>
   </div>
   <div class='ocr_carea' id='block_1_95' title="bbox 2129 4081 3713 4154">
    <p class='ocr_par' dir='ltr' id='par_1_95' title="bbox 2129 4081 3713 4154">
     <span class='ocr_line' id='line_1_95' title="bbox 2129 4081 3713 4154; baseline 0.001 -15"><span class='ocrx_word' id='word_1_741' title='bbox 2129 4083 2525 4139; x_wconf 86' lang='lat' dir='ltr'><strong>tabernaculum</strong></span> <span class='ocrx_word' id='word_1_742' title='bbox 2545 4081 2737 4154; x_wconf 74' lang='lat' dir='ltr'><strong>Ioseph</strong></span> <span class='ocrx_word' id='word_1_743' title='bbox 2772 4082 2978 4154; x_wconf 88' lang='lat' dir='ltr'><strong>repulit,</strong></span> <span class='ocrx_word' id='word_1_744' title='bbox 3005 4096 3050 4138; x_wconf 91' lang='lat' dir='ltr'><strong>et</strong></span> <span class='ocrx_word' id='word_1_745' title='bbox 3073 4085 3263 4139; x_wconf 87' lang='lat' dir='ltr'><strong>tribum</strong></span> <span class='ocrx_word' id='word_1_746' title='bbox 3309 4083 3565 4154; x_wconf 78' lang='lat' dir='ltr'><strong>Ephraim</strong></span> <span class='ocrx_word' id='word_1_747' title='bbox 3608 4102 3713 4141; x_wconf 66' lang='lat' dir='ltr'><strong>uel</strong></span> 
     </span>
    </p>
   </div>
   <div class='ocr_carea' id='block_1_96' title="bbox 2129 4174 3710 4249">
    <p class='ocr_par' dir='ltr' id='par_1_96' title="bbox 2129 4174 3710 4249">
     <span class='ocr_line' id='line_1_96' title="bbox 2129 4174 3710 4249; baseline 0.001 -18"><span class='ocrx_word' id='word_1_748' title='bbox 2129 4176 2301 4248; x_wconf 86' lang='lat' dir='ltr'><strong>elegit.</strong></span> <span class='ocrx_word' id='word_1_749' title='bbox 2350 4176 2453 4230; x_wconf 88' lang='lat' dir='ltr'><strong>Per</strong></span> <span class='ocrx_word' id='word_1_750' title='bbox 2477 4174 2676 4248; x_wconf 75' lang='lat' dir='ltr'><strong>Ioseph</strong></span> <span class='ocrx_word' id='word_1_751' title='bbox 2720 4185 2777 4232; x_wconf 92' lang='lat' dir='ltr'><strong>et</strong></span> <span class='ocrx_word' id='word_1_752' title='bbox 2829 4176 3084 4247; x_wconf 86' lang='lat' dir='ltr'><strong>Ephraim</strong></span> <span class='ocrx_word' id='word_1_753' title='bbox 3133 4176 3244 4247; x_wconf 91' lang='lat' dir='ltr'><strong>(qui</strong></span> <span class='ocrx_word' id='word_1_754' title='bbox 3284 4178 3710 4249; x_wconf 79' lang='lat' dir='ltr'><strong>majorismen&#39;ti</strong></span> 
     </span>
    </p>
   </div>
   <div class='ocr_carea' id='block_1_97' title="bbox 2128 4273 3708 4344">
    <p class='ocr_par' dir='ltr' id='par_1_97' title="bbox 2128 4273 3708 4344">
     <span class='ocr_line' id='line_1_97' title="bbox 2128 4273 3708 4344; baseline 0 -16"><span class='ocrx_word' id='word_1_755' title='bbox 2128 4274 2450 4329; x_wconf 87' lang='lat' dir='ltr'><strong>videbantur</strong></span> <span class='ocrx_word' id='word_1_756' title='bbox 2476 4274 2529 4328; x_wconf 90' lang='lat' dir='ltr'><strong>in</strong></span> <span class='ocrx_word' id='word_1_757' title='bbox 2582 4273 2777 4343; x_wconf 89' lang='lat' dir='ltr'><strong>populo</strong></span> <span class='ocrx_word' id='word_1_758' title='bbox 2824 4273 2937 4339; x_wconf 87' lang='lat' dir='ltr'><strong>illo,</strong></span> <span class='ocrx_word' id='word_1_759' title='bbox 2970 4289 3205 4343; x_wconf 88' lang='lat' dir='ltr'><strong>quorum</strong></span> <span class='ocrx_word' id='word_1_760' title='bbox 3229 4289 3371 4329; x_wconf 91' lang='lat' dir='ltr'><strong>unus</strong></span> <span class='ocrx_word' id='word_1_761' title='bbox 3400 4274 3456 4329; x_wconf 91' lang='lat' dir='ltr'><strong>in</strong></span> <span class='ocrx_word' id='word_1_762' title='bbox 3484 4273 3708 4344; x_wconf 66' lang='lat' dir='ltr'><strong>dignun</strong></span> 
     </span>
    </p>
   </div>
   <div class='ocr_carea' id='block_1_98' title="bbox 2130 4364 3707 4439">
    <p class='ocr_par' dir='ltr' id='par_1_98' title="bbox 2130 4364 3707 4439">
     <span class='ocr_line' id='line_1_98' title="bbox 2130 4364 3707 4439; baseline 0 -19"><span class='ocrx_word' id='word_1_763' title='bbox 2130 4364 2434 4439; x_wconf 82' lang='lat' dir='ltr'><strong>sublimiter</strong></span> <span class='ocrx_word' id='word_1_764' title='bbox 2472 4364 2573 4419; x_wconf 84' lang='lat' dir='ltr'><strong>init</strong></span> <span class='ocrx_word' id='word_1_765' title='bbox 2604 4366 2890 4430; x_wconf 82' lang='lat' dir='ltr'><strong>exaltatus,</strong></span> <span class='ocrx_word' id='word_1_766' title='bbox 2938 4365 3078 4419; x_wconf 89' lang='lat' dir='ltr'><strong>alter</strong></span> <span class='ocrx_word' id='word_1_767' title='bbox 3106 4365 3159 4419; x_wconf 92' lang='lat' dir='ltr'><strong>in</strong></span> <span class='ocrx_word' id='word_1_768' title='bbox 3189 4365 3505 4436; x_wconf 80' lang='lat' dir='ltr'><strong>accipienda</strong></span> <span class='ocrx_word' id='word_1_769' title='bbox 3551 4366 3707 4420; x_wconf 54' lang='lat' dir='ltr'><strong>bene.</strong></span> 
     </span>
    </p>
   </div>
   <div class='ocr_carea' id='block_1_99' title="bbox 2128 4454 3707 4528">
    <p class='ocr_par' dir='ltr' id='par_1_99' title="bbox 2128 4454 3707 4528">
     <span class='ocr_line' id='line_1_99' title="bbox 2128 4454 3707 4528; baseline -0.002 -15"><span class='ocrx_word' id='word_1_770' title='bbox 2128 4459 2363 4514; x_wconf 89' lang='lat' dir='ltr'><strong>dictione</strong></span> <span class='ocrx_word' id='word_1_771' title='bbox 2387 4456 2545 4514; x_wconf 78' lang='lat' dir='ltr'><strong>fratri</strong></span> <span class='ocrx_word' id='word_1_772' title='bbox 2575 4457 2675 4512; x_wconf 80' lang='lat' dir='ltr'><strong>fuit</strong></span> <span class='ocrx_word' id='word_1_773' title='bbox 2701 4454 3069 4528; x_wconf 66' lang='lat' dir='ltr'><strong>praepositus,l</strong></span> <span class='ocrx_word' id='word_1_774' title='bbox 3101 4465 3364 4511; x_wconf 88' lang='lat' dir='ltr'><strong>notantur</strong></span> <span class='ocrx_word' id='word_1_775' title='bbox 3385 4457 3463 4512; x_wconf 89' lang='lat' dir='ltr'><strong>illi</strong></span> <span class='ocrx_word' id='word_1_776' title='bbox 3490 4457 3581 4527; x_wconf 90' lang='lat' dir='ltr'><strong>qui</strong></span> <span class='ocrx_word' id='word_1_777' title='bbox 3610 4471 3707 4527; x_wconf 87' lang='lat' dir='ltr'><strong>pro</strong></span> 
     </span>
    </p>
   </div>
   <div class='ocr_carea' id='block_1_100' title="bbox 2127 4546 3705 4621">
    <p class='ocr_par' dir='ltr' id='par_1_100' title="bbox 2127 4546 3705 4621">
     <span class='ocr_line' id='line_1_100' title="bbox 2127 4546 3705 4621; baseline -0.003 -17"><span class='ocrx_word' id='word_1_778' title='bbox 2127 4564 2321 4621; x_wconf 75' lang='lat' dir='ltr'><strong>magno</strong></span> <span class='ocrx_word' id='word_1_779' title='bbox 2333 4565 2362 4603; x_wconf 90' lang='lat' dir='ltr'><strong>a</strong></span> <span class='ocrx_word' id='word_1_780' title='bbox 2379 4548 2603 4603; x_wconf 90' lang='lat' dir='ltr'><strong>Domino</strong></span> <span class='ocrx_word' id='word_1_781' title='bbox 2621 4557 2831 4604; x_wconf 89' lang='lat' dir='ltr'><strong>terrena</strong></span> <span class='ocrx_word' id='word_1_782' title='bbox 2848 4555 3051 4617; x_wconf 90' lang='lat' dir='ltr'><strong>petunt,</strong></span> <span class='ocrx_word' id='word_1_783' title='bbox 3075 4555 3129 4601; x_wconf 89' lang='lat' dir='ltr'><strong>et</strong></span> <span class='ocrx_word' id='word_1_784' title='bbox 3147 4546 3226 4602; x_wconf 91' lang='lat' dir='ltr'><strong>sic</strong></span> <span class='ocrx_word' id='word_1_785' title='bbox 3241 4563 3271 4600; x_wconf 89' lang='lat' dir='ltr'><strong>a</strong></span> <span class='ocrx_word' id='word_1_786' title='bbox 3289 4548 3519 4603; x_wconf 86' lang='lat' dir='ltr'><strong>Domino</strong></span> <span class='ocrx_word' id='word_1_787' title='bbox 3534 4561 3705 4616; x_wconf 86' lang='lat' dir='ltr'><strong>repro-</strong></span> 
     </span>
    </p>
   </div>
   <div class='ocr_carea' id='block_1_101' title="bbox 2128 4626 3705 4708">
    <p class='ocr_par' dir='ltr' id='par_1_101' title="bbox 2128 4626 3705 4708">
     <span class='ocr_line' id='line_1_101' title="bbox 2128 4626 3705 4708; baseline -0.004 -15"><span class='ocrx_word' id='word_1_788' title='bbox 2128 4639 2345 4703; x_wconf 86' lang='lat' dir='ltr'><strong>bantur.</strong></span> <span class='ocrx_word' id='word_1_789' title='bbox 2378 4626 2486 4693; x_wconf 83' lang='lat' dir='ltr'><strong>Sed</strong></span> <span class='ocrx_word' id='word_1_790' title='bbox 2504 4636 2654 4708; x_wconf 76' lang='lat' dir='ltr'><strong>elegit</strong></span> <span class='ocrx_word' id='word_1_791' title='bbox 2683 4637 2875 4691; x_wconf 81' lang='lat' dir='ltr'><strong>tribum</strong></span> <span class='ocrx_word' id='word_1_792' title='bbox 2892 4635 3058 4703; x_wconf 72' lang='lat' dir='ltr'><strong>Iuda,</strong></span> <span class='ocrx_word' id='word_1_793' title='bbox 3081 4644 3305 4691; x_wconf 83' lang='lat' dir='ltr'><strong>montem</strong></span> <span class='ocrx_word' id='word_1_794' title='bbox 3327 4635 3456 4690; x_wconf 86' lang='lat' dir='ltr'><strong>Sion</strong></span> <span class='ocrx_word' id='word_1_795' title='bbox 3470 4636 3705 4708; x_wconf 63' lang='lat' dir='ltr'><strong>gaetuli-</strong></span> 
     </span>
    </p>
   </div>
   <div class='ocr_carea' id='block_1_102' title="bbox 2127 4725 3699 4793">
    <p class='ocr_par' dir='ltr' id='par_1_102' title="bbox 2127 4725 3699 4793">
     <span class='ocr_line' id='line_1_102' title="bbox 2127 4725 3699 4793; baseline 0 -13"><span class='ocrx_word' id='word_1_796' title='bbox 2127 4728 2351 4793; x_wconf 74' lang='lat' dir='ltr'><strong>lexit,.id</strong></span> <span class='ocrx_word' id='word_1_797' title='bbox 2372 4737 2474 4793; x_wconf 86' lang='lat' dir='ltr'><strong>est,</strong></span> <span class='ocrx_word' id='word_1_798' title='bbox 2502 4727 2777 4783; x_wconf 87' lang='lat' dir='ltr'><strong>humiliter</strong></span> <span class='ocrx_word' id='word_1_799' title='bbox 2801 4727 3136 4782; x_wconf 76' lang='lat' dir='ltr'><strong>conﬁtentes.</strong></span> <span class='ocrx_word' id='word_1_800' title='bbox 3165 4725 3356 4780; x_wconf 85' lang='lat' dir='ltr'><strong>Tribus</strong></span> <span class='ocrx_word' id='word_1_801' title='bbox 3378 4727 3525 4783; x_wconf 79' lang='lat' dir='ltr'><strong>Juda</strong></span> <span class='ocrx_word' id='word_1_802' title='bbox 3542 4727 3699 4782; x_wconf 69' lang='lat' dir='ltr'><strong>eiecta</strong></span> 
     </span>
    </p>
   </div>
   <div class='ocr_carea' id='block_1_103' title="bbox 2126 4816 3696 4890">
    <p class='ocr_par' dir='ltr' id='par_1_103' title="bbox 2126 4816 3696 4890">
     <span class='ocr_line' id='line_1_103' title="bbox 2126 4816 3696 4890; baseline -0.002 -17"><span class='ocrx_word' id='word_1_803' title='bbox 2126 4827 2208 4873; x_wconf 88' lang='lat' dir='ltr'><strong>est</strong></span> <span class='ocrx_word' id='word_1_804' title='bbox 2221 4827 2441 4890; x_wconf 90' lang='lat' dir='ltr'><strong>propter</strong></span> <span class='ocrx_word' id='word_1_805' title='bbox 2454 4819 2639 4883; x_wconf 86' lang='lat' dir='ltr'><strong>David,</strong></span> <span class='ocrx_word' id='word_1_806' title='bbox 2657 4819 2708 4874; x_wconf 92' lang='lat' dir='ltr'><strong>id</strong></span> <span class='ocrx_word' id='word_1_807' title='bbox 2720 4828 2796 4873; x_wconf 89' lang='lat' dir='ltr'><strong>est</strong></span> <span class='ocrx_word' id='word_1_808' title='bbox 2808 4858 2824 4884; x_wconf 96' lang='lat'><strong>,</strong></span> <span class='ocrx_word' id='word_1_809' title='bbox 2838 4826 3057 4888; x_wconf 86' lang='lat' dir='ltr'><strong>propter</strong></span> <span class='ocrx_word' id='word_1_810' title='bbox 3068 4816 3367 4881; x_wconf 85' lang='lat' dir='ltr'><strong>Christum,</strong></span> <span class='ocrx_word' id='word_1_811' title='bbox 3381 4818 3509 4887; x_wconf 83' lang='lat' dir='ltr'><strong>quia</strong></span> <span class='ocrx_word' id='word_1_812' title='bbox 3521 4832 3583 4871; x_wconf 77' lang='lat' dir='ltr'><strong>es</strong></span> <span class='ocrx_word' id='word_1_813' title='bbox 3593 4816 3696 4887; x_wconf 71' lang='lat' dir='ltr'><strong>eius</strong></span> 
     </span>
    </p>
   </div>
   <div class='ocr_carea' id='block_1_104' title="bbox 2128 4906 3693 4979">
    <p class='ocr_par' dir='ltr' id='par_1_104' title="bbox 2128 4906 3693 4979">
     <span class='ocr_line' id='line_1_104' title="bbox 2128 4906 3693 4979; baseline 0 -17"><span class='ocrx_word' id='word_1_814' title='bbox 2128 4910 2385 4979; x_wconf 79' lang='lat' dir='ltr'><strong>progenie</strong></span> <span class='ocrx_word' id='word_1_815' title='bbox 2399 4909 2646 4965; x_wconf 86' lang='lat' dir='ltr'><strong>Christus</strong></span> <span class='ocrx_word' id='word_1_816' title='bbox 2663 4909 2956 4965; x_wconf 85' lang='lat' dir='ltr'><strong>secundum</strong></span> <span class='ocrx_word' id='word_1_817' title='bbox 2986 4923 3205 4964; x_wconf 83' lang='lat' dir='ltr'><strong>carnem</strong></span> <span class='ocrx_word' id='word_1_818' title='bbox 3230 4917 3392 4963; x_wconf 86' lang='lat' dir='ltr'><strong>natus</strong></span> <span class='ocrx_word' id='word_1_819' title='bbox 3422 4918 3541 4975; x_wconf 89' lang='lat' dir='ltr'><strong>est;</strong></span> <span class='ocrx_word' id='word_1_820' title='bbox 3567 4906 3693 4979; x_wconf 80' lang='lat' dir='ltr'><strong>quod</strong></span> 
     </span>
    </p>
   </div>
   <div class='ocr_carea' id='block_1_105' title="bbox 2131 5001 3693 5083">
    <p class='ocr_par' dir='ltr' id='par_1_105' title="bbox 2131 5001 3693 5083">
     <span class='ocr_line' id='line_1_105' title="bbox 2131 5001 3693 5083; baseline -0.004 -20"><span class='ocrx_word' id='word_1_821' title='bbox 2131 5007 2282 5072; x_wconf 89' lang='lat' dir='ltr'><strong>dicit,</strong></span> <span class='ocrx_word' id='word_1_822' title='bbox 2310 5007 2401 5062; x_wconf 84' lang='lat' dir='ltr'><strong>sed</strong></span> <span class='ocrx_word' id='word_1_823' title='bbox 2423 5005 2577 5083; x_wconf 72' lang='lat' dir='ltr'><strong>elegit</strong></span> <span class='ocrx_word' id='word_1_824' title='bbox 2604 5004 2795 5057; x_wconf 84' lang='lat' dir='ltr'><strong>tribum</strong></span> <span class='ocrx_word' id='word_1_825' title='bbox 2816 5002 2851 5056; x_wconf 80' lang='grc' dir='ltr'><em>Ι</em></span> <span class='ocrx_word' id='word_1_826' title='bbox 2857 5004 2984 5066; x_wconf 88' lang='lat' dir='ltr'><strong>uda,</strong></span> <span class='ocrx_word' id='word_1_827' title='bbox 3010 5001 3287 5057; x_wconf 88' lang='lat' dir='ltr'><strong>humiliter</strong></span> <span class='ocrx_word' id='word_1_828' title='bbox 3306 5002 3561 5057; x_wconf 83' lang='lat' dir='ltr'><strong>videlicet</strong></span> <span class='ocrx_word' id='word_1_829' title='bbox 3583 5015 3693 5057; x_wconf 80' lang='lat' dir='ltr'><strong>con-</strong></span> 
     </span>
    </p>
   </div>
   <div class='ocr_carea' id='block_1_106' title="bbox 2132 5089 3694 5163">
    <p class='ocr_par' dir='ltr' id='par_1_106' title="bbox 2132 5089 3694 5163">
     <span class='ocr_line' id='line_1_106' title="bbox 2132 5089 3694 5163; baseline -0.006 -11"><span class='ocrx_word' id='word_1_830' title='bbox 2132 5096 2427 5161; x_wconf 79' lang='lat' dir='ltr'><strong>ﬁtentium,</strong></span> <span class='ocrx_word' id='word_1_831' title='bbox 2466 5103 2688 5149; x_wconf 87' lang='lat' dir='ltr'><strong>montem</strong></span> <span class='ocrx_word' id='word_1_832' title='bbox 2718 5092 2852 5148; x_wconf 88' lang='lat' dir='ltr'><strong>Sion</strong></span> <span class='ocrx_word' id='word_1_833' title='bbox 2898 5108 3058 5163; x_wconf 91' lang='lat' dir='ltr'><strong>quem</strong></span> <span class='ocrx_word' id='word_1_834' title='bbox 3087 5091 3301 5156; x_wconf 82' lang='lat' dir='ltr'><strong>dilexit,</strong></span> <span class='ocrx_word' id='word_1_835' title='bbox 3333 5092 3387 5147; x_wconf 90' lang='lat' dir='ltr'><strong>id</strong></span> <span class='ocrx_word' id='word_1_836' title='bbox 3411 5103 3523 5157; x_wconf 84' lang='lat' dir='ltr'><strong>est,</strong></span> <span class='ocrx_word' id='word_1_837' title='bbox 3577 5089 3694 5146; x_wconf 80' lang='lat' dir='ltr'><strong>etni-</strong></span> 
     </span>
    </p>
   </div>
   <div class='ocr_carea' id='block_1_107' title="bbox 2129 5177 3689 5252">
    <p class='ocr_par' dir='ltr' id='par_1_107' title="bbox 2129 5177 3689 5252">
     <span class='ocr_line' id='line_1_107' title="bbox 2129 5177 3689 5252; baseline -0.006 -12"><span class='ocrx_word' id='word_1_838' title='bbox 2129 5195 2322 5241; x_wconf 90' lang='lat' dir='ltr'><strong>nentes</strong></span> <span class='ocrx_word' id='word_1_839' title='bbox 2368 5186 2422 5239; x_wconf 89' lang='lat' dir='ltr'><strong>in</strong></span> <span class='ocrx_word' id='word_1_840' title='bbox 2458 5181 2917 5252; x_wconf 87' lang='lat' dir='ltr'><strong>contemplatione</strong></span> <span class='ocrx_word' id='word_1_841' title='bbox 2942 5181 3254 5251; x_wconf 63' lang='lat' dir='ltr'><strong>futurorum</strong></span> <span class='ocrx_word' id='word_1_842' title='bbox 3284 5196 3297 5232; x_wconf 93' lang='lat'>:</span> <span class='ocrx_word' id='word_1_843' title='bbox 3328 5190 3378 5233; x_wconf 87' lang='lat' dir='ltr'><strong>et</strong></span> <span class='ocrx_word' id='word_1_844' title='bbox 3412 5180 3507 5237; x_wconf 81' lang='lat' dir='ltr'><strong>sic</strong></span> <span class='ocrx_word' id='word_1_845' title='bbox 3538 5177 3689 5246; x_wconf 67' lang='lat' dir='ltr'><strong>aediﬁ-</strong></span> 
     </span>
    </p>
   </div>
   <div class='ocr_carea' id='block_1_108' title="bbox 2130 5268 3688 5338">
    <p class='ocr_par' dir='ltr' id='par_1_108' title="bbox 2130 5268 3688 5338">
     <span class='ocr_line' id='line_1_108' title="bbox 2130 5268 3688 5338; baseline -0.004 -11"><span class='ocrx_word' id='word_1_846' title='bbox 2130 5274 2263 5330; x_wconf 74' lang='lat' dir='ltr'><strong>cavit</strong></span> <span class='ocrx_word' id='word_1_847' title='bbox 2292 5275 2532 5338; x_wconf 86' lang='lat' dir='ltr'><strong>interra,</strong></span> <span class='ocrx_word' id='word_1_848' title='bbox 2577 5271 2632 5326; x_wconf 87' lang='lat' dir='ltr'><strong>id</strong></span> <span class='ocrx_word' id='word_1_849' title='bbox 2658 5281 2760 5337; x_wconf 92' lang='lat' dir='ltr'><strong>est,</strong></span> <span class='ocrx_word' id='word_1_850' title='bbox 2799 5271 2851 5325; x_wconf 92' lang='lat' dir='ltr'><strong>in</strong></span> <span class='ocrx_word' id='word_1_851' title='bbox 2887 5270 3125 5327; x_wconf 84' lang='lat' dir='ltr'><strong>Ecclesia</strong></span> <span class='ocrx_word' id='word_1_852' title='bbox 3154 5268 3511 5338; x_wconf 78' lang='lat' dir='ltr'><strong>sanctiﬁciunt</strong></span> <span class='ocrx_word' id='word_1_853' title='bbox 3534 5283 3688 5330; x_wconf 68' lang='lat' dir='ltr'><strong>suum,</strong></span> 
     </span>
    </p>
   </div>
   <div class='ocr_carea' id='block_1_109' title="bbox 2132 5360 3687 5429">
    <p class='ocr_par' dir='ltr' id='par_1_109' title="bbox 2132 5360 3687 5429">
     <span class='ocr_line' id='line_1_109' title="bbox 2132 5360 3687 5429; baseline -0.005 -11"><span class='ocrx_word' id='word_1_854' title='bbox 2132 5364 2183 5418; x_wconf 89' lang='lat' dir='ltr'><strong>id</strong></span> <span class='ocrx_word' id='word_1_855' title='bbox 2241 5375 2358 5428; x_wconf 89' lang='lat' dir='ltr'><strong>est,</strong></span> <span class='ocrx_word' id='word_1_856' title='bbox 2399 5362 2885 5418; x_wconf 80' lang='lat' dir='ltr'><strong>sanctiﬁcationem</strong></span> <span class='ocrx_word' id='word_1_857' title='bbox 2927 5377 3079 5416; x_wconf 90' lang='lat' dir='ltr'><strong>suam</strong></span> <span class='ocrx_word' id='word_1_858' title='bbox 3113 5377 3127 5413; x_wconf 92' lang='lat'><strong>:</strong></span> <span class='ocrx_word' id='word_1_859' title='bbox 3157 5360 3514 5429; x_wconf 78' lang='lat' dir='ltr'><strong>sanctiﬁciuut</strong></span> <span class='ocrx_word' id='word_1_860' title='bbox 3547 5360 3687 5420; x_wconf 88' lang='lat' dir='ltr'><strong>dico,</strong></span> 
     </span>
    </p>
   </div>
   <div class='ocr_carea' id='block_1_110' title="bbox 2128 5448 3689 5511">
    <p class='ocr_par' dir='ltr' id='par_1_110' title="bbox 2128 5448 3689 5511">
     <span class='ocr_line' id='line_1_110' title="bbox 2128 5448 3689 5511; baseline 0.001 -3"><span class='ocrx_word' id='word_1_861' title='bbox 2128 5455 2369 5508; x_wconf 83' lang='lat' dir='ltr'><strong>existens</strong></span> <span class='ocrx_word' id='word_1_862' title='bbox 2396 5455 2530 5506; x_wconf 88' lang='lat' dir='ltr'><strong>sicut</strong></span> <span class='ocrx_word' id='word_1_863' title='bbox 2579 5454 2908 5509; x_wconf 82' lang='lat' dir='ltr'><strong>unicornium</strong></span> <span class='ocrx_word' id='word_1_864' title='bbox 2931 5492 2947 5502; x_wconf 88' lang='lat'><strong>.</strong></span> <span class='ocrx_word' id='word_1_865' title='bbox 2988 5452 3200 5511; x_wconf 75' lang='lat' dir='ltr'><strong>illorum</strong></span> <span class='ocrx_word' id='word_1_866' title='bbox 3252 5450 3515 5511; x_wconf 55' lang='lat' dir='ltr'><strong>ﬁdem</strong></span> <span class='ocrx_word' id='word_1_867' title='bbox 3534 5448 3619 5510; x_wconf 77' lang='lat' dir='ltr'><strong>aui</strong></span> <span class='ocrx_word' id='word_1_868' title='bbox 3644 5448 3689 5501; x_wconf 76' lang='lat' dir='ltr'><strong>ill</strong></span> 
     </span>
    </p>
   </div>
  </div>
