3884 5826
124 381 208 439 ἵὸἶ

1248 388 1777 456 ENABRATIONES
1811 395 1877 451 IN
1912 397 2246 458 PSAL-uos.
2712 394 2737 407 "

3255 417 3368 474 56‘!“

117 495 327 560 cedam;
359 491 442 594 vel
467 494 544 552 sic
579 510 594 549 :
644 495 949 566 lidiﬁcavit
990 500 1340 568 sancti/icium
1389 521 1538 558 suum
1566 547 1580 569 ,
1626 506 1676 560 id
1709 511 1753 569 Λ
1790 529 1808 560 ι
1855 508 1978 568 facti
2013 530 2198 573 sumus
2218 521 2396 577 nimis.
2421 523 2626 594 Adjuva
2657 541 2779 593 nos,
2801 529 2941 585 Deus
2971 532 3225 589 salutaris
3263 552 3368 591 no-

117 597 206 651 est,
249 590 503 658 populum
545 605 701 646 suum
754 594 808 647 in
850 602 1086 659 terram,
1132 613 1287 665 quam
1329 598 1568 665 {tradant
1626 600 1678 653 in

117 679 297 734 sarcula
328 722 341 743 ,
386 681 438 736 id
492 690 606 748 est,
660 685 920 740 mittendo
973 687 1120 741 illum
1174 689 1225 742 iu
1274 690 1678 746 similitudinem

119 781 300 835 terrae,
361 783 622 842 quantum
673 777 817 830 adid
868 781 1011 848 quod
1065 788 1208 834 terra
1259 798 1364 834 non
1415 794 1678 838 movetur.

117 859 174 914 Et
195 860 343 931 elegit
375 863 543 918 David
570 883 773 920 servum
803 885 980 933 suum,
1021 881 1067 923 et
1095 873 1302 926 sustulit
1331 891 1446 928 eum
1486 875 1550 928 de
1570 890 1683 944 gre-

114 954 253 1022 gibus
275 956 470 1017 ovium,
493 957 616 1026 quia
645 959 710 1012 de
734 960 987 1028 pastorali
1016 960 1191 1015 ollicio
1204 977 1454 1031 pecorum
1478 980 1686 1019 assum-

113 1053 224 1112 ptus
264 1053 348 1099 est
387 1045 441 1098 in
476 1061 736 1116 regnum:
764 1051 827 1103 de
875 1060 987 1118 post
1020 1051 1254 1118 {natantes
1294 1056 1491 1122 accepit
1543 1072 1684 1120 cuiu,

112 1133 160 1188 id
175 1139 281 1196 est,
304 1135 370 1190 dc
397 1136 489 1191 illo
508 1138 598 1208 qui
619 1147 738 1193 erat
757 1150 868 1209 post
889 1140 1145 1208 fminrztes,
1162 1143 1210 1196 id
1234 1153 1310 1198 cst
1325 1185 1340 1210 ,
1357 1144 1512 1200 ﬁctas
1533 1161 1683 1211 oves,

111 1235 410 1296 assumptus
447 1238 565 1293 est,
616 1239 669 1285 et
703 1230 755 1283 in
811 1232 978 1299 priori
1041 1233 1160 1288 loco
1213 1237 1491 1291 hominum
1545 1239 1689 1308 posi-

109 1325 188 1369 tus
237 1325 342 1370 est.
394 1317 564 1372 David
623 1319 724 1373 iste
761 1319 1037 1376 Christum
1062 1324 1349 1393 signiﬁcat,
1399 1327 1489 1396 qui
1542 1327 1688 1382 abla-

111 1413 187 1458 tas
225 1401 332 1458 fuit
383 1405 449 1459 de
477 1421 646 1476 regno
689 1407 1020 1476 Iudaeorum,
1075 1421 1125 1466 et
1179 1414 1246 1468 ad
1303 1430 1526 1483 regnum
1555 1432 1686 1485 geu-

109 1494 230 1548 tium
288 1497 750 1555 translatuszsed
823 1509 1000 1556 tamen
1058 1519 1162 1557 non
1208 1505 1286 1560 sic
1341 1514 1426 1561 est
1479 1505 1690 1562 ablatus

107 1581 318 1648 Iudaeis,
351 1595 407 1638 ut
434 1586 609 1642 nullos
642 1589 713 1643 ibi
739 1590 966 1646 haberet
989 1593 1211 1654 fructus.
1257 1597 1351 1650 sed
1383 1594 1595 1653 ablatus
1623 1599 1688 1653 de

109 1671 232 1736 illis,
270 1682 554 1744 postquam
584 1679 802 1746 quidam
825 1696 1011 1736 eorum
1037 1684 1292 1740 metantes
1325 1687 1526 1741 inventi
1566 1700 1691 1744 sunt

106 1769 154 1820 in
181 1765 289 1822 ﬁde
313 1776 369 1822 et
409 1770 462 1822 in
510 1770 648 1824 bona
699 1775 1047 1841 operatione:
1081 1776 1207 1845 quia
1255 1794 1319 1832 ex
1364 1778 1452 1832 illo
1497 1780 1690 1850 populo

104 1864 252 1910 erant
288 1858 553 1926 apostoli,
577 1862 867 1932 caeteriquc
918 1864 1100 1919 ﬁdeles
1144 1866 1246 1921 ﬁde
1277 1867 1445 1936 pleni,
1490 1879 1544 1923 et
1573 1869 1691 1924 inﬁ-
1721 1855 1766 1912 η

104 1947 320 2003 delitate
343 1952 519 2004 vacui.
551 1949 774 2007 Pascere
818 1954 984 2009 Jacob
1009 1973 1210 2011 servum
1249 1976 1425 2021 suum,
1454 1969 1501 2013 et
1523 1960 1692 2019 Israel

103 2040 460 2094 hereditatem
487 2059 657 2096 suam.
690 2044 828 2100 Ecce
858 2062 1030 2115 quare
1059 2047 1209 2118 elegit
1253 2048 1424 2103 David
1445 2091 1460 2113 ,
1491 2059 1550 2104 ut
1600 2067 1694 2122 pa-

103 2140 278 2185 sceret
300 2130 470 2186 Iacob
497 2133 746 2189 videlicet
793 2152 995 2190 servant
1045 2155 1230 2205 suum,
1263 2139 1314 2193 id
1353 2149 1468 2204 est,
1519 2149 1694 2196 atten-

103 2221 290 2276 dentes
326 2221 525 2288 l'utnra,
557 2233 612 2278 et
655 2233 1038 2295 postponentes
1075 2231 1402 2297 praesentia:
1433 2241 1482 2285 et
1525 2231 1694 2287 Israel

105 2310 468 2364 hereditatem
492 2329 645 2368 suam
667 2355 681 2378 ,
715 2315 767 2368 id
811 2327 925 2379 est,
961 2316 1079 2372 illos
1125 2319 1216 2387 qui
1261 2320 1693 2391 contemplantur

102 2418 204 2458 non
229 2419 301 2460 ea
322 2419 444 2473 qua:
467 2405 738 2471 videntur,
764 2407 857 2462 sed
885 2424 1004 2478 quae
1034 2425 1137 2464 non
1166 2411 1438 2478 videntur,
1467 2414 1574 2481 vel,
1599 2428 1696 2483 per

99 2491 290 2562 Iacob,
323 2503 586 2550 notantur
609 2498 788 2566 populi
830 2499 1091 2568 gentium,
1121 2509 1174 2555 et
1200 2516 1295 2570 per
1324 2501 1487 2557 Israel
1520 2519 1694 2574 popu-

101 2584 178 2638 lus
205 2583 524 2640 Judteorum
554 2585 606 2656 (I
649 2585 773 2641 Cor.
826 2587 971 2658 Iv.):
1020 2600 1068 2642 et
1123 2592 1261 2657 pavit
1309 2608 1394 2644 eos
1441 2594 1494 2645 in
1544 2595 1696 2646 inno-

101 2678 274 2732 centia
301 2679 480 2732 cordis
505 2679 608 2732 sui.
638 2677 802 2745 Quasi
844 2680 1020 2736 dicat:
1059 2681 1226 2750 Elegit
1256 2681 1425 2736 David
1447 2699 1690 2752 pascere,

102 2769 153 2824 id
178 2779 298 2838 est,
332 2770 401 2824 ad
429 2772 531 2825 hoc
557 2780 616 2824 ut
655 2781 904 2839 pasceret
932 2772 1097 2826 Jacob
1136 2783 1182 2826 et
1211 2772 1378 2827 Israel
1410 2775 1594 2838 David,
1641 2783 1696 2828 et

105 2860 307 2918 factum
333 2870 422 2916 est
449 2862 575 2931 quia
604 2864 778 2932 pavit,
815 2863 865 2918 id
891 2871 976 2917 est
1000 2862 1217 2928 refecit,
1244 2879 1338 2919 eos
1364 2866 1416 2919 in
1447 2867 1696 2920 innocen-

101 2955 176 3007 tia
205 2952 388 3007 cordis
431 2953 548 3019 sui,
593 2952 763 3006 David
788 2953 1072 3018 videlicet,
1106 2963 1164 3008 ut
1187 2959 1303 3025 ejus
1327 2957 1505 3011 cordis
1541 2957 1694 3011 inno-

101 3043 343 3097 centiam
387 3043 679 3107 imitando,
733 3044 1127 3099 relicerentur:
1160 3054 1214 3098 et
1259 3046 1310 3098 in
1348 3045 1694 3100 intellectibus

99 3149 359 3187 manuum
390 3149 608 3188 suarum
635 3134 850 3187 deduxit
881 3151 966 3189 eos
987 3175 1002 3201 ,
1029 3134 1080 3188 id
1119 3145 1220 3200 est,
1257 3153 1362 3190 non
1409 3145 1612 3191 tantum
1639 3137 1694 3192 in

1788 622 1806 655 ι
1853 613 1984 670 stcr,
2003 616 2054 660 et
2076 621 2296 682 propter
2315 613 2537 684 gloriam
2562 620 2793 676 nominis
2811 623 2906 687 tui,
2922 622 3166 690 Domine,
3190 625 3364 682 libera

1789 713 1806 744 ι
1854 711 1952 749 nos
1973 738 1986 760 ,
2029 709 2084 752 et.
2110 705 2371 772 propitius
2395 718 2512 763 esto
2538 711 2771 780 peccatis
2801 716 3002 771 nostris
3023 726 3241 787 propter
3265 734 3367 773 no-

1789 807 1806 838 ι
1856 805 1974 843 men
1995 799 2164 851 ttmm.
2192 797 2412 860 Nel‘orte
2430 807 2674 864 dicantin
2698 812 2970 882 gentibus:
2994 813 3094 871 Ubi
3118 823 3200 870 est
3223 816 3362 869 Deus

1791 926 1809 959 ι
1856 911 2081 964 eorum?
2114 921 2166 963 ct.
2207 911 2505 986 innotescat
2536 913 2587 967 in
2633 911 2940 966 nationibus
2983 925 3164 965 coram
3193 906 3364 988 oculis

1793 1017 1811 1049 ι
1859 1000 2076 1053 nostris.
2094 999 2238 1055 Ultio
2251 1002 2526 1071 sanguinis
2539 1017 2816 1057 servorum
2832 1011 3040 1057 tuorum
3054 1002 3143 1072 qui
3163 999 3363 1055 ell'usus

1794 1109 1810 1141 ι
1857 1101 1940 1146 est
1958 1133 1971 1155 ,
1999 1094 2226 1147 introeat
2254 1093 2306 1146 in
2336 1105 2623 1164 conspectu
2649 1105 2756 1160 tuo,
2782 1094 3012 1165 gemitus
3035 1092 3365 1162 compeditoo

1794 1201 1811 1233 ι
1859 1199 1996 1238 τιιιη.
2016 1183 2321 1240 Secundum
2345 1186 2763 1256 magnitudinem
2791 1185 2993 1240 brachii
3023 1187 3120 1250 tui,
3148 1184 3366 1255 posside

1796 1294 1813 1325 ι
1860 1276 1996 1330 ﬁlios
2019 1277 2481 1332 mortiﬁcatorum.
2499 1277 2564 1331 Et
2585 1277 2746 1330 redde
2767 1277 2954 1332 vicinis
2974 1277 3172 1331 nostris
3191 1283 3367 1345 septua

1795 1386 1813 1418 ι
1861 1367 2004 1436 plum
2032 1367 2085 1420 in
2128 1367 2248 1420 sinu
2275 1382 2490 1430 eorum,
2539 1366 2920 1436 improperium
2952 1367 3186 1435 ipsorum
3218 1365 3363 1434 quod

1798 1479 1814 1510 ι
1861 1461 2327 1530 exprobravcrunt
2356 1460 2486 1523 tibi,
2515 1459 2756 1512 Domine.
2787 1457 2897 1513 Nos
2921 1465 3097 1511 autem
3141 1455 3366 1527 populus

1799 1574 1812 1604 ι
1864 1561 1985 1606 tuus
2010 1561 2063 1607 et
2087 1568 2214 1607 oves
2236 1567 2445 1622 pascuae
2470 1562 2590 1614 tum,
2615 1550 2993 1606 conﬁtebinmr
3015 1549 3108 1604 tibi
3135 1550 3367 1603 insaecu-

1797 1663 1814 1696 ι
1860 1643 2057 1697 lum.|n
2081 1643 2427 1715 generatione
2441 1653 2493 1698 ct.
2508 1642 2905 1713 generationem
2930 1640 3368 1697 annuntiabimus
3391 1681 3405 1688 -

1800 1755 1817 1786 ι
1865 1736 2075 1789 laudem
2113 1745 2275 1789 tuan».
2325 1754 2342 1784 ι

2353 1825 2795 1882 ΕΝΑΠΠΑΠΟ.

1867 1925 2208 1994 Propheliam
2251 1925 2406 1978 istam
2453 1940 2614 1992 quam
2647 1923 2732 1977 hic
2766 1921 3006 1977 videmus
3047 1919 3364 1991 promissam

1797 2014 2078 2069 manifeste
2109 2015 2356 2069 novimus
2389 2016 2690 2085 impletum;
2742 2031 2847 2068 non
2882 2023 3090 2076 tamen,
3119 2028 3238 2066 cum
3267 2013 3368 2066 hoc

1795 2122 1823 2160 a
1855 2105 2022 2160 David
2050 2105 2320 2159 diceretur
2342 2147 2356 2168 ,
2397 2106 2622 2174 legimus
2657 2104 2854 2172 aliquid
2886 2104 2990 2158 tale
3037 2095 3099 2156 ert
3132 2103 3369 2157 adversi-

1797 2207 1907 2254 tate
1937 2197 2174 2268 gentium
2201 2196 2490 2265 contigisse
2520 2195 2721 2250 civitati
2752 2194 2824 2248 illi
2858 2193 3152 2248 Jerusalem
3173 2235 3186 2258 ,
3214 2191 3372 2262 quale

1795 2293 1882 2347 hic
1916 2291 2139 2356 dicitur,
2172 2299 2225 2346 et
2250 2291 2446 2360 templo
2479 2289 2716 2352 Domini,
2747 2289 2888 2358 quod
2912 2288 3022 2356 jam
3060 2297 3168 2360 tum
3201 2287 3372 2340 adhuc

1797 2399 1902 2438 non
1941 2382 2038 2436 fuit
2064 2381 2406 2436 :cdiﬁcatum.
2460 2379 2667 2433 Mortuo
2697 2393 2929 2447 namque
2968 2377 3169 2441 David,
3219 2375 3369 2429 Salo-

1795 2490 1919 2530 mon
1953 2473 2093 2528 ﬁlins
2113 2471 2230 2541 ejus
2265 2470 2516 2542 templum
2544 2469 2857 2524 aediﬁcavit:
2899 2468 3031 2522 dicit
3056 2483 3182 2537 ergo
3208 2465 3373 2520 David

1796 2565 1950 2636 quasi
1978 2563 2307 2633 praeteritum
2328 2603 2342 2627 ,
2392 2563 2532 2631 quod
2563 2561 2614 2615 in
2644 2559 2832 2628 spiritu
2861 2559 3013 2613 vidit.
3056 2557 3200 2611 Vidit
3230 2555 3374 2610 futu-

1797 2671 1915 2710 rum
1937 2695 1950 2719 ,
1981 2669 2082 2710 nec
2106 2662 2189 2709 est
2215 2654 2517 2708 mirandum
2542 2653 2682 2722 quod
2713 2652 2815 2704 hoc
2842 2651 2962 2705 ideo
2991 2650 3217 2717 dicitur,
3245 2648 3373 2718 quia

1796 2763 1902 2802 non
1927 2746 2193 2815 ignoranti
2219 2743 2414 2799 dicitur
2434 2784 2448 2808 ,
2477 2759 2583 2812 quo
2625 2743 2896 2797 revelante
2926 2741 3237 2810 patiuntur;
3279 2739 3373 2794 sed

1799 2845 1945 2891 amat
1983 2835 2154 2890 ﬁdelis
2187 2834 2364 2888 anima
2395 2848 2458 2888 ex
2487 2831 2679 2886 all‘ectu
2715 2831 2892 2888 cordis
2930 2845 3052 2884 cum
3089 2830 3196 2884 Deo
3227 2829 3372 2897 loqui

1797 2940 1918 2996 qua:
1943 2939 1972 2978 a
2001 2924 2112 2979 Deo
2136 2923 2359 2978 didicit:
2394 2931 2448 2976 et
2483 2921 2530 2975 ci
2559 2921 2737 2976 dicere
2763 2935 2883 2990 quae
2921 2919 3087 2982 novit,
3117 2927 3371 2988 tanquam

1799 3015 2094 3085 discipulus
2123 3015 2382 3084 magistro
2407 3028 2510 3067 non
2545 3012 2831 3083 ignoranti,
2863 3010 2953 3066 sed
2990 3010 3246 3066 iudicanti
3272 3053 3286 3075 ,
3312 3025 3376 3065 ac

1799 3124 1896 3180 per
1932 3111 2035 3164 hoc
2065 3107 2312 3162 videlicet
2358 3105 2604 3176 probanti
2635 3105 2776 3174 quod
2822 3105 3031 3169 docuit,
3060 3105 3144 3159 vel
3194 3118 3377 3174 repre-

99 3223 414 3276 innocentia
444 3223 616 3276 cordis
646 3223 922 3292 superavit
951 3195 1078 3289 eos,
1128 3195 1221 3280 sed
1269 3226 1432 3281 etiam
1480 3226 1693 3280 deduxit
1723 3201 1767 3264 C
1801 3199 2054 3254 hcn‘lemi
2104 3200 2256 3292 “"0",
2301 3214 2404 3292 3‘0"
2451 3196 2669 3292 domm:
2705 3195 2894 3292 smel"
2927 3196 3085 3292 ‘cnim
3256 3209 3377 3292 omf

96 3330 184 3368 eos
235 3316 298 3368 in
353 3315 699 3368 intellectibus
747 3331 998 3368 manuum
1047 3331 1268 3385 operum
1323 3333 1588 3371 suorum:
1639 3326 1696 3371 ut

97 3404 243 3458 sicut
291 3405 411 3474 ipse
440 3404 875 3474 videlicet.prius
905 3403 1032 3459 fecit
1076 3414 1130 3459 et
1159 3405 1377 3472 docuit,
1412 3406 1482 3460 ita
1511 3416 1566 3460 et
1597 3407 1694 3475 ipsi

96 3504 295 3562 postea
323 3493 602 3548 Iacerent:
633 3493 716 3548 vel
748 3495 802 3548 in
824 3494 1169 3548 intellectibus
1196 3512 1445 3549 manuum
1481 3513 1698 3550 suarum

95 3585 329 3639 deduxit
377 3601 495 3650 eos,
527 3585 579 3639 in
613 3585 705 3638 tali
736 3585 985 3640 videlicet
1033 3585 1338 3652 intellectu,
1383 3602 1540 3656 quem
1589 3603 1698 3643 sua:

99 3691 306 3732 manus
325 3685 563 3746 operata:
593 3684 719 3730 sunt
769 3677 821 3730 in
854 3677 932 3732 eis
953 3719 966 3742 ,
996 3678 1117 3746 quia
1146 3694 1240 3732 eos
1261 3677 1388 3732 fecit
1418 3679 1469 3732 in
1511 3680 1700 3752 imagi-

95 3782 225 3823 nem
253 3776 314 3823 et
339 3767 750 3822 similitudinem
776 3783 926 3823 suam
962 3787 976 3822 :
1011 3769 1137 3839 quia
1165 3770 1243 3825 sic
1271 3781 1387 3833 est,
1421 3772 1560 3826 Deus
1581 3812 1596 3836 ,
1645 3780 1701 3824 ut

94 3862 270 3916 homo
297 3862 388 3916 sit.
419 3860 556 3915 Nota
593 3879 606 3915 :
634 3862 909 3917 videretur
935 3862 1342 3919 convenientius
1365 3864 1407 3918 si
1431 3865 1510 3918 sic
1537 3863 1702 3920 dixis-

94 3961 218 4018 set,
254 3963 310 4007 et
353 3953 491 4022 pavit
519 3968 606 4006 eos
638 3953 694 4006 in
736 3953 1031 4008 innocentia
1062 3968 1350 4017 manuum,
1393 3964 1439 4008 et
1478 3955 1531 4007 in
1555 3954 1703 4008 intel-

90 4043 240 4097 lectu
280 4043 466 4098 cordis
494 4043 712 4098 deduxit
746 4059 832 4097 eos
856 4055 876 4094 :
926 4042 1020 4096 sed
1072 4042 1196 4111 quia
1242 4042 1392 4096 multi
1448 4051 1572 4097 sunt
1610 4043 1702 4113 qui

91 4131 322 4188 habent
356 4148 546 4188 manus
587 4133 933 4197 innocentes,
962 4140 1018 4186 et
1047 4147 1152 4186 non
1185 4133 1386 4187 habent
1413 4149 1506 4187 cor
1550 4133 1703 4187 inno-

89 4237 236 4278 cens
256 4264 275 4290 ,
325 4224 444 4278 ideo
471 4224 552 4279 sic
580 4223 759 4280 dicere
789 4221 959 4277 noluit
978 4261 994 4287 ,
1033 4230 1095 4276 ut
1133 4221 1496 4277 innocentiam
1526 4222 1706 4278 cordis

92 4314 549 4370 commendaret.

604 4404 925 4462 PSALMUS
964 4404 1242 4462 LXXVIII.

681 4510 914 4551 PSALIUS
951 4511 1138 4551 ASAPH.

1802 3293 2037 3348 tionibus
2064 3292 2174 3346 Deo
2211 3291 2314 3346 dici
2361 3305 2483 3360 qua:
2527 3289 2808 3345 vindicans
2840 3288 2960 3343 fecit
2986 3327 2999 3353 ,
3041 3295 3094 3341 et
3135 3286 3377 3355 adjungit

1797 3385 1884 3455 pia
1946 3384 2168 3454 petilio,
2227 3392 2284 3437 ut
2342 3382 2662 3436 misereatur
2715 3389 2769 3435 et
2813 3390 3015 3448 pareat.
3076 3377 3190 3431 Hoc
3233 3376 3376 3430 enim

1801 3478 1958 3532 modo
2011 3476 2115 3530 ista
2166 3475 2278 3529 Deo
2331 3475 2613 3536 dicuntur,
2670 3487 2699 3525 a
2759 3486 2865 3536 quo
2924 3469 3206 3530 dicuntur,
3262 3476 3380 3520 tan-

1799 3587 1958 3641 quam
1983 3571 2080 3639 ipsi
2113 3568 2308 3640 quibus
2329 3567 2640 3622 acciderunt
2666 3563 2789 3619 talia
2819 3563 3187 3633 loquerentur,
3211 3567 3268 3615 et
3296 3568 3382 3612 est

1801 3663 1917 3716 haec
1965 3658 2260 3729 deploratio
2319 3665 2374 3710 et
2434 3654 2762 3724 deprccatio,
2818 3651 3186 3723 prephctatio,
3253 3650 3381 3720 quia

1804 3753 2068 3822 Propheta
2117 3750 2361 3822 praevidit
2423 3749 2476 3802 in
2519 3749 2708 3819 spiritu
2749 3745 3179 3816 persecutionem
3232 3742 3403 3798 illam:

1803 3859 1963 3914 quam
2005 3841 2147 3911 passi
2195 3848 2322 3895 sunt
2355 3837 2524 3893 Judaei
2563 3853 2594 3890 a
2647 3837 2768 3891 Tito
2804 3844 2861 3890 et
2899 3835 3232 3906 Vespasiano
3261 3843 3384 3904 post

1807 3933 2251 3988 resurrectionem
2278 3929 2488 3986 Domini
2511 3929 2638 3986 Iesu
2665 3927 2888 3994 Christi,
2912 3939 2967 3983 et
2992 3929 3112 3984 ideo
3140 3926 3384 3998 deplorat

1803 4045 1924 4086 eam
1960 4029 2014 4083 in
2045 4028 2144 4083 hoc
2193 4026 2418 4096 psalmo.
2449 4025 2554 4080 Sed
2595 4032 2772 4096 potest
2803 4022 2958 4078 alicui
2990 4021 3044 4077 in
3082 4030 3262 4077 mente
3294 4034 3386 4073 oc-

1805 4137 2046 4187 currere,
2111 4120 2252 4190 quod
2313 4118 2541 4190 populus
2605 4117 2695 4173 ille
2747 4132 2853 4172 non
2907 4121 3051 4171 esset
3098 4112 3385 4169 hmreditas

1808 4211 2006 4267 Christi
2052 4227 2114 4266 eo
2146 4220 2383 4279 tempore
2418 4223 2525 4278 quo
2572 4208 2687 4262 hzec
2731 4205 2869 4260 facta
2915 4213 3062 4269 sunt,
3091 4203 3214 4272 quia
3259 4215 3386 4254 cum

1810 4300 1970 4356 morti
2005 4298 2227 4354 tradidit
2252 4307 2307 4352 et
2351 4296 2649 4367 resnrgcnti
2682 4310 2787 4350 non
2813 4293 3061 4359 credidit,
3105 4291 3236 4345 alios
3264 4306 3388 4345 san-

1808 4400 1924 4446 ctos
1975 4397 2240 4460 martyres
2285 4403 2410 4442 suos
2468 4385 2754 4441 interfecit.
2810 4382 2916 4438 Sed
2970 4381 3223 4452 quoniam
3280 4395 3385 4435 non

1813 4481 2098 4537 defuerunt
2124 4480 2175 4532 in
2200 4477 2394 4548 populo
2432 4476 2521 4530 illo
2549 4477 2639 4546 qui
2692 4473 2970 4544 repulandi
2998 4480 3179 4528 essent
3221 4475 3273 4526 'm
3307 4486 3390 4527 se-

170 4605 192 4638 ι
247 4585 432 4651 Deus,
461 4595 726 4642 venerunt
775 4593 964 4656 gentes
1011 4585 1066 4639 in
1117 4584 1486 4639 hereditatem
1521 4593 1664 4638 tuam
1689 4626 1702 4647 ,
1735 4555 1784 4615 θ
1811 4574 1974 4639 mille.
2005 4579 2181 4643 ροιθει
2226 4571 2516 4625 εθειιηάηηι
2549 4567 2668 4622 ί¹¹⁰δ
2704 4565 2932 4638 Ροριιιυε
2970 4564 3257 4656 ἣπτθάξίθε
3287 4564 3385 4656 Ψ·

169 4675 502 4748 polluerunt
524 4674 779 4745 templum
801 4683 1048 4730 sanctum
1081 4683 1226 4727 tuum
1247 4713 1261 4736 ,
1293 4682 1589 4743 posuerunt
1613 4672 1703 4728 Je-

1811 4663 1939 4718 mini
1985 4662 2108 4716 dici.
2141 4660 2278 4715 Hinc
2321 4659 2462 4713 enim
2492 4658 2590 4712 fuit
2619 4656 2819 4728 Ioseph
2869 4656 3122 4711 nutritius
3151 4654 3387 4719 Domini,

1812 4757 1936 4812 hinc
1965 4756 2075 4826 ipsa
2107 4752 2419 4808 beatissima
2451 4751 2613 4821 Virgo
2660 4749 2852 4814 Maria,
2890 4749 3018 4805 hinc
3057 4749 3169 4817 ipse
3211 4745 3393 4799 Domi-

1812 4864 1936 4913 nus,
1985 4847 2111 4901 hinc
2153 4844 2372 4899 Simeon
2415 4843 2608 4912 iustus,
2656 4851 2713 4896 et
2749 4842 2902 4896 Anna
2951 4842 3130 4903 vidua,
3175 4838 3301 4891 hinc
3339 4845 3397 4891 et

1813 4940 1951 4994 alius
1980 4938 2197 5008 Ioseph,
2225 4936 2348 5006 quia
2380 4946 2436 4991 et
2463 4937 2578 5007 ipse
2607 4935 2943 5004 exspectavit
2972 4928 3400 4996 redemptionem

1817 5030 1977 5086 Israel
2008 5048 2020 5083 :
2053 5028 2178 5084 hinc
2224 5028 2419 5083 beatus
2445 5027 2682 5083 Joannes
2728 5030 2782 5078 et
2823 5033 3076 5093 parentes
3110 5015 3242 5081 eius.
3271 5015 3409 5069 ὶιίηυ

1818 5121 1972 5174 turba
2028 5116 2447 5188 praecedentium
2498 5123 2552 5174 et
2605 5111 3049 5180 subsequentium
3099 5101 3413 5188 Dominum,

1822 5211 1948 5264 hinc
1991 5187 2142 5278 pueri
2188 5207 2260 5261 illi
2299 5207 2394 5274 qui
2446 5211 2499 5263 in
2542 5200 2756 5256 tandem
2810 5202 3020 5257 Domini
3070 5187 3416 5278 clamabant:

1826 5277 2104 5363 "osanna,
2144 5297 2446 5354 benedictus
2501 5293 2594 5366 qui
2652 5291 2786 5342 venit
2839 5293 2896 5345 in
2949 5286 3154 5346 nomine
3207 5277 3425 5332 Domini

1826 5387 2026 5459 (Joan.
2058 5389 2189 5456 xn),
2236 5387 2364 5440 hinc
2402 5386 2506 5443 tria
2550 5376 2720 5435 millia
2761 5379 3040 5433 hominum
3069 5369 3156 5439 (ιυῖ
3192 5379 3293 5462 ¹³¹¹ξ¹
3334 5366 3432 5462 ‘lif’

1824 5453 2169 5536 crediderunt
2197 5477 2345 5548 (Act.
2375 5481 2476 5551 ιι),
2526 5470 2658 5526 hinc
2702 5465 2950 5534 quinque
3001 5453 3290 5551 millia‘qpi
3319 5453 3437 5551 alia

1821 5572 1910 5627 die
1940 5542 2287 5627 crediderunt
2318 5542 2464 5638 (Act.
2498 5565 2602 5629 iv),
2635 5555 2774 5638 hinc
2810 5557 2970 5614 multi
3001 5545 3184 5611 cmteri
3223 5542 3443 5638 ﬁdeles,

1822 5667 2112 5722 secundum
2143 5677 2279 5733 quos
2297 5636 2534 5730 populus
2568 5637 2659 5707 ille
2685 5636 2987 5708 lui-reditas
3014 5645 3110 5704 Dei
3137 5637 3334 5695 dicitur
3356 5636 3452 5691 iu-

91 4789 110 4819 ι
167 4766 427 4822 rusalem
460 4767 511 4820 iu
544 4781 825 4835 pomorum
856 4766 1176 4821 custodiam.
1220 4765 1534 4820 Posuerunt.
1567 4778 1708 4816 mor-

90 4879 114 4912 ι
165 4860 360 4930 ticina
405 4873 684 4913 servorum
730 4867 944 4912 tuorum
993 4873 1150 4912 escas
1196 4855 1502 4911 volatilibus
1543 4854 1662 4910 θα)Ιί
1689 4895 1706 4920 ,

91 4974 112 5004 ¢
163 4965 386 5010 carnes
416 4960 726 5004 sanctorum
768 4959 978 5004 tuorum
1017 4949 1208 5003 bestiis
1257 4956 1432 5001 terrae.
1494 4943 1706 5000 Eﬁ‘nde-

89 5065 109 5096 ι
163 5047 322 5096 runt
342 5040 654 5110 sanguinem
685 5053 872 5092 eorum
895 5048 1148 5109 tanquam
1169 5052 1370 5118 aquam
1403 5037 1455 5092 in
1481 5033 1708 5092 circuitu

92 5156 112 5186 ι
162 5132 524 5197 Jerusalem,
560 5142 615 5187 et
645 5146 752 5184 non
778 5131 1004 5200 eratqui
1040 5132 1311 5200 sepeliret.
1345 5130 1495 5185 Facti
1527 5143 1713 5183 sumus

89 5247 110 5278 ‹
163 5223 533 5294 opprobrium
562 5221 764 5276 vicinis
788 5223 1018 5286 nostris,
1052 5221 1404 5276 subsannatio
1435 5229 1488 5273 et
1538 5217 1712 5271 illusio

85 5335 107 5366 ι
164 5315 268 5370 his
292 5311 391 5379 qui
416 5311 464 5364 in
483 5311 711 5368 circuitu
737 5323 919 5366 nostro
946 5320 1088 5364 sunt.
1119 5311 1430 5380 Usquequo,
1461 5308 1715 5388 Domine,

85 5429 106 5459 ι
164 5403 505 5460 irascerisin
529 5407 716 5465 ﬁnem,
743 5405 1065 5458 accendctnr
1081 5404 1226 5457 vclut
1247 5402 1385 5471 ignis
1403 5403 1549 5457 zelus
1572 5398 1719 5452 tuus?

87 5517 107 5548 ι
165 5492 421 5550 Ell'unde
447 5494 571 5549 iram
605 5506 758 5548 tuam
792 5493 843 5544 in
862 5503 1048 5563 gentes
1072 5510 1191 5563 quae
1217 5501 1266 5546 te
1292 5508 1397 5547 non
1427 5496 1716 5551 noverunt,

88 5606 109 5638 ι
166 5594 234 5641 et
287 5583 350 5636 in
384 5598 538 5653 regna
575 5599 703 5656 qua:
738 5597 929 5636 nomen
965 5593 1110 5637 tuum
1159 5599 1263 5637 non
1304 5581 1716 5638 invocaverunt.

166 5674 340 5743 Quia
362 5678 703 5732 comederunt
722 5670 910 5738 Jacob,
929 5684 982 5727 et
995 5674 1168 5727 locum
1185 5671 1301 5742 ejus
1314 5671 1712 5728 desolaverunt.

85 5788 109 5816 σ
172 5766 258 5808 Ν(
305 5782 311 5783 ’
451 5765 461 5774 ”
795 5763 804 5768 ’

1245 5778 1313 5786 .-.ι
1341 5779 1362 5786 ι-
1376 5774 1426 5788 ut
1439 5764 1450 5786 ῗ
1465 5775 1709 5804 -ηηνἾηὶ-

1823 5772 2077 5826 congrue.
