3884 5402
474 435 584 507 $63.

1101 435 1358 497 REMIGII
1397 435 2054 496 ANTISSIODORENSIS
2102 437 2252 495 OPP.
2293 435 2472 492 PARS
2506 436 2545 493 l.
2587 467 2656 478 ——
2691 433 3102 494 EXEGETICA.
3649 429 3735 488 5“

474 557 562 614 illa
590 571 752 626 quam
803 570 993 625 passus
1018 564 1102 610 cst
1128 555 1454 612 lsraclitieus
1478 552 1703 626 populus
1740 554 1840 610 sub
1875 553 2062 608 Antio-
2090 563 2137 622 Α
2166 570 2287 609 mus
2331 557 2541 625 legatur
2583 554 2685 619 sic,
2732 554 2920 610 dicens
2953 572 2968 611 :
3016 555 3178 619 Deus,
3209 560 3458 610 eriterunt
3497 562 3671 624 genus
3693 557 3740 609 iu

475 649 579 704 eho
611 659 757 717 rege,
796 645 886 700 ubi
939 657 1144 717 septem
1185 646 1474 701 .‘ilachahzei
1511 645 1884 701 crudelissime
1933 652 2061 697 sunt

470 738 640 808 passi,
671 737 766 792 sed
797 737 1182 807 gloriosissime
1232 749 1358 793 sunt
1383 738 1622 792 coronati
1665 737 1764 808 (11
1808 736 2056 790 Hac/tab.

469 845 544 884 vn
565 832 616 899 );
647 829 732 883 vel
763 838 938 899 potest
981 846 1105 885 esse
1130 831 1468 902 prophetatio
1497 832 1600 885 ista
1631 831 1705 886 dc
1731 829 2058 900 persecutio-

472 938 540 977 ue
600 937 761 990 quam
808 931 929 992 post
979 924 1431 977 resurrectionem
1476 922 1690 977 Domini
1727 921 1892 976 nostri
1931 916 2057 975 Iesu

469 1014 672 1070 Christi
713 1032 866 1085 passa
899 1025 983 1070 est
1037 1025 1223 1071 sancta
1273 1017 1536 1080 Ecclesia,
1587 1031 1656 1071 es
1698 1015 1957 1086 pneputio
2005 1023 2060 1068 et

469 1104 880 1161 circumcisione
902 1107 1154 1173 collecta,
1191 1117 1245 1163 et
1277 1108 1328 1162 in
1372 1107 1612 1179 angulari
1647 1107 1819 1178 lapide
1858 1107 1909 1160 in
1953 1106 2059 1161 sal-

467 1205 656 1252 vatore
692 1207 876 1254 nostro
915 1198 1042 1254 Jesu
1072 1199 1288 1256 Christo
1322 1200 1628 1269 conjuncta,
1667 1202 1756 1272 qui
1796 1201 1930 1254 duos
1963 1216 2057 1270 po-

465 1288 622 1357 pulos
653 1290 809 1358 quasi
836 1290 971 1346 duos
1000 1293 1234 1362 parietes
1261 1308 1326 1348 ex
1356 1293 1572 1348 diverso
1603 1293 1884 1348 venientes
1913 1293 1964 1345 in
1997 1306 2058 1346 se

465 1393 662 1432 novum
693 1379 964 1434 hominem
989 1381 1181 1445 univit,
1213 1382 1264 1434 in
1288 1382 1443 1451 cujus
1470 1397 1693 1452 corpore
1720 1381 2054 1436 clamamus:

463 1468 632 1534 Abba,
669 1467 832 1524 Pater
870 1469 1043 1540 (Rom.
1076 1471 1192 1541 vui)
1229 1473 1441 1538 :Abba,
1474 1482 1736 1542 quantum
1781 1473 1848 1526 ad
1888 1473 2054 1541 ipsos,

465 1560 628 1618 Pater
659 1573 921 1632 quantum
968 1566 1034 1619 ad
1074 1582 1191 1620 nos.
1242 1565 1364 1622 llaec
1398 1567 1684 1623 luereditas
1713 1583 1816 1621 non
1850 1575 2054 1620 tantum

463 1662 548 1708 est
571 1653 771 1720 Patris,
808 1657 900 1712 sed
939 1657 1100 1712 etiam
1134 1657 1279 1724 Filii,
1309 1675 1413 1713 non
1447 1659 1589 1728 quod
1622 1657 1780 1713 Pater
1819 1658 2056 1712 moriens

463 1743 566 1798 sibi
606 1759 728 1798 eam
759 1746 992 1816 reliquit,
1026 1748 1118 1801 sed
1154 1749 1297 1816 quod
1343 1765 1464 1803 eam
1495 1749 1774 1803 moriendo
1804 1748 2053 1813 redemit,

463 1843 516 1888 et
563 1839 892 1908 resurgendo
930 1853 1050 1893 eam
1103 1838 1442 1906 utajcstativc
1490 1839 1747 1911 possedit,
1784 1855 1944 1908 quam
1987 1856 2051 1893 ex

2161 644 2516 699 hwreditatem
2561 655 2729 708 tuam,
2762 645 2812 699 id
2853 655 2956 709 est,
3001 645 3320 710 Eeelesiam,
3363 645 3437 700 ad
3477 644 3740 701 destruen-

2161 736 2284 791 dam
2310 752 2453 802 eam,
2502 753 2608 792 non
2638 738 2974 792 imitandam.
3007 735 3313 792 Polluertmt
3335 738 3601 807 templum
3637 755 3739 792 san-

2161 836 2302 879 etum
2331 838 2500 880 tuum.
2523 826 2788 882 Polluitur
2817 836 2942 882 tunc
2971 827 3226 896 templum
3257 827 3501 894 Domini,
3538 828 3740 898 quando

2161 916 2384 984 aliquis,
2413 916 2660 972 initiatus
2686 925 3030 973 sacramento
3059 917 3206 981 ﬁdei,
3234 916 3304 971 ab
3335 917 3441 972 hac
3470 918 3738 985 compelli-

2162 1017 2248 1062 tur
2274 1016 2331 1061 ut
2361 1007 2634 1063 Christum
2682 1017 2862 1080 neget.
2894 1007 3192 1063 Posueruut
3220 1006 3531 1064 Jerusalem
3569 1009 3630 1062 in
3664 1027 3741 1074 pe-

2161 1119 2368 1156 morum
2401 1103 2718 1169 custodiam,
2747 1103 2799 1159 id
2825 1110 2932 1166 est,
2959 1102 3254 1157 Ecclesiam
3296 1116 3454 1156 suam
3483 1101 3740 1156 desertam

2160 1195 2422 1258 fecerunt,
2451 1197 2606 1251 sicuti
2636 1196 2878 1251 collectis
2897 1196 3074 1265 pomis
3094 1196 3366 1251 desertum
3393 1195 3457 1250 ﬁt
3473 1195 3742 1263 tugurium

2161 1288 2212 1342 in
2247 1304 2357 1359 quo
2378 1287 2528 1359 prius
2571 1289 3016 1343 custodiebantur
3041 1303 3218 1357 poma,
3257 1287 3384 1356 quia
3418 1301 3741 1355 persequen-

2160 1381 2302 1436 tibus
2330 1382 2580 1452 gentibus
2601 1382 2813 1436 descrta
2847 1389 2932 1436 est
2953 1381 3192 1436 Ecclesia
3225 1380 3479 1445 collecta,
3508 1378 3744 1433 videlicet

2157 1483 2469 1529 sanctorum
2510 1484 2811 1546 martyrum
2869 1473 3153 1546 spiritibus
3212 1475 3366 1543 quasi
3424 1472 3745 1528 duleisimis

2159 1567 2333 1636 pomis
2373 1583 2402 1620 a
2445 1563 2732 1621 Dominico
2756 1568 2916 1622 horto
2941 1567 2992 1620 in
3019 1566 3295 1621 caelestem
3321 1579 3574 1619 mensam
3599 1563 3744 1618 colla—

2160 1659 2248 1714 tis.
2281 1659 2572 1714 Postterunt
2595 1661 2872 1713 morticina
2897 1673 3162 1714 servorum
3189 1669 3425 1721 tuorum,
3451 1658 3584 1728 quia
3611 1670 3745 1711 rece-

2159 1751 2266 1822 ptis
2296 1750 2575 1821 spiritibus
2623 1759 2936 1806 sanctorum
2987 1753 3054 1806 ab
3084 1750 3347 1822 agricola,
3373 1751 3746 1807 ,tradita'sunt

2160 1857 2385 1912 corpora
2414 1843 2708 1897 volatilibus
2730 1843 2843 1898 cadi
2874 1841 3204 1904 devorando,
3247 1841 3394 1896 velut
3418 1842 3488 1896 de
3515 1839 3743 1910 Stepha-

464 1934 692 1997 utroquc
743 1930 941 2000 populo
980 1929 1218 2002 collegit,
1264 1933 1411 2001 quia,
1440 1931 1565 1988 licet
1618 1931 1846 1986 dixisset
1877 1949 1890 1985 :
1931 1929 2056 1985 Non
2090 1949 2130 2006 υ
2161 1950 2230 1989 no
2256 1935 2468 2006 legitur,
2497 1936 2586 2005 qui
2616 1944 2736 2006 post
2780 1933 3206 1989 interfectionem
3229 1932 3438 2002 eiectus
3467 1943 3552 1989 est
3600 1941 3742 1987 extra

461 2036 574 2072 sum
612 2023 802 2077 missus
849 2024 950 2077 nisi
989 2024 1059 2076 ad
1090 2040 1205 2077 oves
1233 2040 1352 2093 quo:
1378 2024 1640 2092 perierunt
1667 2025 1854 2076 domus
1881 2021 2053 2078 Israel

461 2109 482 2180 ε
504 2109 696 2168 Matth.
725 2113 836 2184 xv),
865 2115 978 2183 ipse
1014 2124 1191 2169 tamen
1219 2113 1344 2169 alibi
1375 2114 1546 2168 dixit:
1570 2113 1716 2166 Alias
1748 2130 1865 2168 ores
1889 2112 2055 2166 habeo

459 2218 578 2272 qua:
607 2220 710 2257 non
732 2215 852 2259 sunt
881 2221 945 2260 ea:
973 2206 1068 2260 hoc
1094 2205 1215 2260 ouili
1243 2205 1435 2277 (Joau.
1477 2204 1557 2274 χ),
1585 2205 1673 2258 ubi
1701 2216 1889 2274 gentes
1920 2204 2054 2259 desi-

461 2295 668 2364 gnavit.
727 2295 927 2351 Paulus
976 2297 1141 2351 etiam
1191 2297 1293 2352 hoc
1346 2297 1485 2351 idem
1540 2297 1865 2350 confirmat:
1925 2295 2054 2350 Dico

460 2395 635 2440 autem
666 2385 933 2442 Christum
959 2388 1255 2441 ministrum
1279 2387 1443 2458 fuisse
1466 2387 1899 2452 circumrisiouis,
1927 2403 2053 2458 geu-

459 2489 535 2534 tcs
576 2491 750 2536 autem
797 2497 953 2552 super
991 2483 1345 2537 misericordia
1375 2483 1634 2536 honorare
1676 2479 1840 2536 Deum
1866 2478 2049 2550 (Rom.

459 2572 572 2644 xv),
605 2582 660 2627 et
701 2582 962 2644 utrosque
999 2573 1355 2645 coniungens,
1385 2575 1554 2629 dixit:
1600 2572 1900 2640 Lwtamiui,
1929 2589 2052 2643 gert-

459 2673 561 2728 tes,
583 2679 701 2717 cum
722 2663 866 2734 plebe
885 2662 1020 2734 ejus.
1064 2665 1204 2720 Dicit
1233 2673 1414 2735 autem
1444 2665 1521 2719 sic
1555 2664 1734 2734 Asaph
1767 2681 1779 2716 :

532 2755 696 2821 Deus,
717 2768 963 2812 venerunt
989 2766 1164 2826 gentes
1195 2756 1246 2811 in
1270 2756 1627 2810 [nereditatem
1655 2766 1824 2818 tuam,
1857 2753 2048 2821 idest,

459 2857 646 2903 contra
677 2847 961 2903 ludaicum
992 2847 1267 2916 populum,
1300 2846 1427 2917 quia
1471 2856 1559 2900 tua
1601 2845 1888 2900 hatreditas
1914 2845 2047 2898 dici-

459 2947 565 2991 tur.
621 2937 930 2994 Pollueruut
984 2938 1230 3008 templum
1277 2947 1517 2992 sanctum
1565 2945 1731 3000 tuum,
1786 2935 1910 3005 quia
1961 2934 2047 2990 ubi

457 3029 682 3084 deberet
717 3030 821 3084 coli
855 3045 1048 3083 nomen
1083 3041 1253 3093 tuum,
1305 3029 1376 3083 ibi
1418 3027 1559 3083 idola
1611 3042 1706 3080 sua
1734 3034 2048 3096 posuerunt.

458 3117 757 3175 Postremus
787 3117 1084 3173 Jerusalem
1117 3120 1171 3173 iu
1200 3134 1474 3189 pontorum
1503 3117 1816 3181 custodiam,
1865 3116 1915 3170 id
1942 3123 2050 3181 est,

455 3203 876 3274 comparabilem
929 3204 1170 3260 fecerunt
1221 3203 1520 3261 Jerusalem
1567 3203 1824 3260 custodite
1872 3218 2050 3273 pomo-

457 3315 609 3363 rtun,
660 3298 782 3368 quia
837 3299 980 3354 sicut
1033 3301 1299 3371 tugurium
1364 3298 1566 3354 factum
1625 3298 1694 3352 ad
1745 3295 2044 3353 custodiam
2075 3305 2118 3364 (ἶ

455 3402 760 3459 pomorum,
812 3389 1051 3444 collectis
1099 3390 1296 3460 pomis,
1325 3389 1614 3454 deseritur,
1642 3389 1714 3443 ita
1747 3397 1800 3443 et
1828 3385 2045 3442 Jerusa-

455 3473 928 3549 lem,quibusdam
977 3480 1090 3534 suis
1142 3479 1461 3545 interfectis,
1505 3479 1644 3536 facta
1676 3487 1762 3536 est
1806 3478 2045 3534 desolata

452 3577 508 3625 et
532 3569 772 3626 deserta.
827 3569 1129 3626 Posaeruut
1183 3571 1457 3625 morticina
1506 3587 1770 3624 servorum
1811 3580 2042 3631 tuorum,

453 3680 598 3719 escas
646 3663 940 3718 volatilibus
969 3663 1110 3718 cadi.
1154 3663 1292 3719 Ecce
1336 3678 1583 3732 magnam
1635 3668 1783 3715 notat
1819 3658 2046 3714 occisio-

455 3769 596 3814 nem,
647 3755 771 3825 quia
813 3764 963 3809 tanta
1004 3763 1122 3810 erat
1169 3754 1310 3824 quod
1358 3752 1610 3816 volatilia,
1646 3766 1765 3821 quae
1796 3765 1889 3820 per
1916 3765 2040 3805 acra

455 3844 730 3909 volabant,
779 3841 949 3900 fetore
991 3842 1430 3913 corrumpebant,
1477 3850 1531 3897 ct
1577 3839 1939 3905 attrahebant,
1982 3847 2042 3892 ut

453 3939 584 4009 ipsis
609 3940 926 4010 corporibus
952 3948 1305 4009 pascerentur
1331 3957 1344 3992 :
1393 3955 1576 3992 carnes
1596 3944 1896 3991 sanctorum
1919 3943 2038 3991 tuo-

452 4048 569 4085 rum
596 4030 770 4085 bestiis
804 4040 984 4094 terra',
1010 4031 1061 4085 id
1095 4039 1205 4098 est,
1230 4047 1334 4086 non
1364 4039 1570 4085 tantum
1599 4035 1898 4098 posuerunt
1920 4041 2046 4081 eor-

448 4136 582 4191 pora
636 4130 942 4177 sanctorum
1000 4129 1211 4176 tuorum
1254 4138 1400 4175 escas
1433 4119 1729 4174 volatilibus
1769 4117 1900 4179 coeli,
1944 4119 2037 4174 sed

447 4211 627 4266 bestiis
651 4221 827 4278 terrre,
867 4211 1046 4282 porcis
1077 4212 1323 4266 videlicet
1359 4211 1667 4272 immundis,
1701 4210 2040 4266 tradiderunt

451 4319 681 4374 corpora
717 4312 1028 4360 sanctorum
1063 4314 1275 4359 tuorum
1303 4303 1629 4359 devoranda.
1664 4303 1730 4356 Et
1759 4317 1885 4357 ecce
1910 4317 2038 4372 quo-

444 4397 630 4462 modo,
679 4395 803 4466 quia
848 4396 1102 4451 fuderunt
1156 4395 1461 4466 sanguinem
1497 4395 1733 4464 ipsorum
1786 4402 2033 4464 tauquam

445 4505 664 4560 aquarii,
709 4489 760 4544 id
791 4499 902 4555 cst,
931 4489 1270 4544 alutndanter
1311 4490 1393 4544 vel
1430 4487 1654 4558 jugiter,
1691 4497 1746 4542 ct
1782 4486 1899 4541 sine
1950 4503 2036 4541 re-

445 4589 632 4648 spectu
667 4581 897 4649 peccati,
924 4583 1049 4650 quia
1084 4597 1188 4635 non
1210 4582 1350 4651 °plus
1382 4580 1646 4636 curabant
1681 4579 1732 4635 in
1769 4579 2033 4635 cil‘usione

2154 2028 2471 2082 civitatem:
2521 2028 2604 2083 vel
2659 2027 2760 2092 sic,
2816 2027 3112 2081 Posuernat
3151 2027 3432 2080 morticina
3479 2039 3745 2079 seri-orum

2152 2130 2361 2172 tuorum
2390 2135 2534 2174 escas
2559 2118 2854 2174 volatilibus
2885 2118 3020 2183 mli,
3063 2118 3242 2176 idest.
3269 2132 3501 2188 corpora
3533 2123 3743 2170 sancto-

2154 2226 2272 2264 rum
2301 2218 2514 2265 tuorum
2562 2209 2773 2265 fuerant
2799 2223 2943 2272 esea,
2970 2208 3023 2262 id
3050 2217 3158 2272 cst,
3185 2207 3415 2262 refectio
3441 2204 3746 2260 volatilibus

2151 2300 2276 2355 corli
2307 2300 2594 2356 mobilibus
2617 2299 2889 2363 videlicet,
2921 2307 2977 2354 et
3005 2299 3055 2353 in
3089 2308 3139 2353 te
3173 2297 3331 2352 elatis
3371 2297 3460 2365 qui
3504 2295 3561 2350 in
3601 2296 3741 2351 occi-

2151 2390 2310 2445 sione
2344 2400 2654 2446 sanctorum
2685 2389 3092 2445 delectabantur
3115 2387 3274 2457 quasi
3314 2386 3366 2439 in
3414 2401 3566 2449 esca,
3607 2385 3740 2439 velut

2155 2490 2328 2536 tortor
2354 2481 2442 2536 ille
2470 2480 2772 2545 Laurentii,
2802 2481 2888 2536 cui
2931 2480 3134 2536 dictant
3178 2488 3301 2534 est:
3344 2477 3464 2533 Jan:
3510 2491 3667 2532 versa
3695 2482 3744 2528 et

2151 2574 2443 2637 manduca,
2491 2573 2641 2643 quia,
2693 2573 2817 2627 licet
2875 2571 3017 2626 istud
3075 2570 3230 2626 aliter
3264 2580 3447 2642 posset
3499 2568 3738 2637 intelligi.

2153 2678 2330 2737 potest
2379 2677 2557 2721 tamen
2609 2666 2689 2722 sic
2735 2667 2983 2737 intelligi,
3025 2665 3168 2735 quod
3210 2662 3568 2718 tormentatio
3607 2659 3740 2714 beati

2155 2759 2410 2831 martyris
2435 2759 2533 2814 sibi
2553 2769 2695 2814 esset
2720 2759 2961 2813 refectio.
2987 2757 3182 2812 Carnes
3207 2765 3510 2810 sanctoth
3538 2764 3738 2807 tuomst

2153 2848 2328 2903 bestiis
2371 2859 2547 2912 terra',
2573 2849 2624 2903 id
2668 2858 2772 2913 est,
2806 2848 3104 2903 bestialiter
3138 2844 3444 2901 viventibus
3481 2853 3539 2900 et
3575 2853 3740 2897 terre-

2155 2940 2239 2994 nis
2289 2940 2711 3004 adharreutilnts,
2749 2941 2888 2994 data:
2928 2945 3054 2992 sunt
3092 2953 3278 2991 carnes
3321 2929 3628 2990 sanctorum
3676 2934 3738 2986 ad

2153 3031 2522 3087 refectionem.
2551 3031 2865 3101 Effuderunt
2889 3031 3192 3101 sanguinem
3226 3029 3465 3097 ipsorum
3494 3038 3736 3096 tauquam

2152 3124 2646 3194 auitam,videlicct
2685 3125 2735 3178 in
2785 3124 2990 3188 littore,
3030 3122 3110 3177 vel
3142 3121 3505 3182 abundanter,
3529 3119 3631 3171 vel
3671 3117 3734 3170 ad

2151 3215 2380 3285 lapsum,
2416 3217 2545 3286 quia
2587 3217 2640 3271 in
2683 3215 2945 3271 effusione
2994 3231 3147 3285 aquae
3191 3212 3326 3268 solet
3371 3211 3490 3266 llcri
3537 3209 3732 3280 lapsus,

2151 3310 2257 3375 vel,
2291 3319 2539 3380 tanquam
2568 3325 2778 3380 aq'ttam,
2826 3307 2877 3363 id
2903 3317 3006 3373 cst,
3038 3309 3103 3362 ad
3151 3305 3478 3360 lavationem
3519 3303 3729 3374 quibus-

2150 3404 2295 3468 dam,
2326 3402 2452 3472 quia
2499 3417 2609 3455 uou
2655 3399 2941 3456 defuerunt
2977 3401 3066 3471 qui
3122 3398 3480 3454 constantiam
3526 3395 3728 3451 illorum

2149 3493 2509 3548 imitarentur.
2534 3491 2640 3548 Sed
2666 3503 2843 3546 tamen
2867 3490 2990 3546 licet
3011 3491 3226 3560 quidam
3249 3497 3430 3544 essent
3466 3489 3559 3558 qui
3591 3500 3726 3540 meo-

2149 3601 2265 3640 rum
2316 3581 2691 3639 interfectione
2732 3583 3080 3644 allucrcntnr,
3119 3591 3320 3647 tamen,
3349 3581 3418 3634 ad
3458 3592 3720 3647 compara-

2148 3675 2344 3731 tionem
2376 3683 2805 3746 persccutorum,
2842 3690 2943 3727 non
2974 3684 3082 3727 erat
3121 3673 3208 3744 qui
3251 3671 3514 3741 sepeliret,
3549 3669 3596 3722 id
3625 3674 3718 3728 est,

2145 3767 2234 3834 qui
2292 3765 2345 3820 in
2384 3780 2440 3821 se
2485 3763 2802 3820 reconderet
2834 3761 3259 3818 interfectionem
3309 3761 3574 3831 ipsorum,
3612 3756 3718 3811 imi-

2145 3857 2310 3912 tando
2343 3870 2456 3910 eos.
2488 3853 2624 3909 Nota
2654 3869 2752 3925 per
2780 3853 3066 3909 circuitum
3096 3851 3400 3907 Jerusalem
3437 3864 3714 3925 exaggera-

2144 3946 2345 4001 tionem
2375 3944 2787 4010 interfectionis,
2815 3945 2938 4014 quia
2987 3959 3091 3998 non
3129 3943 3181 3997 in
3219 3959 3331 3997 uno
3361 3943 3482 3996 loco
3525 3923 3709 3995 lanium

2143 4038 2257 4091 lucc
2285 4043 2402 4090 erat
2435 4034 2760 4099 interfectio,
2783 4035 2877 4090 sed
2910 4034 3106 4103 ubique
3134 4032 3402 4088 circuibat
3436 4031 3712 4088 Eeelesiam

2143 4124 2447 4181 interfectio
2473 4125 2742 4197 gentium;
2771 4133 2825 4178 ct
2847 4123 2929 4179 sic
2953 4123 3080 4191 facti
3105 4138 3284 4176 sumus
3301 4123 3631 4192 opprobrium
3651 4121 3710 4174 tei-

2139 4218 2271 4271 ciuis
2317 4216 2528 4281 nostris,
2583 4215 2668 4270 his
2725 4214 2972 4270 videlicet
3019 4214 3109 4284 qui
3155 4227 3320 4284 prope
3350 4228 3453 4268 nos
3490 4220 3655 4275 erant,
3682 4226 3707 4263 a

2138 4308 2334 4379 quibus
2358 4317 2441 4362 est
2477 4316 2626 4362 tanto
2646 4305 2884 4377 gravius,
2915 4314 3118 4375 quanto
3140 4303 3198 4359 tit
3225 4303 3498 4369 crebrius,
3530 4304 3609 4358 his
3632 4301 3707 4372 qui

2136 4399 2453 4469 patiuntur:
2499 4405 2552 4453 et
2597 4412 2700 4451 non
2733 4406 2942 4450 tantum
2973 4396 3059 4450 his
3087 4396 3176 4466 qui
3214 4409 3386 4466 prope
3425 4409 3528 4452 nos
3552 4400 3707 4455 erant,

2135 4496 2264 4566 facti
2331 4511 2513 4551 sumus
2593 4494 2948 4565 approbrium,
3006 4493 3098 4547 sed
3156 4491 3320 4546 etiam
3389 4490 3706 4546 subsanuatio

2134 4597 2179 4640 et
2211 4585 2386 4639 illusio
2437 4598 2624 4640 sumus
2651 4583 2732 4637 his
2758 4584 2848 4654 qui
2881 4584 2934 4638 in
2964 4582 3184 4637 circuitu
3212 4591 3393 4635 nostro
3433 4591 3574 4645 sunt,
3599 4577 3704 4649 quia

445 4671 724 4742 sanguinis
748 4681 1058 4727 sanctorum
1089 4689 1250 4742 quam
1277 4675 1322 4730 si
1349 4689 1488 4743 aqua
1525 4672 1912 4737 ctl'undcrctur,
1940 4673 2028 4726 ubi
2059 4675 2111 4736 ι)
2134 4684 2189 4732 ct
2225 4675 2449 4731 interius
2479 4690 2577 4730 nos
2609 4674 2876 4740 derident,
2911 4683 2965 4730 et
2998 4683 3152 4744 gestu
3184 4672 3434 4743 corporis
3479 4687 3580 4726 nos
3603 4669 3704 4724 sub-

446 4773 728 4831 peccatum
780 4779 886 4818 non
947 4765 1270 4819 timeretur:
1324 4775 1380 4820 et
1426 4765 1528 4819 hoc
1583 4779 1685 4817 non
1748 4763 1918 4817 solum
1977 4763 2028 4816 in

442 4851 764 4920 Jerusalem,
797 4857 890 4910 sed
922 4855 973 4910 in
1005 4857 1224 4909 circuitu
1259 4855 1572 4918 Jerusalem,
1603 4864 1647 4908 cl
1680 4871 1782 4908 non
1808 4864 1918 4908 erat
1939 4856 2028 4925 qui

443 4943 699 5014 sepeliret,
723 4945 850 5015 quia
887 4953 962 5000 tot
1011 4945 1476 5000 interﬁciebantur
1503 4953 1633 5014 quot
1668 4943 1882 5013 sepeliri
1925 4959 2028 4996 non

443 5043 732 5104 poterant;
763 5035 866 5101 vel,
900 5051 1004 5088 non
1036 5035 1134 5088 fuit
1171 5034 1364 5104 aliquis
1392 5033 1482 5103 qui
1514 5043 1730 5086 curaret
1755 5046 1848 5085 eos
1875 5046 2028 5099 sepe-

443 5125 568 5190 lire,
599 5135 656 5180 ut
697 5127 776 5182 sic
807 5136 1022 5181 notetur
1051 5141 1243 5196 magna
1296 5123 1604 5178 immanitas
1637 5132 1692 5177 et
1738 5122 2033 5177 crudelitas

441 5234 628 5262 l‘ﬂl‘lm‘
684 5222 806 5272 auia
832 5219 888 5270 in
919 5219 1236 5268 smmlitimm
1272 5217 1479 5264 scilicet
1512 5224 1729 5262 nnlalur
1755 5216 1944 5260 niolas-
1978 5216 2028 5260 in

2134 4777 2400 4822 sannant:
2434 4767 2558 4838 quia
2603 4767 2945 4821 subsanuatio
2993 4765 3072 4831 lit,
3114 4763 3332 4836 quando
3374 4765 3430 4820 in
3474 4765 3703 4835 despecto

2133 4855 2362 4925 alicujus
2413 4873 2576 4912 nasus
2627 4865 2682 4911 et
2739 4855 2888 4911 frons
2945 4855 2997 4911 in
3063 4871 3250 4927 rugam
3305 4856 3698 4938 contrahuntur.

2137 4946 2430 5019 Usqtteqno,
2461 4949 2694 5014 Domine,
2723 4948 2966 5003 irasceris
2987 4949 3042 5003 in
3069 4949 3249 5017 ﬁnem,
3281 4950 3597 5003 accendetur
3615 4945 3699 5000 rel-

2137 5052 2190 5093 ut
2233 5041 2367 5111 ignis
2405 5040 2545 5094 zelus
2581 5042 2748 5095 tuus?
2788 5039 2890 5096 Ista
2928 5049 2984 5096 et
3024 5046 3219 5094 caetera
3261 5054 3385 5109 qua:
3422 5047 3700 5110 sequuntur

2137 5129 2503 5185 indill‘crcutcr
2548 5131 2800 5184 dicuntur
2847 5130 2916 5186 de
2970 5139 3201 5198 utraque
3252 5129 3525 5194 lectione;
3567 5125 3698 5198 quasi

2133 5222 2277 5270 dicat
2305 5241 2322 5270 ε
2360 5233 2436 5270 In-
2492 5222 2729 5272 nomine-
2774 5224 2826 5274 in
2874 5223 3026 5278 cuius
3071 5223 3360 5290 pncsentia
3388 5223 3506 5278 hzec
3541 5220 3699 5274 ontnia
