3884 5758
118 359 247 414 565

1252 350 1779 409 ENARIlATlONES
1818 351 1884 405 ΙΝ
1924 350 2256 407 PSALMOS.

3285 346 3389 405 566

118 470 518 542 tranquillitate
537 470 772 539 pedicas,
798 478 984 521 etcum
1010 483 1199 537 magna
1226 469 1506 521 reverentia
1530 467 1706 533 dispo-
1741 475 1781 527 Α
1815 468 1970 521 nobis
2013 466 2429 536 improperando
2466 466 2676 520 dicunt:
2706 464 2802 519 Ubi
2834 465 2919 519 ille
2956 481 3112 534 quem
3151 468 3386 522 futurum

121 565 216 618 nis
268 562 440 632 (Sap.
490 578 563 616 xu
592 562 629 629 ).
682 560 842 615 Zelus
883 560 1091 614 Domini
1137 568 1220 612 est
1267 558 1577 627 indignatio,
1630 557 1713 611 vel

116 656 354 711 exactio
391 654 673 717 castitatis,
720 653 844 721 quia
884 651 1273 719 constringitur
1302 649 1473 703 ﬁdelis
1508 648 1709 711 anima,

122 762 200 802 ne
256 746 574 799 fornicando
623 760 652 796 a
714 743 939 796 Domino
980 742 1256 805 discedat;
1299 748 1351 793 et
1403 742 1504 793 hoc
1548 739 1605 792 ﬁt
1647 737 1712 789 ad

121 836 546 891 similitudinem
574 834 674 887 viri
704 833 929 885 viriliter
957 831 1206 885 habentis
1238 844 1457 884 uxorem
1490 829 1589 881 sub
1616 842 1711 879 sua

118 936 429 997 potestate,
460 941 545 988 ne,
587 925 630 978 si
681 924 761 976 sui
795 923 934 993 juris
975 938 1109 974 uxor
1158 920 1269 983 ﬁat,
1310 918 1509 987 aliquid
1561 928 1713 985 turpe

120 1017 303 1071 faciat
337 1026 523 1071 contra
555 1015 825 1067 maritum.
861 1010 1086 1080 E/funde
1116 1011 1248 1062 iram
1287 1019 1429 1061 tuam
1461 1008 1512 1060 in
1540 1016 1711 1076 gentes

120 1123 251 1176 qua!
296 1116 347 1159 te
396 1122 499 1159 non
545 1113 810 1162 noverunt,
854 1112 900 1154 et
942 1103 997 1154 in
1024 1118 1181 1170 regna
1215 1114 1331 1167 qua:
1355 1114 1539 1152 nomen
1566 1107 1710 1149 tuum

120 1213 238 1250 non
276 1198 663 1251 invocaverunt.
696 1194 859 1260 Quasi
900 1193 1083 1246 dicat:
1125 1191 1323 1246 Contra
1370 1200 1489 1243 tuos
1526 1203 1715 1244 accen-

121 1290 291 1342 detnr
314 1288 463 1342 zelus
489 1299 627 1348 tuus,
656 1296 712 1340 ut
740 1286 875 1356 ignis
903 1301 1136 1355 purgans
1162 1294 1216 1337 et
1244 1299 1347 1337 non
1378 1282 1709 1336 incinerans:

120 1380 179 1432 in
222 1389 403 1447 gentes
448 1388 627 1432 autem
657 1396 773 1449 qua:
809 1387 857 1430 te
890 1393 992 1429 non
1032 1385 1299 1436 noverunt,
1336 1373 1544 1442 effunde
1580 1373 1715 1426 iram

122 1482 302 1535 tuam,
332 1470 383 1524 id
409 1479 512 1536 est,
546 1470 785 1540 plenarie
823 1471 1042 1523 ostende
1072 1468 1150 1521 eis
1180 1477 1230 1521 te
1256 1481 1377 1519 esse
1406 1467 1619 1519 iratum.
1649 1464 1713 1518 Et

123 1565 180 1617 in
208 1581 372 1633 regna
398 1582 514 1628 qua:
554 1581 737 1618 nomen
759 1574 903 1617 tuum
935 1580 1034 1617 non
1064 1564 1444 1624 invocaverant,
1478 1561 1716 1631 plenarie

124 1656 346 1722 effunde
386 1656 519 1708 iram
568 1666 736 1718 tuam,
773 1664 826 1708 et
876 1654 1068 1707 merito
1116 1652 1357 1707 ellundes
1398 1652 1531 1704 iram
1571 1661 1713 1703 luant

126 1748 259 1815 quia
291 1748 625 1800 consederunt
654 1745 840 1809 Jacob,
868 1744 919 1799 id
953 1753 1053 1808 est,
1079 1746 1176 1799 sibi
1210 1744 1437 1797 ﬁdeliter
1471 1743 1714 1810 incorpo-

1817 556 2249 625 promittebatis?
2294 557 2458 623 Quasi
2498 555 2682 611 dicat:
2717 556 2853 611 Ecce
2886 565 3107 625 apparet
3156 558 3280 627 quia
3325 561 3391 612 de

1817 649 1968 703 vobis
1994 649 2194 704 nullam
2224 664 2407 705 curam
2436 649 2617 703 habet.
2652 646 2716 700 Et
2749 664 2814 701 ne
2841 647 2968 702 illud
2996 648 3210 712 dicant,
3239 649 3392 703 inno-

1815 750 1973 794 tescat
2006 742 2058 794 in
2081 740 2377 795 nationibus
2404 756 2577 792 coram
2606 738 2771 792 oculis
2802 739 2993 792 nostris
3020 738 3149 791 ultio
3178 738 3392 808 sangui-

1816 833 1895 886 nis
1922 849 2185 886 servorum
2218 842 2461 894 tuorum,
2486 821 2791 901 quia/fusus
2829 840 2933 893 est,
2978 830 3029 883 id
3070 838 3177 891 est,
3220 830 3393 883 mani-

1818 923 1948 977 festa
1975 923 2066 976 ﬁat
2096 923 2224 977 ultio
2253 924 2525 992 sanguinis
2561 937 2824 976 servorum
2861 932 3071 974 tuorum
3093 961 3108 985 ,
3153 919 3294 976 facta
3339 921 3393 974 in

1816 1014 2122 1068 nationibus
2144 1055 2157 1077 ,
2182 1014 2233 1067 id
2262 1022 2343 1068 est
2366 1054 2383 1079 ι
2405 1014 2455 1067 in
2490 1012 2734 1084 gentibus
2765 1029 2937 1065 coram
2975 1011 3140 1064 oculis
3168 1010 3359 1064 nostris
3378 1051 3392 1074 ,

1815 1107 1914 1160 etsi
1947 1107 2089 1174 ipsos
2118 1107 2316 1170 lateat,
2344 1107 2467 1174 quia
2496 1121 2598 1159 non
2645 1112 3033 1171 recognoscunt
3064 1116 3122 1157 se
3164 1115 3283 1155 esse
3310 1101 3395 1154 in-

1816 1196 1983 1250 terius
2017 1204 2333 1250 exczecatos.
2367 1195 2431 1248 Et
2452 1196 2675 1247 introeat
2700 1194 2754 1247 in
2777 1202 3046 1262 conspectu
3067 1204 3154 1245 tuo
3175 1193 3394 1262 gemitus

1815 1286 2253 1355 compeditorum,
2305 1283 2514 1337 illorum
2560 1282 2809 1337 videlicet
2852 1283 2943 1352 qui
3001 1283 3290 1351 compediti
3342 1291 3397 1337 et

1816 1372 2086 1442 aggravati
2116 1381 2239 1427 sunt
2287 1371 2619 1425 mortalitate
2646 1372 2845 1425 carnis.
2871 1370 3005 1425 Nam
3037 1372 3107 1426 illi
3147 1388 3204 1427 se
3249 1387 3397 1427 com-

1816 1464 2023 1533 peditos
2052 1464 2233 1518 dolent
2271 1464 2465 1533 quibus
2511 1463 2617 1516 vita
2666 1463 2905 1516 mortalis
2933 1471 3017 1517 est
3058 1463 3275 1518 mterori
3298 1504 3313 1527 ,
3343 1470 3400 1518 et

1818 1572 1963 1610 mors
2010 1556 2220 1621 honori,
2246 1555 2402 1624 juxta
2433 1556 2558 1609 illttd
2589 1570 2601 1608 :
2637 1557 2801 1626 Cupio
2830 1556 3045 1611 dissolvi
3069 1568 3115 1611 et
3137 1574 3247 1611 esse
3279 1574 3395 1611 cum

1816 1649 2019 1703 Christo
2050 1646 2213 1718 (Phil.
2244 1665 2302 1712 ιι,
2333 1650 2411 1717 l);
2438 1649 2519 1703 vel
2542 1650 2649 1703 sic:
2677 1648 2985 1715 Introeatin
3009 1659 3281 1717 conspectu
3307 1660 3399 1703 tuo

1819 1742 2035 1809 gemitus
2058 1740 2496 1807 compeditorum,
2527 1739 2578 1793 id
2623 1747 2741 1803 est,
2794 1740 3073 1810 sapientiae
3115 1740 3400 1809 prteceptis

127 1835 327 1889 rabant
354 1837 613 1905 quosdam
646 1838 893 1902 interius,
927 1837 1167 1905 cogendo
1198 1852 1292 1890 eos
1322 1836 1372 1888 in
1406 1851 1555 1888 suam
1589 1850 1713 1888 sen-
1750 1818 1786 1873 Β
1819 1831 2185 1884 astrictorum.
2241 1828 2338 1883 llic
2381 1829 2639 1898 qureritur
2661 1870 2676 1892 ,
2731 1844 2851 1883 cum
2908 1829 3167 1884 Dominus
3215 1830 3396 1884 dicat:

129 1925 361 1978 tentiam
407 1926 653 1989 transire,
692 1937 737 1980 et
781 1928 951 1979 locant
986 1928 1121 1996 ejus,
1157 1926 1207 1979 id
1234 1936 1337 1990 est,
1365 1924 1567 1995 singula
1602 1924 1712 1978 loca

127 2025 449 2081 sanctorum
486 2025 697 2071 tuorum
740 2017 1122 2081 desolavernnt,
1168 2017 1248 2071 vel
1280 2016 1449 2069 locant
1496 2014 1630 2084 ejus,
1663 2015 1714 2068 id

129 2115 240 2170 est,
270 2107 639 2163 ecclesiastica
672 2106 937 2173 instituta,
970 2110 1023 2163 in
1072 2108 1267 2179 quibus
1312 2108 1539 2160 ﬁrmiter
1571 2114 1716 2160 stare

126 2208 182 2252 et
232 2199 402 2254 locari
466 2200 724 2255 deberent
774 2201 997 2267 ﬁdeles,
1054 2200 1293 2255 desolata
1338 2198 1715 2261 reddiderunt,

129 2292 281 2359 quia,
320 2290 615 2346 interfectis
646 2292 869 2357 sanctis,
895 2292 1047 2361 quasi
1077 2290 1441 2345 ecclesiastica
1472 2288 1717 2342 instituta

131 2379 378 2434 desolata
409 2390 553 2436 sunt.
597 2380 730 2436 Nota
780 2383 1246 2452 exaggerationem
1292 2382 1405 2443 irae,
1448 2379 1537 2433 ubi
1566 2380 1717 2442 dicit,

130 2470 185 2521 in
212 2478 390 2537 gentes
415 2485 533 2538 qua:
552 2479 601 2523 te
628 2487 730 2524 non
760 2482 1028 2536 noverunt,
1060 2471 1183 2540 quia
1217 2487 1424 2535 servus,
1454 2471 1544 2538 qui
1576 2470 1721 2524 novit

132 2560 417 2615 dominum
455 2576 609 2616 suum
651 2570 704 2617 et
738 2563 1025 2617 committit
1052 2564 1213 2633 digna
1243 2562 1430 2634 plagis,
1460 2561 1719 2633 vapulabit

129 2652 319 2720 paucis
358 2652 513 2721 (Luc.
542 2654 659 2723 xu),
691 2653 814 2723 quia
859 2654 1256 2722 quodammodo
1290 2668 1349 2708 se
1388 2652 1722 2723 recognoscit

131 2755 254 2795 esse
284 2743 352 2797 de
400 2742 601 2795 familia
642 2743 869 2807 domini,
914 2759 1036 2798 cum
1074 2759 1197 2797 eum
1248 2757 1573 2814 cognoscere
1614 2756 1719 2796 non

132 2832 368 2898 spernit,
416 2841 473 2887 et
525 2832 603 2887 sic
647 2833 826 2887 minus
875 2833 929 2887 iu
966 2833 1271 2887 commissis
1314 2833 1575 2912 castigari
1598 2848 1722 2902 pro-

134 2923 359 2975 meruit.
421 2922 621 2979 Servus
686 2936 902 2992 autem,
960 2927 1050 2993 qui
1125 2924 1454 2978 voluntatem
1518 2925 1721 2979 domini

131 3028 469 3082 cognoscere
522 3014 874 3083 dedignatur,
934 3015 1110 3069 multis
1159 3013 1420 3084 vapulabit
1470 3013 1719 3084 (Ibid.);

134 3103 282 3157 velut
310 3104 400 3158 hic
431 3098 507 3158 de'
536 3106 781 3175 gentibus
812 3105 1042 3161 dicitur:
1066 3105 1297 3175 Effunde
1321 3107 1455 3158 iram
1494 3115 1639 3157 tuam
1665 3106 1720 3156 in

133 3203 310 3263 gentes
341 3209 458 3263 qua:
482 3204 533 3247 te
563 3210 663 3248 non
706 3206 974 3259 noverunt,
1012 3208 1059 3249 et
1098 3197 1153 3249 in
1184 3212 1340 3265 regna
1382 3211 1498 3265 qua:
1535 3210 1718 3247 nomen

132 3295 286 3337 tuum
337 3301 442 3339 non
477 3286 860 3351 invocaverunt,
909 3288 1031 3357 quia
1077 3286 1407 3340 comederunt
1453 3285 1636 3348 Jacob,
1668 3294 1715 3337 et

132 3376 309 3430 locum
361 3381 475 3449 ejus
520 3377 901 3433 desolaverunt.
939 3376 1019 3433 Ne
1054 3381 1346 3433 memineris
1388 3379 1717 3449 iniquitatum

138 3476 440 3519 nostrarum
467 3469 825 3538 antiquarum.

206 3554 377 3622 Quasi
426 3556 568 3610 dicat
603 3575 617 3610 :
658 3556 768 3611 Illis
801 3573 1060 3629 appareas
1091 3558 1290 3625 iratus,
1335 3560 1490 3614 nobis
1538 3569 1717 3613 autem

136 3646 384 3716 placatus
415 3664 517 3702 non
548 3650 857 3705 reducendo
882 3651 1131 3707 videlicet
1159 3652 1225 3707 ad
1252 3653 1566 3707 memoriam
1618 3653 1715 3707 ini-

138 3741 377 3807 quitates
406 3742 749 3811 antiquorum
794 3754 1034 3815 patrum,
1080 3755 1138 3800 ut
1168 3762 1271 3800 non
1301 3748 1490 3816 punias
1535 3747 1721 3802 videli—

137 3842 217 3885 cet
245 3873 262 3897 ,
298 3833 389 3887 sed
418 3834 667 3903 ignoscas
711 3852 808 3906 pro
849 3838 1046 3906 quibus
1078 3846 1254 3893 tamen
1285 3840 1461 3909 potius
1500 3840 1713 3895 debere-

140 3938 260 3978 mus
313 3925 557 3980 damnari
595 3942 757 3996 quam
786 3929 1019 3999 corrigi,
1074 3941 1122 3983 et
1177 3932 1277 3983 cito
1309 3931 1621 3999 anticipent,
1669 3930 1720 3984 id

140 4024 257 4081 est,
294 4026 419 4070 ante
447 4018 661 4087 capiant
685 4036 778 4073 nos
808 4022 1177 4076 misericordia!
1204 4032 1308 4075 tua:
1354 4037 1515 4091 quam
1553 4022 1618 4076 ad
1647 4022 1721 4076 la-

142 4121 301 4175 psum
330 4109 723 4176 perveniamus.
762 4109 828 4162 Et
860 4126 993 4179 OptlS
1023 4120 1104 4165 est
1124 4152 1138 4176 ,
1162 4112 1282 4182 quia
1318 4128 1569 4181 pauperes
1595 4112 1722 4180 facti

142 4213 324 4250 sumus
350 4198 523 4265 nimis,
558 4199 608 4254 id
636 4207 749 4265 est,
781 4201 994 4271 nosipsi
1028 4218 1131 4254 non
1160 4200 1454 4256 suﬁicimus
1483 4202 1548 4255 ad
1572 4201 1721 4256 salu—

146 4300 251 4344 tem
284 4300 558 4357 nostram,
582 4293 708 4362 quia
734 4309 921 4347 sumus
953 4294 1147 4347 inlirmi
1168 4333 1183 4358 ,
1216 4293 1376 4348 nimis
1408 4294 1719 4359 imbecilles,

146 4382 235 4435 sed
270 4380 484 4449 adjuvet
533 4382 906 4438 misericordia
946 4392 1035 4436 tua
1078 4382 1405 4437 debilitatem
1450 4390 1720 4447 nostram,

148 4471 569 4528 imbecillitatem
595 4484 835 4529 nostram
868 4474 1226 4544 intelligamus
1250 4484 1514 4544 praecepta
1546 4485 1634 4529 tua
1659 4489 1725 4528 ne

148 4565 438 4620 damnandi
464 4561 744 4622 veniamus
770 4567 1139 4637 adjudicium.
1178 4566 1381 4636 Adjuva
1425 4584 1549 4631 nos,
1584 4566 1721 4619 Deus
1756 4550 1799 4607 ι)

148 4655 396 4709 salutaris
418 4669 610 4711 noster.
644 4657 777 4712 Nota
796 4699 811 4723 ,
837 4660 961 4728 quia
988 4658 1090 4713 iste
1117 4672 1215 4712 nec
1241 4658 1425 4728 gratia:
1450 4656 1717 4727 ingratus,

151 4758 250 4800 nec
273 4747 498 4801 arbitrio
527 4748 694 4803 libero
735 4748 1057 4803 contrarius.
1082 4746 1214 4801 Nam
1242 4746 1331 4815 qui
1370 4744 1609 4815 adjuvari
1636 4761 1723 4799 ro-

152 4845 274 4903 gat,
307 4838 541 4907 aliquam
568 4840 914 4895 scintillulam
938 4840 1089 4893 liberi
1119 4838 1329 4894 arbitrii
1355 4839 1405 4893 in
1428 4854 1486 4893 se
1511 4839 1721 4902 retinet,

152 4944 217 4981 ex
242 4943 349 4997 quo
377 4930 537 4984 habet
560 4943 616 4984 ut
645 4931 885 5000 incipiat.
913 4931 1016 4987 Sed
1048 4932 1171 5001 quia
1215 4946 1317 4985 non
1363 4940 1446 4985 est
1489 4928 1726 4985 hominis

156 5018 385 5089 dirigere
413 5025 552 5076 viam
587 5039 741 5078 suam
792 5022 972 5093 (Prov.
1031 5041 1145 5089 xw,
1192 5033 1248 5078 et
1297 5024 1411 5077 Jer.
1441 5024 1543 5095 x.),
1577 5030 1728 5091 rogat

158 5111 396 5181 adjuvari
426 5129 520 5183 per
540 5115 768 5184 gratiam
795 5131 809 5180 ;
842 5116 982 5185 quod
1013 5117 1181 5182 dicit,
1215 5116 1407 5185 adjuva
1430 5135 1520 5172 nos
1541 5156 1556 5183 ,
1591 5114 1727 5168 Deus

158 5202 401 5257 salutaris
432 5216 629 5271 noster,
680 5213 728 5259 et
755 5218 963 5275 propter
990 5208 1209 5277 gloriam
1259 5210 1482 5264 nominis
1535 5207 1643 5270 tui,
1675 5206 1727 5259 id

160 5305 239 5347 est
258 5335 271 5357 ,
303 5303 358 5347 ιιι
384 5294 709 5363 gloriﬁcetur
736 5309 928 5350 nomen
959 5304 1105 5351 tuum
1129 5339 1142 5363 ,
1172 5296 1335 5349 libera
1359 5316 1451 5353 nos
1482 5300 1548 5354 de
1574 5293 1728 5350 malis

1822 1924 2029 1993 Diligite
2056 1924 2293 1976 inimicos
2318 1934 2542 1986 vestros,
2575 1923 2699 1975 bene
2737 1923 2892 1991 facile
2928 1924 3009 1977 his
3047 1924 3139 1993 qui
3178 1923 3399 1977 oderunt

1817 2032 1905 2068 ros
1940 2014 2153 2082 (Matth.
2193 2014 2245 2082 v)
2268 2056 2283 2077 ,
2333 2014 2564 2083 qualiter
2592 2016 2761 2069 sancti
2790 2024 2974 2082 optent
3002 2015 3294 2069 vindictam
3333 2013 3405 2068 de

1819 2105 2090 2167 inimicis,
2155 2116 2214 2158 ut
2274 2106 2327 2158 in
2386 2104 2743 2176 Apocalypsi,
2809 2106 3029 2160 Vindica
3082 2105 3400 2175 sanguinem

1822 2203 2087 2259 nostrum,
2116 2195 2260 2249 Deus
2284 2202 2464 2247 noster
2496 2195 2676 2263 (Apoc.
2706 2195 2822 2264 vt)?
2847 2194 2912 2248 Et
2962 2194 3110 2258 illud,
3139 2193 3403 2247 [relabitur

1810 2287 1988 2356 justus
2028 2303 2145 2339 cum
2194 2286 2376 2340 viderit
2415 2287 2692 2341 vindictam
2743 2288 2914 2356 (Psal.
2955 2288 3105 2358 Lvn).
3156 2286 3278 2343 Sed‘
3319 2287 3402 2341 di-

1820 2376 2047 2430 randum
2076 2386 2189 2441 est,
2239 2378 2364 2446 quia
2414 2377 2540 2433 licet
2566 2379 2689 2433 boni
2731 2388 2973 2448 quaerant
3004 2379 3298 2433 vindictam
3334 2378 3404 2432 de

1822 2467 2091 2531 inimicis,
2130 2484 2233 2521 non
2287 2477 2464 2522 tamen
2502 2470 2568 2524 ad
2606 2470 2707 2523 hoc
2734 2479 2998 2539 qumrunt,
3042 2479 3102 2525 ut
3137 2471 3407 2541 gaudeant

1823 2560 1887 2613 de
1915 2574 2069 2627 poma
2103 2559 2303 2614 initniei
2330 2601 2344 2623 ,
2372 2561 2464 2614 sed
2503 2560 2655 2625 ideo,
2687 2562 2811 2629 quia
2840 2560 3025 2616 volunt
3050 2577 3173 2616 eum
3205 2560 3403 2631 corrigi

1823 2650 1886 2703 ad
1917 2651 2307 2705 correctionem
2344 2651 2594 2717 aliorum,
2631 2661 2688 2705 ut
2727 2653 2852 2708 illud
2882 2672 2895 2707 :
2936 2654 3200 2708 (celabitur
3226 2654 3404 2722 justus

1823 2759 1941 2795 cum
1971 2743 2151 2796 viderit
2176 2743 2482 2807 vindictam,
2516 2760 2700 2797 manus
2724 2761 2848 2799 suas
2883 2743 3073 2799 lavabit
3097 2750 3150 2799 in
3187 2745 3404 2815 sangui-

1824 2853 1885 2889 ne
1927 2839 2212 2905 peccatoris
2258 2836 2467 2908 (ΜΛ).
2530 2837 2753 2892 Etizunsi
2806 2837 3039 2892 vindicta
3092 2847 3402 2893 reservatur

1824 2943 1996 2997 usque
2033 2928 2083 2981 in
2110 2928 2267 2982 ﬁnem
2287 2970 2300 2989 .
2334 2945 2439 2981 non
2467 2930 2666 2997 gaudet
2704 2930 2873 2985 bonus
2896 2929 2960 2984 de
2987 2944 3142 2999 pmna
3175 2929 3400 2995 inimici,

1825 3022 1918 3076 sed
1948 3022 2011 3075 de
2032 3019 2241 3089 justitia
2268 3021 2475 3074 Domini
2498 3062 2513 3084 ,
2536 3021 2702 3091 utqui
2736 3022 2787 3075 in
2816 3022 2917 3076 hac
2937 3022 3045 3075 vita
3070 3021 3255 3075 volunt
3286 3036 3408 3078 esse

1827 3112 2114 3182 participes
2146 3112 2442 3177 malorum,
2499 3112 2569 3167 ibi
2606 3128 2712 3167 non
2760 3113 2867 3167 sint
2908 3114 2960 3167 in
2997 3114 3217 3183 praemio
3238 3114 3408 3169 bono-

1828 3218 1979 3265 rum;
2033 3200 2155 3255 mali
2189 3212 2367 3256 autem
2415 3218 2444 3257 e
2482 3203 2755 3258 contrario
2792 3212 2983 3272 optant
3020 3203 3285 3260 vindicari
3337 3206 3407 3260 ab

1823 3293 2055 3347 inimicis
2091 3293 2234 3356 suis,
2282 3293 2406 3363 quia
2460 3293 2526 3346 ad
2573 3292 2675 3348 hoc
2722 3303 2971 3361 quaerunt
3016 3309 3124 3348 non
3180 3303 3235 3347 nt
3274 3310 3405 3364 gau-

1823 3386 1985 3439 deant
2030 3385 2095 3438 de
2146 3384 2240 3439 Dei
2291 3383 2533 3450 jnstitia,
2581 3386 2674 3439 sed
2720 3385 2786 3438 de
2834 3384 3173 3440 inimicorum
3222 3400 3403 3454 poena.

1825 3475 2125 3531 Secundum
2173 3475 2584 3544 magnitudinem
2651 3474 2850 3528 brachii
2893 3476 2968 3528 tui
3013 3476 3218 3545 posside
3264 3475 3405 3544 filios

1823 3566 2275 3633 morti/icatorum.
2318 3565 2480 3633 Quasi
2530 3565 2672 3620 dicat
2710 3583 2723 3617 :
2768 3565 2857 3620 Sic
2909 3566 3129 3620 introeat
3176 3568 3230 3620 in
3281 3584 3409 3621 con-

1822 3670 1999 3726 spectu
2027 3670 2114 3712 tuo
2143 3660 2365 3728 grauitas
2387 3658 2827 3728 compeditorum,
2871 3666 2930 3712 nt
2977 3658 3250 3727 possideat
3290 3674 3406 3713 ma-

1824 3751 2043 3821 gnitudo
2099 3750 2306 3805 brachii
2359 3751 2432 3804 tui
2480 3750 2620 3819 ﬁlios
2665 3751 3138 3820 mortiﬁcatorum,
3176 3751 3304 3821 quia
3350 3750 3404 3805 in

1827 3851 1913 3906 te,
1959 3858 2065 3896 non
2118 3841 2170 3895 in
2222 3856 2280 3895 se
2320 3850 2583 3910 possunt,
2634 3841 2773 3895 sicut
2822 3841 3149 3910 Apostolus:
3183 3840 3403 3904 Omnia.

1825 3931 2031 4001 inquit,
2063 3948 2268 3999 possunt
2326 3932 2378 3985 in
2428 3948 2486 3986 eo
2530 3932 2619 4002 qui
2660 3949 2739 3985 me
2784 3932 3043 4001 confortat
3091 3930 3257 4004 (Phil.
3306 3934 3404 4003 Iv).

1824 4022 1945 4077 Filii
2017 4022 2465 4077 mortiﬁcatorum
2520 4030 2641 4077 sunt
2702 4022 3002 4077 imitatores
3061 4033 3402 4096 martyrum,

1826 4113 1950 4182 quia
1982 4113 2079 4182 ipsi
2105 4122 2371 4184 martyres
2397 4112 2623 4168 interius
2643 4112 2973 4168 mortiﬁeaut
3016 4128 3075 4170 se
3115 4128 3239 4169 cum
3262 4115 3411 4171 vitiis

1825 4212 1879 4260 et
1936 4204 2430 4274 concupiscentiis,
2486 4214 2541 4261 et
2589 4205 2832 4260 exterius
2879 4221 2909 4258 a
2967 4207 3406 4276 persecutoribus

1827 4298 2241 4353 mortiﬁcamur.
2292 4298 2359 4352 Et
2392 4299 2545 4352 redde
2581 4298 2765 4351 vicinis
2803 4297 2992 4351 nostris
3018 4299 3307 4368 septuplum
3355 4300 3409 4351 in

1827 4390 1944 4443 sinu
1971 4406 2172 4443 eorum.
2224 4389 2388 4456 Quasi
2424 4390 2608 4444 dicat:
2650 4387 2927 4442 Possideat
2964 4387 3275 4458 magnitudo
3308 4404 3408 4459 po-

1829 4478 2008 4532 tentia:
2036 4485 2141 4532 ture
2164 4476 2299 4531 ﬁlios
2323 4476 2790 4539 mortiﬁcatorum,
2813 4476 2997 4531 vicinis
3018 4485 3195 4531 autem
3218 4479 3409 4532 nostris

1829 4567 2050 4621 retribue
2070 4566 2384 4638 septuplum,
2398 4566 2647 4620 videlicet
2661 4566 2811 4635 plena
2821 4566 2953 4619 riam
2976 4566 3413 4633 retributionem,

1828 4666 1887 4712 ut
1920 4673 2015 4728 per
2044 4659 2414 4729 septiformem
2454 4657 2681 4730 gratiam
2711 4656 2947 4728 Spiritus
2981 4658 3151 4714 sancti
3188 4672 3246 4715 se
3275 4675 3407 4715 con-

1827 4750 1977 4809 fusos
2005 4761 2415 4824 recognoscant,
2446 4764 2501 4809 et
2528 4753 2579 4807 in
2610 4752 2732 4806 sinu
2760 4761 2853 4808 tuo
2877 4754 3104 4825 gratiam
3131 4763 3411 4823 quaerant:

1831 4856 1885 4903 et
1921 4847 2000 4901 sic
2042 4845 2198 4899 redde
2238 4845 2614 4918 imprOperium
2645 4844 2876 4913 ipsorum
2903 4844 3042 4915 quod
3071 4848 3412 4913 ea‘probrave-

1832 4948 1952 4991 runt
1986 4937 2098 5000 tibi,
2128 4935 2375 5000 Domine,
2407 4946 2473 4995 ut
2500 4933 2629 4992 illud
2650 4975 2664 4998 ,
2691 4935 2972 5000 videlicet,
3002 4935 3142 5004 quod
3172 4933 3289 4987 aliis
3318 4933 3417 4987 im-

1831 5030 2215 5103 properabant,
2238 5026 2318 5082 eis
2350 5028 2760 5108 impr-operetur
2787 5043 2946 5085 causa
2975 5026 3072 5079 tui.
3104 5023 3199 5077 Vel
3225 5023 3417 5077 aliter:

1838 5121 2014 5175 Redde
2063 5120 2244 5175 vicinis
2293 5129 2515 5188 nostris
2559 5116 2866 5186 septuplum,
2912 5117 2962 5171 id
3007 5112 3422 5181 est,plenariam

1835 5213 2129 5268 vindictam
2168 5211 2221 5264 in
2258 5224 2528 5286 corpore
2558 5205 2805 5263 videlicet
2847 5217 2899 5263 et
2939 5203 3130 5265 anima,
3158 5214 3305 5268 quae,
3332 5215 3437 5269 per.

1836 5313 2018 5375 partes
2048 5302 2377 5376 septenarii,
2435 5299 2849 5393 quaternarium
2874 5294 3141 5393 videlicet,
3168 5299 3220 5393 et
3253 5299 3435 5391 terna-

163 5393 205 5434 et
226 5383 474 5452 propitius
494 5395 601 5439 esto
637 5384 860 5453 peccatis
885 5387 1073 5441 nostris
1097 5396 1305 5458 propter
1338 5406 1522 5444 nomen
1561 5396 1729 5451 tuum,
1837 5394 2009 5460 rium,
2056 5393 2417 5461 intelligam“
2550 5390 2682 5449 ﬁam
2727 5402 2947 5459 corpus,
2990 5381 3128 5451 quod
3168 5378 3459 5432 elementis.

163 5471 335 5525 dando
360 5474 598 5529 videlicet
626 5481 685 5527 ut
726 5472 1096 5533 tribulationes
1121 5493 1255 5548 quas
1274 5481 1511 5545 patimur
1528 5521 1543 5546 ,
1579 5476 1730 5530 nobis
1838 5497 2069 5557 quatuor
2089 5493 2323 5551 constat,
2349 5467 2489 5560 De}
2515 5481 2921 5560 quaternarium
2941 5467 3465 5540 iutelligitur,anima.

162 5560 267 5611 sint
298 5563 598 5631 propitiatio
619 5573 964 5633 peccatorum
985 5606 998 5629 ,
1044 5584 1108 5623 ne
1130 5569 1367 5638 peccatis
1389 5567 1731 5642 exigentibus
1840 5591 1967 5632 vero
1995 5594 2091 5647 per
2122 5577 2469 5649 ternarinn,
2488 5631 2505 5655 ,
2547 5576 2771 5650 propter
2802 5578 2908 5625 “es
2933 5567 3151 5622 νίτωίθδ
3178 5572 3466 5656 ⁵¹¹²⁸’,,¹’ἶ¹“

161 5655 409 5710 cedamus
433 5658 727 5714 idololatris
751 5676 763 5710 :
792 5677 851 5714 ne
897 5661 1029 5729 forte
1055 5664 1226 5717 dicant
1249 5662 1302 5714 in
1341 5669 1612 5734 gentibus:
1634 5661 1712 5714 Ub

1844 5645 2042 5723 tionem
2070 5670 2189 5723 vide
2214 5667 2339 5731 lcet,
2376 5645 2567 5738 ί
2583 5706 2599 5729 ,
2623 5656 3132 5729 οοηρυρῑεοθῐιιὶιὶῐιὶῖ
3162 5649 3298 5745 quod
3319 5645 3470 5745 dicit,

272 5747 303 5758 -δ
897 5753 908 5758 -
979 5752 1005 5758 _
1720 5754 1728 5758 _
2703 5746 2714 5758 Ι
2839 5752 2849 5758 .
2935 5752 2945 5758 .
3250 5738 3468 5758 Πμ-ί“ι-ο
