3884 5776
509 337 616 406 56⁵1

1166 346 1427 406 REMlGll
1461 350 2117 416 ANTISSIODOBENSIS
2154 361 2309 419 OPP.
2346 365 2527 423 PARS
2563 369 2604 423 l.
2642 398 2711 409 —-
2749 370 3157 431 EXEGETICA.
3660 380 3747 441 568

507 451 779 519 videlicet,
803 469 909 509 non
940 455 1098 511 cadat
1120 458 1188 513 ab
1216 460 1314 523 eis,
1344 475 1395 515 et
1427 464 1583 518 redde
1612 465 1692 521 eis
1720 467 2090 537 impmperimu
2123 477 2166 534 Α
2198 472 2446 529 videlicet
2471 484 2529 530 et
2554 476 2851 534 Ecclesium
2870 521 2885 546 ,
2927 484 3051 551 quia
3090 488 3267 539 omnis
3294 486 3564 556 scriptura
3592 490 3668 542 vel
3689 492 3746 547 de

504 543 748 647 ipsorum
791 546 931 647 quod
976 548 1413 647 exprobrauerunt
1445 554 1560 619 tibi,
1592 553 1842 620 Domine,
1888 566 1946 612 ιιι
1985 558 2088 628 ipsi
2190 562 2410 621 Christo
2440 566 2524 622 vel
2554 568 2620 623 de
2646 543 2890 627 Ecclesia
2928 543 3052 629 est:
3088 583 3143 630 et
3168 592 3262 645 pro
3293 543 3544 646 Asspriis,
3577 580 3629 634 id

503 632 756 688 videlicet
784 633 1083 703 perdantur
1109 637 1164 691 in
1190 638 1293 695 hoc
1319 641 1460 709 quod
1489 651 1681 712 putant
1711 660 1810 700 nos
1836 647 2082 715 perdere.

2185 654 2285 724 pro
2319 655 2703 729 dirigentibus,
2750 670 2848 729 ut,
2897 665 2989 734 qui
3039 666 3192 735 prius
3224 666 3451 733 fuerunt
3492 672 3742 738 generatio

506 716 620 827 Nps
649 732 820 777 autem
845 724 1070 794 populus
1093 736 1247 827 tuus,
1291 740 1337 782 et
1379 747 1494 784 ores
1519 749 1729 802 pascua!
1758 743 1885 801 tum,
1922 737 2086 806 conﬁ-
2186 761 2350 815 prava
2379 716 2807 820 etvexasperans,
2831 716 3092 825 deinceps
3117 728 3354 827 dirigant
3381 772 3444 813 se
3471 716 3740 815 si:me

500 812 724 877 tebimm'
757 815 849 868 tibi
881 816 937 869 in
974 816 1266 902 arculum;
1304 831 1358 875 et
1398 823 1612 878 tandem
1652 828 2082 882 annuntiabimus
2184 812 2517 893 voluntatem
2548 812 2953 899 DominisDicit
2979 812 3160 901 autem
3190 812 3269 902 sic
3292 867 3339 901 :.

497 900 709 971 laudem
731 912 876 958 tuam
905 906 960 959 in
987 900 1318 978 generatione
1340 921 1386 963 et
1400 915 1809 980 generationem,
1839 916 1909 971 ibi
1938 918 2083 973 vide-

497 989 626 1048 licet
647 994 737 1048 ubi
760 1010 950 1051 omnes
974 1005 1182 1067 gentes,
1206 1015 1328 1070 quae
1347 1000 1437 1056 hic
1457 1005 1773 1071 succedunt,
1796 1007 1950 1077 quasi
1972 1024 2077 1062 una

495 1085 772 1153 generatio
796 1097 977 1141 erunt.

988 1286 1310 1346 PSALMUS
1340 1291 1575 1347 LXXIX.

489 1456 544 1498 ut
578 1457 742 1513 ΕΙΕΕΙ
775 1459 875 1498 PRO
911 1460 998 1499 ωε
1034 1461 1120 1509 QUI
1162 1463 1653 1511 COMIU‘I‘ABUNTUB,
1696 1466 1932 1507 PSALNUS

838 1529 1094 1583 Αεειιιιιε,
1136 1533 1501 1575 ΤΕὸΤΙΙθΝιυΜ
1538 1536 1723 1574 ASAPH.

2255 925 2360 992 Qui
2389 930 2524 999 regis
2555 929 2741 997 Israel,
2792 934 3019 1002 intende,
3071 937 3256 1004 idest,
3291 941 3570 997 infensum
3597 951 3649 997 te
3672 943 3742 1001 ias

2181 1017 2306 1072 huic
2340 1021 2610 1089 regimini,
2658 1025 2893 1094 regendo
2935 1027 3185 1103 videlicet
3211 1029 3400 1096 Israel,
3456 1031 3515 1085 id
3538 1041 3642 1097 est,
3664 1031 3738 1086 lu-

2182 1109 2389 1165 Jaicum
2419 1113 2694 1181 populum.
2730 1114 2799 1168 Et
2831 1117 2920 1187 qui
2949 1118 3163 1174 deducis
3191 1120 3328 1175 velut
3364 1137 3516 1175 avent
3545 1120 3739 1191 Ioseph.

2176 1203 2428 1273 populum
2464 1206 2714 1264 videlicet
2743 1211 3001 1280 gentium,
3030 1214 3118 1283 qui
3150 1229 3249 1284 per
3274 1214 3477 1288 Joseph
3516 1217 3743 1288 intelligi-

2179 1302 2286 1360 tur,
2339 1296 2463 1365 quia
2501 1309 2881 1370 angmentatus
2921 1312 3002 1359 est
3032 1304 3085 1358 in
3114 1306 3280 1375 priori
3311 1308 3515 1377 populo
3539 1349 3558 1372 ,
3599 1317 3654 1363 ut
3688 1327 3741 1365 ex

2174 1394 2402 1457 utroque
2433 1388 2585 1444 fieret
2615 1408 2803 1447 unum.
2856 1395 2970 1461 Vel,
3002 1405 3180 1467 potest
3201 1398 3359 1455 alicui
3390 1415 3679 1456 occurrere
3700 1402 3743 1455 in

1971 1468 2071 1508 "‘0
2171 1487 2350 1533 mente
2378 1480 2609 1548 qualiter
2635 1481 2832 1554 Joseph
2863 1500 2894 1539 a
2923 1486 3184 1544 fratribus
3224 1489 3329 1543 fuit
3370 1491 3666 1554 venditus,
3699 1503 3742 1544 et

2171 1567 2226 1621 in
2258 1566 2494 1640 :Egypto
2521 1572 2811 1639 exaltatus,
2843 1584 2897 1628 et
2929 1576 3009 1632 sic
3044 1577 3112 1632 ad
3143 1580 3465 1634 memoriam
3496 1579 3742 1635 ducamus

564 1684 585 1719 ε
618 1666 722 1734 Qui
768 1669 913 1740 regis
956 1668 1116 1725 Israel
1141 1713 1156 1738 ,
1191 1657 1465 1729 intende:
1516 1677 1607 1746 qui
1654 1678 1876 1734 deducis
1925 1681 2069 1740 vel",
2171 1658 2272 1711 sub
2301 1673 2409 1727 quo
2437 1676 2644 1725 sumus,
2681 1671 2884 1718 etcum
2911 1666 3140 1733 quibus,
3182 1668 3432 1724 videlicet
3463 1669 3638 1725 Israel
3660 1712 3673 1727 .
3700 1672 3741 1726 id

491 1774 511 1809 ι
547 1772 702 1814 ovem
733 1759 952 1832 Ioseph.
1005 1763 1105 1830 Qui
1143 1766 1299 1822 sedes
1336 1784 1497 1838 super
1523 1770 1846 1839 Cberubim,
1890 1775 2064 1829 mani-

2171 1758 2277 1816 est,
2313 1767 2433 1806 cum
2461 1751 2685 1811 Judaieo
2731 1756 2928 1825 populo
2960 1758 3115 1828 prius
3141 1760 3405 1822 credenti,
3434 1762 3564 1829 quia
3613 1762 3738 1816 saltis

489 1865 509 1901 ι
543 1849 745 1906 festam
771 1825 951 1908 εοτξιη,
979 1825 1255 1925 Εῇιιηίηι,
1286 1825 1560 1929 Beniamin
1587 1872 1641 1917 ει
1664 1825 1927 1928 Μαηθέεθ.
1961 1867 2066 1922 Ex-
2100 1825 2141 1883 Β
2169 1860 2233 1897 ex
2259 1843 2467 1899 Judwis
2496 1856 2569 1901 est
2597 1847 2789 1916 (Joan.
2824 1849 2904 1922 tv)
2930 1870 2942 1903 :
2974 1859 3029 1907 et
3058 1851 3179 1905 ideo
3202 1860 3256 1905 tu
3277 1891 3293 1916 ,
3330 1852 3597 1918 oleaster,
3649 1855 3737 1907 noti

490 1959 515 1992 ο
546 1942 649 1998 cita
682 1947 974 2015 potentiam
1011 1955 1177 2016 tuam,
1206 1959 1260 2006 et
1288 1952 1431 2016 veni,
1464 1963 1521 2008 ut
1544 1953 1719 2010 salvos
1746 1942 1915 2011 facias
1943 1973 2061 2013 nos.

486 2054 504 2086 ι
543 2036 720 2102 Deus,
774 2050 1029 2095 converte
1059 2057 1159 2097 nos
1202 2051 1257 2098 et
1296 2045 1519 2100 ostende
1548 2045 1740 2102 faciem
1781 2057 1923 2104 luam
1947 2090 1961 2111 ,
2011 2059 2065 2106 et

483 2143 507 2178 ι
543 2125 674 2182 salvi
706 2130 933 2185 erimus.
987 2132 1213 2187 Domine
1256 2134 1397 2190 Deus
1438 2137 1695 2192 virtutum
1722 2180 1737 2205 ,
1786 2155 2064 2209 quousque

486 2231 505 2266 ι
541 2215 795 2273 irasceris
833 2234 1002 2290 super
1022 2222 1323 2297 orationem
1367 2227 1507 2280 servi
1553 2228 1667 2281 tui?
1715 2230 1933 2285 Cibabis
1966 2246 2063 2286 nos

484 2328 504 2360 ι
541 2325 679 2380 pane
702 2310 1157 2384 lacrymarum,et
1170 2328 1352 2389 potum
1372 2321 1523 2376 dabis
1549 2323 1703 2377 nobis
1730 2324 1781 2378 in
1812 2323 2064 2397 lacrymis

483 2419 507 2453 ι
536 2402 591 2456 in
632 2419 904 2461 mensura.
954 2406 1187 2465 Posuisti
1220 2426 1315 2466 nos
1345 2412 1397 2467 in
1427 2414 1904 2471 contradictionem
1934 2417 2063 2472 vici-

484 2511 505 2544 s
541 2493 623 2550 nis
654 2494 876 2563 nostris,
914 2511 970 2554 et
999 2500 1203 2557 inimici
1234 2505 1402 2559 nostri
1435 2490 1905 2563 subsannaverunt
1939 2525 2058 2566 nos.

483 2602 507 2635 ο
542 2585 685 2642 Deus
712 2588 972 2644 virtutum
994 2632 1007 2655 ,
1050 2603 1303 2649 converte
1328 2610 1427 2650 nos
1451 2636 1468 2663 ,
1515 2605 1570 2652 et
1615 2599 1835 2653 ostende
1864 2598 2059 2655 faciem

482 2692 503 2725 ι
538 2685 706 2743 tuam,
730 2688 785 2734 et
809 2680 942 2735 salvi
964 2682 1185 2739 erimus.
1228 2685 1448 2740 Vineam
1471 2689 1538 2741 de
1561 2687 1795 2759 )Egypto
1826 2699 2061 2744 transtu-

482 2784 500 2817 ι
534 2766 665 2835 l‘isti,
696 2769 902 2839 ejecisti
933 2784 1141 2845 gentes,
1169 2784 1225 2830 et
1251 2776 1503 2847 plantasti
1535 2795 1673 2834 eam.
1709 2782 1822 2835 Dux
1850 2781 2058 2836 itineris

482 2876 502 2910 ι
536 2857 685 2916 fuisti
726 2861 779 2916 in
815 2850 1107 2934 conspectu
1136 2864 1274 2935 ejus,
1307 2879 1360 2923 et
1391 2870 1644 2938 plantasti
1682 2871 1890 2927 radices
1918 2874 2057 2943 ejus,

479 2971 498 3003 ι
530 2960 587 3006 ει
614 2953 856 3024 implevit
887 2964 1105 3012 terram.
1142 2957 1367 3029 Operuit
1395 2972 1607 3018 montes
1633 2964 1825 3018 umbra
1856 2964 1974 3034 ejus
2004 2973 2058 3020 et

478 3063 500 3094 ‹
532 3042 754 3099 arbusta
793 3046 910 3116 ejus
938 3048 1131 3104 cedros
1171 3049 1281 3105 Dei.
1336 3051 1593 3109 Extendit
1636 3055 1888 3125 palmites
1931 3072 2059 3113 suos

478 3153 497 3183 ι
533 3138 816 3243 usquenad
862 3154 1033 3243 mare,
1081 3150 1137 3196 et
1178 3159 1349 3243 usque
1389 3146 1455 3200 ad
1498 3145 1694 3203 flumen
1735 3151 2057 3239 propagines
2084 3182 2128 3243 ο

478 3243 498 3275 ι
530 3224 665 3295 ejus.
704 3227 774 3284 Ut
802 3231 928 3300 quid
960 3232 1271 3292 destruxisti
1304 3239 1594 3294 maceriam
1624 3239 1764 3309 ejus,
1791 3251 1845 3297 et
1871 3236 2059 3299 vinde-

480 3335 500 3367 ι
537 3318 706 3374 miant
756 3337 876 3377 eam
925 3339 1114 3381 omnes
1159 3328 1250 3398 qui
1300 3331 1820 3402 praetergrediuntur
1865 3335 2056 3391 viam?

477 3427 498 3460 ι
532 3409 926 3470 Exterminavit
950 3431 1069 3471 eam
1095 3434 1227 3489 aper
1245 3420 1313 3476 de
1336 3421 1491 3487 silva,
1517 3432 1571 3479 et
1593 3424 1882 3495 singularis
1907 3425 2055 3482 ferus

476 3520 496 3552 ι
530 3502 787 3574 depastus
831 3515 919 3561 est
961 3521 1101 3562 eam.
1159 3511 1301 3566 Deus
1346 3511 1641 3581 virtutum,
1691 3524 2052 3581 convertere;

473 3610 494 3642 ι
527 3594 733 3664 respice
762 3596 835 3651 de
858 3597 1014 3661 casio,
1042 3607 1092 3654 et
1116 3599 1257 3666 vide,
1278 3608 1334 3656 et
1359 3601 1512 3657 visita
1537 3604 1750 3660 vineam
1781 3606 1961 3662 istam.
1990 3607 2060 3663 Et

478 3700 498 3730 ι
532 3682 732 3751 perfice
760 3698 879 3739 eam
912 3702 1073 3756 quam
1100 3688 1363 3759 plantavit
1389 3691 1610 3749 dextera
1643 3703 1732 3750 tua
1756 3736 1771 3760 ,
1806 3705 1861 3753 et
1894 3712 2058 3768 super

476 3792 496 3824 ι
530 3773 697 3830 tilium
726 3776 961 3833 hominis
985 3794 1143 3849 quem
1169 3783 1500 3839 confirmasti
1532 3784 1645 3840 tibi.
1698 3786 1922 3844 Incensa
1944 3788 2053 3858 igni

477 3884 498 3916 ι
531 3873 585 3919 ει
629 3865 895 3935 suffossa,
942 3871 1011 3925 ab
1056 3871 1421 3942 increpatione
1452 3873 1628 3929 vultus
1666 3876 1738 3930 tui
1780 3877 2050 3947 peribunt.

477 3971 499 4003 ο
530 3953 652 4009 Fiat
675 3971 867 4013 manus
894 3970 979 4013 tua
1005 3975 1165 4039 super
1187 3962 1358 4017 virum
1389 3963 1624 4020 dextera:
1654 3975 1779 4033 tuae,
1810 3975 1865 4022 et
1892 3982 2054 4039 super

474 4062 495 4094 ι
531 4043 697 4099 ﬁlium
724 4046 960 4103 hominis
978 4064 1135 4118 quem
1156 4035 1490 4108 confirmasti
1518 4055 1635 4110 tibi.
1668 4056 1735 4112 Et
1757 4072 1860 4112 non
1883 4035 2053 4114 dis—ce-

471 4151 493 4183 ι
527 4132 704 4189 dimus
736 4148 765 4188 a
799 4144 887 4192 te:
924 4136 1222 4194 viviﬁcabis
1249 4155 1368 4206 nos,
1399 4149 1456 4197 et
1485 4158 1682 4199 nomen
1717 4153 1863 4200 tuum
1893 4146 2047 4201 invo-

471 4240 498 4275 ο
528 4224 789 4282 cabimus.
821 4228 1048 4285 Domine
1081 4231 1220 4287 Deus
1253 4233 1527 4300 virtutum,
1563 4246 1819 4292 converte
1849 4252 1968 4304 nos,
1995 4247 2052 4294 et

471 4333 491 4366 ι
523 4316 757 4373 ostende
779 4317 969 4374 faciem
1006 4328 1178 4388 tuam,
1208 4330 1263 4377 et
1287 4322 1421 4379 salvi
1451 4326 1676 4381 erimus.
1708 4345 1727 4379 ι

1029 4494 1181 4551 ENA
1194 4495 1328 4551 ΒΕΑ
1335 4496 1405 4552 TI
1412 4499 1477 4553 0.

536 4642 594 4698 ln
626 4645 731 4701 hoc
763 4647 969 4716 psalmo
997 4657 1254 4706 cantatur
1277 4652 1343 4706 de
1369 4651 1602 4708 adventu
1635 4653 1846 4710 Dmnini
1874 4658 2043 4712 nostri

462 4733 592 4790 Jesu
620 4735 854 4805 Christi,
883 4746 940 4793 et
962 4740 1030 4795 de
1055 4739 1212 4795 vinea
1240 4739 1357 4810 ejus
1381 4760 1394 4797 :
1425 4751 1481 4798 et
1505 4752 1693 4799 cantat
1717 4760 1840 4801 eum
1869 4746 2043 4818 Asaplr

464 4835 752 4883 correctus.
783 4838 838 4885 et
878 4830 1253 4900 illuminatus,
1305 4835 1499 4905 plenus
1546 4838 1796 4895 videlicet
1841 4838 2042 4910 Spiritu

462 4927 697 4974 sancto:
738 4929 795 4976 et
824 4931 906 4978 est
937 4922 1172 4993 psalmus
1200 4941 1295 4996 pro
1324 4926 1405 4981 his
1438 4927 1527 4998 qui
1562 4928 2041 4985 commutabantur.

466 5007 832 5068 Commutatio
858 5025 939 5070 est
968 5015 1051 5070 vel
1087 5016 1141 5071 in
1175 5014 1345 5087 pejus,
1373 5017 1460 5072 vel
1490 5018 1542 5071 in
1572 5017 1782 5093 melius.
1835 5018 1911 5074 De
1942 5021 2043 5074 hac

465 5107 648 5172 autem
677 5106 1099 5162 commutatione
1126 5122 1246 5176 quae
1273 5116 1358 5162 est
1388 5109 1440 5161 in
1468 5106 1645 5178 pejus,
1672 5125 1776 5164 non
1809 5109 2045 5179 loquitur

461 5194 553 5249 hic
585 5196 840 5266 psalmus,
879 5214 1007 5265 cum,
1042 5201 1370 5255 de-adventu
1408 5200 1621 5257 Domini
1657 5202 1912 5273 loquitur,
1948 5204 2039 5274 qui

464 5283 569 5339 fuit
606 5300 769 5342 causa
812 5289 1253 5344 commutationis
1293 5290 1347 5343 in
1387 5289 1622 5345 melius:
1654 5294 1778 5363 quia
1818 5293 1950 5348 sicut
1989 5296 2043 5349 in

468 5374 637 5428 Adam
666 5392 840 5431 omnes
869 5379 1188 5439 moriuntur.
1217 5377 1295 5432 ita
1323 5388 1372 5433 et
1406 5380 1460 5433 in
1487 5379 1694 5437 Christo
1721 5400 1897 5438 omnes
1917 5385 2047 5439 vivi-

467 5462 766 5531 ﬁcabuntur
811 5466 874 5538 (I
924 5466 1047 5527 Cor.
1097 5468 1223 5539 xv);
1279 5479 1335 5523 et
1385 5479 1471 5526 est
1519 5472 1870 5529 testimonium
1918 5476 2045 5545 quia

467 5562 697 5625 testatur
721 5558 788 5613 de
813 5570 940 5628 rege
964 5568 1021 5613 et
1049 5558 1115 5613 de
1140 5559 1315 5629 plebe,
1342 5561 1407 5616 de
1431 5570 1667 5633 pastore,
1690 5574 1747 5620 et
1769 5568 2048 5622 sacerdote

469 5647 627 5711 etde
653 5662 835 5718 grege,
870 5649 937 5705 de
964 5648 1185 5707 Christo
1223 5660 1280 5707 et
1303 5652 1468 5711 ’vinea
1501 5653 1651 5722 ejus,
1700 5647 1873 5711 totum
1899 5657 2047 5714 vide—

2068 4529 2123 4590 Β

2169 1934 2336 1988 altum
2367 1951 2579 2006 sapere,
2605 1940 2701 1994 sed
2733 1940 2881 2005 time,
2912 1959 3014 1995 non
3040 1952 3097 1995 tu
3123 1943 3260 1996 enim
3292 1944 3525 1998 radicem
3555 1956 3736 2012 partes,

2169 2026 2259 2080 sed
2292 2028 2447 2081 radix
2495 2038 2545 2082 te
2571 2028 2742 2098 (Rom.
2777 2029 2878 2101 xi).
2931 2030 3034 2097 Qui
3062 2032 3207 2087 sedes
3249 2050 3408 2103 super
3438 2032 3738 2093 Clierubint,

2168 2119 2527 2189 manifestare.
2558 2119 2834 2176 Clterubim
2863 2131 2945 2178 est
2974 2122 3213 2181 Ecclesia
3243 2125 3359 2188 Dei,
3390 2133 3449 2179 et
3478 2125 3738 2196 interpre-

2169 2221 2312 2265 tatur
2357 2212 2622 2282 plenitudo
2665 2214 2929 2279 srieutia',
2981 2215 3073 2271 sed
3120 2223 3298 2271 tamen
3349 2231 3458 2270 non
3486 2217 3739 2287 desperet

2166 2302 2396 2356 humana
2449 2302 2743 2374 fragilitas,
2794 2306 2918 2375 quia
2965 2305 3194 2377 quisque
3242 2305 3421 2369 fidelis
3466 2316 3554 2362 est
3600 2307 3739 2362 sedes

2166 2390 2287 2457 Dei,
2321 2393 2464 2448 sicut
2489 2393 2750 2463 scriptum
2785 2403 2909 2449 est:
2938 2396 3127 2450 Anima
3167 2397 3325 2466 justi,
3372 2398 3529 2453 sedes
3561 2410 3639 2453 est
3661 2416 3735 2452 sa-

2160 2480 2389 2548 pientiae.
2441 2481 2650 2537 Habeat
2674 2481 2838 2537 etiam
2882 2483 3111 2554 quisque
3143 2485 3471 2541 cltaritatem
3502 2498 3560 2542 et
3588 2488 3735 2542 habet

2163 2662 2180 2731 (
2188 2659 2340 2715 Rom.
2361 2664 2503 2734 xm),
2515 2664 2605 2735 qui
2618 2677 2788 2720 manet
2808 2667 2863 2720 in
2873 2667 3152 2731 charitate,
3164 2668 3216 2720 in
3234 2667 3340 2721 Deo
3358 2680 3534 2723 manet
3550 2680 3597 2723 et
3613 2669 3735 2723 Deus

2160 2753 2216 2806 in
2241 2770 2299 2807 eo
2328 2754 2377 2825 (1
2406 2754 2569 2810 Joan.
2603 2756 2675 2827 tv)
2699 2773 2713 2824 ς
2742 2759 2883 2828 quod
2914 2758 3043 2813 dicit
3073 2777 3085 2812 :
3122 2758 3225 2825 Qui
3250 2760 3399 2815 sedes
3427 2778 3585 2831 super
3611 2761 3731 2816 Clie-

2163 2845 2354 2909 rubim,
2385 2849 2743 2918 manifestare,
2798 2849 2851 2905 id
2880 2859 2984 2914 est,
3013 2848 3333 2906 manifestus
3364 2866 3633 2920 appareas
3658 2870 3731 2906 co-

2161 2569 2548 2638 plenitudinem
2567 2572 2826 2647 scientiar,
2842 2575 2967 2643 quia
2979 2573 3249 2643 plenitudo
3271 2575 3401 2646 legis
3420 2586 3497 2630 est
3514 2577 3736 2632 charitas

2106 2586 2340 2882 /(Rom.
2361 2664 2503 2734 xm),
2515 2664 2605 2735 qui
2618 2677 2788 2720 manet
2808 2667 2863 2720 in
2873 2667 3152 2731 charitate,
3164 2668 3216 2720 in
3234 2667 3340 2721 Deo
3358 2680 3534 2723 manet
3550 2680 3597 2723 et
3613 2669 3735 2723 Deus

2160 2753 2216 2806 in
2241 2770 2299 2807 eo
2328 2754 2377 2825 (1
2406 2754 2569 2810 Joan.
2603 2756 2675 2827 tv)
2699 2773 2713 2824 ς
2742 2759 2883 2828 quod
2914 2758 3043 2813 dicit
3073 2777 3085 2812 :
3122 2758 3225 2825 Qui
3250 2760 3399 2815 sedes
3427 2778 3585 2831 super
3611 2761 3731 2816 Clie-

2163 2845 2331 2882 rnln'm
2386 2849 2721 2882 “inuita-tnui.
2799 2849 2851 2882 ιιι
2880 2859 2954 2882 θοι
3013 2848 3329 2882 ωθηιΐιιεοιιω
3365 2866 3629 2882 nmamo
3661 2870 3713 2882 ,Α

2165 2953 2276 2989 rant
2312 2935 2582 3007 Epitraim,
2608 2941 2659 2995 id
2688 2950 2790 3007 est,
2817 2956 2999 2996 coram
3030 2942 3484 2999 fructifieantibus
3524 2944 3579 2998 in‘
3606 2944 3733 2998 bono

2162 3044 2345 3099 Opere,
2377 3040 2424 3083 et
2472 3029 2773 3101 Benjamin,
2807 3032 2859 3087 id
2889 3042 2993 3097 est,
3025 3050 3206 3090 coram
3238 3034 3343 3089 illis
3371 3036 3464 3103 qui
3499 3043 3622 3089 sunt
3648 3033 3729 3088 ﬁlii

2161 3120 2430 3185 dexterae,
2467 3137 2571 3176 non
2620 3131 2927 3193 quaerentes
2977 3123 3221 3179 videlicet
3261 3116 3477 3179 teri‘ena
3524 3141 3643 3195 qua
3671 3126 3728 3179 ad

2159 3209 2433 3265 sinistram
2459 3210 2751 3281 pertinent,
2795 3213 2907 3267 s.-d.
2940 3212 3181 3269 cmlestia
3214 3213 3286 3267 ad
3311 3214 3594 3269 dexteram
3624 3231 3726 3284 pcr-

2160 3300 2382 3356 tinentia
2409 3317 2424 3354 :
2453 3300 2535 3357 vel
2564 3319 2741 3356 coram
2764 3303 3069 3374 Benjamin,
3093 3304 3146 3359 id
3174 3316 3277 3370 est,
3303 3321 3491 3360 cora-In
3523 3305 3631 3361 illis
3647 3306 3726 3376 qui

2157 3392 2293 3447 bene
2321 3401 2632 3463 operantur,
2665 3409 2772 3448 non
2810 3394 2875 3447 ad
2909 3392 3168 3461 favorem,
3190 3394 3334 3464 quod
3368 3393 3437 3449 ad
3463 3395 3725 3451 sinistram

2158 3483 2429 3551 pertinet:
2457 3493 2504 3537 et
2551 3482 2815 3538 Manasse.
2872 3482 3145 3539 Manasses
3175 3485 3569 3554 interpretatur
3612 3484 3725 3538 obli-

2158 3573 2274 3637 rio,
2322 3572 2417 3628 ubi
2447 3571 2820 3644 intelliguntur
2856 3573 2928 3627 illi
2961 3573 3052 3644 qui
3097 3573 3503 3630 obliviscuntur
3530 3590 3593 3630 ea
3619 3588 3724 3643 qua:

2158 3677 2318 3741 retro,
2333 3670 2495 3729 sunt,
2528 3662 2581 3718 iu
2627 3678 2692 3720 ea
2721 3679 2780 3719 se
2806 3666 3102 3721 extendunt
3128 3683 3249 3738 quae
3274 3667 3551 3722 anteriora
3581 3674 3721 3727 sunt,

2155 3761 2213 3809 et
2244 3755 2296 3810 in
2340 3754 2458 3811 istis
2486 3754 2738 3833 omnibus
2788 3755 3159 3833 intelliguntur
3200 3756 3274 3810 illi
3322 3758 3416 3828 qui
3456 3756 3717 3828 reputandi

2153 3854 2280 3900 sunt
2308 3845 2360 3900 in
2407 3829 2630 3900 semine.
2664 3843 2829 3912 Quasi
2861 3845 3005 3901 dicat
3032 3829 3423 3915 {Manifestum
3451 3888 3467 3907 .
3517 3846 3621 3901 illis
3644 3845 3716 3914 qui

2152 3936 2544 3991 annumerandi
2572 3920 2700 3991 sunt
2737 3936 2953 4007 grauis,
3001 3936 3125 3992 licet
3152 3953 3257 3991 non
3287 3937 3611 3994 trtauifestes
3631 3936 3717 3992 illis

2153 4029 2247 4098 qui
2274 4028 2579 4083 dimittendi
2623 4037 2752 4083 sunt
2802 4030 2941 4084 inter
2982 4028 3186 4100 paleas.
3227 4028 3423 4099 Exeita
3452 4030 3714 4095 potentiam

2150 4127 2319 4183 tuam,
2345 4127 2391 4171 et
2420 4119 2553 4185 veni,
2586 4129 2640 4172 ut
2670 4118 2838 4173 salvos
2866 4118 3038 4189 facias
3073 4136 3185 4174 nos.
3216 4119 3383 4187 Quasi
3417 4121 3604 4199 dicat:
3630 4120 3713 4174 So-

2148 4208 2259 4279 pita
2309 4206 2411 4263 fuit
2452 4209 2693 4280 potentia
2726 4219 2837 4274 tua,
2866 4213 3082 4281 quando
3126 4220 3449 4281 persecutor
3478 4212 3573 4266 tibi
3601 4226 3713 4282 prze-

2150 4297 2341 4364 valuit,
2370 4315 2474 4353 non
2501 4301 2643 4371 quod
2669 4310 2981 4370 persecutor
3010 4301 3197 4368 voluit,
3226 4303 3321 4357 sed
3349 4303 3483 4372 quia
3511 4318 3713 4360 consen-

2147 4388 2265 4444 sisti
2292 4404 2304 4440 :
2337 4389 2479 4458 quod
2512 4390 2676 4444 etiam
2710 4391 3091 4462 praefigurasti,
3124 4402 3328 4461 quanto
3359 4391 3533 4449 Jacob
3565 4393 3713 4448 lucta.

2150 4488 2234 4535 tus
2262 4490 2346 4535 est
2373 4496 2495 4535 cum
2534 4480 2748 4551 angelo.
2783 4480 2898 4551 Ipse
2923 4483 3067 4538 enim
3096 4480 3262 4537 Iacob
3291 4484 3593 4553 prmvaluit,
3621 4499 3709 4538 una

2146 4569 2287 4640 quod
2313 4554 2431 4641 ipse.
2452 4570 2656 4637 voluit,
2685 4572 2779 4627 sed
2825 4571 2952 4642 quia
2983 4573 3208 4644 angelus
3226 4576 3541 4640 consentit,
3570 4572 3731 4637 Jacob,

2145 4667 2309 4721 etiam
2339 4680 2370 4722 a
2397 4666 2540 4722 vieto
2567 4666 2755 4738 angelo
2797 4667 3228 4723 benedictionem
3264 4667 3443 4737 petiit,
3486 4678 3544 4724 et
3570 4684 3711 4739 ange-

2146 4754 2231 4810 lus
2258 4755 2508 4811 eumdem
2554 4755 2849 4821 benedixit,
2894 4765 2949 4810 et
2978 4755 3319 4812 latitudinem
3368 4756 3594 4814 femoris
3616 4758 3711 4824 ejus

2148 4852 2398 4916 tangens,
2423 4844 2673 4900 claudunt
2699 4862 2822 4901 cum
2847 4846 3049 4902 dituisil
3081 4844 3236 4918 (Gen.
3270 4850 3450 4917 sunt)
3479 4865 3498 4903 :
3528 4850 3598 4904 ita
3625 4849 3710 4903 Do-

2147 4935 2324 4991 minus
2366 4937 2614 4993 eumdem
2656 4936 2940 4993 Judaicum
2989 4938 3245 5010 populum
3297 4940 3613 5007 benedixit,
3669 4949 3710 4995 et

2143 5024 2403 5080 claudum
2424 5042 2546 5081 eum
2584 5026 2710 5083 fecit
2738 5045 2751 5080 :
2782 5015 3376 5099 benedixiu'quautum
3400 5033 3469 5098 ad
3513 5042 3708 5109 aposto«

2142 5120 2225 5174 los
2246 5126 2301 5173 et
2326 5128 2551 5174 caeteros
2587 5119 2798 5187 fideles,
2825 5121 3073 5177 claudum
3105 5122 3231 5176 fecit
3257 5132 3529 5193 quantum
3560 5126 3622 5179 ad
3647 5125 3714 5178 iu-

2143 5207 2410 5264 crcdulos.
2443 5209 2595 5277 Quod
2628 5210 2787 5277 dicit,
2822 5213 2993 5266 excita
3022 5212 3305 5282 potentiam
3338 5223 3489 5267 tuam
3512 5255 3528 5279 ,
3575 5212 3710 5283 quasi

2147 5299 2330 5354 dicat:
2359 5300 2600 5356 Mortuus
2628 5315 2692 5355 ex
2729 5302 3066 5365 inﬁrmitate,
3093 5288 3315 5374 resurge
3350 5318 3418 5358 ex
3453 5303 3713 5372 majestate

2151 5388 2234 5460 (11
2277 5386 2400 5444 Cor.
2428 5390 2588 5461 xm),
2634 5400 2690 5446 et
2718 5392 2843 5446 veni
2880 5392 2933 5446 in
2962 5393 3207 5448 notitiam
3239 5400 3522 5459 nostram,
3571 5409 3713 5465 quem

2153 5482 2303 5551 prius
2350 5499 2455 5539 non
2488 5486 2754 5540 novimus.
2786 5483 3032 5541 Vidimus
3059 5488 3201 5541 enim
3251 5488 3515 5544 miracula
3567 5501 3618 5545 te
3652 5489 3711 5543 fa—

2153 5572 2404 5633 cientem,
2437 5580 2492 5627 ct
2522 5582 2698 5628 tamen
2724 5576 3066 5640 morientem,
3093 5585 3149 5630 et
3172 5577 3292 5651 ideo
3319 5594 3427 5631 non
3451 5580 3712 5648 putabam

2152 5660 2260 5715 illis
2287 5676 2408 5717 esse
2461 5663 2602 5732 quod
2629 5679 2773 5719 eras.
2826 5665 2977 5747 Unde
3019 5666 3167 5733 illud,
3194 5665 3442 5725 Vidimus
3471 5686 3595 5728 cum
3620 5686 3711 5724 non
