3918 6410
131 435 245 497 569

1279 434 1807 493 ENARRATIONES
1845 439 1919 527 IN,
1945 439 2279 500 PSALMOS.

3287 452 3390 507 570

129 567 277 607 iiuuc
308 547 582 604 videamus
609 555 660 601 te
690 555 1147 617 resurgentem,ct
1176 548 1553 603 ascendentem
1578 557 1631 601 et
1655 548 1706 601 in
1742 557 1785 614 Α
1814 550 1916 606 hoc
1941 554 2101 608 etiam
2135 555 2323 610 referri
2354 564 2531 626 potest
2555 558 2621 611 ad
2661 556 2976 623 Ecclesiam,
3008 563 3133 630 quia
3167 563 3278 631 ipsa
3306 574 3391 619 est

125 644 323 698 dextra
356 639 449 694 Dei
480 638 774 693 sedentem.
813 638 880 692 Et
912 640 1024 691 veni
1072 648 1128 690 ut
1176 638 1346 691 salvos
1399 639 1565 707 facias
1595 656 1706 703 nos,

126 734 297 796 Deus,
325 741 558 786 converte
591 747 703 784 nos.
732 730 891 796 Quasi
920 730 1062 784 dicat
1091 748 1101 781 :
1129 729 1333 782 Inimici
1366 730 1438 782 tui
1463 740 1708 799 quaerunt

123 834 381 879 avertere
411 840 439 876 a
469 833 543 887 te,
591 825 683 877 sed
714 832 787 887 tu,
835 831 1087 876 converte
1111 836 1202 876 eos
1230 822 1295 874 ab
1325 837 1509 876 errore
1545 822 1715 877 idolo-

122 916 325 977 latriae,
354 926 401 970 et
429 915 638 969 ostende
668 916 855 983 facient
886 926 1052 979 tuam,
1088 925 1134 968 et
1166 916 1292 968 salvi
1325 916 1536 970 erimus.
1574 917 1707 983 Quia

118 1010 279 1079 prius
306 1008 555 1077 obtegisli
586 1009 876 1077 potentiam
907 1018 1050 1060 tuam
1083 1008 1222 1061 nube
1257 1008 1457 1071 carnis,
1488 1020 1540 1063 et
1572 1010 1713 1063 vela-

118 1098 707 1163 mentoinlirmitalis,
773 1108 826 1153 ct
878 1099 1289 1169 argrotavimus,
1346 1117 1485 1155 nunc
1531 1111 1708 1154 autem

115 1192 341 1245 ostende
387 1190 572 1259 faciem
627 1200 806 1254 tuam;
838 1199 894 1261 ut
924 1189 1281 1259 intelligamus
1303 1205 1464 1259 super
1483 1206 1707 1260 egenum

114 1288 175 1337 et
226 1294 541 1349 pauperem,
591 1288 636 1333 et
670 1278 799 1333 salvi
834 1281 1045 1355 erimus,
1074 1279 1224 1345 juxta
1256 1279 1405 1345 illud,
1442 1278 1567 1334 Post
1598 1283 1709 1334 Itwc

112 1373 175 1425 in
221 1371 379 1424 terris
405 1372 543 1424 visus
569 1380 664 1434 est,
712 1381 759 1423 et
808 1387 923 1423 cum
951 1371 1247 1424 hominibus
1276 1357 1608 1426 conversatus
1634 1384 1708 1427 est

112 1462 379 1532 (Baruch.
432 1460 534 1532 nl).
585 1460 651 1514 Et
698 1462 821 1529 quia
874 1461 1011 1515 sicut
1056 1463 1226 1524 oravi,
1272 1462 1459 1529 facies,
1512 1463 1705 1518 Filium

113 1562 269 1607 tuum
307 1552 587 1616 mittendo,
625 1551 872 1605 videlicet
900 1562 956 1604 ut
985 1567 1081 1605 nos
1110 1560 1410 1614 convertat,
1464 1560 1542 1617 tu,
1597 1552 1705 1607 Do-

111 1645 255 1697 mine
297 1624 473 1707 Deus,
496 1658 597 1695 non
633 1650 839 1695 tantum
872 1642 1172 1703 hominum,
1225 1644 1317 1696 sed
1358 1644 1517 1697 etiam
1546 1643 1708 1698 caele-

106 1736 279 1790 stium
309 1736 580 1798 virtutum,
613 1750 877 1805 quousque
916 1734 1204 1787 irasceris?
1242 1734 1291 1787 id
1328 1744 1428 1796 est,
1468 1736 1705 1805 quandiu

103 1826 421 1881 remanebit
470 1826 547 1879 ira
580 1835 665 1878 tua
694 1842 848 1894 super
875 1827 1162 1879 orationem
1192 1828 1325 1879 servi
1350 1828 1457 1891 tui,
1508 1827 1558 1879 id
1586 1838 1668 1881 est
1688 1870 1701 1891 ,

1815 642 1968 696 vinea
1990 644 2054 698 de
2082 643 2313 715 .Eggpto
2336 647 2618 711 translata,
2651 649 2826 714 idest,
2856 650 2920 702 de
2943 660 3205 719 potestate
3236 661 3387 707 tene-
3424 710 3425 713 η

1815 734 2033 790 brarum
2064 737 2116 790 in
2146 753 2367 803 regnum
2400 738 2533 793 lucis
2562 750 2867 809 assumpta;
2894 742 3088 810 ejecisti
3112 754 3304 811 gentes,
3337 744 3387 796 id

1812 834 1893 878 est
1922 827 2159 895 gentium
2189 842 2423 892 errores,
2458 839 2512 883 et
2546 829 2797 897 plantasti
2840 848 2953 884 eam
2989 833 3039 885 in
3074 833 3193 888 ﬁde.
3244 835 3389 888 vide-

1814 914 1938 969 licet
1987 918 2272 973 catholica.
2328 919 2393 972 Et
2438 919 2547 973 dux
2576 920 2778 974 itineris
2813 922 2961 989 fuisti
3011 924 3062 975 in
3114 935 3386 991 conspectu

1810 1006 1954 1074 ejus;
1984 1008 2105 1077 quia
2135 1008 2186 1063 in
2219 1010 2305 1063 die
2327 1011 2648 1079 praecessisti
2680 1013 2730 1065 in
2762 1012 2920 1078 nube,
2950 1023 3004 1066 et
3038 1015 3090 1066 in
3126 1026 3281 1068 nocte
3334 1017 3385 1068 in

1812 1096 1955 1165 igne,
1990 1099 2299 1167 signiﬁcans
2328 1099 2517 1153 Filium
2557 1111 2703 1154 tuum
2746 1102 3103 1165 incarnatum,
3137 1103 3390 1157 Εειοιυείω

1810 1200 2199 1253 ριωρεςδιινιιηι
2247 1188 2313 1239 de
2352 1189 2489 1243 nube
2537 1191 2717 1245 carnis
2765 1201 2817 1245 et
2868 1193 2918 1244 in
2970 1193 3123 1246 donis
3154 1192 3390 1260 Spiritus

1812 1278 2004 1330 sancti.
2046 1276 2113 1330 Et
2164 1274 2416 1347 plantasti
2446 1281 2646 1335 radices
2676 1282 2788 1351 ejus
2824 1293 2872 1336 et
2918 1283 3141 1352 implevit
3172 1293 3385 1345 terram,

1812 1366 2078 1421 intantum
2110 1370 2250 1437 quod
2305 1374 2505 1438 operuit
2536 1383 2731 1425 montes
2780 1373 2963 1426 umbra
2993 1376 3125 1444 ejus.
3184 1374 3249 1428 Ut
3275 1388 3389 1426 ma—

1808 1474 1909 1525 gna
1937 1459 2219 1515 multitudo
2246 1462 2423 1531 populi
2456 1463 2758 1529 deuotetur,
2781 1466 3111 1533 comparavit
3134 1466 3385 1535 populum

1809 1550 1981 1619 ipsum
2030 1552 2166 1605 vina:
2211 1553 2463 1620 plautatze
2511 1564 2564 1608 et
2612 1555 2875 1609 intantum
2926 1566 3190 1620 cxtensze,
3242 1558 3385 1625 quod

1806 1644 1993 1696 umbra
2026 1642 2142 1711 ejus
2172 1654 2382 1698 montes
2430 1647 2704 1714 operiret:
2737 1647 2819 1701 vel
2876 1648 2976 1711 sic,
3012 1648 3262 1717 plantasti
3304 1665 3389 1702 ra-

1807 1734 1945 1787 dices
1972 1734 2083 1802 ejus
2104 1776 2116 1796 ,
2158 1736 2497 1803 patriarchas
2531 1736 2807 1800 videlicet,
2859 1738 2909 1791 in
2942 1740 3136 1807 quibus
3158 1781 3171 1803 ,
3230 1741 3384 1806 quasi

1808 1822 2018 1877 fructus
2049 1824 2099 1877 iu
2132 1824 2333 1884 radice,
2370 1825 2769 1893 prmnotabatur
2800 1828 3059 1889 Ecclesia,
3105 1837 3157 1879 ct
3184 1829 3386 1895 operuit

104 1930 280 1985 super
310 1916 413 1969 hoc
461 1916 603 1983 quod
655 1923 776 1969 orat
803 1931 989 1969 servus
1018 1924 1141 1969 tuus
1170 1934 1181 1967 :
1218 1915 1324 1978 vel,
1375 1904 1615 1969 irasceris
1648 1918 1699 1970 in
1734 1905 1776 1961 Β
1808 1926 2001 1969 montes
2053 1916 2234 1968 umbra
2284 1916 2397 1985 ejus
2430 1931 2447 1967 .·
2480 1928 2672 1970 montes
2723 1928 2847 1971 sunt
2900 1919 3203 1987 propheta),
3250 1933 3387 1987 quos

102 2008 403 2059 orationem
431 2006 563 2060 servi
588 2007 664 2058 tui
692 2022 867 2075 super,
899 2008 950 2059 id
980 2015 1082 2069 est,
1116 2007 1345 2074 desuper
1373 2007 1697 2069 venientem,

102 2097 235 2165 quia
287 2096 429 2164 quod
475 2103 592 2148 orat
620 2111 807 2149 servus
856 2106 1000 2159 tuus,
1032 2098 1133 2151 hoc
1185 2114 1288 2150 non
1326 2098 1485 2151 habet
1512 2113 1576 2151 ex
1608 2113 1698 2162 se,

101 2189 199 2243 sed
228 2204 259 2241 a
295 2198 367 2241 te.
420 2187 583 2254 Quasi
614 2188 760 2242 dicat
789 2206 801 2240 :
836 2189 975 2244 Ecce
1014 2187 1125 2256 jam
1164 2206 1265 2242 nou
1305 2199 1464 2242 orant
1493 2189 1696 2243 inimici

102 2281 205 2343 tui,
238 2279 334 2333 sed
371 2280 531 2343 servi,
560 2290 611 2334 et
639 2281 704 2333 de
731 2296 951 2334 carcere
986 2281 1185 2344 educti,
1216 2291 1268 2335 et
1299 2282 1474 2335 adhuc
1504 2282 1706 2336 irasce-

102 2370 204 2434 ris,
240 2386 350 2423 non
386 2380 562 2424 tamen
594 2381 651 2424 ut
678 2372 869 2425 vindex
901 2373 1146 2435 srevieus,
1188 2373 1280 2426 sed
1306 2381 1362 2425 ut
1398 2372 1555 2425 Pater
1582 2386 1697 2425 cor-

102 2460 310 2529 rigens,
344 2460 471 2529 quia
532 2462 791 2530 scriptum
822 2471 940 2516 est:
974 2460 1081 2513 Fili
1108 2462 1199 2524 mi,
1232 2461 1482 2514 accedens
1513 2461 1565 2514 in
1593 2476 1701 2514 ser-

102 2551 317 2604 vitutem
354 2551 565 2605 Domini
597 2562 677 2604 sta
708 2553 760 2603 in
781 2552 988 2622 justitia
1018 2562 1062 2604 et
1095 2560 1352 2615 tremore,
1378 2561 1425 2605 et
1459 2568 1699 2620 pra'para

101 2644 343 2695 animant
367 2654 511 2696 tuam
532 2644 601 2695 ad
625 2644 958 2697 tentutionem
990 2643 1179 2713 (Eccli.
1207 2632 1311 2714 ")7:
1336 2654 1390 2697 et
1420 2643 1570 2707 illud,
1600 2644 1700 2711 [ia-

100 2733 263 2804 gellat
296 2733 442 2788 Deus
472 2751 674 2789 omnem
703 2736 872 2804 [ilium
902 2752 1052 2804 quem
1079 2735 1257 2803 recipit
1287 2732 1600 2804 (Hebr.xn).
1635 2732 1699 2785 Et

101 2826 226 2881 ideo
258 2834 314 2879 tu
355 2825 581 2903 quisque
611 2826 653 2880 si
684 2826 955 2880 detractes
983 2825 1266 2893 ﬂagellari,
1301 2839 1398 2878 cur
1423 2822 1697 2878 desideras

100 2920 317 2989 recipi?
356 2921 498 2988 quod
530 2918 683 2983 dicit,
731 2918 975 2981 Domine,
1030 2917 1170 2971 Deus
1200 2918 1469 2979 virtutum,
1500 2931 1697 2985 quous-

97 3030 199 3083 que
251 3012 498 3066 irasceris
541 3028 695 3079 super
743 3012 1030 3065 orationem
1077 3010 1211 3063 servi
1250 3010 1372 3061 tui?
1416 3022 1697 3077 quousque

97 3106 365 3160 videlicet
392 3105 605 3159 cibandi
640 3104 864 3158 sumus?
905 3103 1047 3173 quod
1093 3104 1339 3173 sequitur
1367 3102 1465 3169 sic,
1499 3100 1694 3155 cibabis

97 3213 193 3250 nos
242 3187 381 3264 parte
425 3193 799 3264 lacrymarum.
854 3192 1016 3259 Quasi
1060 3193 1205 3247 dicat
1235 3218 1250 3245 ι
1279 3191 1431 3247 Licet
1459 3200 1512 3245 tu
1543 3191 1695 3246 nobis

97 3288 385 3350 irasceris,
418 3295 596 3340 tamen
633 3287 685 3339 in
732 3286 844 3355 ipsa
892 3286 971 3340 ira
998 3285 1193 3338 cibabis
1221 3302 1313 3339 nos
1357 3301 1490 3353 pane
1524 3284 1696 3353 lacry-
1724 3284 1766 3313 “

95 3393 334 3439 marum,
365 3376 417 3429 id
442 3385 545 3437 est,
576 3375 787 3429 reﬁcies
813 3390 909 3428 nos
939 3374 1191 3444 Iacrymis
1214 3374 1413 3427 nOslris
1439 3383 1693 3441 tanquam

96 3481 264 3536 pane.
300 3464 370 3518 Et
422 3476 601 3534 potum
630 3463 781 3517 dabis
812 3463 957 3517 nobis
985 3464 1038 3517 in
1067 3462 1314 3533 lacrymis
1341 3464 1395 3516 in
1422 3478 1692 3527 mensura,

98 3558 260 3626 quia,
288 3555 391 3610 etsi
439 3555 663 3625 patiaris
701 3570 799 3610 nos
849 3555 1131 3621 tribulari,
1185 3571 1289 3609 non
1349 3564 1525 3609 tamen
1578 3554 1694 3608 sine

96 3662 384 3703 mensura.
443 3645 596 3701 Unde
627 3645 781 3711 illud,
828 3646 1108 3715 unicuique
1152 3656 1389 3700 nostrum
1440 3645 1567 3697 data
1620 3653 1695 3697 est

96 3738 281 3807 gratia
311 3734 596 3790 secundum
628 3752 927 3789 mensuram
958 3733 1118 3805 (Eph.
1162 3737 1259 3803 tv).
1294 3734 1360 3789 Et
1388 3734 1519 3788 illud
1550 3752 1563 3787 :
1599 3731 1695 3785 Fi-

94 3831 237 3884 delis
271 3838 349 3883 est
376 3827 544 3891 Deus,
590 3828 678 3898 qui
711 3845 813 3881 non
842 3829 1071 3897 patietur
1122 3844 1212 3881 vos
1241 3827 1433 3881 tentari
1455 3843 1615 3895 supra
1642 3825 1696 3878 id

94 3918 245 3989 quod
276 3919 489 3989 potestis
522 3917 574 3988 (1
605 3917 729 3971 Cor.
756 3918 832 3987 x).
868 3915 1102 3973 Posuisti
1132 3935 1223 3972 nos
1252 3919 1306 3972 in
1328 3917 1698 3972 contradictio-

96 4028 223 4065 nem
272 4010 460 4064 vicinis
510 4011 720 4063 nostris.
768 4010 905 4065 Ecce
934 4009 1168 4079 qualiter
1203 4010 1397 4065 cibasti
1444 4027 1537 4064 nos
1564 4024 1697 4079 pane

97 4105 489 4173 lactynwrum,
526 4102 651 4170 quia
681 4103 901 4172 posuisti
929 4119 1022 4157 nos
1050 4105 1103 4155 in
1138 4104 1598 4157 contradictionem
1626 4103 1697 4156 vi-

94 4193 257 4249 cinis.
294 4192 435 4247 Ecce
466 4202 651 4262 aperte
681 4194 927 4247 novimus
988 4193 1266 4263 impletum
1326 4196 1468 4263 quod
1497 4194 1584 4248 hic
1613 4202 1696 4250 est

98 4288 516 4356 prophetatum,
560 4285 687 4354 quia
717 4284 867 4339 niulti
898 4301 961 4339 ex
989 4285 1078 4339 illo
1105 4286 1301 4354 populo
1329 4284 1534 4340 caelesti
1573 4293 1699 4339 sunt

95 4380 512 4450 praedicatores,
563 4378 652 4447 qui
680 4364 1070 4448 ‘prmdicabant
1114 4377 1387 4432 Christum
1441 4377 1695 4431 incarna-

100 4482 234 4535 tum,
277 4478 554 4522 mortuum
581 4480 637 4521 et
666 4468 986 4530 redivivum,
1018 4483 1131 4521 rem
1164 4466 1551 4528 incredibilem,
1600 4465 1695 4521 sed

98 4562 172 4615 rei
202 4557 514 4615 incredibili
547 4556 707 4613 [idem
738 4558 891 4627 signa
940 4560 1206 4612 fecerunt.
1239 4556 1694 4611 Contradiceban-

1804 2009 2015 2075 operuit
2042 2009 2229 2062 umbra
2262 2008 2533 2071 Ecclesiae,
2566 2009 2688 2075 quia
2719 2009 2816 2077 ipsi
2844 2009 3139 2062 umbratice
3170 2018 3222 2061 et
3252 2010 3387 2077 ligu-

1804 2096 1989 2151 raliter
2036 2097 2330 2152 Ecclesium
2380 2099 2761 2167 praedicabant.
2800 2098 2861 2151 Et
2912 2102 3124 2152 arbusta
3156 2098 3267 2167 ejus
3298 2115 3385 2150 ce-

1801 2187 1925 2241 dros
1958 2187 2072 2241 Dei.
2110 2188 2335 2241 Arbusta
2366 2198 2487 2242 sunt
2518 2189 2785 2258 palmites,
2816 2190 2880 2242 de
2908 2190 2999 2241 vili
3033 2205 3159 2242 vera
3191 2204 3383 2256 proce-

1805 2282 2015 2344 dentes,
2069 2282 2303 2335 minores
2332 2280 2581 2335 videlicet
2627 2281 2680 2334 in
2712 2280 2948 2334 Ecclesia
2981 2280 3109 2349 :qui
3137 2280 3387 2349 operiunt

1804 2374 1989 2427 cedros
2030 2372 2158 2437 Dei,
2214 2373 2678 2442 supereminentes
2712 2371 2961 2425 videlicet
3003 2370 3054 2424 in
3096 2368 3387 2423 virtutibus

1799 2464 2074 2532 operiunt,
2128 2464 2178 2517 id
2209 2473 2314 2526 est,
2345 2464 2707 2527 circumdant,
2738 2463 2952 2531 quando
2980 2461 3103 2531 ipsi,
3139 2462 3383 2515 eminen-

1805 2564 1885 2609 tes
1930 2556 2340 2609 conscendendo
2386 2555 2488 2609 illis
2525 2556 2613 2625 qui
2646 2564 2769 2608 sunt
2798 2556 3012 2608 arbusta
3035 2594 3050 2618 ,
3104 2554 3377 2607 dimittunt

1801 2650 1965 2703 altam
2002 2650 2389 2703 contnitiouem
2435 2651 2653 2712 mentis,
2700 2657 2753 2701 et
2803 2648 2881 2701 eis
2928 2647 3222 2716 pnedicaut
3267 2661 3387 2713 qua:

1799 2754 1991 2808 capere
2040 2748 2301 2809 possunt,
2354 2739 2668 2794 instruendo
2697 2742 2913 2807 eos'per
2938 2737 3171 2791 carnalia
3195 2779 3208 2801 ,
3262 2738 3386 2805 quia

1802 2846 1907 2884 non
1940 2839 2165 2899 possunt
2210 2844 2405 2899 capere
2448 2829 2765 2898 spiritualia.
2800 2828 2892 2880 Vel
2925 2835 3257 2896 operuerunt
3289 2843 3377 2879 ar-

1801 2922 1949 2976 busta
1981 2922 2159 2976 cedros
2182 2920 2307 2984 Dei,
2339 2922 2461 2991 quia
2486 2921 2668 2989 plures
2694 2920 2784 2988 qui
2826 2922 2956 2973 ‘sunt
2984 2918 3221 2981 arbusta,
3255 2934 3376 2971 sns-

1801 3023 2077 3067 tentautur
2106 3013 2173 3066 ab
2203 3028 2525 3082 unoquoque
2552 3012 2643 3080 qui
2694 3011 2889 3065 cedrus
2921 3019 3025 3068 est.
3056 3020 3108 3065 et
3147 3019 3232 3064 est
3287 3010 3374 3061 di-

1799 3118 1947 3161 ctum
1977 3108 2041 3159 ad
2072 3100 2495 3166 similitudinem,
2535 3103 2658 3172 quia
2688 3104 2826 3157 sicut
2852 3118 2990 3156 unus
3014 3111 3237 3155 truncus
3265 3116 3385 3153 sus-

1803 3211 1972 3257 tentat
2009 3201 2188 3270 plures
2234 3200 2479 3270 palmites
2510 3200 2724 3262 vitium,
2775 3200 2845 3252 ita
2880 3199 2946 3251 ab
2976 3212 3082 3250 uno
3120 3194 3385 3263 praedica—

1801 3305 1916 3348 tore
1952 3302 2325 3348 sustenlantnr
2352 3293 2549 3361 plures,
2578 3293 2702 3362 quia
2734 3290 3073 3345 circumcisio
3099 3305 3126 3341 a
3156 3288 3313 3341 Petro
3334 3293 3390 3339 et

1797 3386 2113 3454 przeputium
2148 3384 2200 3438 in
2230 3383 2413 3437 Paulo.
2446 3381 2694 3436 Extendit
2738 3383 2977 3452 palmites
3008 3399 3152 3443 suos,
3184 3381 3231 3432 id
3276 3388 3383 3440 cst,

1794 3475 2170 3545 generationes
2218 3474 2393 3543 pepuli
2426 3491 2585 3544 usque
2607 3474 2674 3526 ad
2714 3490 2881 3538 mare,
2914 3483 2962 3526 et
2995 3489 3155 3543 usque
3182 3472 3251 3523 ad
3289 3471 3388 3538 flu-

1797 3583 1935 3630 men,
1967 3566 2223 3620 subaudis
2253 3564 2504 3619 Jordanis
2525 3607 2537 3627 ,
2572 3565 2882 3634 propagines
2906 3564 3042 3633 ejus,
3089 3564 3213 3632 quia
3247 3562 3384 3616 ultra

1797 3655 2091 3711 Jordanem
2142 3671 2246 3709 non
2296 3654 2548 3725 leguntur
2580 3654 2849 3708 habitasse
2891 3653 3095 3717 Judzei;
3148 3653 3231 3707 vel
3275 3653 3384 3716 sic,

1802 3746 2046 3801 Extendit
2090 3746 2365 3815 palmites,
2417 3747 2467 3800 id
2514 3754 2626 3809 est,
2702 3746 3079 3815 generationes
3131 3744 3387 3799 Ecclesia:

1798 3853 1961 3907 usque
1988 3836 2057 3887 ad
2093 3851 2238 3888 mare
2264 3835 2523 3903 gentium,
2557 3844 2603 3887 et
2634 3851 2792 3905 usque
2818 3836 2885 3887 ad
2909 3834 3127 3903 ﬂumen,
3176 3832 3387 3887 1υὰωο-

1798 3943 1914 3980 rum
1942 3926 2210 3989 videlicet,
2252 3926 2479 3979 extendit
2529 3926 2837 3997 propagines
2868 3925 3001 3992 eius.
3054 3921 3121 3977 Ut
3148 3924 3275 3993 quid
3302 3924 3389 3976 ds-

1795 4015 2032 4069 struxisti
2059 4016 2341 4067 maceriam
2370 4014 2501 4082 ejus,
2535 4024 2581 4066 et
2617 4013 2930 4067 vindemiant
2948 4028 3061 4065 eam
3093 4028 3265 4065 omnes
3296 4010 3388 4079 qui

1796 4104 2297 4173 prietergrediuntur
2346 4104 2522 4157 viam?
2556 4103 2737 4173 Asaph
2787 4102 2973 4157 videns
3007 4110 3157 4155 tanta
3191 4100 3387 4155 fecisse

1800 4194 2110 4258 Dominum,
2139 4203 2197 4247 ut
2227 4194 2456 4263 populus
2486 4193 2742 4248 Iudaicus
2767 4194 3119 4255 exaltaretur,
3156 4191 3388 4245 admira—

1799 4292 1905 4346 tur,
1933 4292 1989 4337 et
2012 4284 2164 4353 quasi
2188 4284 2507 4338 admirando
2533 4286 2727 4353 quarrit
2753 4299 2766 4337 :
2799 4283 2869 4338 Ut
2899 4285 3048 4351 quid,
3104 4283 3153 4336 id
3180 4291 3285 4344 est,
3317 4282 3385 4335 ad

1796 4389 1956 4443 quam
1979 4376 2262 4430 utilitatem
2290 4392 2501 4440 eorum,
2558 4376 2915 4430 destruxissct
2940 4375 3079 4428 Deus
3102 4375 3383 4426 maceriam

1795 4468 1943 4537 ejus,
1998 4468 2049 4521 id
2087 4474 2204 4526 est,
2253 4468 2605 4520 munitionem
2652 4464 2802 4533 ejus,
2857 4480 3082 4531 regnum
3132 4464 3385 4517 videlicet

1798 4567 1852 4613 et
1877 4558 2240 4614 sacerdotium
2275 4559 2416 4612 unde
2447 4558 2634 4612 muniti
2666 4572 2785 4611 esse
2813 4558 3164 4625 putabantur,
3195 4566 3241 4609 et
3272 4556 3384 4608 vin-

99 4662 205 4718 tur,
264 4651 363 4706 sed
412 4650 782 4705 contradictor
834 4649 1171 4713 vincebatur,
1222 4647 1347 4717 quia
1403 4647 1495 4716 qui
1545 4648 1694 4715 prius
1722 4618 1772 4676 Β
1799 4651 2030 4704 demiant
2059 4666 2174 4703 eam
2200 4690 2214 4712 ,
2272 4650 2325 4704 id
2371 4657 2455 4703 est
2487 4648 2755 4717 dissipant
2797 4658 2851 4701 et
2892 4646 3170 4716 decipiunt
3210 4662 3387 4699 omnes

98 4752 419 4811 perseeutor
446 4750 586 4805 erat,
618 4738 789 4794 lactus
817 4748 899 4793 est
947 4747 1131 4809 postea
1178 4737 1397 4791 humilis
1428 4736 1685 4791 imitator.

99 4832 202 4888 Sed
237 4834 372 4902 quia
402 4834 680 4902 praecessit
706 4830 921 4884 ﬂatuma
957 4829 1157 4884 furoris
1182 4838 1237 4883 et
1261 4826 1476 4883 flamma
1509 4843 1692 4897 perse-

98 4924 362 4988 cutionis,
417 4938 536 4993 quae
566 4922 742 4977 tamen
792 4921 923 4991 ipsis
976 4920 1422 4991 prmdicatoribus
1468 4918 1692 4974 refectio

97 5016 216 5082 fuit,
276 5017 398 5070 ideo
451 5016 581 5069 dicit
616 5033 627 5068 :
662 5014 869 5069 Cibabis
908 5030 1000 5067 nos
1044 5029 1177 5083 pane
1222 5012 1593 5081 lacrymarum,
1646 5020 1693 5064 et

96 5118 285 5175 potum
321 5107 473 5160 dabis
507 5107 655 5159 nobis
685 5107 739 5159 in
767 5105 1011 5173 lacrymis
1060 5105 1114 5156 in
1153 5119 1418 5156 mensura.
1464 5100 1697 5159 Posuisti

98 5215 190 5254 nos
224 5200 283 5251 in
337 5199 797 5251 contradictionem
826 5197 1007 5250 vicinis
1042 5196 1254 5257 nostris,
1290 5206 1335 5247 et
1388 5189 1438 5248 in
1487 5203 1692 5249 tantum

100 5291 246 5356 quod
304 5290 507 5342 inimici
556 5290 721 5343 nostri
770 5288 1216 5341 subsannaverunt
1273 5303 1395 5350 nos,
1462 5288 1554 5342 sed
1605 5297 1692 5350 tu,

99 5378 245 5433 Deus
279 5380 548 5444 virtutum,
586 5390 822 5433 converte
852 5396 943 5432 nos
970 5380 1034 5432 ad
1068 5389 1139 5442 te,
1172 5394 1306 5447 quos
1335 5380 1446 5448 ipse
1478 5379 1696 5433 molitur

99 5480 355 5525 avertere
381 5487 391 5520 :
418 5480 465 5522 et
493 5471 702 5523 ostende
732 5469 921 5538 faciem
948 5478 1115 5533 tuam,
1143 5468 1336 5521 Filium
1367 5477 1514 5522 tuum
1541 5469 1694 5523 vide-

103 5561 251 5624 licet,
281 5571 331 5614 et
384 5561 513 5614 salvi
542 5562 756 5615 erimus.
792 5561 858 5614 Et
894 5562 1057 5615 debes
1084 5560 1263 5615 salvos
1300 5559 1509 5623 facere,
1568 5559 1691 5629 quia

99 5652 208 5719 jam
245 5654 485 5723 cmpisti,
542 5654 755 5723 quando
785 5654 1003 5715 vineam,
1046 5652 1097 5705 id
1147 5663 1251 5716 est,
1282 5649 1563 5705 Iudaicum
1596 5666 1694 5719 po-

104 5759 291 5811 pmum
343 5745 407 5797 de
452 5744 682 5814 .IEggpto
731 5743 1078 5808 transtulisti,
1151 5744 1347 5811 cjecisli
1396 5752 1599 5811 gentes,
1651 5751 1697 5796 et

110 5835 362 5897 plantasti
391 5854 527 5903 eant,
579 5836 827 5891 \idclicct
873 5835 925 5889 in
960 5844 1160 5889 terram
1192 5834 1583 5904 promissionis.
1639 5834 1699 5888 Et

1797 4743 1889 4813 qui
1934 4740 2437 4812 prwtergrediuiitur
2480 4740 2637 4792 viam.
2691 4738 2968 4793 Christum
2998 4738 3269 4801 videlicet,
3292 4738 3383 4806 qui

1797 4832 1922 4887 vera
1950 4841 2033 4886 est
2060 4831 2165 4884 via.
2204 4830 2264 4883 Et
2296 4828 2535 4884 ostendit
2559 4828 2791 4898 qualiter
2820 4829 2978 4883 vinea
3007 4827 3265 4897 dissipata
3295 4828 3385 4891 sit,

1796 4924 1922 4995 quia
1949 4922 2311 4977 exterminavit
2347 4937 2460 4974 eam
2499 4938 2626 4989 aper
2652 4922 2717 4974 de
2744 4919 2900 4985 silva,
2947 4918 2999 4974 id
3045 4930 3148 4982 est,
3178 4920 3384 4987 Vespa-

1800 5016 1985 5069 sianus
2013 5013 2079 5067 de
2108 5011 2263 5075 silva,
2291 5010 2340 5063 id
2371 5019 2475 5074 est,
2507 5010 2786 5095 degenti“
2820 5010 3014 5079 populo
3047 5009 3262 5071 missus,
3293 5008 3385 5075 qui

1803 5105 1950 5160 silva:
2002 5102 2435 5172 comparabatur,
2493 5102 2750 5171 quoniam
2811 5102 3010 5155 nullam
3068 5106 3389 5168 receperunt

1801 5196 1996 5251 divina:
2038 5193 2440 5265 prmdicatiouis
2486 5193 2773 5247 culturam.
2832 5192 2967 5248 Nota
3019 5192 3161 5261 quod
3213 5190 3385 5253 dicit,

1800 5289 2177 5351 exterminavit,
2212 5288 2338 5353 quia
2367 5295 2519 5340 extra
2551 5287 2839 5341 terminum
2867 5301 3023 5339 suum
3052 5284 3210 5354 positi
3243 5289 3384 5343 sunt,

1798 5380 1924 5449 quia
1955 5387 2111 5433 extra
2140 5377 2413 5431 civitatem
2454 5387 2579 5430 sunt
2613 5377 2769 5447 ejecti
2812 5386 2865 5430 et
2901 5373 3383 5443 ubique’diSpcrsi.

1804 5468 1870 5522 Et
1902 5467 2186 5538 singularis
2218 5466 2385 5535 ferus,
2421 5467 2595 5529 Titus,
2628 5466 2877 5520 videlicet
2915 5463 3263 5534 singulariter
3291 5477 3392 5515 sm-

1803 5562 1974 5626 viens,
2003 5561 2249 5629 depastus
2290 5570 2363 5611 est
2407 5575 2543 5611 eam.
2599 5557 2734 5610 Nota
2783 5558 3048 5623 depastus,
3101 5554 3225 5622 quia
3276 5554 3389 5621 ipse

1804 5652 2051 5707 exercuit
2078 5653 2253 5706 adhuc
2284 5652 2335 5705 iu
2366 5651 2446 5704 eis
2475 5649 2731 5716 majorem
2763 5650 3022 5703 szm‘ilium
3047 5664 3208 5716 quam
3233 5656 3391 5716 pater

1808 5760 1935 5799 suus
1958 5745 2338 5812 Vespasianus.
2379 5742 2561 5795 Potest
2588 5740 2752 5794 etiam
2786 5740 2851 5793 ad
2880 5739 3173 5793 Ecclesium
3200 5738 3387 5793 referri

1811 5836 1951 5906 quod
1982 5835 2147 5889 dicit:
2185 5831 2249 5885 Ut
2286 5831 2410 5902 quid
2451 5832 2751 5885 drstruxisti
2800 5833 3081 5885 maceriam
3124 5832 3285 5901 ejus?
3334 5839 3390 5885 ut
