3918 6408
599 431 697 488 δτι

603 630 845 691 munitur
902 626 1183 689 Ecclesia,
1244 617 1769 693 quosvindemiant
1811 611 2183 680 et'dissipant

604 737 797 782 omnes
827 723 1047 792 qui-per
1071 718 1213 772 viam
1240 731 1351 771 non
1383 712 1658 775 incedunt,
1690 710 1744 764 id
1771 717 1879 771 est,
1906 704 2180 761 Christum

608 832 715 872 non
744 816 1046 879 imitantur,
1075 824 1214 881 quos
1239 806 1566 865 exterminat
1595 817 1727 873 aper
1753 801 1821 857 de
1851 798 2005 862 silva,
2035 795 2188 866 quis-

608 923 716 981 que
753 907 1003 962 videlicet
1050 902 1375 965 immundus,
1424 907 1480 954 et
1524 910 1742 952 vomere
1786 888 2186 964 praedicationis

611 998 873 1062 incultus,
904 1005 959 1051 et
995 1001 1122 1050 nota
1150 994 1254 1048 hoc
1283 1002 1380 1061 per
1404 1004 1532 1058 aper
1558 987 1622 1041 de
1648 984 1802 1049 silva,
1830 981 1960 1052 quia
1990 992 2187 1051 porcus

608 1099 696 1146 est
722 1086 923 1144 animal
952 1084 1305 1145 immundum,
1327 1088 1380 1136 et
1418 1078 1551 1134 silva
1592 1085 1737 1130 terra
1776 1071 2001 1128 inculta.
2046 1067 2187 1122 Deus

606 1184 886 1244 virtutum,
914 1185 1227 1232 convertere.
1272 1171 1436 1239 Quasi
1465 1170 1611 1224 dicat
1634 1186 1648 1222 :
1683 1166 1777 1222 Sic
1800 1165 2076 1221 destructa
2104 1166 2188 1212 est

611 1272 847 1327 maceria
879 1269 1070 1331 vincte,
1101 1266 1181 1321 sic
1210 1265 1324 1333 ipsa
1351 1262 1508 1317 vinea
1537 1256 1897 1313 exterminata
1924 1266 1940 1307 :
1978 1250 2071 1307 sed
2109 1257 2187 1314 tu,

619 1363 760 1417 Deus
787 1361 1061 1422 virtutum,
1093 1355 1394 1413 celestium
1426 1349 1704 1414 subaudis,
1730 1353 1966 1401 converte
2003 1341 2071 1399 ab
2112 1341 2188 1395 ira

611 1455 683 1511 ad
729 1450 1184 1513 misericordiam,
1213 1447 1406 1516 respice
1455 1446 1520 1498 de
1551 1441 1702 1504 corio,
1738 1440 1790 1494 id
1820 1444 1927 1501 est,
1956 1437 2026 1492 de
2054 1433 2193 1490 Filio

612 1556 733 1609 tuo,
774 1554 823 1601 et
860 1545 1013 1600 visita
1041 1544 1245 1598 vitream
1271 1541 1451 1601 istam,
1484 1536 1656 1597 visita,
1702 1532 1844 1590 dicet
1876 1540 1994 1584 eam
2026 1524 2193 1596 perii-

612 1636 830 1701 ciendo,
861 1649 967 1688 non
992 1629 1317 1686 assumenda
1342 1627 1504 1681 aliam
1524 1665 1540 1689 ,
1560 1622 1706 1693 quod
1733 1619 1895 1682 dicit,
1929 1626 1977 1671 et
2007 1613 2195 1684 perfice

614 1744 731 1783 eam
757 1742 915 1797 quam
939 1722 1189 1794 plantavit
1216 1721 1430 1774 dextera
1457 1726 1573 1780 tua,
1597 1714 1773 1774 idest,
1802 1705 2042 1780 potentia
2074 1713 2192 1767 tua;

616 1828 671 1875 et
696 1796 885 1889 perﬁce
912 1832 1030 1870 eam
1060 1813 1339 1869 fundatam
1364 1825 1520 1881 super
1545 1806 1742 1861 Filium
1767 1801 2014 1865 hominis,
2042 1796 2198 1854 Chri-

1249 415 1509 474 REMIGII
1541 401 2200 471 ANTISSIODORENSlS
2232 400 2384 459 OPP.
2422 364 2602 454 PARS
2638 395 2678 450 l.
2717 424 2790 436 —
2825 388 3235 448 EXEGETICA.
3711 388 3785 443 εἷς
3862 366 3863 429 ἒ

602 545 888 600 maceriam
944 535 1303 606 intelligamus
1353 538 1572 588 sanctos
1624 535 1931 597 martyres,
1980 521 2177 599 quibus
2205 526 2256 587 Α

2774 506 3095 565 PSALMUS
3149 500 3340 560 LXXX

2353 623 2405 667 ΙΝ
2435 620 2593 661 "Nil
2632 618 2732 660 Ριιο
2759 612 3161 667 τθιιουιλιιιιιυε
3199 606 3430 671 ιξελιιιυε
3467 604 3561 646 1981
3585 605 3736 655 Αειρι.

2716 720 2719 721 ν
2823 685 3020 734 QUINTA
3047 682 3289 723 SABBATI.
3862 692 3863 759 ἰ

2357 800 2376 834 ‹
2403 779 2683 837 Exsultate
2715 777 2826 834 Deo
2871 760 3100 844 adjutori
3138 757 3345 835 nostro,
3368 766 3585 838 jubilate
3617 764 3785 821 Deoia-
3862 778 3863 831 1

2289 892 2307 924 ι
2343 872 2482 936 cob,
2503 869 2698 926 sumite
2717 867 3086 942 psalmum,et
3122 864 3246 919 date
3276 873 3614 934 tympanum:
3642 856 3789 928 psalte-

2291 991 2309 1023 ι
2348 971 2488 1026 rium
2514 966 2813 1040 jucundum
2854 980 2978 1020 cum
3009 962 3240 1018 cithara.
3284 957 3571 1014 Burcinate
3617 955 3662 1009 in
3701 969 3789 1009 neo-

2291 1084 2309 1114 ι
2349 1060 2526 1117 monia
2574 1059 2722 1121 tuba,
2774 1057 2829 1111 in
2871 1054 3069 1124 insigni
3102 1053 3190 1107 die
3238 1046 3592 1105 solemnitatis
3628 1053 3787 1101 vestra.

2292 1084 2309 1114 ι
2349 1066 2526 1117 monia
2574 1066 2722 1121 tuba,
2774 1066 2829 1111 in
2871 1066 3067 1124 insigni
3102 1066 3190 1107 die
3238 1066 3592 1105 sonemnuaus
3628 1066 3787 1101 vesur.

2292 1174 2310 1206 ι
2338 1152 2472 1220 Quia
2511 1157 2833 1222 praeceptum
2883 1146 2937 1201 in
2992 1144 3160 1201 Israel
3202 1151 3307 1206 est,
3353 1150 3412 1197 et
3453 1139 3686 1209 judicium
3717 1134 3791 1190 Deo

2294 1264 2310 1296 ι
2343 1242 2531 1300 Iacob.
2570 1238 2965 1297 Testimonium
3013 1237 3066 1292 in
3109 1234 3310 1307 Ioseph
3345 1233 3522 1305 posuit
3553 1229 3790 1294 illud,cun

2294 1356 2313 1391 ι
2347 1336 2521 1392 exiret
2538 1336 2605 1390 de
2633 1342 2775 1390 terra
2807 1330 3069 1404 Egypti:
3106 1330 3343 1401 linguam
3376 1341 3537 1399 quam
3565 1339 3658 1380 non
3681 1338 3791 1377 πονε·
3862 1332 3863 1341 ‘

2295 1448 2314 1481 ‹
2346 1434 2450 1493 rat,
2481 1425 2707 1482 audivit.
2732 1422 3043 1479 Divertitab
3065 1418 3322 1475 oneribus
3342 1416 3558 1472 dorsum
3584 1411 3701 1481 ejus,
3720 1426 3792 1466 ma-

2297 1538 2316 1571 ‹
2361 1532 2463 1572 nus
2491 1517 2609 1588 eius
2628 1516 2682 1571 in
2704 1513 2936 1586 cophino
2966 1511 3291 1568 servierunt.
3316 1507 3375 1563 in
3414 1504 3722 1561 tribulatione
3739 1504 3791 1556 in-

2298 1630 2318 1662 ι
2352 1607 2554 1665 vocasti
2595 1622 2702 1672 me,
2731 1614 2786 1663 et
2814 1602 3041 1658 liberavi
3065 1610 3117 1656 te
3142 1615 3157 1654 :
3184 1597 3436 1654 exaudivi
3466 1604 3533 1651 te'
3553 1595 3602 1650 in
3630 1593 3794 1648 abscon-

2301 1722 2319 1755 ι
2350 1702 2463 1758 dito
2492 1698 2849 1772 tempestatis,
2880 1694 3105 1767 probavi
3152 1702 3204 1749 te
3241 1692 3384 1762 apud
3430 1704 3618 1761 aquam
3643 1695 3796 1741 contn-

2303 1812 2322 1845 ι
2359 1790 2630 1848 dictionis.
2652 1787 2813 1853 Audi,
2841 1786 3069 1858 populus
3108 1799 3295 1846 meus,
3331 1791 3388 1838 et
3416 1776 3722 1835 contestabor
3739 1784 3794 1829 te:

612 1869 757 1968 sturm
788 1869 1082 1971 lvitleiicet,
1127 1907 1372 1977 quivere
1422 1869 1830 1957 inndamentum
1879 1903 1984 1951 est.
2044 1891 2198 1949 Umle
2232 1886 2273 1944 il
2308 1903 2325 1935 ι
2371 1883 2559 1950 lsrael,
2590 1882 2635 1938 si
2658 1880 2900 1937 audieris
2922 1892 3025 1942 me,
3071 1891 3177 1931 non
3202 1874 3309 1930 erit
3334 1873 3392 1927 in
3422 1880 3474 1928 te
3502 1869 3631 1925 Deus
3647 1880 3794 1927 recens.

614 2003 784 2058 illud:
819 2000 985 2055 Nemo
1030 2007 1195 2070 potest
1239 1996 1635 2067 fundamentum
1681 2005 1874 2060 ponere
1915 1996 2104 2057 preter
2140 1983 2196 2038 id

613 2094 755 2165 quod
780 2094 1006 2157 positum
1029 2099 1126 2153 est,
1147 2088 1285 2158 quod
1314 2095 1387 2140 est
1416 2084 1654 2138 Christus
1681 2082 1837 2135 Iesus
1864 2077 1916 2150 (1
1942 2076 2065 2131 Cor.
2089 2075 2197 2146 III),

613 2200 767 2256 quem
810 2183 1132 2252 confirmasti
1174 2181 1287 2244 tibi,
1338 2179 1390 2232 id
1424 2187 1531 2240 est,
1561 2178 1853 2230 immunem
1902 2187 1933 2224 a
1982 2176 2200 2240 peccato

618 2276 817 2332 fecisti.
848 2274 1068 2328 Incensa
1095 2272 1201 2341 igni
1224 2280 1270 2323 et
1293 2270 1541 2338 summa,
1566 2266 1632 2321 ab
1658 2263 2008 2334 increpatione
2030 2259 2202 2316 vultus

620 2367 698 2420 tui
723 2364 983 2435 peribant.
1021 2360 1185 2429 Quasi
1213 2359 1394 2413 dicat:
1430 2357 1547 2411 Dixi
1574 2364 1633 2409 ut
1652 2353 1940 2425 perliceres
1964 2349 2200 2411 vineam,

623 2467 680 2511 et
710 2464 764 2509 tu
798 2454 1066 2526 perﬁcies,
1104 2453 1177 2506 ita
1210 2462 1265 2505 ut
1294 2464 1470 2518 neque
1500 2446 1747 2508 altitudo,
1780 2455 1956 2511 neque
1983 2439 2207 2511 profun-

625 2548 752 2602 dum
784 2553 1036 2617 separent
1066 2546 1235 2614 ipsam
1265 2542 1479 2597 vineam
1509 2553 1540 2593 a
1572 2548 1644 2593 te.
1700 2534 1836 2589 Nam
1872 2534 1936 2587 ab
1966 2533 2204 2600 increpa—

622 2639 762 2693 tione
788 2642 962 2693 vultus
992 2639 1070 2690 tui
1094 2633 1331 2706 peribunt
1361 2634 1572 2687 incensa
1600 2629 1730 2700 igni,
1766 2627 1820 2682 id
1847 2634 1949 2691 est,
1981 2631 2203 2695 peccata

626 2727 770 2783 malo
792 2742 981 2782 amore
1009 2724 1295 2781 commissa
1314 2764 1328 2785 ,
1367 2721 1495 2792 quia
1524 2732 1681 2774 amor
1709 2716 1883 2772 malus
1909 2713 2208 2769 inﬂammat

622 2833 787 2891 opera
816 2817 974 2881 mala,
990 2826 1037 2871 et
1058 2816 1304 2886 suffossa,
1324 2812 1375 2868 id
1395 2821 1498 2877 est,
1518 2812 1713 2865 timore
1730 2808 1873 2864 malo
1894 2806 2203 2868 commissa,

624 2912 752 2982 quia
787 2911 949 2966 timor
978 2906 1176 2982 [timet]
1207 2906 1379 2962 malus
1406 2903 1719 2961 humiliatur
1746 2918 1777 2957 a
1805 2901 1986 2965 bonis,
2032 2907 2088 2955 et
2123 2906 2210 2953 est

626 3001 833 3057 dictum
878 3000 945 3054 ad
987 2998 1431 3060 similitudinem,
1484 2996 1609 3066 quia
1661 2994 1819 3049 sicuti
1868 3006 2055 3047 murus
2084 3000 2206 3046 cum

627 3090 1132 3147 suifoditurcasum
1164 3089 1420 3151 minatur,
1456 3087 1531 3140 ira
1560 3086 1788 3155 quisque
1832 3082 2026 3137 timore
2066 3079 2209 3134 malo

630 3198 920 3255 percussus
965 3192 1049 3238 est
1091 3196 1297 3252 pronus
1342 3180 1409 3234 ad
1455 3178 1667 3248 lapsum
1693 3216 1709 3242 ,
1760 3175 1886 3245 quia
1920 3174 2061 3230 sicut
2087 3188 2210 3229 esse

626 3279 829 3335 bonum
858 3275 1103 3349 procedit
1129 3291 1159 3329 a
1190 3274 1385 3329 timore
1413 3271 1555 3326 bono
1590 3279 1646 3325 et
1679 3281 1895 3331 amore,
1937 3265 2010 3321 ita
2048 3279 2209 3320 omne
2237 3240 2282 3302 (ἶ

606 3368 831 3425 ‘malum
863 3367 1105 3438 procedit
1152 3380 1222 3421 ex
1274 3361 1413 3418 malo
1446 3362 1640 3417 timore
1673 3368 1728 3415 et
1757 3373 1965 3414 amore.
2021 3355 2208 3431 Solent

612 3461 777 3516 enim
829 3458 1046 3532 aggredi
1092 3458 1442 3513 devocatores
1490 3466 1629 3524 quos
1671 3451 1935 3506 devocare
1984 3446 2209 3510 volunt,

631 3554 905 3610 blanditiis
931 3593 946 3616 ,
996 3548 1485 3623 promissionibus,
1538 3554 1594 3601 et
1637 3543 1793 3603 multi
1839 3556 2025 3596 amore
2069 3538 2212 3595 malo

631 3645 885 3703 excmcati
910 3652 1354 3713 corrumpuntur,
1382 3638 1477 3694 sed
1504 3636 1629 3691 felix
1654 3635 1832 3690 anima
1884 3646 2003 3703 quae
2020 3637 2211 3686 contra

630 3737 1018 3809 promissiones
1043 3734 1166 3790 illas
1191 3730 1444 3805 proponit
1468 3728 1571 3784 sibi
1600 3724 1922 3781 medicinam
1953 3720 2163 3779 salutis.

705 3827 847 3895 Quid
875 3828 1011 3882 enim
1046 3825 1254 3896 prodest
1291 3820 1487 3876 homini
1529 3819 1574 3873 si
1615 3818 1913 3871 universum
1956 3809 2211 3866 mundum

633 3922 897 3985 lucretur,
959 3919 1150 3973 anima:
1195 3930 1313 3971 vero
1359 3928 1472 3968 sua
1519 3910 1882 3965 detrimentum
1931 3902 2215 3977 patiatur?

635 4007 852 4079 (Matth.
880 4011 1017 4076 xvr.)
1069 4005 1219 4061 Felix
1266 4012 1350 4061 est
1396 4002 1559 4058 etiam
1590 4000 1687 4055 illa
1727 4000 1905 4053 anima
1949 4012 2070 4067 qute
2114 4008 2214 4051 nec

634 4100 803 4155 minis
840 4097 1228 4169 corrumpitur,
1278 4092 1628 4166 proponendo
1672 4091 1772 4145 sibi
1822 4090 1926 4144 hoc
1972 4085 2211 4143 divinum

631 4198 1003 4261 praeceptum:
1042 4185 1217 4242 Nolite
1261 4186 1441 4241 timere
1486 4200 1572 4239 eos
1610 4183 1701 4255 qui
1728 4183 1972 4236 occidunt
1999 4193 2211 4247 corpus,

634 4284 866 4337 animam
902 4290 1077 4335 autem
1118 4292 1219 4333 non
1257 4285 1472 4347 possunt
1500 4274 1736 4330 occidere
1762 4270 1980 4343 (Matth.
2008 4267 2086 4336 ι),
2133 4276 2216 4321 at-

632 4374 860 4430 tendens
889 4371 1051 4427 etiam
1081 4369 1388 4440 diligenter,
1418 4368 1543 4438 quia
1574 4363 1807 4421 mundus
1844 4361 1975 4417 nulli
2016 4357 2214 4429 iniusto

632 4464 755 4534 plus
782 4461 1052 4531 promittit
1096 4474 1257 4529 quam
1305 4457 1450 4513 Deus
1489 4458 1658 4527 justo.
1714 4453 1847 4508 Nam
1877 4451 2007 4521 quid
2041 4446 2216 4518 majus

632 4553 738 4607 hac
784 4550 1190 4621 promissione:
1253 4546 1429 4603 Venite
1453 4588 1471 4612 ,
1525 4544 1778 4600 benedicti
1834 4541 2015 4598 Patris
2064 4542 2165 4595 mei
2190 4542 2217 4596 ?

634 4639 852 4711 (Matth.
879 4640 1033 4708 xxv.)
1086 4637 1197 4693 Nec
1234 4646 1414 4707 potest
1455 4635 1690 4691 mundus
1726 4632 1891 4705 justis
1921 4640 2071 4687 tanta
2113 4631 2215 4686 mi-

631 4728 755 4784 nari
793 4737 997 4798 quanta
1038 4728 1279 4782 minatur
1305 4725 1448 4781 Deus
1477 4723 1713 4795 iniustis,
1744 4722 1943 4793 quibus
1971 4721 2215 4777 dicturus

622 4831 758 4880 est:
797 4822 897 4889 Ite,
930 4820 1219 4880 maledicti.
1259 4821 1315 4873 in
1342 4820 1511 4889 ignem
1547 4826 1801 4871 curuum
1828 4812 2040 4885 (Ibid.).
2083 4810 2216 4871 Fiat

633 4928 822 4968 manus
864 4921 955 4967 tua
995 4927 1150 4982 super
1174 4909 1338 4965 virum
1369 4909 1598 4963 dexterae
1625 4916 1730 4961 tua:
1757 4913 1805 4959 et
1834 4920 1990 4975 super
2018 4900 2066 4956 F
2068 4902 2218 4957 ilium

635 5004 861 5059 hominis
889 5019 1040 5076 quem
1071 5002 1394 5071 conﬁrmasti
1422 5000 1535 5055 tibi.
1585 4998 1752 5069 Quasi
1798 4998 1986 5051 dicat:
2039 4995 2115 5049 Da
2164 4993 2215 5048 ei

633 5102 957 5167 potestatem
988 5094 1169 5149 omnis
1193 5092 1397 5156 carnis,
1425 5090 1550 5161 quia
1579 5088 1747 5144 Filius
1776 5086 2008 5142 hominis
2035 5093 2141 5149 est,
2167 5092 2223 5140 et

620 5184 960 5255 conﬁrmasti
1001 5184 1093 5238 tibi
1132 5183 1348 5253 quando
1374 5197 1480 5236 vox
1510 5190 1601 5235 tua
1632 5187 1858 5251 paterna
1888 5177 2068 5231 audita
2098 5183 2216 5239 est,

633 5277 691 5331 in
708 5292 813 5347 quo
834 5275 958 5330 bene
979 5273 1271 5343 complacui
1287 5270 1500 5343 (Matth.
1519 5272 1625 5339 ιιι).
1659 5268 1725 5324 Et
1755 5284 1858 5322 non
1880 5266 2220 5323 discedemus

636 5381 669 5420 ιι
699 5375 768 5429 te,
799 5365 927 5435 quia
958 5373 1015 5419 tu
1044 5363 1327 5433 vioiﬁcabis
1357 5376 1472 5427 nos,
1514 5361 1617 5417 hoc
1642 5358 1912 5423 faciendo,
1955 5365 2017 5412 ut
2053 5357 2222 5428 gratis

618 5464 694 5511 -ιο
717 5456 995 5512 colamus:
1028 5456 1227 5509 mortui
1253 5454 1398 5509 enim
1427 5466 1667 5515 eramus,
1689 5450 1906 5521 quando
1931 5447 2217 5519 imaginem

635 5547 799 5619 primi
829 5546 1065 5603 hominis
1091 5547 1468 5617 portabamus,
1507 5552 1569 5601 et.
1597 5532 1766 5598 Deum
1793 5542 2059 5597 coluimus
2088 5552 2218 5609 pro-

638 5645 759 5709 pter
787 5647 1026 5704 terrena,
1063 5648 1111 5693 et
1141 5654 1326 5693 nomen
1356 5647 1506 5692 tuum
1533 5634 1908 5690 invocabimns.
1959 5631 2027 5687 Et
2054 5639 2115 5686 ut
2141 5630 2223 5686 in-

638 5745 916 5796 vocemus,
962 5731 1183 5787 Domine
1222 5731 1365 5786 Deus
1406 5731 1688 5794 virtutum,
1735 5736 1969 5783 converts
2014 5741 2127 5791 nos,
2176 5735 2222 5782 et

624 5822 849 5877 ostende
876 5822 1060 5889 [aciem
1089 5834 1256 5889 tuam,
1287 5832 1335 5877 et
1363 5822 1493 5876 salri
1520 5821 1731 5886 crimes.

2309 1995 2327 2028 ι
2364 1989 2538 2045 neque
2590 1971 2844 2028 adorabis
2888 1968 3049 2023 deum
3084 1964 3345 2021 alienum.
3398 1961 3508 2032 Ego
3554 1958 3679 2013 enim
3720 1969 3795 2009 sum

2307 2087 2324 2118 ‹
2368 2043 2625 2121 Dominus
2647 2063 2788 2118 Deus
2815 2069 2959 2125 tuus,
2979 2058 3069 2129 qui
3096 2056 3258 2111 eduxi
3288 2064 3342 2110 te
3365 2053 3432 2108 de
3464 2060 3598 2107 terra
3617 2043 3794 2117 Egypti:

2307 2177 2325 2210 ι
2369 2156 2614 2211 dilataos
2643 2162 2814 2217 tuum,
2839 2160 2893 2205 et
2941 2147 3174 2218 implebo
3222 2145 3376 2200 illud.
3421 2142 3489 2197 Et
3535 2156 3629 2195 non
3657 2134 3795 2190 audivit

2310 2267 2327 2300 ι
2367 2246 2595 2318 populus
2619 2258 2774 2299 meus
2799 2254 2984 2296 vocem
3012 2252 3212 2301 meam,
3236 2244 3291 2291 et
3329 2232 3495 2289 israel
3525 2244 3618 2285 non
3638 2222 3797 2281 intendit

2311 2358 2328 2391 ι
2358 2337 2512 2394 mihi.
2555 2336 2622 2390 Et
2654 2333 2861 2389 dimisit
2902 2344 2997 2386 eos
3043 2325 3340 2383 secundum
3389 2318 3639 2379 desideria
3677 2313 3797 2371 caulis

2311 2452 2329 2485 ι
2365 2446 2578 2496 eorum,
2604 2430 2757 2484 ibunt
2801 2428 2855 2481 in
2891 2419 3370 2479 adinventionibus
3409 2416 3538 2473 suis.
3566 2412 3617 2469 Si
3642 2409 3798 2482 populis

2311 2540 2330 2573 ι
2366 2534 2520 2576 meus
2539 2518 2779 2573 audisset
2818 2530 2924 2580 me,
2955 2511 3122 2569 Israel
3155 2511 3199 2566 si
3230 2511 3282 2564 in
3323 2509 3431 2563 viis
3461 2505 3586 2562 meis
3603 2499 3799 2556 ambulas

2312 2635 2331 2670 ι
2373 2622 2456 2672 set
2488 2632 2503 2669 :
2531 2628 2633 2683 pro
2655 2609 2822 2667 nihilo
2857 2608 3083 2665 forsitan
3115 2604 3368 2660 inimicos
3393 2615 3573 2658 eorum
3598 2592 3797 2653 humiliu-

2311 2725 2331 2758 ι
2373 2720 2508 2769 sem,
2535 2712 2591 2760 et
2634 2716 2795 2773 super
2839 2697 3159 2755 tribulantcs
3207 2710 3302 2751 eos
3353 2692 3608 2747 misissem
3649 2695 3798 2739 manum

2312 2815 2331 2847 α
2372 2809 2566 2850 meam.
2600 2769 2808 2849 inimici
2852 2788 3063 2845 Domini
3119 2785 3333 2841 mentiti
3364 2789 3491 2838 sunt
3535 2780 3616 2843 ei,
3667 2784 3709 2830 ct
3736 2769 3799 2823 erit

2314 2908 2332 2940 ι
2365 2898 2574 2959 tempus
2602 2900 2788 2941 eorum
2813 2884 2866 2938 in
2902 2873 3116 2938 saecula.
3146 2880 3212 2934 Et
3253 2877 3459 2934 cibavit
3488 2873 3599 2929 illos
3621 2886 3677 2925 ex
3698 2866 3799 2935 adipe

2313 3001 2332 3035 ι
2364 2978 2712 3040 frumenti,et
2741 2975 2808 3031 de
2835 2983 2989 3046 petra
3033 2971 3194 3028 melle
3225 2968 3493 3025 saturavit
3517 2978 3618 3021 eos.
3643 2980 3658 3012 ι

2874 3087 2923 3142 E
2929 3085 2983 3141 Ν
2984 3085 3163 3141 ARRA
3174 3083 3245 3138 TI
3248 3082 3320 3138 0.

2382 3182 2656 3240 Psalmnm
2681 3181 2840 3236 istum
2862 3184 3046 3233 cantat
3072 3174 3249 3245 Asopi:
3272 3171 3399 3227 aliis
3428 3168 3516 3239 qui
3537 3172 3649 3222 sunt
3667 3155 3799 3225 Δωριι.

2313 3286 2370 3331 et
2398 3276 2509 3346 agit
2530 3274 2600 3329 de
2625 3272 2785 3328 rebus
2805 3266 3121 3338 signiﬁcatis
3154 3280 3251 3335 per
3278 3278 3372 3320 res
3391 3261 3554 3317 factas
3567 3248 3803 3346 quintani)-

2315 3342 2459 3422 bati:
2476 3365 2609 3420 Nam
2637 3363 2832 3434 legitur
2862 3360 3006 3431 quod
3046 3359 3099 3413 in
3146 3358 3334 3428 quinta
3384 3350 3577 3409 sabbati
3613 3342 3796 3434 Dominis

2311 3461 2537 3514 dixisset
2567 3474 2582 3511 :
2617 3430 2918 3510 Producant
2952 3467 3103 3524 aqua:
3122 3454 3287 3505 omne
3307 3445 3496 3519 reptile
3519 3440 3650 3515 (Gen.
3678 3438 3727 3505 ι).
3745 3430 3801 3486 ηδε

2313 3550 2685 3622 significantur
2731 3546 2805 3602 illi
2843 3544 2935 3615 qui
2972 3558 3071 3615 per
3117 3541 3324 3596 fontem
3376 3530 3693 3622 baptismatis
3720 3530 3801 3622 silli

2312 3612 2638 3717 regenerati,
2669 3648 2725 3696 et
2772 3612 2875 3694 esti
2913 3612 3008 3709 pro
3037 3633 3394 3689 torcularibus
3423 3647 3443 3687 :
3477 3630 3526 3683 in
3555 3612 3802 3711 torcular-iit

2313 3702 2565 3807 pressura
2601 3702 2657 3788 et
2685 3702 3041 3791 conculcatio,
3070 3733 3126 3779 et
3148 3723 3532 3777 discernuntur
3555 3713 3618 3770 ibi
3640 3702 3795 3766 duo.“-

2312 3804 2442 3879 num
2476 3821 2621 3893 quod
2668 3819 2941 3889 eliquatur
2991 3815 3045 3869 in
3087 3812 3395 3873 cellarium,
3434 3818 3489 3865 et
3517 3805 3701 3860 vinacea

2314 3884 2722 3981 contemplanda
2761 3884 3155 3976 proiiciantur
3188 3901 3242 3955 in
3280 3899 3518 3954 trivium.
3560 3884 3803 3947 Discemilll

2310 4001 2475 4056 etiam
2501 3998 2679 4055 oleum
2715 3995 2784 4051 ab
2823 4008 3081 4058 amurca;
3110 3991 3289 4047 oleum
3323 3989 3378 4043 in
3409 3980 3660 4057 apothecis
3679 3984 3802 4030 ηοω-

2313 4093 2567 4158 dendum,
2598 4097 2655 4146 et
2674 4102 2895 4145 amurca
2924 4087 2980 4141 in
3010 4084 3228 4139 trivium
3262 4082 3332 4136 ad
3364 4067 3803 4158 eoneuleandntu;6

2311 4191 2398 4238 est
2436 4152 2704 4251 expositio
2756 4175 2895 4231 tituli
2939 4173 3106 4229 talis:
3152 4172 3208 4226 in
3242 4170 3403 4240 ﬁnem
3446 4164 3708 4223 referuntur
3732 4152 3802 4206 hac

2313 4273 2513 4328 verba:
2562 4270 2708 4325 dicta
2738 4284 2834 4338 pro
2880 4262 3255 4328 torcularibus,
3291 4261 3345 4315 id
3369 4267 3471 4323 est,
3501 4269 3588 4326 pro
3610 4254 3801 4320 pressum

2314 4377 2565 4435 pressura
2600 4360 2744 4424 dico,
2801 4358 3145 4413 discernente
3199 4347 3635 4435 res‘signilicatas

2309 4423 2528 4509 creatas
2580 4450 2765 4520 quinta
2803 4444 3032 4508 sabbati,
3075 4451 3133 4498 et
3170 4450 3255 4497 est
3295 4437 3539 4494 Psalmns
3577 4423 3802 4520 Amph-sic

2317 4545 2545 4601 dicentis
2570 4510 2905 4598 :dntremus.
2943 4533 3317 4603 inspiciamus,
3342 4530 3627 4586 timeamus,
3648 4510 3802 4603 ςαυᾷελ·

2326 4650 2463 4697 mus,
2483 4643 2818 4705 appetamus,
2837 4601 3128 4700 fugiamus,
3153 4624 3279 4696 quia
3305 4624 3421 4678 hinc
3432 4617 3594 4676 omnia
3609 4613 3653 4666 in
3667 4601 3804 4678 psalmo

2320 4725 2573 4782 invenire
2596 4722 2912 4793 poterimus.

2397 4779 2674 4870 Exsultate
2704 4811 2816 4867 Deo
2856 4808 3089 4879 adjutori
3140 4815 3341 4861 nostra.
3390 4799 3547 4870 Quasi
3589 4793 3717 4849 dicat.
3736 4779 3801 4833 V05

2320 4908 2603 4979 qniusque
2650 4906 2809 4961 modo
2861 4900 3230 4958 exsultavistis
3281 4900 3336 4955 in
3376 4893 3566 4952 mundo
3603 4882 3801 4979 deum?"

2321 4967 2531 5065 vestro,
2550 5008 2605 5053 et
2623 4997 2840 5054 diabolo
2889 4996 3170 5051 desertore
3211 5001 3412 5056 vestro,
3445 4996 3498 5044 et
3521 4987 3677 5039 ventre
3695 4967 3799 5026 salt“

2324 5104 2477 5149 ctore
2508 5103 2709 5155 vestro,
2732 5090 2994 5159 deinceps
3021 5086 3278 5142 exsultate
3306 5083 3415 5140 Deo
3441 5071 3649 5147 adjutori

2322 5186 2391 5240 Et
2414 5186 2459 5239 si
2488 5201 2594 5240 non
2638 5182 2906 5239 snliiciant
2932 5150 3092 5234 vobis
3132 5193 3315 5239 voces,
3346 5189 3448 5229 non
3479 5178 3632 5223 tanien
3660 5150 3801 5240 (κείωξ

2325 5230 3116 5342 exsultatioged‘iuvbilatevDeo
3134 5230 3320 5321 Iacob:
3351 5260 3506 5330 Quasi
3530 5256 3652 5342 dicat

2326 5364 2552 5435 potestis
2577 5325 2838 5432 proferre,
2865 5358 3141 5419 exsultate,
3176 5355 3321 5427 quod
3359 5325 3460 5407 non
3485 5339 3690 5435 ροῑοξιίεν

2328 5418 2452 5508 late.
2476 5418 2687 5509 Jubilus
2727 5418 2872 5505 enim
2916 5456 3004 5504 est
3044 5418 3210 5502 tanta.
3249 5443 3428 5498 lzetitia
3463 5418 3635 5493 mentis
3666 5418 3798 5509 qua"?

2330 5559 2434 5599 non
2465 5549 2642 5613 potest
2677 5538 2907 5609 exprimi
2946 5551 3080 5592 sono
3127 5533 3296 5590 vocis.
3345 5528 3533 5587 Sumite
3553 5504 3796 5613 Ρωίίξξῖῗ

2329 5598 2803 5702 daze'tgmpanum.
2832 5626 3082 5681 Psalmus
3128 5623 3341 5695 ponitur
3382 5618 3465 5672 hic
3485 5626 3571 5685 pro
3606 5598 3798 5702 Ρθίίθξῗς

2331 5670 2450 5687 ..κιο
2477 5670 2803 5702 .,..ν,,........-.
2832 5670 2855 5680 -
2880 5670 3081 5681 -..μηπ
3128 5670 3331 5695 ,ηψπ
3485 5670 3499 5685 ,
3607 5670 3620 5676 ,

2331 5721 2556 5778 ciiectus
2579 5718 2824 5773 videlicet
2858 5731 2956 5786 pro
3008 5728 3189 5768 causa.
3233 5706 3536 5765 Psalterium
3563 5706 3680 5750 vero,
3706 5670 3797 5786 ιιιιξά

2333 5812 2580 5882 superius
2601 5818 2778 5876 sonat,
2806 5781 3109 5879 spiritantia
3138 5803 3407 5874 designat;
3428 5796 3683 5866 tympanum
3700 5781 3798 5827 "3‘"-
