3884 5704
57 368 111 426 7'5

53 481 134 535 uod
161 477 370 534 inferius
384 493 574 533 sonum
603 479 794 543 reddit,
818 479 1055 534 carnalia
1083 497 1247 552 opera
1267 486 1544 556 designat:
1579 493 1622 550 Α

47 583 66 626 :t
94 574 310 626 hortatur
331 587 425 624 nos
480 571 564 625 hic
612 570 901 641 Propheta,
949 581 1008 626 ttt
1039 573 1235 629 divinis
1262 577 1440 632 verbis
1465 593 1554 631 re-

48 664 330 732 pondeamus
357 661 662 717 carnalibus
687 664 964 732 operibus,
994 668 1137 735 quod
1163 668 1302 721 idem
1323 667 1556 738 Aposto-

56 769 90 806 IS
113 752 442 814 exhortatur,
499 753 790 808 condolens
837 765 891 808 et
957 757 1358 824 reprehendens
1401 760 1552 823 dicit,

47 848 135 911 [uad
157 856 298 895 nemo
318 841 416 897 sibi
449 843 926 899 communicaverit
950 845 1003 899 in
1034 848 1236 899 ratione
1259 847 1371 900 dati
1391 858 1438 900 et
1461 865 1554 901 ac-

48 930 303 1000 epti'(Phil.
333 931 427 1003 tv.)
463 932 615 999 Quod
658 934 798 988 idem
854 937 1187 1010 manifestius
1229 938 1354 992 alibi
1382 939 1550 992 dicit:

47 1023 72 1076 ii
89 1023 202 1077 vobis
227 1023 518 1091 spiritualia
553 1026 891 1089 semianimis,
920 1043 1167 1096 magnum
1215 1038 1289 1080 est
1319 1029 1364 1080 si
1388 1039 1554 1082 vestra

47 1121 233 1164 metamus
259 1111 490 1165 carnalia
516 1111 566 1183 (1
596 1112 720 1166 Cor.
755 1115 878 1182 Ix)?
909 1115 1192 1184 Tanquam
1229 1116 1272 1170 si
1303 1116 1504 1170 diceret
1537 1134 1550 1169 :

47 1202 72 1255 ii
95 1203 212 1256 avidi
233 1204 358 1257 estis
389 1203 440 1258 in
469 1205 847 1274 spiritualibus
888 1208 1188 1272 sumendis,
1227 1208 1405 1262 devoti
1438 1210 1556 1262 sitis

47 1314 67 1350 η
115 1298 391 1352 carnalibus
443 1300 753 1370 erogandis,
804 1309 860 1354 et
907 1301 1226 1354 desideratis
1282 1303 1556 1372 suscipere

50 1390 302 1457 piritualia,
347 1406 410 1445 ne
439 1393 559 1447 sitis
604 1393 741 1463 pigri
799 1407 1026 1462 erogare
1067 1393 1325 1457 carnalia,
1357 1395 1556 1448 sumite

47 1489 383 1545 'occsuostras,
413 1491 469 1536 et
505 1482 763 1537 exhibete
804 1499 995 1537 manus
1030 1493 1260 1545 vestras.
1300 1487 1441 1554 quod
1470 1486 1553 1538 di-

48 1573 97 1632 sit,
124 1569 296 1625 Sumite
323 1572 648 1640 psalterium,
677 1574 727 1628 id
753 1584 856 1639 est,
881 1576 1180 1644 spiritu-alia
1204 1577 1272 1630 ab
1294 1591 1388 1628 ore
1415 1591 1555 1644 prie-

47 1661 224 1724 lirantis,
268 1672 320 1717 et
359 1664 478 1717 date
505 1673 809 1734 tympanum
856 1665 1160 1720 exhibendo
1196 1665 1455 1720 carnalia.
1490 1665 1551 1720 Et

47 1767 156 1817 [nare
183 1754 305 1807 hoc?
331 1751 462 1820 Quia
497 1753 808 1823 psalterium
835 1771 954 1808 cum
985 1755 1186 1808 cithara
1236 1764 1319 1808 est
1353 1756 1552 1824 jucun-

47 1844 121 1896 lum
141 1842 247 1898 Deo.
275 1843 400 1898 Nam
423 1845 513 1915 qui
553 1847 719 1900 sumit
755 1845 1054 1916 spiritualia
1105 1855 1158 1900 et
1196 1846 1402 1915 praebet
1435 1861 1554 1900 car-
1583 1843 1625 1899 li

47 1936 138 1988 talia
185 1936 323 1992 dulce
367 1937 536 1991 melos
599 1937 778 1991 reddit
817 1939 946 1992 Deo.
995 1936 1281 1990 Buccinate
1338 1939 1391 1990 in
1431 1953 1552 1990 neo—

47 2026 158 2078 uenia
183 2027 312 2080 tuba.
352 2026 407 2080 lu
439 2028 812 2098 superioribus
863 2029 973 2097 egit
1001 2029 1068 2083 de
1107 2028 1395 2082 dilectione
1431 2029 1547 2094 Dei,

47 2116 94 2169 lic
125 2127 273 2172 autem
310 2119 557 2173 hortatur
602 2119 877 2174 dilectioni
930 2119 1020 2172 Dei
1071 2119 1376 2175 subinferre
1418 2121 1547 2175 dile-

47 2209 208 2263 sionem
256 2212 520 2280 proximi,
581 2222 640 2265 ut
701 2214 792 2282 qni
850 2213 1022 2284 diligit
1087 2215 1294 2279 Deum,
1359 2215 1552 2284 diligat

47 2308 68 2354 st
115 2303 398 2370 proximum.
467 2303 637 2371 Quasi
689 2305 833 2358 dicat
883 2323 895 2357 :
958 2304 1161 2358 Sumite
1232 2305 1490 2376 psa'mum
1533 2346 1548 2371 ,

47 2395 240 2447 lucrinate
270 2395 318 2448 in
342 2398 637 2460 neomenia,
657 2396 708 2449 id
737 2397 1147 2465 est,pr:edicatc
1168 2413 1359 2450 novam
1383 2398 1550 2453 vitam

47 2494 171 2552 uperte
189 2494 234 2538 ct
261 2501 374 2541 cum
400 2487 618 2541 ﬁducia.
668 2486 804 2541 Nota
847 2503 942 2557 per
985 2489 1326 2543 ncomeniam
1359 2505 1552 2543 novam

47 2575 175 2628 vitam.
201 2576 334 2632 Neon
361 2579 501 2633 cnim
547 2595 734 2632 novum
771 2579 992 2642 dicitur,
1032 2595 1179 2633 mene
1220 2581 1381 2644 luna;
1413 2580 1554 2633 unde

50 2668 187 2721 uensis
206 2669 408 2732 dicitur,
429 2678 486 2725 et
511 2670 592 2725 sic
618 2669 833 2724 insimul
868 2671 1150 2724 neomcnia
1176 2686 1362 2724 novam
1393 2671 1552 2724 vitam

47 2755 236 2827 Iesignat.
277 2759 418 2814 Tuba
454 2769 663 2825 autem,
695 2762 818 2829 quia
846 2776 1088 2832 grossam
1135 2777 1322 2816 vocem
1370 2762 1550 2825 habet,

47 2858 214 2917 ipertam
231 2851 464 2907 ﬁduciam
488 2863 662 2919 notat,
683 2855 805 2923 quia
826 2854 1089 2924 novafvita
1109 2864 1293 2925 aperte
1315 2865 1367 2909 et
1385 2855 1524 2909 conti
1540 2887 1553 2894 -

47 2941 176 2996 lentor
202 2944 347 3000 debet
372 2947 690 3016 praedicari,
720 2956 775 3002 et
807 2947 906 3002 hoc
933 2948 987 3001 in
1011 2949 1203 3018 insigni
1245 2949 1328 3002 die
1363 2951 1552 3003 solem-

47 3032 163 3088 litatis
190 3047 380 3103 κείνω,
412 3039 776 3095 solemnitatis
801 3040 1051 3095 videlicet
1079 3057 1230 3096 novae
1261 3041 1556 3111 reparatio—

48 3124 350 3200 tis,antiqu:e
373 3132 775 3203 dispositionis,
801 3142 1018 3189 interna:
1044 3134 1338 3190 felicitatis.
1367 3135 1423 3188 In
1457 3136 1559 3189 hac

47 3194 312 3274 solemnitate
334 3194 731 3276 buccinandum
760 3194 844 3277 est
869 3224 1064 3294 cuique
1091 3224 1251 3288 ﬁdeli,
1276 3227 1400 3296 quia
1423 3242 1556 3295 prtc-
1585 3194 1628 3254 Ο

47 3313 185 3371 cptum
220 3309 267 3362 in
314 3309 481 3366 Israel
509 3324 622 3378 est,
667 3323 714 3366 et
743 3314 1014 3384 judicium
1048 3315 1158 3370 Deo
1200 3317 1386 3371 Jacob.
1422 3315 1557 3371 Nota

47 3397 124 3462 [uia
143 3409 244 3466 post
264 3417 572 3474 prmecptum
607 3407 977 3461 necessarium
1004 3408 1251 3477 sequitur
1267 3408 1552 3478 judicium,

47 3487 123 3552 [uia
150 3491 244 3557 ipse
265 3495 412 3550 dator
435 3497 691 3566 prtecepti
716 3497 852 3551 dixit
881 3513 897 3552 :
923 3497 1035 3568 Ego
1065 3499 1118 3552 in
1152 3498 1411 3566 iudicium
1439 3500 1558 3554 veni

48 3591 70 3624 ιι
98 3577 208 3633 hunc
229 3585 497 3650 mundum,
539 3597 597 3640 ut
626 3586 715 3657 qui
758 3605 861 3641 non
898 3590 1072 3643 vident
1113 3590 1356 3655 videant,
1381 3600 1430 3644 et
1465 3591 1557 3661 qui

48 3665 160 3721 idem
199 3674 311 3726 caci
351 3675 482 3742 ﬁant
534 3676 718 3749 (Joan.
752 3680 856 3745 tx).
908 3678 978 3732 Et
1010 3679 1156 3748 quid"
1188 3679 1319 3740 hoc,
1356 3681 1455 3735 nisi
1502 3689 1560 3736 ut

47 3754 123 3810 elati
162 3761 511 3832 humilicntur,
552 3775 610 3822 et
648 3768 876 3823 lmmiles
926 3770 1266 3824 exaltentur?
1307 3769 1561 3824 Testimo-

48 3849 140 3902 u'um
162 3853 406 3925 inJoseph
429 3861 601 3928 posuit
626 3858 779 3922 illud,
810 3860 862 3914 id
885 3869 995 3921 est,
1024 3872 1340 3930 preceptunt
1373 3861 1556 3915 datum

47 3940 193 4012 ’srael,
238 3961 313 4006 cst
365 3956 718 4008 testimonium
787 3953 1014 4024 Joseph,
1069 3955 1249 4024 populi
1308 3955 1556 4011 videlicet

47 4043 307 4104 mgmentati
328 4084 341 4106 ,
375 4044 426 4098 id
457 4055 573 4111 est,
624 4045 840 4116 gentilis
862 4087 875 4110 ,
909 4046 1257 4099 testimonium
1295 4047 1415 4102 dico
1450 4047 1556 4101 sal-

47 4129 247 4199 tationis,
296 4137 604 4206 impletum,
661 4138 1026 4194 damnationis
1081 4139 1402 4210 neglectum.
1460 4139 1558 4194 Vel

47 4229 168 4275 ιιιιρει
187 4227 336 4280 tuenti
363 4237 559 4283 nostra:
585 4243 905 4293 occurrere,
935 4228 1170 4298 qualiter
1201 4226 1400 4298 Josepb
1432 4242 1561 4282 vcn-

48 4311 143 4367 litus
169 4333 192 4369 a
220 4315 464 4374 fratribus
495 4321 566 4375 sit
593 4320 896 4384 exaltatus,
950 4329 1007 4374 ut
1050 4320 1324 4374 Christttm
1366 4318 1562 4373 intelli-

47 4417 177 4466 {alnus
200 4423 225 4461 a
247 4413 435 4481 p0pulo
455 4427 555 4468 suo
579 4422 941 4483 contemptum
959 4453 975 4474 ,
1004 4421 1058 4468 et
1082 4414 1133 4467 in
1160 4413 1410 4483 gentibus
1439 4421 1560 4482 post

48 4495 259 4554 mssioncs
304 4515 608 4558 sanctorum
675 4513 973 4574 martyrum
1037 4502 1368 4560 exaltatum.
1437 4518 1556 4555 cum

47 4587 155 4642 exiret
183 4592 239 4646 de
268 4605 400 4649 terra
445 4596 689 4667 Λῖρῃριὶ.
734 4596 1002 4652 Convenit
1046 4603 1100 4650 et
1154 4593 1350 4665 populo
1380 4593 1560 4647 multi-

48 4676 186 4735 Jlicato
210 4687 337 4754 quod
363 4687 520 4753 dicit,
552 4705 670 4741 cum
709 4689 871 4743 exiret
905 4687 969 4740 de
999 4696 1138 4740 terra
1166 4684 1385 4755 159mm.
1401 4725 1415 4747 ν
1446 4699 1566 4754 my-

47 4767 137 4823 stice
159 4789 251 4827 non
281 4777 478 4831 addidit
505 4787 703 4832 terram
737 4777 991 4847 quoniam
1012 4784 1065 4830 et
1094 4774 1192 4845 ipsi
1217 4773 1282 4827 ad
1311 4772 1554 4842 quintam

47 4852 212 4914 Sabbati
247 4867 528 4932 pertinent.
574 4865 678 4935 lpsi
722 4866 883 4919 etiam
915 4866 981 4919 de
1008 4864 1243 4935 Egypto
1271 4865 1554 4926 exierunt,

48 4951 208 5008 Wallth
251 4953 310 5008 de
354 4965 614 5024 potestate
648 4955 846 5010 diaboli
877 4963 931 5010 et
963 4958 1307 5010 tenebrarum
1347 4953 1555 5008 liberati

47 5045 155 5097 sunt,
179 5041 290 5107 quia
319 5043 444 5096 nihil
480 5045 622 5098 aliud
650 5045 830 5116 populi
861 5044 1139 5099 lsraelitiei
1168 5045 1428 5099 transitus
1461 5059 1558 5116 per

47 5138 156 5180 mare
181 5129 405 5188 Rubrum
440 5137 491 5189 in
520 5138 688 5207 ﬁgura
719 5137 1103 5206 praetendebat,
1135 5135 1234 5190 nisi
1269 5137 1552 5192 transitum

47 5211 228 5274 fidelium
253 5239 341 5292 per
366 5227 713 5297 baptismum.
749 5227 898 5282 Unde
927 5229 1080 5282 testis
1110 5236 1193 5284 est
1220 5225 1510 5297 Apostolus
1541 5241 1558 5281 :

47 5305 148 5362 Nolo
165 5317 283 5370 enim
303 5335 415 5383 vos,
447 5322 670 5389 fratres,
713 5322 983 5391 ignorare,
1031 5325 1156 5394 quia
1191 5333 1364 5392 patres
1395 5322 1564 5381 nostri

47 5412 176 5456 nnnes
198 5407 281 5460 sub
309 5411 432 5464 nube
459 5412 668 5479 fuerunt
692 5453 705 5476 ,
743 5423 788 5465 et
817 5427 914 5481 per
953 5431 1093 5468 mare
1136 5416 1455 5471 transierunt
1474 5461 1486 5481 ,
1513 5424 1562 5470 et

47 5499 178 5576 Wes
203 5496 249 5548 in
273 5495 438 5568 Moyse
481 5500 731 5569 baptizati
758 5513 875 5554 sunt
917 5502 968 5572 (Ι
997 5502 1117 5556 Cor.
1151 5503 1228 5572 κ).
1261 5504 1398 5570 Quid
1426 5521 1561 5576 ergo

47 5575 150 5633 aliud
177 5583 484 5652 signiﬁcabat
526 5592 787 5645 transitus
828 5607 924 5660 per
968 5609 1116 5649 mare
1143 5593 1419 5661 Rubrum,
1451 5596 1555 5652 nisi

165 5685 376 5704 ...ιιι-...ω
401 5678 788 5704 I......:_...-_-.-.,.
811 5681 834 5704 ο
857 5683 954 5704 η--ε
981 5684 992 5704 I
1033 5685 1128 5704 -I.-__
1156 5685 1168 5704 ι
1206 5683 1286 5704 2..-
1305 5702 1314 5704 _
1335 5702 1344 5704 _

1107 367 1642 432 ENARRATIONES
1677 372 1746 431 IN
1783 373 2117 434 PSALMOS.

3137 383 3239 448 574

1653 488 1911 560 Egyptii,
1941 499 2136 562 urgent
2181 505 2351 563 usque
2384 492 2452 550 ad
2483 510 2632 552 mare
2667 515 2681 552 :
2713 498 2913 554 instant
2933 511 2988 556 et
3015 515 3236 570 peccata

1660 593 1829 648 usque
1849 581 1915 634 ad
1938 582 2263 652 baptismum
2287 626 2300 650 ,
2327 585 2422 641 sed
2444 585 2701 658 desperas
2725 599 2777 644 tn
2799 590 2994 661 aliquis
3019 603 3242 664 prapter

1657 671 2042 726 conscientiam
2090 674 2283 731 malam
2323 677 2418 734 tibi
2448 694 2553 734 non
2586 683 2786 736 remitti
2835 694 3076 753 peccata,
3109 687 3240 740 time

1659 775 1726 812 ne
1749 773 2024 818 remaneat
2048 766 2248 837 aliquid
2272 779 2619 838 peccatorum
2640 776 2682 829 si
2706 777 2837 830 vixit
2864 777 3056 846 aliquis
3079 777 3240 850 IEgy—

1658 851 1932 918 ptiorum:
1966 855 2199 924 linguam
2231 877 2388 929 quant
2431 879 2532 916 non
2573 877 2778 920 noverat
2829 870 3047 924 audivit.
3101 870 3240 937 Quid

1657 943 1862 996 audivit
1882 947 2108 1015 populus
2132 951 2452 1019 baptizatus,
2477 956 2576 1010 nisi
2611 960 2864 1013 mundum
2893 962 3089 1017 debere
3110 978 3211 1017 con

1658 1042 1929 1098 temnere,
1957 1053 2009 1090 et
2047 1043 2208 1095 corda
2256 1059 2469 1099 sursum
2505 1048 2746 1119 erigere?
2775 1053 2897 1120 quia
2925 1053 3126 1108 dictum
3157 1066 3240 1111 est

1655 1128 1774 1182 eis:
1805 1128 2016 1184 Transit
2050 1135 2275 1188 mundus
2319 1147 2366 1190 et
2405 1143 2815 1209 concupiscentia
2851 1145 2965 1214 ejus
2992 1145 3040 1217 (Ι
3073 1147 3236 1202 Jaan.

1656 1218 1739 1287 It).
1783 1220 2002 1274 Divertit
2045 1223 2110 1275 ab
2158 1227 2399 1280 oneribus
2449 1229 2659 1284 dorsum
2691 1233 2824 1302 ejus.
2861 1234 2990 1300 Quis
3027 1236 3242 1292 diverlit

1655 1313 1721 1366 ab
1749 1315 2007 1369 oneribus
2034 1315 2286 1382 dorsum,
2335 1321 2440 1374 nisi
2493 1323 2581 1377 ille
2627 1325 2717 1393 qui
2747 1327 2920 1382 dixit?
2961 1325 3135 1383 Venite
3173 1329 3241 1383 ad

1655 1417 1768 1466 me,
1805 1421 1982 1459 omnes
2008 1408 2097 1476 qui
2117 1407 2370 1463 laboratis
2400 1421 2446 1466 et
2478 1417 2680 1469 onerati
2717 1418 2872 1482 estis,
2903 1428 2950 1473 et
2994 1438 3086 1490 ego
3116 1423 3241 1491 refi-

1656 1492 1791 1545 ciam
1814 1511 1900 1547 ros
1934 1493 2149 1562 (Matth.
2183 1499 2284 1565 xl).
2315 1500 2492 1556 Onera
2543 1503 2641 1558 ista
2663 1547 2677 1570 ,
2712 1507 2922 1562 sarcina
2965 1518 3090 1563 sunt
3120 1526 3246 1580 pec-

1655 1593 1921 1638 catorum.
1979 1585 2130 1642 Unde
2173 1589 2330 1654 alibi,
2380 1601 2427 1645 et
2482 1594 2617 1648 sicut
2657 1613 2789 1650 onus
2827 1615 2981 1666 grave
3019 1614 3246 1670 gravata:

1655 1684 1777 1728 sunt
1809 1693 1966 1745 super
1995 1695 2074 1732 me
2106 1677 2276 1750 (Psal.
2311 1682 2540 1754 xxxv").
2571 1683 2722 1751 Quod
2754 1687 2916 1750 dicit,
2948 1689 3153 1742 divertit
3180 1690 3243 1742 ab

1657 1765 1899 1819 oneribus
1936 1767 2152 1822 dorsum
2181 1771 2324 1840 ejus,
2355 1780 2410 1825 et
2437 1775 2591 1841 quasi
2623 1776 2830 1832 diceres
2850 1820 2863 1842 ,
2900 1781 3093 1847 quibus
3117 1795 3247 1834 onc-

1659 1855 1840 1910 ribus?
1867 1857 2059 1912 Manus
2087 1861 2201 1930 ejus
2241 1863 2296 1915 in
2341 1865 2561 1929 cophino
2589 1868 2896 1922 servierunt.
2926 1869 3029 1924 Per
3059 1872 3244 1940 cophi-

1657 1963 1782 2002 num
1829 1950 2207 2019 signiﬁcantur
2257 1969 2420 2024 opera
2470 1959 2707 2012 servilia.
2761 1959 3018 2016 Mnudare
3063 1964 3243 2026 cnim,

1653 2050 1988 2109 stercorare,
2019 2054 2218 2099 terram
2266 2056 2517 2116 portare,
2549 2051 2782 2119 cophino
2813 2052 2872 2104 ﬁt
2908 2070 2920 2105 :
2955 2053 3026 2106 illi
3063 2066 3243 2109 autem

1655 2133 1808 2201 quasi
1851 2135 1904 2187 in
1949 2136 2170 2203 cophino
2212 2145 2411 2190 terram
2455 2150 2674 2210 portant
2705 2141 2794 2210 qui
2833 2143 2886 2196 in
2935 2145 3095 2198 corde
3147 2160 3246 2198 suo

1655 2224 1867 2277 sarcina
1918 2237 2260 2294 peccatorum
2293 2239 2678 2299 aggravantur.
2726 2213 2912 2296 Nam,
2944 2233 3110 2286 omnis
3155 2233 3246 2302 qui

1653 2316 1781 2384 facit
1808 2327 2076 2385 peccatum
2099 2335 2274 2372 servus
2305 2329 2378 2372 est
2400 2321 2600 2386 peccati
2633 2321 2814 2393 (Joan.
2851 2324 2989 2392 vm).
3021 2323 3249 2381 Divertit

1655 2406 1722 2459 ab
1750 2407 2006 2462 oneribus
2032 2409 2248 2464 dorsum
2276 2409 2392 2478 ejus
2411 2454 2425 2477 ,
2459 2413 2644 2468 dicens
2671 2430 2683 2467 :
2718 2417 2771 2469 in
2799 2417 3136 2472 tribulatione
3161 2418 3247 2472 in-

1653 2497 1849 2552 rocasti
1871 2514 1968 2551 me.
1993 2498 2124 2565 Qua:
2152 2508 2235 2554 est
2264 2500 2436 2568 major
2465 2503 2742 2558 tribulatio
2799 2521 2960 2575 quam
2994 2515 3245 2575 peccato-

1657 2603 1775 2641 rum
1797 2587 2008 2641 sarcina
2027 2589 2050 2642 ?
2069 2587 2224 2654 Quod
2249 2591 2392 2644 enim
2420 2591 2472 2645 in
2500 2593 2581 2648 eis
2604 2593 2704 2647 fuit
2727 2593 2945 2650 alllictio
2965 2596 3244 2668 Egyptio-

1659 2693 1775 2732 rum
1799 2719 1812 2744 ,
1843 2680 1947 2734 hoc
1978 2680 2030 2732 in
2063 2680 2218 2735 nobis
2265 2680 2393 2736 facit
2429 2685 2639 2738 sarcina
2678 2697 3063 2754 peccatorum,
3102 2690 3245 2758 quod

1657 2769 1821 2833 dicit,
1854 2769 1907 2822 in
1931 2769 2270 2825 tribulatione
2298 2773 2550 2826 inrocasti
2579 2791 2693 2838 me,
2725 2785 2772 2828 et
2799 2776 3013 2830 liberavi
3037 2787 3105 2832 te.
3138 2777 3241 2833 Rc-

1659 2868 1950 2929 cognoscat
1975 2875 2310 2930 unaqnzeqne
2331 2861 2641 2915 Christiana
2695 2864 3023 2918 conscientia
3073 2867 3116 2920 si
3151 2866 3244 2919 de-

1661 2963 1782 3007 vote
1815 2952 2092 3007 trausierit
2123 2967 2272 3006 mare
2303 2951 2582 3019 Rubrum;
2618 2955 2661 3008 si
2693 2969 2813 3008 cum
2845 2954 2948 3008 ﬁde
2991 2955 3243 3010 credendi

1660 3055 1714 3100 et
1756 3043 2078 3099 obserVandi
2131 3043 2361 3112 linguam
2416 3060 2571 3113 quam
2620 3062 2721 3098 non
2763 3056 2970 3099 noverat
3012 3046 3244 3109 audivit,

1660 3144 1950 3208 cognoscat
1992 3148 2050 3188 se
2091 3133 2143 3187 in
2191 3134 2538 3189 tribulatione
2585 3149 2703 3190 csse
2745 3137 3072 3190 exauditam.
3126 3138 3244 3208 Ipsa

1659 3231 1802 3283 enim
1852 3241 2044 3297 magna
2091 3225 2368 3280 tribulatio
2397 3234 2546 3291 erat,
2580 3229 2752 3296 premi
2793 3229 3025 3283 sarcinis
3061 3244 3246 3298 pecca-

1661 3327 1836 3372 torum
1859 3357 1874 3382 ,
1902 3317 1994 3371 sed
2023 3315 2255 3370 relevata
2284 3325 2369 3370 est
2398 3316 2520 3370 inde
2543 3315 2908 3383 conscientia,
2940 3326 2994 3372 et
3021 3317 3242 3388 gaudet,

1659 3407 1784 3478 quia
1819 3407 2182 3465 conscientia,
2227 3421 2348 3475 qna-
2389 3406 2505 3460 heri
2539 3406 3098 3475 premebatanhodic
3129 3422 3245 3477 gra-

1661 3497 1881 3551 tulatur.
1910 3495 1976 3550 In
2005 3495 2340 3548 tribulatione
2363 3496 2615 3549 invocasti
2645 3513 2744 3561 me,
2777 3507 2824 3550 et
2848 3496 3061 3550 liberavi
3087 3507 3153 3552 te.
3183 3498 3248 3552 Et

1659 3589 1926 3658 quomodo
1957 3588 2094 3643 hoc?
2129 3587 2264 3654 Quia
2294 3586 2540 3641 exaudiui
2562 3597 2611 3642 te
2638 3588 2694 3641 in
2721 3587 3027 3641 abscondito
3053 3597 3244 3658 tempe-

1657 3682 1836 3740 statis,
1886 3677 2079 3733 nonin
2116 3683 2434 3748 tempestate
2484 3693 2712 3747 inagna,
2766 3678 2858 3733 sed
2907 3679 2960 3731 in
2998 3677 3246 3747 angustia

1658 3771 1868 3834 cordis,
1919 3769 2006 3822 ubi
2059 3777 2348 3839 tempestas
2394 3778 2738 3838 peccatorum
2791 3777 2842 3822 te
2885 3767 3242 3839 opprimebat.

1661 3863 1768 3919 Sed
1799 3863 1924 3932 quia
1953 3863 2181 3932 aliquis,
2207 3871 2490 3933 postquam
2519 3861 2804 3916 exauditus
2835 3869 2888 3915 et
2918 3862 3243 3930 baptizatus,

1662 3956 1856 4011 multos
1879 3955 2119 4010 exaltare
2149 3956 2353 4026 patitur
2398 3956 2581 4010 hostes
2603 3996 2616 4018 ,
2669 3953 2944 4025 subiungit
2976 3971 2988 4007 :
3022 3951 3250 4006 I’robavi

1660 4061 1708 4103 te
1729 4049 1794 4101 ad
1820 4062 1988 4118 aquas
2013 4047 2459 4102 contradictionis.
2476 4046 3081 4115 Aquzecontradictionis
3103 4053 3245 4107 sunt,

1663 4139 2042 4203 insultatores,
2095 4138 2463 4203 detractores,
2521 4138 2926 4200 dehortatores,
2983 4137 3252 4190 minantes

1661 4229 1823 4283 etiam
1861 4229 1948 4282 ubi
1987 4237 2212 4298 possunt
2239 4235 2296 4280 ut
2335 4241 2604 4295 quemque
2651 4225 2860 4279 ﬁdelem
2889 4241 2917 4277 a
2946 4225 3051 4279 ﬁde
3081 4225 3246 4278 devo-

1661 4327 1804 4372 cent.
1835 4317 1990 4388 Apud
2014 4318 2148 4373 istos
2174 4319 2437 4386 probatur
2459 4317 2718 4386 quisque,
2748 4315 2963 4383 quando
2995 4329 3097 4367 non
3125 4328 3258 4396 cru:

1661 4410 1834 4465 bescit
1878 4408 2175 4480 praedicare
2221 4409 2362 4478 qttod
2412 4416 2590 4479 potest
2634 4406 2956 4472 delendere,
3005 4414 3060 4459 et
3107 4404 3252 4459 inter

1664 4505 2030 4575 blasphemias
2063 4512 2442 4573 peccatorum,
2493 4516 2589 4556 ore
2637 4498 3046 4569 enuntiatquod
3084 4498 3248 4552 corde

1664 4594 1910 4649 credidit.
1943 4593 2002 4648 Si
2046 4593 2192 4647 enim
2216 4592 2506 4645 exauditur
2544 4589 2598 4643 in
2644 4588 2949 4643 abscondito
2980 4596 3249 4656 tempesta-

1663 4684 1756 4748 tis,
1789 4683 1945 4736 corde
1967 4683 2200 4735 creditur
2226 4681 2295 4734 ad
2317 4680 2581 4750 justitiam
2608 4692 2627 4730 :
2653 4679 2870 4747 quando
2898 4689 3077 4732 autem
3107 4676 3248 4743 apud

1661 4788 1854 4844 aquam
1895 4772 2322 4826 contradictionis
2355 4773 2636 4842 probatur,
2667 4786 2755 4823 ore
2789 4769 3044 4839 confessio
3077 4766 3135 4838 fit
3180 4768 3250 4821 ad

1665 4860 1886 4917 salutem
1904 4861 2082 4933 (llam.
2103 4861 2178 4931 χ).
2195 4860 2408 4928 Quanta
2424 4861 2523 4915 fuit
2536 4857 2895 4914 contradictio
2911 4857 3048 4924 apud
3061 4871 3251 4924 aquas,

1667 4966 1955 5010 senserunt
1998 4954 2234 5025 majores
2264 4955 2474 5020 nostri,
2507 4949 2724 5021 quando
2749 4952 2913 5005 verbo
2941 4949 3032 5003 Dei
3063 4955 3117 5000 et
3151 4945 3256 4999 mi—

1667 5044 1892 5099 nisterio
1925 5045 2124 5100 Christi
2152 5044 2355 5099 acriter
2386 5033 2710 5100 resistebant
2737 5051 2956 5108 gentes,
2985 5038 3107 5106 quia
3131 5045 3259 5090 tunc

1662 5135 1984 5203 fremuerunt
2000 5123 2193 5208 gentes,
2208 5143 2256 5189 et
2271 5137 2452 5205 populi
2475 5128 2712 5190 meditati
2737 5142 2860 5184 sunt
2886 5129 3060 5184 inania
3084 5122 3262 5193 (Psal.

1665 5223 1750 5294 tl).
1776 5223 1931 5281 Tunc
1961 5227 2045 5283 leo
2078 5227 2168 5282 ille
2203 5222 2327 5279 forti
2363 5229 2486 5282 viro
2515 5217 2764 5274 Samsoni
2811 5215 3046 5274 venienti
3077 5213 3141 5266 ad
3169 5214 3264 5267 de~

1667 5317 1970 5373 ducendam
2005 5321 2106 5375 sibi
2133 5332 2390 5390 sponsam
2416 5320 2482 5373 de
2510 5309 3093 5376 Philisthaeisﬁhristo
3115 5303 3267 5358 vide-

1665 5406 1795 5462 licet
1813 5408 2166 5468 descendentl
2182 5409 2247 5463 ad
2263 5409 2575 5467 habendam
2594 5399 2898 5456 Ecclesiam
2913 5401 2979 5454 de
2999 5395 3265 5467 ςθῐιιῖῦιιε.

1665 5497 1912 5557 fremens
1930 5503 2042 5558 ibat
2069 5504 2116 5556 ei
2147 5499 2381 5555 obviam.
2413 5497 2518 5554 Sed
2543 5488 2671 5559 quid
2694 5485 3077 5557 egit?Accepit
3106 5494 3157 5536 et
3185 5493 3269 5538 te-

1668 5589 1807 5654 nuit,
1825 5593 1987 5664 fregit
2007 5602 2062 5648 et
2085 5590 2369 5658 dissipavit
2395 5592 2611 5644 leonem
2635 5577 2810 5641 illum,
2835 5592 2895 5636 ei
2917 5583 3090 5634 factus
3115 5582 3198 5627 est
3219 5574 3277 5664 ign

1966 5682 2072 5704 -2---
2115 5691 2370 5704 .--.,....ι...
2404 5674 2597 5704 ι-....1.ι.ι
2628 5680 2926 5704 nonI-gnum
2959 5666 3088 5704 llud
3139 5663 3290 5702 *ιι-’λ-

1669 5680 1888 5704 -.-ηξιη
