3918 6418
636 393 744 450 575

1263 400 1520 459 REMlGll
1557 404 2216 466 ANTISSIODORENSIS
2253 409 2407 468 ΟΡΡ.
2441 412 2620 469 PARS
2657 415 2713 473 l.
2739 424 2809 454 4-
2844 414 3250 475 EXEGETICA.
3726 438 3797 497 επ

630 510 909 579 peccator?
921 510 1112 569 Occisa
1130 523 1307 589 autem
1330 517 1415 571 illa
1430 517 1781 587 leritatc,jam
1798 536 1900 576 non
1925 523 2017 578 sic
2032 522 2216 599 fremit
2244 524 2289 584 Α
2317 541 2422 593 qua
2449 534 2700 594 potestate
2723 526 2834 581 litec
2868 527 3001 597 facis
3018 531 3043 583 ?
3062 530 3167 586 Sed
3187 532 3310 601 quia
3336 534 3480 589 novit
3501 552 3585 594 eos
3608 555 3704 599 esse
3722 550 3793 603 νυι.

633 598 784 669 regia
806 600 1085 669 potestas,
1110 619 1215 658 non
1243 606 1322 661 sic
1345 605 1523 661 fremit
1546 609 1772 678 populus
1805 598 2075 679 gentium,
2105 628 2211 668 non

631 687 784 743 vadit
806 691 1023 746 obviam
1051 693 1134 749 leo
1165 710 1180 748 :
1213 697 1307 751 sed
1332 697 1476 766 quod
1506 698 1724 768 dignum
1755 710 1839 756 est
1860 700 1971 769 jam
2005 703 2211 758 inveni-

632 786 722 832 tur
747 772 809 834 in
834 796 928 837 ore
948 784 1065 853 ejus
1094 784 1245 840 favus
1267 787 1461 848 mellis,
1482 788 1606 856 quia
1634 790 1794 845 etiam
1821 808 1849 845 a
1883 792 2213 865 principibus

635 871 876 939 gentium
906 883 1230 929 constructa:
1257 886 1384 930 sunt
1423 877 1568 946 leges
1608 896 1707 948 pro
1735 881 2039 937 Christiana
2085 884 2211 938 reli-

635 959 792 1031 gione
820 962 1151 1017 defendenda
1175 1006 1187 1027 ,
1214 974 1267 1020 et
1302 967 1381 1020 sic
1404 971 2006 1035 aqnze'contmdictionis
2032 974 2210 1028 exsic-

637 1061 771 1106 cata?
792 1063 936 1108 sunt.
963 1054 1028 1108 In
1052 1056 1388 1112 tribulatione
1407 1060 1659 1114 invocasti
1681 1079 1788 1123 me,
1820 1074 1865 1115 et
1899 1062 2112 1119 liberavi
2140 1074 2207 1130 te,

634 1141 818 1196 dicens
845 1157 860 1195 :
886 1143 1047 1208 Audi,
1076 1148 1300 1215 populus
1334 1165 1500 1213 meus,
1528 1161 1573 1204 et
1603 1153 1931 1205 contestabor
1956 1164 2025 1206 te.
2058 1154 2210 1222 Quod

630 1232 700 1288 ab
731 1233 883 1289 initio
933 1237 1326 1309 psalmiusque
1356 1228 1422 1294 ad
1456 1222 1611 1295 hunc
1646 1257 1857 1296 versum
1907 1245 2211 1301 audivimus

630 1323 700 1378 ad
724 1323 903 1380 oleum
930 1329 1267 1397 pertinebat;
1304 1332 1444 1400 quod
1473 1340 1670 1397 restat,
1703 1334 1769 1387 ad
1798 1350 2072 1391 amurcam
2101 1347 2208 1392 tor-

630 1413 830 1469 cularis
870 1417 1136 1486 pertinet,
1166 1429 1221 1473 et
1267 1422 1556 1488 magisest
1590 1406 1874 1477 dolendum
1908 1427 1970 1479 'et
2013 1441 2212 1499 caven-

631 1503 762 1558 dum
781 1545 796 1568 ,
824 1507 920 1561 sed
947 1515 1126 1563 tamen
1169 1510 1528 1575 audiendum,
1581 1522 1686 1593 ut,
1710 1514 1801 1589 qui
1829 1515 2006 1569 oleum
2035 1531 2095 1571 se
2124 1533 2214 1572 re-

629 1598 942 1666 cognoscit,
973 1600 1233 1671 gaudeat,
1258 1609 1312 1655 et
1341 1603 1431 1670 qui
1450 1604 1634 1657 .adhuc
1654 1606 1992 1674 periclitatur
2022 1610 2209 1665 timeat

627 1698 697 1739 ne
742 1699 1017 1743 amurcam
1066 1690 1329 1745 incurrat.
1377 1691 1527 1758 Quod
1567 1694 1731 1762 dicit,
1778 1698 1936 1764 audi,
1984 1699 2206 1768 populus

627 1772 802 1843 meus,
842 1786 888 1832 et
926 1781 1272 1845 contestabor,
1326 1789 1415 1848 te,
1466 1783 1517 1837 id
1564 1796 1678 1850 est,
1729 1795 1780 1840 te
1826 1789 1998 1857 ipsum
2033 1792 2206 1847 habeo

2312 629 2410 684 pes
2434 622 2490 669 et
2523 613 2707 671 dolose
2731 627 3034 686 quaerentes
3052 660 3067 684 ,
3098 622 3164 676 ad
3198 632 3482 694 utrumque
3506 626 3709 688 foramen
3729 652 3801 691 ve-t

2311 699 2393 756 lut
2438 711 2552 758 rete
2590 704 2673 759 eis
2707 707 2965 772 tetendit,
3014 708 3201 764 dicens
3253 729 3266 764 :
3315 709 3384 765 Et
3422 731 3532 780 nos,
3577 727 3793 781 respondet;

2312 792 2439 845 mihi
2466 809 2627 855 unum
2656 810 2943 851 sermonem
2966 812 2984 850 :
3014 795 3337 867 Baptismum
3363 801 3575 858 Joannis
3595 810 3704 863 unde
3722 817 3796 867 est?

2311 882 2375 937 de
2400 884 2547 949 caelo,
2569 901 2638 938 an
2660 902 2725 939 ea:
2749 886 3047 942 hominibus
3065 890 3091 943 7
3118 888 3223 944 Sed
3249 891 3364 960 ipsi,
3385 907 3452 946 ex
3477 904 3677 967 utraque
3695 912 3793 968 [arte

2312 976 2605 1032 sentientes
2664 979 2958 1034 tetendisse
3005 982 3147 1036 unde
3199 986 3413 1052 caperet
3459 999 3579 1050 eos,
3616 989 3793 1046 dixerunt

2311 1068 2453 1121 intra
2507 1082 2611 1122 se:
2653 1068 2715 1123 Si
2759 1069 3081 1135 dixerimus,
3144 1073 3208 1126 de
3262 1074 3417 1141 caelo,
3465 1077 3678 1136 dicturus
3714 1094 3791 1137 est:

2312 1157 2487 1223 Quare
2532 1175 2652 1229 ergo
2709 1177 2811 1214 non
2859 1163 3108 1216 creditis?
3148 1163 3238 1218 Ille
3288 1166 3431 1220 enim
3471 1165 3660 1223 Christo
3698 1175 3794 1225 testi-

2310 1252 2549 1305 monium
2593 1252 2881 1319 perhibuit.
2918 1253 2980 1309 Si
3002 1255 3291 1311 dixerimus
3318 1258 3382 1313 de
3412 1268 3574 1322 terra,
3610 1261 3792 1332 lapidabit

2311 1353 2408 1393 nos
2468 1340 2724 1410 populus,
2784 1343 2910 1412 quia
2981 1352 3042 1398 ιιι
3117 1348 3429 1416 prophetam
3484 1364 3597 1403 eum
3640 1352 3788 1407 habent

2311 1429 2617 1487 Sentientes
2645 1448 2771 1503 ergo
2819 1435 2921 1490 hac
2950 1444 3110 1504 atque
3148 1436 3252 1491 hac
3297 1452 3419 1493 esse
3451 1439 3581 1495 unde
3603 1456 3783 1510 uiperea-

2310 1529 2416 1583 tur,
2454 1522 2847 1590 responderunt
2878 1541 2892 1577 :
2929 1524 3247 1580 Nescimus.’
3270 1526 3338 1581 Et
3377 1526 3648 1583 Dominus:
3674 1527 3793 1599 Neque

2307 1625 2400 1680 ego
2422 1611 2542 1664 dico
2568 1611 2707 1665 vobis
2732 1613 2786 1665 in
2812 1629 2915 1682 qua
2933 1623 3183 1684 potestate
3206 1616 3316 1670 lucc
3344 1616 3481 1686 facio
3503 1616 3684 1687 (Matth.
3703 1624 3787 1685 ut).

2308 1700 2470 1768 Quasi
2508 1702 2651 1757 dicat
2674 1721 2689 1756 :
2720 1703 2855 1772 Quia
2884 1705 3060 1760 dicitis
3082 1722 3177 1761 vos
3201 1709 3414 1763 nescire
3434 1724 3549 1778 qua:
3571 1710 3712 1775 scitis,
3732 1728 3791 1766 nc-

2307 1806 2413 1860 que
2433 1806 2532 1862 ego
2552 1793 2673 1848 dico
2695 1793 2848 1849 vobis
2867 1797 3008 1865 quod
3025 1798 3290 1866 quaeritis,
3312 1800 3437 1868 quia
3465 1815 3527 1855 ex
3555 1801 3675 1854 nulla
3694 1812 3790 1871 parte

627 1872 849 1934 testem,
880 1877 936 1923 et
965 1870 1060 1924 tibi
1105 1870 1314 1940 loquor.
1350 1873 1464 1927 Non
1500 1876 1642 1929 enim
1677 1878 1873 1948 p0pulo
1909 1880 2085 1935 alieno
2130 1881 2212 1937 lo-
2240 1862 2284 1922 Β
2309 1882 2461 1938 exire
2494 1883 2611 1938 ausi
2632 1885 2787 1951 estis,
2819 1886 2872 1939 in
2895 1888 3091 1942 vestris
3122 1889 3362 1944 tenebris
3392 1892 3790 1947 remansistis.0b~

624 1971 781 2026 quor,
810 1975 915 2013 non
951 1962 1148 2031 pepulo
1190 1980 1301 2027 non
1348 1969 1639 2036 pertinenti
1666 1972 1733 2025 ad
1764 1976 2021 2030 torcular.
2052 1977 2207 2032 ludi-

622 2061 764 2119 cate,
798 2054 1003 2125 inquit,
1028 2059 1165 2113 inter
1186 2079 1266 2116 me
1299 2073 1345 2118 et
1373 2066 1571 2120 vineam
1598 2085 1767 2123 meam
1792 2071 1927 2142 (Isa.
1951 2074 2031 2143 v).
2052 2077 2204 2144 Quod

622 2141 792 2209 dicit,
820 2150 980 2212 audi,
1006 2150 1228 2219 populus
1265 2170 1410 2208 meus
1433 2197 1448 2219 ,
1488 2167 1534 2210 et
1564 2162 1890 2217 contestabor
1928 2141 2022 2217 te:
2061 2141 2204 2222 istud

619 2232 907 2302 videlicet,
941 2237 1109 2293 Israel
1126 2282 1140 2306 ,
1165 2244 1209 2295 si
1238 2260 1317 2297 me
1341 2246 1604 2319 audieris,
1636 2267 1737 2304 non
1772 2254 1867 2307 erit
1896 2255 1952 2308 in
1979 2266 2028 2309 te
2065 2256 2204 2312 Deus

622 2338 823 2379 recens.
867 2325 1005 2393 Quid
1053 2333 1323 2388 recentius
1353 2334 1463 2389 Deo
1494 2337 1614 2402 illo,
1653 2342 1743 2409 qui
1776 2344 1986 2398 noviter
2011 2347 2079 2401 all
2102 2356 2204 2404 .tus

625 2412 693 2468 de
721 2414 933 2470 ollicina
964 2419 1015 2472 in
1047 2421 1306 2491 templum
1327 2465 1341 2488 ,
1372 2427 1586 2481 noviter
1615 2428 1765 2501 fusus
1786 2456 1813 2497 ,λ
1832 2444 1886 2489 et
1929 2437 2047 2492 ideo
2073 2455 2203 2495 con-

624 2504 818 2562 fusus?
839 2508 1150 2580 Huiusmodi
1184 2515 1311 2570 deos
1340 2515 1543 2574 faciunt
1564 2522 1663 2577 sibi
1685 2527 1912 2596 pagani;
1941 2530 2028 2584 alii
2051 2547 2199 2598 vero,

623 2596 863 2655 haeretici
882 2602 1089 2658 scilicet
1103 2606 1253 2661 multi
1278 2606 1479 2682 faciunt
1503 2624 1748 2671 recentes
1767 2618 1914 2683 deos,
1932 2596 2201 2681 ailirmans

625 2695 706 2741 tes
731 2688 923 2746 Filium
955 2693 1274 2764 inrequalem
1306 2698 1489 2766 Patri,
1534 2708 1918 2766 convenientes
1963 2714 2015 2768 in
2047 2717 2198 2771 vani-

622 2787 734 2835 tate
761 2797 882 2837 eum
915 2788 1159 2857 paganis.
1196 2789 1472 2848 Manichaai
1498 2797 1661 2851 etiam
1689 2798 1793 2854 alio
1821 2804 1981 2857 modo
2010 2821 2200 2862 recen-

621 2880 727 2928 tem
762 2874 928 2930 Deum
963 2877 1167 2935 faciunt
1215 2884 1352 2949 sibi,
1382 2886 1621 2944 dicentes
1669 2892 1834 2948 Deum
1872 2909 2197 2966 pugnantem

618 2972 807 3019 contra
837 2978 1050 3036 gentem
1085 2974 1459 3041 tenebrarum,
1489 2980 1766 3037 timentem
1794 3001 1864 3041 ne
1892 2988 2196 3055 invadatur,

619 3061 952 3137 satagentem
986 3075 1053 3114 ne
1075 3076 1457 3135 corrumpatur
1482 3085 1495 3122 :
1526 3072 1627 3126 hoc
1655 3075 1814 3131 modo
1843 3093 1903 3134 se
1923 3080 2023 3135 sibi
2057 3085 2200 3138 ticti-.

620 3145 697 3201 tio
720 3148 1109 3209 confundentes
1130 3195 1145 3220 ,
1172 3157 1273 3211 etsi
1306 3176 1409 3215 non
1446 3161 1499 3216 in
1535 3166 1774 3235 templis.
1820 3177 1999 3228 tamen
2030 3173 2195 3245 (quod

619 3237 773 3307 pejus
798 3239 902 3308 est)
934 3240 1175 3320 incorde
1203 3262 1301 3303 suo
1323 3248 1466 3321 idola
1498 3266 1823 3322 posuerunt,
1854 3268 1909 3313 et
1939 3237 2193 3320 falso-rum

620 3326 1075 3413 ridendorutnqne
1106 3335 1516 3395 simulacrorum
1546 3344 1643 3412 ipsi
1677 3347 1870 3416 templa
1897 3349 2023 3405 facti
2051 3364 2196 3409 sunt.

619 3416 745 3487 Haec
775 3419 914 3475 idola
949 3423 1094 3480 intus
1133 3444 1146 3481 :
1192 3436 1278 3483 est
1321 3444 1573 3502 magnum
1603 3450 1767 3504 opus,
1799 3446 1855 3493 et
1884 3438 2059 3496 locum
2088 3442 2197 3501 Deo

618 3518 873 3584 venienti,
902 3537 1009 3576 non
1033 3524 1330 3591 recedenti,
1353 3531 1630 3589 mundare.
1662 3534 1862 3593 Omnes
1886 3548 2065 3595 autem
2103 3546 2196 3614 qui

618 3607 698 3663 sic
719 3609 821 3664 sibi
857 3611 985 3668 deos
1008 3613 1241 3682 faciunt,
1266 3618 1645 3680 dissentientes
1665 3630 1959 3684 secundum
1982 3607 2193 3690 diversa

617 3699 941 3770 simulacra,
978 3716 1033 3760 et
1077 3706 1234 3763 ﬁdem
1279 3709 1516 3768 falsitate
1559 3717 1866 3784 variantes,
1898 3721 1952 3776 in
1988 3729 2097 3778 uno
2126 3728 2194 3783 ad

616 3789 864 3859 ultimum
896 3800 1244 3866 conveniunt,
1289 3803 1415 3871 quia
1459 3820 1488 3858 a
1517 3808 1750 3865 terrenis
1777 3812 2195 3883 cogitationibus

618 3895 723 3950 non
752 3886 1013 3941 recedunt
1061 3905 1075 3943 :
1120 3891 1304 3960 opinio
1338 3907 1525 3950 eorum
1557 3907 1640 3952 est
1684 3900 1930 3968 diversa,
1979 3907 2194 3964 vanitas

618 3978 800 4027 tamen
832 3990 966 4042 una,
1000 3979 1123 4047 quia
1155 3982 1221 4035 ad
1249 3996 1310 4036 ea
1340 3998 1460 4053 quae
1506 3990 1803 4055 posteriora
1855 4002 1981 4048 sunt
2009 4010 2069 4050 se
2093 4011 2192 4051 ex-

616 4062 875 4128 tendunt,
903 4065 1283 4124 obliviscentes
1312 4085 1374 4126 ea
1420 4087 1540 4141 qua:
1579 4078 1849 4133 anteriora
1884 4090 2038 4147 sunt;
2072 4084 2194 4140 ideo

618 4148 848 4207 Samson
877 4155 1078 4231 caudas
1107 4157 1342 4226 vulpium
1372 4160 1672 4233 colligavit,
1705 4174 1761 4222 et
1795 4168 1867 4237 ibi
1913 4169 2089 4240 ignem
2120 4174 2193 4227 al-

615 4241 831 4313 ligavit,
882 4253 941 4300 ut
987 4248 1302 4306 incenderet
1346 4264 1554 4325 segetes
1584 4257 1989 4335 Pbilistinorum
2037 4264 2188 4335 (Iud.

616 4332 729 4402 xv).
767 4332 962 4404 Vulpes
989 4337 1106 4392 ista:
1132 4340 1415 4407 haereticos
1436 4357 1491 4400 et
1513 4345 1729 4423 dolosos
1749 4331 2189 4424 sign'itlcantqni,

615 4422 672 4478 in
704 4427 1100 4501 posterioribus
1130 4435 1538 4519 convenientes,
1571 4439 1724 4508 quasi
1757 4444 1925 4505 cauda
1951 4422 2189 4522 colligati

613 4514 1026 4627 trahunt
1048 4514 1479 4596 corrumpentem
1502 4537 1738 4600 segetem
1754 4514 2184 4618 Philistinorum,
2216 4568 2264 4627 υ

612 4608 1030 4679 alienigenarum
1070 4615 1348 4682 videlicet,
1396 4635 1503 4676 non
1551 4620 1819 4688 filiorum,
1871 4627 1996 4695 quia
2036 4611 2189 4684 novit

611 4698 869 4756 Dominus
892 4705 982 4768 qui
1010 4716 1131 4760 sunt
1164 4708 1278 4778 ejus
1302 4708 1387 4781 (11
1412 4711 1547 4767 Tim.
1580 4716 1638 4784 ιι)
1667 4723 1724 4769 et
1767 4731 1876 4773 non
1923 4719 2190 4787 permittit

611 4799 856 4861 segetes,
884 4792 938 4848 id
965 4804 1048 4850 est
1068 4836 1082 4861 ,
1110 4796 1248 4853 bona
1271 4815 1434 4870 opera
1457 4818 1676 4858 suorum
1702 4804 2079 4863 ltzereticorum
2109 4808 2190 4863 in-

611 4881 789 4936 cendi.
821 4882 944 4940 lstte
993 4887 1156 4943 etiam
1206 4891 1392 4961 vulpes
1425 4894 1803 4966 signiﬁcantur
1849 4898 1903 4952 in
1953 4898 2191 4957 Canticis

610 4974 976 5042 (aulicorum,
1006 4979 1094 5032 ubi
1124 4980 1321 5037 dicitur
1345 4998 1360 5036 :
1385 4984 1567 5055 Capite
1600 4988 1746 5042 nobis
1773 4988 2069 5058 vulpeculas
2096 5005 2190 5046 ex-

613 5069 967 5125 terminantes
1015 5072 1229 5138 vineas,
1281 5074 1512 5132 latentes
1550 5078 1604 5132 in
1645 5080 1893 5135 cavernis
1934 5082 2190 5138 tortuosis

610 5154 789 5225 (Cant.
821 5158 906 5233 ιι).
939 5160 1174 5231 Capiunt
1203 5164 1415 5234 vulpem
1445 5169 1533 5237 qui
1580 5169 1647 5223 de
1691 5168 1927 5226 falsitate
1954 5173 2182 5227 convin-

610 5259 741 5306 cunt
782 5252 1117 5310 haereticum‘
1142 5265 1198 5310 et
1244 5256 1508 5315 dolosum.
1539 5259 1739 5333 Vulpes
1781 5273 1959 5321 autem
2007 5265 2183 5321 solent

609 5342 811 5400 habere
853 5344 1065 5415 foveas,
1115 5356 1174 5402 ut
1223 5363 1289 5402 ex
1337 5365 1440 5405 una
1486 5360 1641 5421 parte
1693 5355 1926 5420 intrent,
1959 5371 2026 5411 ex
2074 5357 2180 5413 alia

609 5442 835 5499 exeant,
866 5444 921 5489 et
969 5436 1089 5492 ideo
1135 5453 1354 5494 necesse
1387 5449 1470 5496 est
1501 5451 1593 5507 ut,
1637 5445 1728 5513 qui
1772 5446 1958 5515 vulpes
1986 5462 2182 5517 capere

609 5523 1364 5604 desiderataadutrumque
1390 5530 1634 5588 foramen
1670 5536 1804 5589 retia
1851 5545 2038 5604 ponat.
2088 5536 2181 5593 Sic

608 5601 875 5681 agendum
904 5624 988 5669 est
1013 5630 1133 5670 cum
1167 5602 1396 5683 dolosis,
1430 5621 1521 5692 qui
1569 5622 1620 5676 in
1667 5601 1868 5693 duplici
1906 5624 2177 5682 intellectu

606 5700 762 5770 au‘asi
787 5701 839 5755 in
870 5706 1120 5761 cavernis
1143 5716 1442 5775 morantur,
1480 5698 1633 5766 velut.
1653 5712 1728 5766 illi
1751 5714 1841 5783 qui
1871 5715 2027 5785 quasi
2058 5716 2177 5771 vul-

608 5802 707 5859 pes
741 5790 941 5849 dolosae
967 5796 1032 5851 ad
1063 5798 1347 5855 Dominum
1375 5814 1719 5883 accesserunt
1742 5845 1758 5871 ,
1784 5805 2025 5867 dicentes
2059 5825 2070 5861 :
2109 5809 2172 5863 In

2309 1980 2670 2043 temperemus
2710 1990 2840 2047 ergo
2882 1986 2938 2031 et
2983 1992 3103 2043 nos,
3150 1980 3193 2033 si
3230 1995 3544 2049 possumus,
3584 1981 3789 2037 verboDei

2305 2063 2504 2120 dicenti
2530 2084 2544 2120 :
2577 2064 2760 2137 Capite
2792 2067 2937 2122 nobis
2991 2069 3163 2139 vulpes
3189 2070 3308 2124 illas
3349 2072 3724 2128 exterminantes
3746 2077 3790 2127 ii-

2307 2171 2451 2210 neas.
2489 2154 2781 2213 Videamus
2808 2168 2862 2213 et
2910 2174 3010 2214 nos
3058 2160 3102 2214 si
3143 2161 3406 2230 quasdam
3457 2162 3790 2232 vulpeculasca.

2305 2261 2435 2315 pere
2461 2261 2768 2316 possumus,
2806 2262 3173 2318 proponamus
3206 2251 3273 2304 ad
3310 2259 3590 2321 utrumque
3620 2251 3788 2308 foramen

2308 2345 2444 2402 rete,
2477 2345 2535 2392 ut
2564 2337 2706 2392 unde
2732 2338 2920 2407 vulpes
2946 2339 3100 2394 exire
3134 2341 3390 2406 voluerit,
3419 2340 3657 2412 capiatur.
3686 2341 3787 2397 Verbi

2304 2428 2521 2498 gratia:
2562 2428 2859 2485 Manichaee
2880 2429 3099 2486 facienti
3137 2432 3237 2487 sibi
3294 2433 3570 2488 Dominum
3598 2444 3788 2489 recentem

2304 2519 2569 2585 dicamus,
2599 2530 2656 2576 et
2677 2521 3071 2592 interrogemus
3095 2537 3218 2578 eum
3254 2541 3268 2578 :
3294 2524 3598 2579 Substantia
3620 2524 3694 2578 Dei
3711 2540 3787 2579 cor-

2304 2611 2573 2680 ruptibilis
2608 2622 2712 2678 est,
2760 2629 2828 2669 an
2864 2613 3332 2685 incorruptibilis?
3362 2616 3511 2687 Elige
3538 2621 3660 2687 quod
3679 2617 3789 2682 τίω

2303 2698 2611 2765 Manichaee,
2642 2713 2700 2758 et
2743 2705 2831 2763 exi
2862 2720 2966 2775 qua
3010 2705 3117 2771 vis,
3153 2707 3248 2762 sed
3293 2722 3404 2762 non
3428 2704 3646 2780 effugies.
3669 2709 3711 2765 Si
3732 2723 3787 2761 re-

2308 2793 2549 2859 spondes
2577 2834 2593 2858 ,
2621 2795 3013 2865 corruptibilis,
3080 2811 3185 2852 non
3238 2799 3309 2852 ab
3356 2797 3600 2868 Apestolo
3628 2809 3784 2856 tantum.

2301 2883 2394 2937 sed
2427 2898 2458 2937 a
2491 2892 2544 2938 te
2569 2884 2687 2954 ipso
2709 2887 2904 2941 merito
2942 2874 3219 2956 lapidaris.
3250 2888 3311 2945 Si
3345 2900 3520 2946 autem
3548 2887 3786 2957 incompti-

2298 2972 2479 3039 bilem,
2513 2977 2781 3044 quomodo
2824 2992 2954 3048 ergo
2992 2979 3173 3035 timuit
3218 2990 3437 3051 gentem
3487 2978 3784 3038 tenebrarum?

2299 3060 2437 3129 Quid
2466 3064 2673 3120 factura
2725 3067 2828 3122 erit
2873 3069 3267 3140 incorruptibili
3306 3088 3441 3143 gens
3477 3069 3783 3142 corruptionis?

2299 3153 2438 3223 Quid
2473 3171 2602 3228 ergo
2628 3168 2817 3224 restat,
2863 3160 2966 3215 nisi
2994 3159 3258 3227 dicamus,
3290 3160 3608 3218 Nescimus?
3638 3161 3717 3216 Sed
3736 3170 3787 3212 ta-

2253 3258 2267 3278 ⁴
2302 3263 2442 3313 men,
2470 3249 2516 3305 si
2542 3250 2644 3305 hoc
2695 3267 2800 3306 non
2832 3252 2976 3318 dolo,
3015 3253 3112 3308 sed
3159 3253 3470 3323 ignorantia
3511 3254 3693 3315 dicitur,
3716 3265 3783 3304 non

2300 3352 2541 3398 remanet
2567 3344 2620 3397 in
2648 3344 2906 3412 tenebris,
2942 3344 3034 3400 sed
3065 3360 3131 3399 ex
3158 3345 3317 3416 vulpe
3344 3346 3406 3401 ﬁt
3430 3347 3556 3403 ovis.
3581 3344 3708 3409 Audi,
3724 3358 3780 3411 ρο·

2296 3432 2451 3502 putus
2488 3450 2655 3499 meus,
2709 3445 2756 3489 et
2793 3435 3123 3490 contestabor
3165 3446 3237 3503 te,
3282 3437 3338 3492 id
3378 3446 3479 3504 est,
3512 3450 3559 3494 te
3582 3438 3786 3507 ipsumtc-

2297 3533 2433 3580 stem
2463 3523 2658 3580 faciam
2700 3527 2754 3581 in
2784 3528 2885 3582 hoc
2912 3545 2928 3582 :
2962 3528 3010 3581 si
3032 3528 3264 3585 audieris
3303 3546 3411 3597 me,
3462 3546 3557 3585 non
3590 3529 3668 3583 erit
3697 3527 3786 3578 inte

2296 3614 2438 3671 Deus
2483 3634 2676 3683 recens,
2722 3618 2774 3672 id
2831 3628 2935 3685 est,
2964 3620 3017 3673 in
3066 3620 3231 3687 corde
3296 3628 3412 3687 tuo,
3468 3621 3517 3675 in
3568 3618 3781 3689 imaginem
3862 3614 3863 3675 ᾖ

2294 3710 2686 3780 phantasmatis
2715 3711 2809 3775 tui,
2839 3712 2892 3766 in
2918 3713 3253 3783 deceptione
3274 3714 3481 3769 erroris
3520 3713 3605 3775 tui,
3629 3708 3781 3764 nouerit
3862 3726 3863 3747 ξ

2292 3797 2435 3855 Deus
2473 3814 2668 3864 recens,
2696 3800 2787 3854 sed
2819 3799 2958 3855 Deus
2997 3801 3359 3871 sempiternus
3386 3800 3651 3858 secundum
3670 3796 3782 3853 delle

2295 3895 2402 3942 tem
2424 3888 2619 3955 Patris,
2652 3907 2826 3944 recens
2856 3892 3149 3947 secundum
3172 3892 3469 3959 hominem,
3504 3891 3642 3947 nullis
3664 3900 3781 3958 egetis
3862 3886 3863 3959 ᾗ

2294 3977 2471 4045 bonis,
2497 3979 2637 4032 nulla
2670 3980 2864 4045 timens
2889 3979 3055 4047 mala.
3086 3980 3180 4037 llic
3211 3981 3351 4038 Deus
3388 3983 3621 4052 antiquus
3642 3990 3776 4033 novum
3862 3977 3863 4013 ἱ

2295 4065 2422 4121 facit
2470 4067 2761 4134 hominem,
2815 4086 2990 4125 recens
3040 4070 3182 4127 Deus
3230 4070 3362 4147 facit
3422 4080 3679 4127 vetustum.
3704 4065 3777 4165 Non

2292 4158 2540 4213 adorabis
2572 4158 2741 4214 Deum
2764 4160 3020 4227 alienum,
3048 4162 3174 4231 quia
3197 4163 3243 4217 si
3274 4164 3331 4219 in
3368 4172 3540 4219 mente
3565 4176 3653 4216 non
3681 4158 3778 4227 cogi-

2292 4260 2375 4325 tas
2395 4234 2563 4308 Deum
2590 4252 2807 4318 falsum,
2838 4271 2941 4308 non
2966 4254 3211 4310 adorabis
3233 4255 3402 4312 Deum
3426 4256 3713 4312 fabricatum.
3736 4248 3776 4299 Et

2290 4360 2459 4416 quare
2487 4363 2591 4402 non
2615 4347 2860 4403 adorabis
2882 4347 3047 4423 Deum
3076 4349 3309 4404 alienum
3329 4353 3355 4406 .9
3385 4351 3514 4417 Quia
3550 4364 3629 4419 ego
3652 4340 3777 4400 Domi-

2291 4451 2389 4489 nus
2421 4434 2561 4490 Deus
2608 4445 2729 4490 tuus
2776 4452 2891 4490 sum
2932 4446 3161 4492 tantum.
3216 4439 3371 4495 Unde
3398 4438 3560 4493 illud:
3597 4434 3683 4504 Ego
3700 4443 3774 4483 ut!

2288 4530 2379 4598 qui
2423 4545 2558 4582 sum.
2594 4529 2695 4583 Et:
2724 4528 2825 4597 Qui
2849 4539 2954 4595 est,
2988 4530 3129 4585 misit
3172 4547 3255 4585 me
3298 4532 3369 4586 ad
3409 4547 3494 4585 eos
3529 4519 3775 4601 (Εεοά.ιιι)·

2295 4617 2399 4684 Qui
2426 4617 2587 4672 eduxi
2637 4629 2685 4673 te
2721 4621 2785 4673 de
2817 4629 2958 4675 terra
2988 4619 3208 4698 κεραμιςὶ
3244 4635 3264 4674 :
3310 4622 3476 4676 dilata
3497 4637 3549 4675 os
3582 4629 3712 4677 tuum,
3744 4618 3773 4662 ά

2290 4708 2510 4780 implebo
2536 4708 2688 4764 illud.
2710 4709 2872 4778 Quasi
2899 4712 3042 4767 dicat
3061 4730 3073 4767 :
3098 4713 3388 4786 Angustias
3400 4712 3584 4784 pateris
3602 4709 3646 4763 in
3663 4701 3771 4761 corde

2293 4807 2387 4856 tuo
2442 4810 2662 4871 propter
2708 4813 2978 4859 recentem
3023 4805 3237 4860 Deum:
3279 4805 3463 4877 frange
3509 4798 3772 4889 simulacrllflI

2295 4908 2514 4963 vanum,
2541 4894 2711 4964 dejice
2739 4895 2806 4950 de
2829 4897 3159 4965 conscientia
3205 4905 3294 4952 tua
3323 4897 3515 4952 idolum
3538 4893 3702 4949 ﬁctum,
3726 4882 3775 4933 li-

2291 4986 2400 5042 lata
2430 5003 2488 5041 os
2513 4995 2659 5042 tuum
2685 4989 2993 5043 conﬁtendo
3017 5000 3073 5043 et
3096 4990 3350 5054 amando,
3399 4997 3445 5043 et
3481 4981 3667 5054 implebo
3684 4972 3772 5028 illul

2290 5079 2494 5136 lumine
2520 5081 2766 5137 veritatis
2785 5090 2838 5136 et
2867 5096 3053 5138 amore
3081 5082 3175 5137 Dci
3204 5083 3336 5144 veri,
3372 5095 3473 5137 non
3504 5075 3617 5168 ficti,
3639 5077 3770 5168 alii“?

2289 5170 2602 5240 sempiterni
2634 5171 2750 5236 Dei,
2781 5186 2886 5226 non
2917 5172 3186 5227 recentis:
3223 5172 3326 5227 hoe
3347 5169 3454 5225 dixi
3475 5183 3565 5238 ego
3586 5164 3773 5217 Dominus

2288 5259 2487 5330 populo
2542 5276 2682 5316 meo.
2735 5261 2804 5316 Et
2847 5278 2950 5316 non
2998 5264 3195 5317 audiuit
3250 5250 3466 5334 populus
3498 5270 3623 5311 meus
3652 5255 3770 5346 tecti!

2288 5368 2479 5418 meam,
2516 5362 2566 5407 et
2582 5352 2754 5408 Israel
2800 5370 2902 5408 non
2957 5355 3179 5409 intendit
3218 5356 3362 5419 mihi,
3423 5352 3472 5407 id
3503 5357 3593 5408 est,
3612 5355 3692 5397 non
3717 5349 3773 5387 I9-

2288 5450 2498 5497 tensum
2526 5459 2584 5499 se
2609 5442 2738 5499 fecit
2784 5444 2917 5498 mihi
2956 5445 3210 5499 clamanti
3246 5445 3315 5499 ad
3344 5457 3453 5507 eos,
3485 5447 3540 5493 ut
3560 5428 3769 5491 dilatareat

2286 5550 2367 5595 os.
2390 5546 2445 5591 et
2467 5536 2815 5600 adimplerem
2836 5537 2997 5604 illud;
3024 5548 3071 5594 et
3102 5539 3223 5593 ideo
3258 5537 3428 5592 dimisi
3462 5549 3540 5589 cos
3556 5519 3766 5583 secundi“

2286 5625 2547 5681 desideria
2577 5627 2750 5680 cordis
2777 5643 2980 5693 eorum,
3018 5628 3068 5682 id
3104 5636 3207 5705 est,
3237 5624 3516 5683 secundum
3548 5609 3767 5705 terrena:t

2286 5718 2549 5784 carnalia,
2580 5734 2686 5773 non
2708 5720 3001 5775 secundum
3045 5702 3362 5790 spiritualia,
3383 5725 3436 5772 et
3462 5714 3568 5769 ideo
3583 5724 3608 5761 a
3631 5715 3696 5758 me
3709 5695 3765 5747 δι’

2284 5810 2458 5876 missi,
2488 5811 2633 5865 ibunt
2659 5813 2712 5867 in
2738 5813 3190 5868 adinrentionibus
3212 5815 3337 5879 suis,
3367 5810 3511 5866 idest
3538 5792 3761 5858 secundum
