3918 6412
101 381 211 437 επ

1259 394 1791 453 ENARBATIONES
1832 397 1898 452 IN
1938 398 2273 458 PSALMOS.

3251 415 3365 474 878

100 497 444 551 atl‘ectionem
490 498 669 553 cordis
718 514 925 555 eorum.
981 501 1118 558 Ecce
1184 506 1673 577 torcular,-aperta
1704 514 1750 571 Α
1780 509 2043 564 lnercdem
2094 513 2315 567 missum
2359 516 2427 567 ad
2460 515 2664 570 vineam
2706 517 3063 578 interﬂciatis.
3102 524 3244 584 Deus
3268 545 3373 585 ιιι-η

94 602 229 645 sunt
280 590 571 657 foramina,
610 602 665 647 et
700 594 816 648 exit
870 596 1032 650 etiam
1074 613 1315 653 amurca.
1352 599 1504 655 Unde
1553 602 1680 656 illud

95 682 309 735 dictum
343 690 427 735 est
456 699 469 733 :
499 682 646 736 ibunt
690 683 743 736 in
774 684 1224 741 adinventionibus
1248 689 1375 742 suis.
1416 689 1483 743 Et
1513 707 1679 760 quare

92 777 177 829 sic
202 776 391 830 ibunt?
426 775 562 843 Quia
591 793 675 832 me
702 779 891 833 audire
912 780 1218 835 noluerunt.
1249 780 1409 847 Nam,
1442 783 1490 837 si
1515 801 1679 852 popu-

89 864 176 919 lus
217 882 364 919 meus
391 867 619 920 audisset
661 884 763 933 me,
785 868 955 922 Israel
979 871 1025 922 si
1066 871 1120 923 in
1149 871 1242 924 viis
1266 872 1392 924 meis
1411 872 1677 927 ambulas-

88 970 191 1023 set,
223 962 278 1014 id
302 970 405 1025 est,
426 962 477 1015 in
503 962 786 1032 praeceptis
829 964 962 1017 meis
989 980 1093 1017 non
1117 965 1403 1029 deviasset,
1436 981 1534 1035 ego
1576 966 1674 1018 lm-

88 1052 379 1105 miliassem
410 1054 644 1107 inimicos
673 1071 851 1107 eorum
892 1054 1117 1123 forsitan
1142 1072 1238 1124 pro
1265 1056 1448 1120 nihilo,
1475 1058 1674 1112 subau-

86 1144 196 1207 dis,
224 1144 523 1199 habendos.
548 1142 795 1198 Forsitan
819 1146 904 1201 hic
926 1147 1159 1215 positum
1190 1156 1274 1201 est
1315 1147 1667 1218 objurgative,

85 1250 195 1287 non
218 1236 535 1288 dubitative.
564 1235 631 1288 Et
653 1253 808 1306 super
828 1237 1136 1291 tribulantes
1161 1254 1246 1292 eos
1268 1239 1521 1294 misissem
1558 1258 1670 1295 ma-

86 1342 211 1377 num
266 1342 457 1388 meam,
494 1327 543 1381 id
580 1338 679 1392 est,
721 1330 1016 1396 potentiam
1062 1331 1423 1386 exercuissem
1475 1344 1667 1388 contra

85 1415 463 1470 tribulationes
504 1431 709 1471 eorum.
763 1417 919 1485 Nota,
969 1420 1093 1475 licet
1118 1422 1377 1477 Dominus
1408 1421 1665 1478 dicatsu-

79 1524 169 1573 per
190 1508 501 1562 tribulantes
553 1510 805 1564 misissem
854 1528 1066 1565 manum
1107 1529 1295 1579 meam,
1328 1523 1505 1568 tamen
1529 1516 1662 1569 nihil

82 1596 194 1649 tieri
223 1606 423 1665 potest,
451 1599 550 1653 nisi
579 1599 722 1668 quod
748 1600 815 1653 ab
854 1614 921 1654 co
972 1603 1305 1671 permittitur
1334 1612 1442 1657 tam
1476 1604 1530 1658 in
1561 1605 1661 1659 bo-

79 1692 161 1745 nis
191 1707 358 1760 quam
388 1692 440 1746 in
472 1692 643 1747 malis.
693 1692 799 1748 Sed
829 1695 954 1765 quia
982 1696 1034 1749 in
1072 1695 1195 1750 tiliis
1228 1694 1534 1751 difﬁdentia:
1561 1698 1661 1751 ini-

75 1786 251 1838 micus
299 1785 542 1840 diabolus
597 1787 850 1843 licentius
903 1796 1158 1858 operatur
1197 1806 1359 1859 quam
1398 1791 1452 1845 in
1476 1792 1654 1856 bonis,

1782 608 1909 665 tem,
1944 601 2176 656 Verbum
2208 604 2455 659 videlicet
2498 623 2625 662 caro
2668 610 2866 665 factum
2888 652 2902 677 ,
2940 616 3108 671 stabit
3153 618 3205 672 in
3232 636 3366 692 syn-

1778 704 1942 761 agoga
1975 692 2216 757 deorum,
2251 710 2354 750 non
2386 697 2668 765 idolorum,
2700 716 2804 755 non
2834 704 3088 760 falsorum
3119 709 3363 779 deorum,

1778 782 1871 835 sed
1896 782 2105 838 illorum
2129 786 2193 839 de
2218 788 2411 855 quibus
2437 789 2490 843 in
2518 794 2866 860 sequentibus
2887 797 3052 851 dicit:
3076 800 3188 870 Ego
3210 804 3320 855 diri
3345 819 3365 855 :

1775 871 1864 925 Dii
1893 876 2036 928 estis.
2065 875 2199 930 Nam
2229 881 2307 933 sic
2328 934 2329 937 η
2354 882 2425 936 dii
2454 894 2577 937 sunt
2614 900 2801 942 onmcs
2829 890 2919 957 qui
2950 891 3213 951 imitando
3239 913 3363 952 eum

1774 965 2065 1034 participes
2114 967 2241 1022 facti
2284 980 2407 1025 sunt
2448 974 2563 1042 ejus
2607 976 2923 1043 divinitatis,
2971 981 3110 1035 sient
3154 994 3209 1038 et
3249 988 3363 1055 ipse

1771 1054 2039 1124 particeps
2067 1056 2240 1113 factus
2282 1072 2365 1115 est
2406 1073 2605 1118 nostra:
2647 1066 3015 1125 humanitatis.
3048 1070 3183 1127 Nota
3212 1054 3357 1145 quod

1770 1143 1921 1208 dicit,
1952 1146 2088 1200 Deus
2116 1151 2277 1215 stetit,
2323 1168 2429 1208 non
2461 1156 2583 1223 quia
2618 1166 2699 1211 est
2730 1159 2824 1212 Dei
2856 1172 3023 1226 stare,
3068 1166 3153 1219 vel
3199 1143 3361 1223 accu-

1769 1230 1920 1299 bare,
1948 1237 2027 1288 vel
2057 1238 2222 1295 locale
2257 1259 2393 1307 esse,
2431 1247 2524 1300 sed
2560 1248 2684 1317 quia
2715 1250 2804 1318 qui
2834 1263 2962 1317 stat,
2989 1267 3205 1311 erectus
3232 1274 3354 1315 esse

1767 1324 2008 1392 videtur;
2034 1329 2156 1407 ideo
2176 1344 2491 1403 semperest
2516 1339 2969 1397 incommutabilis
2993 1349 3275 1413 rectitudo,
3300 1361 3356 1406 et

1768 1416 1887 1471 ideo
1913 1423 2435 1495 quasistarelDeus
2459 1432 2801 1488 describitur.
2850 1435 2918 1489 In
2964 1438 3133 1491 medio
3180 1452 3352 1495 autent

1764 1512 1886 1563 deos
1917 1512 2195 1581 dijudicat,
2240 1518 2373 1585 alios
2423 1519 2626 1577 faciens
2664 1526 2950 1593 apostolos,
2983 1528 3117 1584 alios
3149 1530 3353 1587 faciens

1762 1600 2091 1668 prophetas;
2126 1606 2227 1671 vel,
2259 1609 2517 1678 dijudicat
2566 1612 2711 1678 deos,
2757 1626 2881 1671 ante
2930 1619 3057 1673 deos
3105 1620 3352 1676 faciendo

1761 1688 1862 1742 alia
1902 1707 2026 1746 vasa
2074 1695 2126 1748 in
2169 1698 2447 1762 honorem,
2500 1701 2604 1755 alia
2656 1704 2709 1757 in
2754 1709 3159 1765 contumeliam.
3211 1713 3346 1767 Nota

1759 1773 1901 1849 quod
1927 1783 2073 1849 dicit,
2112 1801 2234 1840 nam
2261 1790 2350 1857 qui
2392 1799 2474 1843 est
2518 1792 2570 1844 in
2625 1795 2804 1849 medio
2849 1798 3133 1865 aequaliter
3180 1816 3210 1854 a
3242 1803 3349 1855 cir-

73 1878 195 1943 quia
239 1878 295 1930 ίιι
348 1876 450 1931 illis
478 1879 628 1947 quasi
663 1867 716 1933 ίίι
767 1855 986 1950 proprio
1011 1881 1147 1936 bove
1194 1855 1333 1946 nimi,
1395 1882 1447 1935 in
1492 1855 1654 1939 ηιιιιίέ
1690 1855 2149 1934 Rcumstantibus
2220 1882 2461 1947 videtur,
2519 1895 2575 1939 et
2638 1889 2769 1956 quia
2836 1891 2978 1946 Deus
3042 1897 3346 1952 communis

74 1976 254 2020 tamen
296 1968 401 2021 nisi
437 1970 753 2038 permissus,
806 1970 926 2026 idco
961 1972 1041 2027 sic
1064 1972 1262 2028 dicitur
1292 1992 1305 2027 :
1345 1973 1403 2029 Si
1432 1974 1654 2044 populus

68 2076 215 2112 meus
250 2058 483 2114 audisset
508 2077 608 2124 me,
636 2070 683 2114 et
710 2061 757 2115 si
790 2062 844 2115 in
894 2062 990 2117 viis
1036 2063 1163 2116 meis
1204 2062 1653 2133 ambulasset,pro

70 2148 198 2201 nihil
225 2148 453 2217 forsitan
493 2151 727 2205 inimicos
757 2168 937 2206 eorum
990 2152 1369 2218 Itumiliassem,
1424 2164 1470 2208 et
1498 2171 1655 2223 super

68 2244 381 2299 tribulantes
408 2262 492 2300 eos
514 2246 767 2300 misissem
790 2262 1004 2301 manum
1029 2264 1195 2301 meam
1225 2261 1251 2307 .i
1272 2258 1320 2301 et
1361 2265 1465 2302 non
1497 2248 1655 2301 audi-

70 2335 131 2385 rit
156 2335 389 2403 populus
436 2353 599 2390 meus.
644 2337 779 2404 Quia
828 2339 961 2408 ipsi,
1008 2337 1136 2392 facti
1178 2339 1376 2393 inimici
1411 2339 1647 2402 Domini,

68 2427 268 2478 mentiti
291 2437 413 2479 sunt
439 2428 509 2493 ei,
550 2428 601 2482 id
648 2439 730 2484 est
758 2429 822 2482 ad
857 2430 1113 2483 honorem
1150 2430 1288 2499 ejus,
1316 2439 1363 2482 et
1386 2432 1482 2482 erit
1513 2439 1646 2482 tem-

65 2534 155 2586 pus
184 2534 392 2581 eorum,
422 2519 476 2572 id
506 2527 611 2585 est,
648 2521 765 2574 dies
814 2520 1192 2575 dominationis
1242 2536 1429 2597 eorum
1460 2521 1565 2575 erit
1593 2520 1645 2574 in

65 2607 261 2662 saeculo
293 2609 398 2663 hoc
420 2612 693 2679 praesenti,
722 2628 826 2666 non
858 2613 907 2666 in
948 2612 1129 2667 futuro
1158 2632 1170 2666 :
1206 2614 1331 2682 quia
1358 2613 1445 2667 hic
1475 2612 1649 2667 domi-

66 2713 283 2764 nantur.
319 2703 393 2757 ibi
444 2706 865 2773 tOrquebuntur;
914 2706 1019 2769 vel,
1057 2716 1266 2774 tempus
1309 2706 1648 2759 animadver-

62 2793 249 2857 sionis,
282 2808 459 2863 paena:
481 2810 574 2850 cor
604 2795 869 2858 videlicet,
911 2796 1015 2850 erit
1058 2796 1112 2849 in
1144 2794 1357 2859 strcula,
1386 2794 1511 2863 quia
1558 2794 1644 2848 hic

62 2882 303 2952 incipiet,
339 2884 409 2937 ibi
435 2900 706 2955 nunquam
733 2886 902 2951 ﬁniet,
934 2886 1022 2941 hic
1051 2896 1394 2941 exetecantur
1418 2885 1644 2939 interius

61 2984 113 3029 nt
139 2975 364 3029 tandem
416 2975 484 3029 ibi
514 2977 825 3030 crucientur
852 2977 1109 3041 exterius,
1147 2976 1290 3045 quod
1322 2976 1451 3029 dicit
1487 2993 1497 3026 :
1532 2973 1643 3027 lni-

46 3068 173 3139 .mici
206 3066 423 3121 Domini
452 3068 651 3120 mentiti
697 3077 819 3120 sunt
860 3068 947 3121 ei:
981 3078 1027 3120 et
1072 3077 1270 3131 tamen,
1306 3066 1431 3120 licet
1456 3074 1641 3120 essent

60 3157 285 3218 inimici,
318 3157 498 3210 cibavit
529 3172 614 3211 eos
643 3172 705 3209 ex
734 3158 885 3225 adipe
926 3158 1193 3226 frumenti,
1236 3156 1286 3210 id
1317 3165 1423 3224 est,
1459 3171 1525 3209 ex
1554 3170 1637 3209 sa—

1760 1974 1842 2020 est
1882 1969 2152 2035 omnibus,
2198 1982 2344 2027 recte
2380 1974 2434 2027 in
2478 1977 2646 2031 medio
2693 1981 2895 2048 positus
2938 1983 3151 2037 dicitur.
3192 1984 3345 2042 Unde

1757 2054 1886 2108 illud
1909 2075 1920 2109 :
1946 2057 2149 2113 Medius
2170 2073 2391 2115 vestrum
2415 2066 2550 2117 stetit
2571 2083 2720 2136 quem
2740 2086 2824 2122 vos
2847 2072 3051 2126 nescitis
3078 2073 3257 2143 (Joan.
3277 2077 3341 2140 ι).

1758 2144 2033 2218 Usquequo
2069 2150 2327 2227 judicetis
2359 2154 2724 2229 iniquitatem?
2751 2159 2911 2225 Quasi
2944 2162 3126 2217 dicat:
3164 2164 3219 2219 Si
3253 2164 3342 2233 ju-

1754 2236 1945 2291 dicatis
1972 2238 2307 2306 iniquitatem
2340 2242 2390 2295 in
2420 2246 2590 2299 servis
2616 2247 2924 2302 occidendis
2953 2251 3131 2305 missis
3160 2255 3228 2306 ad
3261 2255 3337 2307 vi-

1752 2345 1929 2395 neam,
1961 2341 2136 2386 tamen
2164 2348 2231 2386 ne
2255 2335 2450 2404 injuste
2470 2336 2717 2405 judicetis
2745 2340 2909 2395 misso
2937 2343 3165 2397 hatrede.
3191 2344 3332 2399 Prse-

1750 2420 1899 2473 missi
1952 2422 2093 2474 enim
2139 2422 2355 2478 fuerunt
2396 2428 2668 2494 prophetae
2718 2437 2774 2481 ut
2813 2429 3023 2485 vineam
3072 2432 3331 2499 colerent,

1748 2526 1882 2580 quos
1911 2512 1991 2566 vel
2015 2515 2353 2569 contumeliis
2377 2516 2653 2582 allecistis,
2685 2520 2767 2573 vel
2792 2522 3010 2576 omnino
3033 2525 3330 2581 occidistis.

1747 2602 1909 2657 Misso
1935 2614 2114 2658 autem
2140 2606 2372 2670 luercdc,
2406 2608 2619 2661 tandem
2644 2619 2829 2663 cavete
2849 2611 3044 2680 injuste
3062 2613 3329 2682 judicare,

1749 2712 1843 2751 vos
1870 2713 1902 2750 ο
1934 2698 2187 2767 majores.
2229 2700 2335 2753 Vos
2361 2708 2538 2753 autem
2570 2701 2825 2765 minores,
2859 2718 3135 2773 usquequo
3167 2706 3330 2775 facies

1743 2799 2071 2856 peccatorum
2097 2791 2319 2850 sumitis,
2358 2790 2409 2845 id
2432 2799 2535 2854 est,
2564 2805 2842 2859 usqtthuo
2865 2794 3105 2861 patribus
3136 2797 3330 2849 vestris

1744 2876 2154 2931 conlormamiui
2184 2918 2197 2943 ,
2259 2879 2438 2948 inique
2489 2881 2570 2933 eis
2619 2883 3040 2937 consentiendo?
3085 2882 3330 2938 Judicate

1742 2982 1897 3035 egeno
1941 2977 1986 3020 et
2030 2968 2245 3038 pupillo.
2295 2968 2531 3037 Pupillus
2567 2979 2649 3024 est
2684 2972 2771 3039 qui
2803 2982 2957 3040 patre
3003 2980 3166 3034 curet,
3202 2974 3329 3027 licet

1744 3066 1968 3111 matrem
2004 3058 2217 3111 habeat.
2249 3060 2399 3126 Quod
2446 3063 2694 3113 convenit
2724 3061 2969 3125 Domino,
3010 3064 3135 3133 quia
3184 3064 3327 3117 sicut

1741 3149 2067 3204 aeternalitcr
2108 3151 2271 3204 voluit
2308 3166 2429 3205 csse
2458 3152 2573 3205 sine
2613 3162 2801 3217 matre,
2847 3154 2917 3207 ita
2961 3155 3328 3223 temporaliter

56 3250 357 3305 cramcntis
396 3250 538 3312 lidei,
562 3260 609 3302 et
657 3250 720 3303 de
741 3260 887 3318 petra
929 3250 1075 3303 melle
1100 3250 1356 3303 saturavit
1406 3264 1511 3301 eos.
1539 3246 1640 3300 Mcl
1669 3226 1711 3285 (ἶ
1744 3240 1911 3295 Voluit
1937 3255 2056 3294 esse
2082 3242 2197 3295 sine
2226 3252 2378 3310 patre
2404 3261 2422 3298 :
2453 3245 2595 3313 quod
2625 3245 2776 3308 dicit,
2810 3246 3045 3315 judicate
3084 3264 3241 3317 egeno
3274 3258 3323 3300 et

58 3345 190 3397 unde
246 3342 481 3396 saturati
532 3350 657 3395 sunt
703 3342 967 3410 sapientia
1011 3340 1213 3395 Christi
1265 3341 1384 3404 fuit,
1442 3340 1494 3393 in
1532 3354 1635 3407 qua

57 3434 204 3487 multi
236 3432 671 3495 delectantur,in
700 3433 1028 3501 cogitatione
1051 3431 1298 3486 videlicet
1329 3446 1637 3487 sacramen-

57 3535 253 3589 torum,
285 3533 341 3576 et
365 3524 416 3576 in
440 3522 706 3576 solutione
740 3522 1115 3591 parabolarum
1151 3522 1267 3590 ejus
1296 3532 1350 3575 et
1378 3521 1634 3576 clamant.

54 3616 189 3669 Nihil
228 3615 447 3677 melius,
476 3614 606 3667 nihil
634 3613 842 3667 dulcius
883 3613 1106 3684 intelligi
1162 3613 1241 3667 vel
1296 3613 1399 3668 dici
1435 3613 1632 3681 potuit.

52 3707 159 3763 lloc
188 3706 303 3760 mel
341 3722 446 3759 non
476 3706 541 3759 dc
568 3705 807 3773 quolibet
838 3706 1076 3770 homine,
1112 3704 1203 3759 sed
1232 3707 1298 3759 de
1324 3715 1475 3775 petra
1508 3721 1638 3760 con-

49 3797 225 3860 ﬂuxit,
256 3806 407 3865 petra
431 3804 601 3847 autem
625 3804 734 3847 erat
770 3793 1008 3847 Christus
1040 3794 1091 3865 (Ι
1124 3794 1243 3848 Cor.
1273 3796 1349 3864 κ).

547 3884 863 3939 PSALMUS
907 3884 1139 3938 LXXXI.

604 3992 833 4031 PSALML'S
889 3993 1069 4031 ASAPU.

121 4094 139 4124 ι
188 4072 341 4127 Deus
365 4072 510 4126 stetit
535 4072 584 4124 in
612 4087 877 4142 synagoga
909 4073 1151 4137 deorum,
1178 4088 1230 4125 ιιι
1255 4073 1430 4128 medio
1457 4083 1633 4130 autem

54 4186 68 4215 ‹
114 4170 253 4221 deos
286 4164 557 4231 dijudicat.
590 4164 879 4234 Usquequo
912 4164 1164 4233 judicatis
1193 4166 1553 4233 iniquitatem,
1581 4175 1637 4222 et

53 4281 67 4309 ι
113 4261 293 4315 facies
321 4271 659 4328 peccatorum
701 4258 947 4313 sumitis?
989 4257 1233 4315 Judicate
1259 4274 1428 4330 egeno
1458 4272 1513 4315 et
1540 4277 1635 4331 pu-

51 4374 64 4403 ι
108 4353 269 4423 pillo,
292 4352 541 4405 humilem
564 4362 617 4406 et
637 4367 925 4422 pauperem
942 4351 1253 4420 justiticate.
1278 4355 1482 4424 Eripite
1505 4370 1634 4424 pau-

50 4464 63 4493 ι
108 4457 324 4511 perem,
361 4450 413 4495 et
458 4456 683 4509 egenum
729 4442 797 4495 de
843 4458 1000 4496 manu
1047 4445 1341 4512 peccatoris
1386 4445 1629 4501 liberate.

48 4554 63 4584 ι
108 4533 458 4596 Nescicrunt,
490 4548 662 4601 neque
690 4532 1087 4597 intellexerunt,
1107 4536 1157 4587 in
1187 4534 1419 4589 tenebris
1444 4536 1630 4599 ambu-

1740 3332 1954 3401 pupillo,
1985 3334 2035 3386 id
2063 3342 2165 3397 cst,
2196 3334 2262 3387 ad
2291 3336 2547 3388 honorem
2586 3337 2737 3405 egeni
2762 3346 2817 3389 et
2841 3336 3047 3404 pupilli,
3074 3347 3129 3391 ct
3152 3338 3328 3389 Itami-

1740 3423 1838 3477 lem
1870 3424 1923 3476 in
1974 3425 2073 3478 hoc
2096 3424 2299 3494 judicio
2345 3425 2568 3491 factum,
2605 3435 2651 3479 et
2685 3444 2981 3495 pauperem,
3010 3442 3130 3481 cum
3172 3428 3324 3482 dives

1740 3526 1903 3581 esset,
1953 3532 2051 3585 pro
2087 3516 2241 3571 nobis
2287 3516 2513 3583 factum,
2537 3518 2842 3587 justi/icate,
2889 3519 2940 3572 id
2986 3528 3086 3583 est,
3114 3518 3320 3586 justmn

1739 3609 1859 3663 aliis
1881 3610 2185 3679 pradicate.
2214 3608 2415 3677 Eripite
2436 3627 2735 3679 pauperem,
2760 3621 2806 3664 et
2832 3627 3045 3680 egenum
3070 3612 3133 3663 de
3156 3627 3316 3663 manu

1736 3704 2020 3771 peccatoris
2053 3703 2284 3755 liberate.
2323 3701 2432 3755 lloc
2460 3702 2659 3754 dictum
2691 3710 2773 3756 est
2808 3703 2872 3754 ad
2905 3702 3164 3765 minores,
3194 3700 3322 3769 quia

1738 3810 1858 3848 cum
1892 3803 1968 3848 tot
1997 3802 2179 3848 essent
2222 3794 2286 3846 dc
2326 3793 2621 3846 minoribus
2655 3803 2711 3845 ut
2736 3793 3004 3861 principes
3033 3806 3127 3847 eos
3152 3799 3308 3855 time—

1739 3900 1875 3953 rent,
1909 3907 2013 3945 non
2055 3891 2363 3944 debuissent
2400 3890 2705 3943 consentire
2744 3899 2800 3942 ut
2828 3889 3095 3957 pri..cipes
3127 3890 3323 3956 injuste

1736 3983 2011 4039 Christum
2055 3983 2405 4038 occidendum
2442 3984 2778 4046 tradiderint,
2826 3983 2948 4051 quia
2982 3982 3191 4050 quoties
3220 3982 3317 4035 ali—

1736 4076 1856 4144 quis
1886 4075 2080 4145 injuste
2114 4074 2416 4129 vindicatur
2445 4092 2473 4127 a
2508 4074 2855 4143 principibus,
2886 4072 3045 4126 debet
3070 4088 3097 4125 a
3125 4072 3323 4141 populo

1736 4167 1971 4230 liberari,
2005 4168 2047 4221 si
2089 4167 2190 4221 hoc
2224 4166 2366 4220 videt
2405 4165 2629 4235 populus
2658 4165 2800 4233 quod
2840 4165 2955 4218 sine
2994 4165 3107 4218 rixa
3148 4164 3321 4232 possit

1735 4260 1870 4315 ﬁeri.
1924 4258 2247 4313 Nescierunt,
2275 4276 2436 4329 neque
2485 4258 2865 4313 intellexerunt.
2920 4258 3081 4324 Quasi
3129 4258 3314 4313 dicat:

1733 4352 1845 4421 Ego
1876 4352 1955 4406 sic
1980 4353 2205 4405 adorsus
2228 4366 2345 4405 sum
2385 4350 2637 4416 majores,
2672 4364 2735 4401 ne
2766 4348 3315 4416 iujustejudicarent;

1731 4455 1785 4499 et
1817 4446 2071 4509 minores,
2096 4460 2163 4499 ne
2192 4444 2387 4512 injuste
2418 4442 2822 4497 consentirent:
2858 4441 2953 4508 ipsi
2988 4450 3166 4493 tamen
3207 4456 3320 4492 ma-

1728 4538 1873 4607 jores
1913 4537 2225 4598 nescierunt,
2276 4549 2448 4601 neque
2495 4533 2730 4586 minores
2767 4530 3152 4591 intellexerunt,
3188 4530 3314 4599 quia

49 4645 63 4674 ι
112 4626 274 4679 lant:
308 4624 666 4676 movebuntur
688 4624 865 4677 omnia
913 4624 1261 4678 fundamenta
1298 4635 1473 4679 terrae.
1520 4626 1630 4696 Ego
1662 4606 1708 4663 ί)
1733 4628 1777 4680 si
1816 4625 2043 4693 majores
2090 4627 2462 4693 cognovissent,
2503 4639 2767 4691 nunquam
2814 4621 3096 4675 Dominum
3136 4621 3318 4690 gloria:

47 4737 61 4765 ι
104 4714 221 4771 uixi
253 4734 262 4765 :
300 4712 381 4766 Dii
412 4713 561 4777 estis,
611 4722 668 4768 et
712 4713 802 4767 lilii
834 4714 1041 4769 Excelsi
1073 4729 1277 4769 omnes.
1317 4715 1421 4771 Vos
1450 4725 1627 4770 autem

46 4825 61 4856 ι
106 4807 257 4860 sicut
284 4804 529 4858 homines
560 4805 881 4868 moriemini,
925 4815 980 4857 et
1015 4804 1153 4859 sicut
1182 4821 1318 4859 unus
1342 4806 1407 4859 de
1434 4807 1630 4875 princi-

44 4916 59 4945 ι
108 4898 276 4965 pihus
318 4894 539 4948 cadetis.
588 4894 778 4965 Surge,
810 4896 972 4958 Deus,
1007 4892 1189 4961 judica
1227 4905 1445 4959 terram,
1490 4912 1625 4964 quo-

42 5004 58 5036 ι
106 4988 260 5040 niam
300 4992 354 5038 tu
381 4983 722 5038 bwrcditabis
749 4986 797 5036 in
828 4984 1075 5037 onmibus
1112 4985 1377 5054 gentibus.
1425 5004 1442 5036 ι

609 5073 1056 5128 ΕΝΛΠΗΛΊἸΟ.

105 5168 383 5237 Pr0pheta
440 5167 491 5219 in
536 5167 637 5220 hoc
691 5165 895 5233 psalmo
937 5175 1121 5219 contra
1175 5164 1388 5221 Iudaeos
1448 5167 1623 5236 loqui-

36 5273 145 5326 tur,
200 5261 444 5313 minores
499 5268 554 5311 et
600 5258 869 5327 majores:
901 5258 1236 5313 exhortando
1289 5260 1535 5329 majores,
1565 5267 1624 5311 ut

36 5356 78 5409 si
128 5356 336 5425 injuste
367 5352 742 5423 judicaverunt
786 5350 838 5404 in
873 5351 1044 5417 servis
1077 5352 1144 5404 ad
1191 5352 1401 5405 vineam
1447 5351 1625 5405 missis

34 5445 374 5507 occidendis,
400 5452 452 5498 et
487 5443 722 5498 minores
759 5442 953 5512 injuste
983 5451 1406 5507 consenserunt;
1433 5442 1621 5496 saltem

38 5541 204 5593 misso
233 5536 471 5597 luet-ede,
501 5534 731 5605 majores
765 5549 867 5587 non
899 5534 1092 5603 injuste
1116 5533 1377 5601 judicent,
1412 5535 1495 5588 vel
1526 5534 1625 5589 mi—

36 5645 199 5685 nores
228 5628 428 5698 injuste
447 5628 525 5681 eis
547 5626 906 5682 consentiant.
942 5626 1010 5678 Et
1031 5626 1162 5679 dicit
1190 5626 1267 5681 sic
1291 5627 1472 5696 Asaph
1498 5642 1511 5681 ;

106 5722 254 5775 Deus
302 5720 435 5773 stetit
487 5719 539 5771 in
585 5733 848 5788 synagoga
891 5716 1128 5779 deorum,
1159 5716 1215 5769 in
1243 5716 1411 5769 medio
1450 5727 1618 5771 autem

36 5816 161 5867 deos
198 5812 479 5882 dijudicat.
522 5809 680 5876 Quasi
710 5808 849 5863 dicat
878 5826 890 5862 :
922 5809 1026 5862 Vos
1056 5808 1311 5861 laboratis
1344 5809 1408 5861 ad
1438 5809 1537 5863 hoc
1566 5819 1625 5864 ut

1732 4720 2109 4787 cruciﬁaissent
2156 4716 2371 4789 (ICor.
2402 4721 2494 4785 ll);
2531 4715 2635 4780 vel,
2682 4716 2726 4768 si
2775 4714 3166 4795 intellesissent
3212 4715 3317 4768 mi-

1731 4828 1890 4865 nores
1920 4852 1934 4873 ,
1981 4824 2255 4877 nunquam
2315 4807 2605 4860 Barrabam
2658 4804 2938 4874 petiissent
2982 4803 3212 4867 dimitti,
3265 4812 3319 4857 et

1728 4900 1909 4956 Jcsum
1955 4899 2216 4969 crucifigi,
2257 4898 2400 4967 quod
2446 4897 2596 4960 dicit,
2638 4897 2928 4950 nescierunt
2970 4912 3131 4963 neque
3167 4893 3319 4947 intel-

1730 4992 1985 5045 lexerunt.
2032 4989 2097 5043 Et
2143 4992 2246 5043 hoc
2268 4988 2472 5057 quare?
2505 4986 2638 5053 Quia
2682 4988 2735 5040 in
2766 4986 2986 5039 tenebris
3022 4984 3315 5051 ambulant,

1730 5084 2051 5152 repellentes
2097 5098 2127 5135 a
2166 5098 2224 5137 se
2254 5096 2437 5136 veram
2480 5080 2673 5142 lucem,
2717 5094 2837 5149 qute
2888 5078 3153 5131 illuminat
3201 5091 3315 5131 ou:-

1731 5192 1852 5230 nem
1899 5175 2192 5230 hominem.
2242 5173 2393 5229 Unde
2435 5172 2562 5227 illud
2599 5191 2611 5225 :
2654 5171 2770 5224 Lux
2807 5172 2860 5223 in
2899 5168 3117 5223 tenebris
3157 5166 3311 5229 lucet,

1725 5276 1772 5317 et
1826 5266 2047 5319 tenebrae
2092 5282 2205 5319 eam
2260 5281 2362 5318 non
2420 5263 2911 5333 comprehenderunt
2977 5257 3177 5326 (Joun.
3230 5256 3308 5323 ι).

1730 5354 2071 5407 Movebuntur
2114 5356 2287 5407 omnia
2346 5353 2687 5421 fundamenta
2741 5361 2912 5403 terras.
2987 5346 3187 5400 Omnes
3257 5342 3309 5394 in

1724 5444 1870 5498 onmi
1910 5444 2114 5511 przelati
2147 5453 2288 5497 terra
2316 5443 2444 5496 moti
2492 5451 2618 5495 sunt
2665 5441 2744 5493 vel
2796 5439 2862 5491 ad
2909 5436 3066 5489 [idem
3111 5431 3193 5486 vel
3242 5431 3308 5483 ad

1727 5534 2203 5605 perturbationem.
2239 5533 2333 5588 Vel
2362 5533 2700 5586 movebuntur
2745 5529 3089 5599 [tandumenta
3132 5534 3308 5585 terrm,

1730 5640 1852 5694 spes
1902 5626 2149 5679 videlicet
2204 5633 2559 5682 terrenorum,
2618 5622 2669 5674 in
2727 5619 2922 5686 quibus
2967 5612 3310 5669 confidebant

1733 5718 1929 5772 terreni
1970 5717 2260 5787 principes.
2314 5714 2466 5769 Unde
2516 5711 2643 5764 illud
2676 5725 2690 5762 :
2723 5708 2930 5761 Transit
2984 5702 3208 5758 mundus
3258 5709 3307 5754 et

1730 5812 2145 5867 concupiscentia
2174 5809 2288 5877 ejus
2315 5806 2366 5877 (I
2395 5806 2552 5860 Joan.
2584 5802 2666 5874 tt).
2734 5801 2825 5857 Vel
2860 5801 2927 5855 ad
2958 5799 3190 5853 litteram
3222 5793 3305 5849 di-
