3918 6408
621 388 732 446 579

620 510 831 565 eamus,
856 486 1202 554 movebuntur
1244 501 1421 556 omnia
1465 501 1807 571 fundamenta
1856 513 2029 569 terra,
2059 505 2210 577 quia,
2238 510 2286 569 Α

618 589 850 646 Domino
874 589 1145 658 pendente
1174 588 1228 644 in
1277 605 1459 657 cruce,
1510 601 1851 650 terraemotus
1903 594 2079 652 factus
2126 604 2210 652 est

620 696 875 752 magnus.
900 680 1016 752 Ego
1043 681 1156 737 disi
1179 681 1317 736 :‘Dii
1363 685 1488 738 estis
1514 693 1565 739 et
1605 685 1708 754 ﬁlii
1747 686 1958 743 Επειεὶ
2011 704 2207 745 omnes.

621 772 886 842 Superius
906 772 1254 828 continuatur
1279 775 1360 828 sic
1390 790 1403 827 :
1434 773 1575 829 Dens
1621 777 1782 844 stetit,
1836 779 2018 834 dicens
2049 795 2063 832 :
2097 777 2210 851 Ego

618 864 768 919 dixi:
791 863 882 918 Dii
909 863 1029 919 estis
1048 873 1098 918 et
1117 864 1217 934 ﬁlii
1241 864 1450 920 Excelsi
1476 883 1675 922 omnes.
1700 867 1866 936 Quasi
1891 870 2073 926 dicat:
2102 870 2212 926 Vos

584 992 597 996 -
621 968 833 1019 omnes,
859 953 903 1008 si
934 952 1128 1007 imitati
1150 967 1239 1009 me
1264 954 1480 1020 essetis,
1537 955 1667 1011 deos
1715 955 1894 1012 facere
1934 959 2209 1028 proposui,

624 1043 949 1111 assumendo
977 1058 1071 1098 vos
1094 1057 1325 1110 mecum,
1368 1056 1430 1100 ut
1475 1046 1607 1103 mihi
1641 1048 1836 1104 essetis
1883 1050 2209 1107 colueredes.

622 1136 731 1191 Vos
757 1150 947 1190 omnes
967 1134 1153 1189 vocavi
1174 1134 1316 1191 ﬁlios
1344 1136 1576 1202 Excelsi,
1605 1137 1743 1193 ﬁlios
1769 1154 1877 1194 non
1907 1154 1936 1194 ιι
1959 1140 2212 1196 substan-

622 1224 697 1279 tia
724 1223 1111 1295 ejnsgenitos,
1161 1225 1258 1287 sed
1309 1241 1405 1296 per
1446 1226 1675 1298 gratiam
1721 1240 2071 1300 assumptus:
2114 1229 2212 1286 Vos

621 1326 796 1371 autem
824 1317 960 1371 sicut
986 1317 1220 1371 homines
1242 1319 1559 1383 moriemini,
1591 1316 1642 1373 id
1665 1328 1772 1385 est,
1791 1321 1847 1375 in
1870 1322 2107 1392 peccatis
2124 1337 2216 1378 ve-

620 1408 749 1463 stris
772 1417 1180 1478 permanentes,
1198 1408 1462 1465 imitando
1482 1411 1687 1480 primos
1707 1422 1960 1482 parentes
1981 1424 2211 1480 vestros,

623 1499 716 1567 qui
771 1514 869 1568 per
909 1497 1329 1555 inobedientiam
1389 1516 1421 1555 a
1476 1501 1589 1558 Deo
1640 1512 2102 1574 apostataverunt.
2141 1504 2211 1559 Et

619 1586 757 1642 sicut
785 1604 919 1642 unus
950 1587 1016 1642 de
1035 1588 1355 1659 principibus
1375 1590 1592 1646 cadetis.
1626 1591 1777 1649 Unus
1803 1592 1908 1649 fuit
1928 1593 1994 1648 de
2016 1595 2217 1664 princi-

624 1677 785 1747 pibus
812 1677 904 1748 qui
945 1677 1118 1732 dixit:
1142 1676 1346 1734 Ponam
1378 1679 1560 1735 sedem
1590 1695 1768 1737 meam
1800 1681 1869 1736 ad
1908 1683 2214 1753 aquilonem

621 1776 679 1821 et
700 1782 790 1821 era
815 1766 1004 1821 similis
1041 1765 1312 1825 Allissinto
1366 1767 1502 1834 (Isa.
1558 1769 1708 1843 xw);
1740 1772 1833 1828 sed
1878 1774 2002 1843 quia
2053 1775 2216 1832 nimis

624 1875 686 1915 se
715 1860 973 1917 extollere
995 1862 1177 1927 voluit,
1212 1863 1333 1921 ideo
1361 1865 1557 1922 cadere
1584 1867 1821 1922 meruit:
1852 1865 2011 1937 cujus
2029 1883 2215 1924 exem-
2249 1866 2290 1924 Β

619 1950 708 2021 ple
735 1966 929 2008 omnes
955 1955 1156 2008 cadunt
1202 1955 1294 2024 qui
1346 1971 1443 2025 per
1487 1955 1777 2015 elationem
1818 1974 1878 2013 se
1929 1959 2214 2015 extollunt.

622 2041 816 2113 Surge,
863 2041 1023 2107 Deus,
1050 2042 1242 2112 judico
1266 2053 1483 2110 terram,
1527 2048 1778 2118 quoniam
1805 2057 1861 2101 tu
1885 2048 2218 2105 hmreditabis

622 2132 681 2187 in
705 2133 944 2189 omnibus
965 2134 1222 2204 gentibus.
1255 2135 1380 2206 Ipsi,
1427 2137 1689 2195 imitando
1717 2140 1922 2211 primos
1943 2152 2215 2211 parentes,

628 2222 940 2276 moriuntur
970 2239 987 2275 :
1018 2232 1072 2277 tu
1097 2234 1277 2280 autem
1306 2241 1489 2298 surge,
1524 2239 1585 2283 ιιι
1623 2227 1838 2298 judices
1889 2241 2110 2300 terram,
2164 2234 2219 2289 id

622 2320 733 2375 est,
764 2320 954 2380 patere
1001 2321 1052 2368 te
1073 2311 1309 2382 judicari
1338 2317 1631 2377 secundum
1678 2319 2087 2387 humanitatem,
2136 2338 2220 2378 re-

624 2414 789 2471 surge
818 2405 1130 2459 secundum.
1151 2404 1492 2465 divinitatem
1523 2424 1538 2475 ;
1582 2418 1639 2463 et
1668 2409 1748 2465 sic
1768 2408 1950 2480 iudica
1994 2422 2217 2480 terram,

624 2492 681 2546 id
706 2501 813 2558 est,
843 2503 1060 2563 gentem
1084 2494 1391 2564 Jutlaicam,
1415 2514 1534 2569 quae
1555 2501 1744 2555 statuit
1770 2502 1952 2559 oculos
1979 2519 2107 2559 suos
2130 2504 2223 2559 de-

623 2581 830 2637 clinare
859 2584 913 2639 in
939 2594 1137 2650 terram
1166 2604 1181 2654 ;
1211 2591 1354 2659 quod
1380 2588 1624 2647 facturus
1644 2608 1723 2657 es,
1752 2594 1880 2664 quia
1930 2611 2220 2669 resurgens

622 2674 958 2729 lateredilabis
979 2678 1035 2730 in
1055 2680 1295 2735 omnibus
1319 2683 1579 2752 gentibus,
1612 2687 1867 2754 quoniam
1897 2689 2039 2745 Deus
2059 2687 2223 2744 Pater

626 2763 779 2819 dabit
802 2766 899 2820 tibi
923 2781 1118 2838 gentes
1143 2770 1517 2828 haereditatem
1564 2782 1709 2831 tuam
1737 2786 1794 2832 et
1818 2780 2219 2848 possessionem

624 2863 775 2928 tuam
794 2858 1060 2915 terminos
1095 2871 1275 2917 terrae.
1968 2871 1973 2876 ’

1117 2953 1441 3013 PSALMUS
1478 2959 1739 3015 LXXXII.

1064 3058 1332 3100 CANTICUI
1369 3063 1555 3103 ιέΑωιι
1591 3064 1777 3106 Δεινιι.

705 3148 723 3181 ι
767 3128 932 3198 Deus,
961 3133 1085 3202 quis
1108 3134 1305 3190 similis
1342 3138 1449 3191 erit
1493 3139 1630 3195 tibi?
1678 3157 1747 3198 ne
1794 3150 1994 3210 taceas,
2045 3159 2222 3216 neque

629 3241 651 3272 ‹
696 3225 1083 3293 compescaris,
1112 3225 1254 3281 Deus
1285 3245 1298 3280 :
1323 3232 1577 3299 quoniam
1601 3247 1730 3290 ecce
1751 3235 1956 3291 inimici
2001 3238 2077 3293 tui
2127 3255 2216 3296 so-
2246 3238 2292 3300 C

636 3333 654 3364 ι
697 3323 935 3369 nuerunt
967 3333 981 3370 :
1016 3326 1073 3373 et
1101 3319 1191 3391 qui
1214 3321 1445 3377 oderunt
1477 3333 1547 3391 te,
1580 3327 1891 3384 extulerunt
1916 3340 2093 3401 caput.
2120 3332 2224 3388 Su-

630 3421 652 3452 s
699 3418 797 3473 per
821 3406 1077 3476 populum
1131 3419 1283 3464 tuum
1326 3414 1761 3486 malignaverunt
1807 3421 2116 3489 consilium,
2166 3433 2223 3479 et

634 3512 654 3545 ι
696 3496 1066 3567 cogitaverunt
1124 3502 1384 3560 adversus
1430 3517 1650 3564 sanctos
1702 3517 1842 3566 tuos.
1909 3512 2217 3570 Dixerunt:

635 3602 653 3632 ι
699 3582 888 3639 Venite
916 3594 972 3641 et
1001 3586 1374 3657 disperdamus
1399 3609 1493 3651 eos
1517 3597 1585 3653 de
1624 3607 1805 3668 gente,
1851 3609 1908 3656 et
1949 3617 2056 3657 non
2104 3620 2219 3660 me-

636 3691 655 3721 ι
702 3682 946 3735 moretur
983 3692 1176 3731 nomen
1212 3678 1376 3737 lsrael
1430 3683 1591 3740 ultra.
1641 3688 1906 3754 Quoniam
1951 3694 2223 3765 cogitave-

632 3778 654 3811 ι
694 3770 825 3817 runt
850 3766 1196 3833 unanimiter,
1226 3771 1386 3828 simul
1438 3776 1727 3834 adversum
1756 3789 1808 3837 te
1835 3791 2219 3840 testamentum

632 3870 655 3900 ι
700 3853 1099 3924 disposuerunt,
1126 3862 1471 3921 tabernacula
1520 3868 1875 3929 ldumteorum
1922 3884 1980 3930 et
2021 3876 2221 3933 lsmae-

632 3961 653 3990 ‹
698 3942 808 4033 lita:
834 3963 848 3997 :
887 3945 1041 4003 Moab
1071 3959 1126 4004 et
1148 3952 1402 4023 Agareni,
1425 3956 1612 4027 Gebal,
1637 3973 1689 4017 et
1715 3964 1968 4033 Ammon,
1989 3969 2223 4025 etAma-

634 4051 655 4083 ε
700 4032 804 4100 lec,
835 4036 1151 4110 alienigenae
1176 4059 1297 4098 cum
1325 4047 1700 4126 habitantibus
1724 4032 1961 4125 Tyrum.
2005 4059 2220 4117 Etenim

632 4142 655 4175 ι
701 4125 876 4182 Assur
907 4131 1057 4186 venit
1083 4148 1208 4188 cum
1239 4135 1365 4204 illis,
1401 4138 1530 4215 lacti
1558 4145 1766 4200 suntin
1792 4145 2121 4217 adjutorium
2164 4151 2223 4207 ﬁ-

630 4238 663 4277 ς,
697 4219 783 4277 liis
802 4220 920 4278 Lot.
951 4222 1059 4278 Fac
1106 4226 1212 4282 illis
1261 4229 1403 4285 sicut
1449 4233 1660 4292 Madian
1714 4249 1771 4295 et
1814 4240 2035 4310 Sisarze,
2082 4246 2223 4301 sicut

628 4330 651 4360 ι
689 4309 847 4367 .labiu
879 4313 935 4368 in
966 4323 1205 4373 torrente
1234 4319 1447 4378 Cisson.
1480 4325 1855 4398 Disperierunt
1905 4333 1959 4387 in
2016 4334 2218 4403 Endor,

627 4420 653 4453 4
699 4402 828 4459 facti
871 4416 999 4463 sunt
1042 4417 1103 4463 ut
1149 4418 1360 4470 stercus
1402 4425 1579 4472 terrae.
1627 4421 1773 4478 Pone
1818 4426 2090 4498 principes
2128 4402 2221 4486 eo?

629 4515 649 4544 ς
696 4511 821 4552 rum
851 4499 991 4555 sicut
1012 4500 1176 4569 Oreb,
1206 4514 1263 4561 et
1287 4506 1419 4575 Zeb,
1457 4519 1516 4565 et
1566 4511 1763 4583 Zehee,
1819 4527 1876 4573 et
1925 4518 2215 4591 Salmana;

629 4608 649 4638 ς
695 4603 886 4646 omnes
912 4594 1183 4664 principes
1231 4611 1442 4666 eorum,
1500 4604 1591 4673 qui
1650 4606 1943 4665 dixerunt:
1972 4611 2215 4671 Hieredi-
2245 4591 2296 4651 θ
2318 4591 2571 4697 Agereni,

630 4695 651 4727 ς
700 4685 810 4734 tate
858 4684 1230 4751 possideamus
1277 4695 1646 4750 sanctum-ium
1683 4697 1800 4755 Dei.
1851 4700 1994 4758 Deus
2036 4720 2212 4773 meus,

625 4788 652 4820 1
696 4786 833 4840 pone
860 4773 982 4830 illos
1013 4786 1069 4831 ut
1098 4789 1293 4846 rotam,
1318 4792 1374 4837 et
1400 4785 1544 4842 sicut
1572 4789 1821 4859 stipulam
1863 4805 1990 4850 ante
2015 4794 2209 4854 faciem

628 4880 648 4910 ς
689 4864 852 4918 venti.
892 4864 1044 4927 Sicut.
1082 4869 1221 4940 ignis
1261 4875 1351 4943 qui
1392 4878 1663 4935 comburit
1707 4882 1919 4950 silvam,
1967 4895 2023 4941 et
2068 4889 2212 4944 sicut

628 4970 657 5019 ι
693 4954 906 5009 llamma
932 4960 1257 5018 comburens
1289 4976 1517 5036 montes,
1566 4970 1638 5027 ita
1694 4977 2036 5046 persequeris
2089 4978 2207 5035 illos

628 5063 649 5094 1
690 5039 750 5100 'in
782 5055 1100 5118 tempestate
1140 5061 1249 5118 tua,
1278 5066 1335 5111 et
1362 5057 1418 5113 in
1450 5059 1528 5114 ira
1556 5070 1644 5116 tua
1664 5039 1913 5122 turbabis
1940 5082 2053 5123 eos.
2102 5070 2207 5126 lm-

622 5158 647 5189 ‹
694 5138 780 5210 ple
817 5139 986 5199 facies
1012 5159 1203 5202 eorum
1241 5148 1561 5220 ignominia,
1611 5166 1669 5210 et
1719 5170 1965 5227 quaerent
2008 5177 2204 5218 nomen

624 5247 649 5279 η
702 5238 872 5298 tuum,
902 5231 1152 5293 Domine.
1212 5239 1552 5301 Erubescant
1596 5256 1652 5302 et
1703 5246 2113 5309 conturbentur'
2153 5256 2207 5311 in

628 5340 647 5369 ι
689 5324 945 5380 δωοιιιιιιιι
972 5330 1186 5398 saeculi;
1225 5342 1284 5389 et
1310 5337 1734 5409 confundantur,
1774 5355 1832 5401 et
1866 5357 2109 5417 pereant.
2141 5349 2212 5405 Et

625 5433 649 5464 ς
691 5428 1023 5486 cognoscant
1045 5424 1172 5493 quia
1209 5441 1403 5485 nomen
1459 5432 1575 5499 tibi,
1630 5434 1910 5505 Dominus,
1962 5448 2017 5496 tu
2066 5441 2212 5499 solus

626 5524 651 5558 si
688 5507 997 5568 Altissimus
1017 5515 1070 5569 in
1098 5520 1243 5573 omni
1276 5529 1441 5579 terra.
1478 5544 1498 5577 ι

1193 5610 1493 5671 ENARRA
1505 5617 1649 5676 T10.

690 5686 959 5761 Propheta
984 5737 999 5761 ,
1060 5701 1366 5769 praevidens
1391 5707 1762 5795 tribulationes
1784 5730 1920 5786 quas
1942 5719 2012 5776 ab
2031 5721 2210 5793 impiis

623 5792 885 5849 passurus
914 5798 1031 5842 erat
1052 5790 1301 5853 Christus
1328 5796 1381 5850 in
1417 5814 1647 5871 corpore
1671 5792 1790 5877 suo,
1814 5817 1869 5865 et
1893 5790 2127 5868 maxime
2154 5815 2204 5870 in

1257 386 1517 449 REMIGII
1553 391 2216 453 ANTISSIODORENSIS
2250 392 2406 453 ουρ.
2444 393 2644 452 PARS.
2690 394 2731 451 l.
2768 428 2838 441 --
2877 399 3289 461 EXEGETICA.

2316 502 2523 563 ultimis
2540 510 2895 579 temporibus,
2929 514 3151 584 quando
3176 517 3539 578 Antichristus
3559 529 3716 586 steviet
3730 551 3815 593 con.

2321 606 2402 652 tra
2465 598 2669 666 ﬁdeles,
2728 602 3111 672 praediciteas,
3142 623 3212 664 ne
3261 609 3443 669 ﬁdeles
3492 630 3606 672 cum
3649 622 3815 685 viderint

2314 689 2600 746 imminere
2650 693 3025 751 tribulationes
3053 737 3068 762 ,
3125 700 3442 759 admirando
3498 707 3813 784 deterreantur,

2314 796 2439 836 cum
2462 790 2609 837 tanto
2637 791 2877 854 tempore
2898 789 3214 856 prtedictum
3232 792 3304 848 sit
3345 794 3422 850 eis
3476 801 3610 869 quod
3649 817 3723 859 eos
3756 810 3817 863 ui-
3866 786 3867 793 ‘

2314 870 2488 927 bulari
2510 883 2806 944 oporteret,
2837 878 2963 948 quia
2988 879 3168 951 iacula
3191 885 3417 954 praevisa
3440 887 3609 945 minus
3643 910 3811 966 nocent;
3866 898 3867 963 ξ

2315 971 2370 1018 et
2403 964 2482 1019 sic
2507 964 2637 1020 dicit
2667 980 2681 1021 :

2384 1054 2552 1123 Deus,
2577 1059 2694 1128 quis
2714 1058 2904 1116 similis
2930 1064 3030 1118 erit
3053 1064 3148 1119 tibi
3163 1066 3191 1120 .’
3217 1083 3282 1123 ne
3325 1079 3518 1135 taceas,
3547 1090 3689 1147 neque
3720 1095 3814 1137 es.-

2314 1147 2565 1217 pescaris,
2593 1146 2753 1205 Deus.
2794 1151 2961 1219 Quasi
2989 1156 3133 1212 dicat
3164 1176 3178 1210 :
3211 1159 3372 1224 Deus,
3397 1164 3490 1233 qui
3516 1165 3645 1222 inter
3684 1169 3815 1240 impios

2317 1240 2620 1308 computari
2647 1241 2887 1310 voluisti,
2911 1261 3034 1301 cum
3063 1247 3364 1308 latronibus
3397 1256 3653 1327 cruciﬁgi;
3676 1263 3747 1317 sed
3767 1276 3815 1318 tt-

2319 1342 2441 1384 men
2470 1330 2594 1400 quis
2621 1332 2864 1402 priorum
2896 1338 2999 1391 erit
3047 1337 3142 1393 tibi
3189 1341 3403 1409 similis,
3458 1360 3577 1401 cum
3622 1347 3666 1402 in
3706 1350 3813 1421 glori:

2319 1426 2670 1495 appar-ueris?
2689 1426 2879 1484 Nullus
2901 1430 3104 1501 utique.
3129 1431 3227 1487 Vel
3252 1434 3415 1491 aliter
3458 1455 3474 1491 :
3506 1437 3724 1495 Miserum
3755 1444 3815 1498 ln-
3866 1476 3867 1479 η

2318 1528 2535 1569 manum
2566 1531 2736 1586 genus
2763 1517 2859 1573 tibi
2882 1520 3168 1576 assimilari
3217 1525 3425 1590 studet,
3464 1526 3586 1581 dum
3626 1529 3742 1601 eligit
3766 1535 3815 1602 ni

2318 1620 2387 1662 ex
2433 1610 2649 1679 propria
2706 1610 3079 1682 dispositione,
3130 1617 3275 1686 quod
3325 1618 3388 1672 ﬁt
3419 1628 3507 1675 tua
3558 1623 3815 1691 praedestina-

2321 1698 2468 1754 tione
2488 1708 2544 1755 et
2570 1701 2879 1771 voluntate;
2906 1706 3001 1761 sed
3041 1715 3224 1764 tamen
3253 1712 3377 1781 quis
3410 1713 3503 1769 tibi
3531 1715 3817 1774 similislNul.

2320 1788 2404 1844 lus
2429 1791 2647 1861 utique;
2696 1802 2753 1849 et
2783 1804 2965 1852 tamen
3021 1800 3223 1870 pateris
3270 1801 3503 1859 similari
3552 1805 3637 1861 tibi
3676 1807 3815 1879 iaip‘ss,

2318 1897 2426 1938 non
2456 1882 2793 1956 subjicivtibi.
2829 1888 2920 1945 Vel
2949 1899 3127 1960 potest
3175 1892 3419 1964 psalmus
3461 1896 3560 1952 iste
3594 1899 3812 1955 continuari

2318 1972 2397 2028 sic
2427 1991 2441 2027 :
2469 1971 2549 2027 Tn
2575 1966 2908 2033 hiereditabis
2938 1980 2992 2033 in
3019 1982 3278 2037 omnibus'
3304 1986 3564 2054 gentibus,
3616 1990 3692 2044 sed
3721 1992 3815 2062 prius

2318 2063 2373 2117 in
2401 2062 2719 2123 inﬁrmitate
2735 2082 2860 2123 cum
2891 2069 3072 2142 impiis
3091 2073 3460 2144 dcputaberis,
3508 2079 3636 2134 inter
3659 2079 3815 2137 latrones

2318 2155 2614 2213 cruciﬁxus
2641 2159 2773 2213 eris.
2806 2158 2941 2215 Cum
2965 2172 3143 2219 autem
3168 2170 3490 2237 apparueris
3509 2170 3558 2225 in
3576 2171 3816 2244 gloria,qu‘s

2318 2244 2560 2312 priorum
2589 2247 2696 2302 erit
2725 2248 2821 2303 tibi
2855 2250 3052 2307 similis
3065 2252 3097 2307 l‘
3133 2254 3218 2310 Ne
3257 2266 3458 2326 taceas,
3502 2276 3648 2333 neque
3678 2279 3813 2333 conpi-

2318 2338 2507 2405 scoris,
2537 2338 2698 2395 Deus.
2722 2341 2917 2398 Tacuit
2941 2347 3116 2415 prius,
3139 2354 3361 2420 quando
3397 2354 3537 2411 sicut
3571 2358 3671 2414 ovis
3692 2361 3814 2413 ductus
3866 2400 3867 2403 η

2318 2439 2400 2485 cst
2420 2432 2487 2485 ad
2511 2432 2864 2501 occisionem,
2887 2446 2942 2493 et
2964 2455 3071 2495 non
3099 2446 3315 2513 aperuit
3338 2463 3402 2503 os
3432 2464 3577 2504 suum
3600 2450 3709 2522 (Isa.
3726 2452 3811 2521 tm);

2322 2522 2489 2576 tacuit
2517 2538 2547 2576 a
2571 2522 2801 2594 judicio,
2825 2526 2949 2583 licet
2973 2545 3078 2586 non
3109 2548 3138 2586 a
3170 2548 3468 2608 praecepto.
3527 2540 3734 2597 Secundo
3757 2558 3812 2595 au-

2322 2620 2430 2667 tem
2471 2615 2712 2680 veniens,
2746 2635 2810 2673 ne
2834 2629 3009 2675 taceas
3036 2621 3312 2691 ajudicio,
3349 2629 3676 2716 licet.taceas
3697 2649 3814 2703 apra-
3866 2664 3867 2675 ι

2320 2714 2500 2776 cepto,
2557 2725 2720 2779 neque
2770 2716 3135 2782 compescaris,
3192 2716 3359 2774 Deus.
3410 2714 3743 2794 Coinpescuisti
3770 2735 3812 2785 te.

2321 2797 2540 2865 quando
2564 2798 2749 2853 dixisti
2774 2808 2828 2855 te
2855 2816 3016 2878 posse
3036 2805 3239 2863 habere
3265 2824 3295 2863 a
3325 2809 3487 2866 Patre
3508 2813 3739 2870 duodecim
3768 2813 3813 2867 Ιο-
3866 2860 3867 2867 η

2321 2885 2508 2956 giones
2561 2889 2920 2961 angelorum,
2965 2895 3058 2963 qui
3109 2906 3162 2952 te
3204 2899 3557 2958 defenderent
3583 2919 3599 2961 :
3622 2913 3667 2959 et
3703 2913 3813 2959 unus

2322 2982 2466 3051 capi,
2491 2985 2740 3054 conSpui,
2762 2983 3045 3057 ﬂagellari,
3071 2992 3315 3064 cruciﬁgi
3348 3003 3401 3051 te
3426 2997 3706 3066 permisisti,
3729 2997 3814 3064 ρισ-

2322 3073 2465 3127 niom
2493 3090 2610 3129 ecce
2634 3075 2832 3131 inimici
2866 3080 2945 3133 tui
2973 3095 3284 3140 sonuerunt.
3335 3087 3480 3144 Ecce
3519 3104 3608 3145 cur
3643 3089 3747 3153 dico,
3776 3104 3813 3141 se

2323 3175 2517 3232 taceas,
2548 3170 2798 3238 quoniam
2826 3172 3028 3227 inimici
3051 3175 3153 3242 tui,
3197 3193 3512 3250 compresso
3551 3183 3675 3238 omni
3699 3190 3808 3238 metu

2322 3272 2608 3313 sonuerunt
2664 3263 2922 3319 adversus
2982 3275 3144 3333 tuos;

3223 3281 3278 3325 et
3325 3258 3602 3330 ideo'dico
3641 3292 3692 3330 ne
3727 3291 3813 3328 con-
3866 3292 3867 3359 ξ

2320 3351 2570 3418 pescaris,
2609 3353 2864 3421 quoniam
2893 3359 2986 3427 qui
3028 3367 3079 3412 te
3126 3361 3351 3417 oderunt
3401 3365 3670 3421 extulerunt
3700 3375 3810 3435 caput.
3866 3351 3867 3409 ξ

2323 3440 2373 3493 id
2413 3449 2521 3508 est,
2551 3445 2843 3512 potentiam
2873 3463 3025 3501 suam
3057 3462 3422 3509 exercuerunt
3459 3465 3628 3510 contra
3661 3463 3758 3509 tuos.
3773 3450 3812 3505 Et
3866 3450 3867 3495 Τ

2320 3531 2574 3600 quoniam
2634 3535 2932 3590 extulerunt
2958 3578 2970 3602 ,
3023 3539 3370 3611 subiungitur
3401 3561 3416 3599 :
3448 3544 3605 3615 Super
3644 3540 3810 3614 papilla

2322 3635 2471 3677 tuum
2497 3623 2909 3695 malignaverunt
2930 3630 3230 3699 consilium,
3260 3635 3314 3689 id
3344 3646 3452 3704 est,
3474 3636 3721 3692 deliberata
3737 3647 3811 3687 coa-

2321 3712 2445 3769 silio
2467 3713 2755 3770 voluerunt
2776 3733 2835 3774 se
2860 3719 3119 3776 extollere
3147 3738 3311 3794 super
3328 3728 3573 3799 populum
3598 3737 3730 3791 tuum,
3749 3725 3808 3778 mi-

2321 3819 2483 3860 nores
2511 3806 2784 3873 videlicet,
2807 3817 2863 3865 et
2888 3825 2994 3866 non
3024 3820 3231 3870 tantum
3256 3827 3447 3873 contra
3480 3818 3697 3891 populum
3735 3829 3805 3869 nn-

2322 3893 2666 3967 liguaverunt
2723 3898 3035 3969 consilium,
3066 3905 3161 3961 sed
3198 3908 3366 3964 etiam
3421 3911 3722 3982 cogitaverunt
3748 3906 3807 3957 σόα
3866 3936 3867 3951 ξ

2320 4004 2496 4043 versus
2525 4001 2735 4048 sanctos
2760 4004 2901 4060 tuos,
2937 3996 3178 4054 dicentes
3207 4004 3571 4076 unusquisque
3617 4002 3721 4057 alii:
3749 3996 3807 4051 νε·

2321 4080 2428 4135 uite
2455 4090 2503 4135 et
2527 4082 2893 4152 disperdamus
2927 4105 3014 4144 eos
3039 4090 3103 4145 de
3128 4102 3300 4162 gente,
3349 4106 3399 4149 et
3444 4113 3542 4150 non
3584 4099 3807 4149 more!!!

2321 4186 2506 4227 nomen
2531 4172 2704 4229 Israel
2724 4176 2884 4232 ultra.
2908 4179 2977 4235 Et
3004 4196 3173 4251 quare
3218 4185 3364 4241 hoc?
3410 4185 3647 4254 Quoniam
3682 4181 3807 4251 cogita:

2319 4273 2501 4318 verunt
2518 4267 2855 4336 unanimiter,
2878 4271 3039 4325 simul
3060 4276 3323 4332 adversus
3349 4287 3399 4332 te
3417 4286 3724 4334 testamentum
3737 4272 3803 4325 ἀίε-
3866 4288 3867 4339 1

2317 4366 2624 4422 posuerunt,
2667 4357 2719 4412 id
2767 4369 2850 4415 est
2872 4371 3087 4430 pactum
3114 4364 3353 4422 inierunt
3391 4379 3566 4426 contra
3602 4378 3730 4423 tuos:
3757 4374 3803 4417 ta-

2319 4443 2600 4501 bernacula
2630 4447 3012 4520 Idumworum,
3036 4455 3089 4510 id
3118 4468 3198 4512 est
3234 4468 3562 4515 terrenarum
3582 4472 3595 4525 ;
3613 4456 3803 4513 ctlsnlr

2319 4534 2467 4603 (itte,
2509 4538 2563 4594 id
2600 4549 2687 4596 est
2729 4543 2831 4598 sibi
2868 4553 2926 4602 et
2960 4562 3068 4601 non
3111 4547 3223 4602 Deo
3267 4548 3587 4606 obedienles.
3631 4546 3747 4604 Ioui
3773 4554 3800 4596 ιε

2612 4628 2794 4699 Gebal,
2840 4645 2888 4689 et
2933 4635 3179 4704 Ammon,
3228 4650 3276 4695 et
3325 4643 3548 4707 Amalec,
3584 4638 3800 4706 alian

2318 4730 2436 4772 cum
2462 4721 2821 4780 habitantibus
2869 4725 3086 4797 Tyrum.
3143 4731 3355 4787 Etenim
3398 4735 3557 4790 Assur
3594 4731 3698 4787 mit
3726 4740 3798 4779 ml

2315 4806 2442 4875 illis,
2472 4810 2600 4880 facti
2619 4824 2741 4869 sunt
2768 4815 2822 4870 in
2842 4817 3169 4887 adjutorinm
3195 4821 3323 4890 [iliis
3352 4822 3466 4878 Lat.
3519 4823 3609 4877 Per
3646 4816 3796 4873 llebm

2314 4902 2533 4957 nomina
2555 4903 2927 4977 intelliguntur
2946 4926 3137 4967 omnes
3164 4914 3366 4970 inimici
3387 4915 3597 4979 Christi,
3623 4928 3647 4966 a
3671 4907 3796 4980 quibus

2313 4993 2395 5046 sui
2431 4994 2865 5063 tribulantur;et
2910 5009 2970 5055 ut
3014 5004 3105 5071 qui
3138 5004 3248 5059 sint
3275 5006 3561 5069 videamus,
3610 5003 3792 5066 interpre-

2313 5084 2550 5141 lationes
2579 5087 2771 5143 horum
2811 5090 3089 5147 nominum
3123 5094 3473 5165 inquiramus.
3521 5093 3652 5149 Moab
3684 5089 3794 5143 inm“

2311 5182 2575 5243 pretatur,
2606 5175 2716 5247 lege
2739 5180 2999 5247 abutens;
3032 5183 3288 5254 Agareni,
3323 5187 3630 5257 alienigena;
3664 5171 3790 5234 (idib

2313 5262 2463 5319 vallis
2491 5281 2647 5335 vana,
2685 5268 2737 5323 id
2765 5279 2847 5355 est
2872 5269 3142 5329 fallaciter
3168 5275 3385 5330 humilis
3416 5293 3429 5330 :
3459 5274 3540 5329 ubi
3567 5266 3788 5365 intellig.“-

2313 5363 2405 5410 tur
2435 5356 2751 5427 hypocrita,
2806 5344 2898 5431 qui
2928 5378 2989 5418 se
3024 5364 3256 5421 humiles
3296 5365 3572 5422 ostendunt
3603 5352 3786 5415 exterius.

2314 5462 2437 5503 cum
2463 5457 2640 5506 tamen
2670 5452 2830 5509 elatio
2859 5458 3056 5514 mentis
3083 5459 3307 5515 extollat
3325 5475 3417 5516 eos
3453 5456 3668 5516 interius;
3704 5447 3789 5502 ΑΨ

2316 5552 2476 5606 ιηοη,
2524 5542 2748 5611 populus
2802 5546 3079 5612 turbidus;
3122 5551 3373 5617 Amalec,
3414 5551 3593 5620 liugeas
3628 5549 3785 5597 tm“;

2317 5629 2632 5704 alienigena:
2642 5643 2767 5689 sunt
2787 5635 3104 5704 Philisthari,
3127 5640 3334 5709 potione
3354 5640 3579 5695 videlicet
3597 5632 3785 5690 eadem:

2314 5738 2451 5795 quos
2473 5725 2759 5783 inebriavit
2787 5729 3017 5787 felicitas
3045 5734 3347 5800 Stec'ularis;
3371 5743 3424 5790 et
3449 5733 3499 5789 bi
3540 5738 3690 5788 omnes
3723 5731 3784 5770 τε·

2312 5816 2465 5872 πίνεηι
2495 5833 2617 5874 cum
2657 5820 3026 5880 habitantibus
3050 5824 3272 5896 Tyrum.
3302 5826 3468 5897 Tyrus
3496 5820 3783 5889 interpnﬂll"
