3884 5758
72 374 147 435 58!
388 376 389 379 “
662 381 668 387 ’
1152 368 1688 431 ENARRATIONES
1726 374 1792 431 IN
1835 376 2171 434 PSALMOS.

3195 383 3301 440 881

66 487 294 560 angustia,
317 482 400 538 ubi
424 491 678 537 nOtautur
707 482 925 547 terreni,
954 486 1162 554 angusti
1194 488 1274 540 vel
1308 503 1492 545 amore
1524 505 1613 545 ac—
1642 498 1685 555 Α
1716 490 1835 546 illos
1864 492 1917 545 in
1944 501 2243 562 tempestate
2271 503 2382 556 tua,
2410 492 2462 548 in
2490 494 2770 551 tremendo
2801 504 2893 550 tuo
2914 496 3136 567 judicio,
3163 509 3219 554 et
3243 503 3296 556 in

64 567 288 650 quirendi.
307 572 389 628 vel
418 572 610 626 timore
633 571 907 640 perdendi.
965 572 1143 641 Quare
1163 590 1351 632 omnes
1396 578 1483 632 isti
1530 580 1608 633 sic

72 678 255 741 pactum
282 663 549 719 inierunt?
572 662 781 721 Etenim
807 664 974 717 Assur
1000 666 1130 718 venit
1160 683 1276 719 cum
1303 668 1443 733 illis;
1483 669 1609 735 facti

64 772 160 817 sunt
182 762 229 813 in
248 757 563 827 adjutorium
586 755 711 824 ﬁliis
732 753 851 808 Lot.
886 757 1057 812 Assur
1084 758 1469 829 interpretatur
1496 760 1606 814 ela-

64 869 145 906 tus.
170 849 287 918 Quis
314 850 411 903 iste
438 847 633 912 elatus,
662 848 761 902 nisi
791 848 1056 913 diabolus,
1107 851 1196 918 qui
1254 860 1508 918 operatur
1556 852 1607 906 in

66 943 180 997 vasis
201 941 321 1005 suis,
348 949 405 993 ut
429 949 740 1010 oppugnent
770 942 1024 1011 populum
1052 943 1180 996 Dei?
1233 943 1301 995 Et
1342 944 1393 997 hi
1420 944 1609 1011 juvant

66 1034 180 1089 ﬁlios
206 1032 313 1087 Lot.
360 1029 460 1084 Lot
511 1030 897 1100 interpretatur
950 1032 1267 1087 declinans:
1300 1049 1397 1102 per
1446 1051 1605 1103 quem

65 1124 390 1192 intelliguntur
436 1122 611 1191 angeli
664 1131 946 1193 apostatre,
996 1124 1085 1193 qui
1141 1124 1544 1180 declinaverunt
1578 1142 1607 1179 a

67 1232 150 1269 non
172 1226 278 1268 esse
306 1211 419 1282 (sic)
452 1213 505 1267 in
530 1212 800 1268 inﬁrmant
832 1214 1127 1268 miseriam.
1158 1215 1277 1269 Filii
1310 1216 1411 1269 Lot
1459 1226 1607 1281 sunt,

66 1307 156 1375 qui,
186 1304 499 1360 declinantes
539 1319 570 1357 a
618 1321 746 1359 vera
790 1306 1137 1373 discretione,
1198 1309 1250 1361 in
1300 1308 1606 1363 satellitium

67 1395 167 1450 illud
184 1394 343 1464 angeli
375 1403 633 1463 apostata:
654 1410 711 1449 se
746 1398 1108 1453 contulerunt.
1164 1398 1286 1452 Mali
1335 1400 1478 1454 enim
1529 1400 1609 1454 in-

68 1494 319 1540 stramenta
370 1495 497 1539 sunt
551 1486 749 1542 diaboli
799 1489 993 1557 quibus
1044 1489 1320 1559 impugnat
1372 1499 1604 1545 sanctos.

68 1573 155 1628 Fac
180 1574 269 1629 illis
299 1575 426 1629 sicut
458 1574 681 1629 Madian
723 1586 770 1629 et
802 1576 1024 1641 Sisara',
1070 1579 1200 1631 sicut
1227 1578 1386 1632 Jabin
1416 1580 1469 1631 in
1498 1590 1606 1631 tor-

68 1679 176 1720 rente
212 1665 400 1720 Cisson.
443 1665 809 1735 Dispcrierunt
858 1670 913 1722 in
957 1667 1155 1733 Endor,
1202 1669 1328 1738 facti
1380 1679 1500 1724 sunt
1552 1681 1607 1723 ut

67 1770 224 1811 stercus
245 1768 405 1811 terrtc.
435 1756 583 1811 Pone
603 1758 861 1828 principes
883 1775 1061 1813 eorum
1084 1760 1216 1813 sicut
1264 1760 1417 1825 Ureli,
1478 1759 1606 1825 Zeb,

1714 582 1792 636 ira
1846 592 1932 637 tua
1990 586 2229 649 turbare,
2276 586 2461 642 dicens
2496 605 2510 639 :
2554 586 2657 653 Ite,
2702 590 2986 655 maledicti,
3024 592 3081 645 in
3125 597 3299 663 ignem

1710 682 1959 726 trternum
1986 673 2200 745 (Matth.
2236 677 2384 746 xxv).
2419 677 2599 731 Facile
2628 679 2732 748 igni
2762 680 3079 736 comburere
3106 683 3300 739 silvam

1710 771 1930 831 propter
1958 764 2316 831 sterilitatem,
2347 774 2399 820 et
2438 768 2569 821 sicut
2604 767 2760 823 facile
2789 780 2870 824 est
2896 770 3128 826 flamma:
3148 787 3303 827 com-

1711 852 1904 905 burere
1925 863 2199 933 montem,
2239 855 2290 909 id
2318 866 2401 910 est
2429 858 2649 912 herbam
2702 860 2900 915 siccam
2936 862 2986 914 in
3020 862 3297 917 montibus

1710 942 1958 1010 positam.
1990 944 2053 997 Et
2079 947 2349 1013 quomodo
2382 948 2514 1001 hoc?
2552 949 2686 1014 Quia
2719 950 2965 1019 implebis
3009 952 3171 1021 facies
3213 969 3306 1007 eo!

1711 1048 1826 1084 rum
1848 1032 2152 1101 ignominia,
2170 1037 2258 1104 qui
2282 1038 2367 1091 hic
2385 1037 2735 1107 neglexerunt
2754 1040 2944 1095 faciem
2966 1052 3110 1096 luant
3139 1044 3299 1099 deco-

1712 1137 1826 1175 ram
1851 1131 1904 1176 et
1930 1123 2217 1191 gloriosam
2246 1143 2258 1178 :
2285 1138 2330 1178 et
2373 1135 2497 1183 tunc
2531 1140 2756 1198 quarent
2786 1147 2969 1186 nomen
2995 1143 3163 1197 tuum,
3190 1133 3299 1186 Do-

1710 1212 1867 1273 mine,
1901 1211 1993 1264 sed
2032 1214 2203 1277 tarde,
2234 1214 2358 1283 quia
2391 1216 2593 1271 inutilis
2619 1219 2721 1271 erit
2752 1219 2830 1273 eis
2853 1220 2923 1273 ibi
2957 1222 3307 1290 poenitentia.

1710 1298 2035 1355 Erubescant
2087 1304 2153 1357 de
2212 1308 2540 1360 conscientia
2602 1310 2779 1375 mala,
2831 1321 2877 1363 et
2924 1314 3298 1366 conturbentur

1712 1404 1770 1443 se
1802 1395 2078 1460 segregari
2121 1408 2150 1444 a
2194 1396 2468 1451 consortio
2491 1397 2778 1463 bonorum,
2807 1402 2949 1469 quod
2979 1404 3084 1455 erit
3115 1404 3166 1456 in
3191 1421 3295 1457 sce-

1709 1480 1885 1534 culum
1911 1482 2069 1549 hujus
2098 1485 2279 1538 swculi
2304 1488 2704 1542 subsecutivum
2726 1506 2741 1555 ;
2767 1501 2812 1543 et
2837 1492 3230 1561 confundantur
3248 1507 3297 1548 et

1708 1584 1943 1640 pereant,
1984 1586 2029 1626 et
2060 1575 2139 1629 sic
2177 1576 2390 1631 tandem
2421 1591 2730 1648 cognoscant
2762 1582 2945 1636 datum
2981 1600 3166 1638 nomen
3206 1587 3298 1638 tibi

1710 1660 1991 1726 Dominus,
2022 1679 2145 1717 eum
2179 1666 2359 1719 dicent
2393 1685 2404 1720 :
2438 1666 2547 1722 Nos
2582 1669 2839 1725 insensati
2871 1673 3300 1728 existimavimus

1711 1752 1876 1806 vitam
1906 1754 2118 1809 illorum
2163 1772 2285 1813 esse
2326 1760 2613 1827 insaniam,
2649 1774 2702 1817 et
2742 1765 2944 1836 reliqua
2991 1766 3143 1837 (Sap.
3180 1767 3297 1838 In);

67 1860 101 1901 ει
119 1847 270 1912 lem,
314 1859 357 1902 ει
380 1847 658 1902 saluum“,
710 1849 855 1904 ιδιυά
882 1866 986 1904 non
1018 1861 1101 1905 ρει
1141 1851 1467 1914 maledictio,
1513 1851 1607 1905 sed
1643 1844 1682 1902 Β
1714 1852 1770 1895 et
1798 1857 2129 1912 cognoscant
2158 1850 2284 1915 quia
2308 1860 2362 1901 tu
2393 1852 2534 1904 solus
2562 1854 2859 1908 Altissimus
2887 1858 2941 1909 in
2969 1860 3108 1911 οηιηὶ
3134 1868 3295 1925 terra,

68 1950 126 1993 est
146 1939 385 1994 confessio
410 1948 464 1995 et
489 1940 885 2011 congratulatio
929 1942 1124 1996 divina)
1149 1942 1374 2013 justitize
1405 1961 1417 1995 :
1453 1950 1509 1996 et
1547 1942 1601 1996 hi

71 2046 218 2087 omnes
236 2047 450 2103 quorum
481 2035 701 2089 nomina
731 2035 819 2089 hic
843 2035 1169 2101 audivimus,
1217 2036 1285 2090 ab
1308 2034 1603 2090 Israelitico

69 2121 222 2190 populo
240 2132 355 2176 sunt
381 2124 609 2194 dispersi
640 2134 693 2180 et
718 2125 864 2179 victi.
910 2125 1090 2179 Potest
1118 2126 1280 2180 etiam
1308 2126 1465 2181 hodie
1488 2125 1601 2179 fieri

71 2215 155 2269 hac
178 2216 442 2287 dispersio,
474 2218 520 2273 si
552 2219 622 2273 ad
646 2219 1155 2289 interpretationem
1208 2222 1483 2276 nominum
1512 2238 1599 2276 re-

69 2321 317 2362 curramus.
350 2308 740 2380 Interpretatur
768 2310 913 2365 enim
946 2310 1155 2364 Madian
1200 2311 1469 2365 declinans
1508 2311 1604 2380 jn-

70 2398 240 2463 dicittm,
270 2400 351 2455 ubi
380 2400 753 2472 intelliguntur
780 2401 856 2455 illi
882 2402 971 2472 qui
995 2401 1262 2470 justitiam
1287 2418 1439 2456 suam
1485 2413 1598 2457 sta-

74 2488 394 2555 turrevolunt,
417 2491 717 2559 utjustitiae
748 2492 838 2545 Dei
867 2506 971 2546 non
1002 2492 1109 2545 sint
1136 2492 1383 2561 subjecti.
1417 2491 1597 2547 Sisara

71 2579 351 2633 cstexclusio
375 2581 575 2651 gaudii,
602 2581 857 2650 quoniam
888 2582 955 2638 ab
977 2582 1157 2653 impiis
1198 2583 1409 2636 tandem
1443 2598 1603 2637 omne

71 2668 328 2725 excludetur
352 2665 625 2741 gaudium.
651 2670 808 2727 Jabin
836 2682 919 2728 est
942 2674 1148 2743 sapiens
1183 2674 1240 2726 in
1263 2674 1599 2743 generatione

70 2776 167 2824 sua;
191 2762 266 2816 ubi
299 2762 647 2835 designantur
672 2763 745 2817 illi
769 2764 858 2835 qui
889 2764 939 2818 in
983 2764 1270 2818 mundanis
1323 2765 1604 2833 sapientiis

70 2851 264 2919 student,
293 2871 408 2908 cuin
438 2865 618 2911 tamen
650 2856 915 2926 sapientia
946 2856 1108 2924 hujus
1130 2856 1312 2909 mundi
1374 2857 1601 2910 stultitia

71 2940 123 2993 sit
144 2944 262 3011 apud
283 2943 461 3000 Deum.
503 2945 697 3001 Cisson
746 2946 1130 3015 interpretatur
1159 2947 1359 3000 duritia
1400 2964 1600 3012 eorum,

70 3030 136 3084 ubi
162 3044 391 3090 notantur
420 3036 491 3091 illi
517 3039 610 3107 qui
641 3037 693 3091 in
741 3038 937 3092 mentis
985 3038 1235 3092 ariditate
1264 3048 1602 3107 permaneat.

74 3117 191 3175 Unde
230 3123 344 3177 illud
377 3143 389 3177 :
430 3124 777 3181 Tentaverunt
818 3126 985 3180 Deum
1030 3127 1087 3180 iu
1134 3127 1385 3198 inaquoso
1428 3125 1601 3199 (Psal.

72 3214 248 3285 Lxxvn).
287 3218 418 3287 quod
447 3218 597 3283 dicit,
626 3219 712 3289 [ac
741 3218 845 3272 illis
872 3220 1003 3272 sicut
1046 3218 1264 3274 Madian
1289 3231 1335 3274 et
1368 3221 1592 3286 Sisara',
1625 3211 1670 3270 C

70 3302 170 3355 sicut
194 3304 336 3359 Jabin
370 3307 419 3361 in
444 3318 671 3362 torrente
706 3306 910 3361 Cisson.
961 3308 1025 3362 Et
1050 3309 1303 3378 quoniam
1343 3318 1494 3380 rugat
1549 3318 1602 3362 et

70 3396 304 3463 prophetat
329 3397 478 3454 Moab
525 3409 577 3454 et
626 3401 841 3455 caeteris
883 3401 973 3470 qui
1014 3400 1427 3471 mulignarerunt
1478 3417 1600 3453 con-

70 3483 207 3537 silium
232 3486 449 3554 Domini,
477 3490 528 3544 id
564 3490 683 3543 ﬁeri
733 3490 875 3560 quod
929 3488 1127 3543 factum
1178 3499 1261 3544 est
1306 3491 1515 3544 hiadian
1549 3500 1603 3543 et

70 3575 253 3641 caeteris,
285 3579 547 3650 subjnngit
575 3578 703 3648 quid
732 3579 874 3648 passi
903 3579 1010 3633 sint
1030 3619 1044 3644 ,
1088 3580 1211 3648 quia
1258 3580 1601 3649 disperierunt

71 3664 111 3715 in
138 3662 311 3733 Endor,
343 3670 464 3739 facti
492 3681 614 3725 sunt
655 3680 712 3724 ut
754 3682 951 3726 stercus
997 3683 1168 3727 terrw.
1227 3672 1379 3728 Unde
1424 3673 1550 3728 illttd
1587 3692 1598 3727 :

72 3753 450 3825 Computruerunt
457 3761 697 3830 jumenta
716 3763 768 3815 in
783 3773 1008 3817 stercore
1021 3780 1116 3817 suo
1145 3763 1301 3834 (Joel.
1332 3764 1393 3833 ι).
1425 3765 1605 3821 Endor

73 3840 402 3914 interpretatur
414 3850 528 3918 fons
544 3851 773 3905 carnalis
787 3853 1159 3921 generationis.
1186 3884 1256 3892 —-
1288 3851 1433 3908 Pone
1458 3858 1603 3923 prin-

71 3933 345 4000 cipeseorum
357 3942 482 3995 sicut
499 3942 657 4009 Orelt,
675 3942 717 3995 Z
721 3944 800 4007 eb,
817 3942 859 3995 Ζ
864 3945 977 3997 ebee
996 3955 1041 3997 et
1059 3945 1340 4000 Salmana.
1361 3946 1504 4002 Oreb
1524 3949 1605 4001 in-

74 4028 345 4091 lerpretatur
370 4032 610 4099 siccitas;
640 4033 939 4103 Zeb,lupus
954 4050 971 4098 ;
999 4034 1192 4100 Zebee,
1226 4036 1433 4090 victima
1460 4036 1605 4108 lupi;

73 4110 300 4183 Salmana,
315 4121 493 4174 umbra
511 4124 892 4178 commotionis.
913 4124 976 4179 lli
992 4141 1181 4181 omnes
1197 4127 1323 4182 victi
1341 4139 1466 4181 sunt
1488 4145 1517 4183 a
1545 4130 1602 4182 li-

72 4201 135 4257 liis
148 4206 303 4265 Israel.
320 4212 397 4265 Ad
420 4229 645 4283 qttorum
663 4216 1066 4271 similitudinem
1082 4219 1360 4288 prophetat
1379 4222 1466 4275 hic
1477 4221 1606 4277 Pro-

72 4295 196 4358 pheta
219 4298 512 4359 interituros
537 4315 911 4375 persecutores
938 4308 1193 4363 ﬁdelium.
1224 4310 1611 4368 Etutbreviter

73 4398 143 4437 eos
164 4394 575 4461 comprehendat,
604 4396 902 4468 subjungit:
925 4396 1115 4451 Omnes
1127 4400 1382 4469 principes
1406 4419 1607 4468 eorum,

74 4476 139 4539 qui
181 4481 401 4536 dixerunt
435 4500 451 4536 :
481 4487 801 4543 Htcreditate
846 4491 1205 4559 possideamus
1254 4495 1609 4547 sant-(uarium

1717 1934 1842 2002 quia
1866 1935 1989 1989 boni
2019 1947 2075 1991 et
2100 1941 2223 1993 mali
2256 1941 2348 1995 tibi
2378 1942 2601 2011 subjecti
2633 1955 2779 2010 sunt,
2808 1956 2964 2002 utens
2992 1950 3155 2003 etiam
3186 1968 3297 2005 ma-

1705 2025 1772 2081 lis
1798 2029 1864 2081 ad
1892 2030 2119 2085 salutem
2161 2041 2399 2098 tuorum,
2434 2044 2492 2088 nt
2535 2035 2705 2091 illud:
2752 2037 2910 2109 Virga
2955 2040 3149 2109 furoris
3196 2044 3297 2097 mei

1704 2117 1891 2183 Assur,
1920 2119 2034 2188 ipse
2077 2135 2207 2175 vero
2248 2140 2354 2177 non
2402 2126 2655 2193 cognovit
2694 2125 2831 2201 (Isa.
2873 2128 2949 2197 κ).
2979 2129 3071 2184 Vel
3116 2132 3293 2195 aliter,

1706 2207 1860 2276 imple
1890 2209 2053 2277 facies
2074 2227 2253 2265 eorum
2283 2214 2603 2282 ignominia;
2629 2226 2682 2269 et
2715 2226 2892 2271 tamen
2916 2218 3077 2287 aliqui
3102 2236 3163 2275 ex
3192 2221 3298 2276 illis

1702 2312 1932 2369 quterent
1956 2318 2141 2357 nomen
2173 2315 2343 2370 tuum,
2371 2307 2496 2376 quia
2526 2307 2849 2363 crubescent
2873 2311 2938 2364 de
2961 2313 3295 2367 conscientia

1705 2391 1867 2457 mala,
1914 2401 1970 2447 et
2015 2396 2482 2452 conturbabuntur
2541 2400 2607 2452 ad
2653 2401 3046 2469 paenitentiam,
3085 2414 3139 2456 et
3176 2419 3298 2473 per-

1706 2484 1860 2538 ibunt
1886 2487 1941 2540 in
1964 2487 2067 2541 hoc
2098 2490 2240 2556 quod
2267 2500 2442 2556 erant,
2477 2493 2601 2561 quia
2631 2508 2696 2547 ex
2735 2494 2912 2563 impiis
2952 2495 3022 2563 pii
3055 2496 3296 2550 etlicien—

1707 2578 1823 2635 tur;
1855 2581 1902 2625 et
1924 2573 1999 2625 sic
2028 2586 2355 2643 cognoscent
2378 2577 2501 2645 quia
2541 2592 2727 2631 nomen
2756 2588 2839 2632 est
2865 2580 2958 2631 tibi
2995 2579 3250 2634 Dominus
3274 2593 3294 2631 :

1704 2662 1846 2729 quod
1872 2670 2083 2717 tantum
2115 2663 2188 2717 illi
2218 2676 2576 2735 cognoscunt,
2612 2667 2739 2735 quia
2784 2683 2841 2722 se
2876 2668 3178 2724 voluntarie
3212 2670 3296 2723 fa-

1706 2751 1851 2805 cient
1880 2766 2101 2819 servos;
2128 2765 2185 2808 et
2211 2765 2545 2825 cognoscent
2573 2756 2697 2824 quia
2740 2766 2795 2811 tu
2824 2758 2965 2811 solus
2996 2759 3297 2815 Altissimus

1703 2845 1759 2898 in
1805 2847 1946 2898 omni
1985 2855 2145 2912 terra,
2185 2856 2295 2901 tam
2343 2848 2678 2903 infructifera
2724 2865 3022 2919 quamnon
3053 2852 3297 2907 inlructi-

1712 2936 1851 2992 rem
2184 3011 2503 3068 PSALMUS
2541 3011 2817 3067 Lxxxm.

1756 3116 1807 3155 IN
1845 3116 2005 3156 ΙΊΝΕΙ
2043 3118 2143 3156 PRO
2184 3117 2579 3157 TOBCULARlBUS
2628 3119 2785 3156 FlLllS
2823 3118 2955 3158 CORE
2995 3118 3245 3160 ῐτδλωιυδ.

1778 3229 1795 3261 ι
1843 3210 2015 3277 Quam
2055 3211 2250 3265 dilecta
2299 3212 2643 3267 tabernacula
2699 3223 2808 3279 tua,
2860 3215 3084 3269 Domine
3130 3216 3301 3269 virtu-

1711 3320 1727 3351 ‹
1781 3301 1932 3353 tum!
1972 3302 2307 3370 concupiscit
2342 3310 2396 3354 et
2438 3303 2619 3357 deficit
2661 3304 2837 3356 anima
2889 3320 3006 3358 mea
3056 3305 3109 3357 in
3156 3306 3294 3359 atria

1712 3413 1727 3443 ‹
1774 3393 2005 3447 Domini.
2039 3392 2145 3449 Cur
2171 3410 2347 3449 meum
2396 3404 2451 3447 et
2488 3408 2616 3449 caro
2646 3409 2762 3448 mea
2797 3394 3202 3449 exsultavernnt
3242 3397 3299 3450 in

1712 3504 1728 3533 ι
1780 3485 1947 3538 Deum
1986 3486 2188 3537 vivunt.
2219 3484 2433 3538 Etenim
2460 3498 2646 3553 passer
2676 3485 2881 3538 invenit
2925 3484 3024 3539 sibi
3053 3485 3294 3550 domum,

1711 3594 1728 3625 ι
1776 3586 1827 3628 et
1852 3585 2029 3628 turtur
2058 3575 2239 3627 nidum
2276 3575 2402 3638 sibi,
2432 3575 2520 3629 ubi
2560 3584 2727 3643 ponat
2768 3574 2939 3644 pullos
2973 3590 3118 3629 suos.
3150 3575 3299 3628 Alta-

1712 3687 1729 3716 ‹
1779 3668 1855 3720 ria
1883 3677 1993 3731 tua,
2020 3665 2244 3719 Domine
2262 3666 2548 3731 virtutum,
2575 3681 2667 3719 rex
2696 3681 2847 3720 meus
2872 3675 2926 3720 et
2953 3666 3095 3721 Deus
3121 3683 3295 3722 meus.

1713 3776 1729 3804 ι
1772 3756 1921 3810 Beati
1950 3757 2040 3825 qui
2067 3756 2313 3810 habitant
2337 3757 2390 3809 in
2421 3757 2580 3811 domo
2603 3767 2713 3820 tua,
2747 3756 2991 3824 Domine,
3022 3760 3071 3811 in
3102 3759 3298 3813 smcula

1711 3868 1729 3898 ι
1775 3847 2096 3902 saeculorum
2153 3846 2451 3901 laudabunt
2499 3856 2567 3900 te.
2630 3848 2828 3902 Beatus
2886 3848 2970 3901 vir
3014 3850 3167 3918 cujus
3215 3858 3301 3904 est

1714 3958 1730 3988 ι
1779 3938 2035 3993 auxilium
2078 3940 2175 3993 abs
2225 3948 2275 3993 te
2310 3954 2325 3992 :
2364 3940 2712 3995 ascensiimes
2753 3940 2805 3994 in
2851 3940 3015 3995 corde
3055 3956 3152 3994 suo
3191 3941 3302 3995 dis-

1714 4053 1730 4082 ι
1777 4032 1978 4102 posuit,
2008 4033 2060 4085 in
2093 4032 2231 4086 valle
2260 4032 2644 4103 lacrymarnm,
2678 4034 2729 4086 in
2758 4032 2876 4087 loco
2908 4048 3067 4101 quem
3100 4035 3297 4101 posuit.

1714 4142 1730 4172 ι
1781 4122 1991 4176 Etenim
2039 4122 2471 4176 benedictionem
2513 4123 2663 4177 dabit
2702 4121 2996 4193 legislator,
3039 4123 3194 4177 ibunt
3233 4125 3301 4177 de

1715 4234 1732 4266 ι
1781 4215 1978 4269 virtute
2036 4216 2088 4268 in
2134 4214 2423 4278 virtutem,
2464 4213 2749 4267 videbitur
2785 4214 2927 4266 Detts
2972 4213 3193 4267 deorum
3244 4214 3303 4266 iis

1716 4324 1732 4355 ι
1783 4304 1931 4359 Sion.
1973 4304 2199 4361 Domine
2238 4305 2381 4360 Deus
2426 4304 2708 4365 virtutum,
2760 4302 2955 4355 exaudi
2995 4302 3299 4356 orationem

1716 4419 1732 4448 ι
1781 4411 2000 4451 meam:
2041 4397 2264 4450 auribus
2310 4396 2549 4465 percipe,
2592 4396 2733 4448 Deus
2774 4393 2958 4447 Jacob.
3018 4392 3303 4448 Protector

1717 4508 1735 4540 ι
1785 4497 1984 4549 noster,
2030 4488 2230 4555 aspice,
2258 4486 2419 4550 Deus,
2451 4494 2505 4539 et
2551 4486 2755 4554 respice
2788 4485 2839 4538 in
2872 4484 3063 4539 faciem
3096 4484 3299 4540 Christi

78 4563 167 4629 Dii,
198 4580 264 4635 tu,
282 4572 409 4629 Deus
432 4579 870 4649 meus,poneillos
884 4583 1278 4647 utrotam,utin
1295 4583 1520 4638 circuitu
1535 4585 1613 4637 vi-
1646 4566 1690 4622 υ
1723 4603 1740 4633 ι
1789 4582 1885 4645 tui,
1914 4580 2039 4651 quia
2082 4580 2274 4633 melior
2300 4588 2385 4633 est
2432 4578 2545 4632 dies
2574 4593 2676 4631 una
2718 4577 2770 4631 in
2816 4577 2971 4632 atriis
2999 4578 3105 4632 tuis
3135 4592 3304 4649 super

77 4656 229 4716 delicet
252 4668 531 4724 ambulent.
573 4671 707 4727 Buta
750 4674 803 4727 in
846 4674 1212 4731 anterioribus
1242 4677 1528 4745 deponitur
1558 4686 1612 4731 et

78 4746 115 4800 in
154 4760 513 4821 posterioribus
560 4765 732 4834 surgit
765 4781 779 4818 ε
812 4766 899 4821 ubi
948 4766 1322 4838 intelliguntur
1372 4766 1445 4821 illi
1492 4768 1606 4838 qui,

77 4839 402 4905 obliviscentes
422 4868 484 4906 ea
513 4870 631 4922 qua:
664 4857 935 4911 anteriora
969 4859 1186 4925 sunt,iu
1218 4859 1608 4927 posterioribus

77 4937 407 4995 seextollunt:
438 4944 521 4996 vel
558 4960 690 5013 pone
713 4946 829 4999 illos
857 4956 912 4999 ut
946 4962 1133 5011 rotant,
1169 4948 1351 5012 idest,
1385 4947 1609 5003 instabi-

80 5015 138 5073 les
165 5026 304 5082 redde
324 5045 429 5097 eos,
457 5033 752 5102 dejiciendo
778 5052 872 5091 eos
900 5037 951 5090 in
984 5039 1086 5094 hoc
1114 5040 1256 5109 quod
1280 5049 1468 5108 putant
1496 5040 1605 5095 ele-

80 5111 196 5176 Val'i;
224 5126 263 5168 et
286 5121 407 5173 sicut
435 5123 676 5192 stipulam
704 5136 822 5179 ante
848 5126 1034 5195 faciem
1064 5129 1217 5193 venti,
1250 5130 1302 5184 id
1332 5140 1434 5196 est,
1458 5147 1607 5188 com-

80 5205 303 5267 parabiles
330 5212 452 5267 ﬁant
481 5216 687 5284 stipulae
715 5235 833 5287 qua:
883 5218 1040 5276 facile
1069 5230 1231 5276 vento
1268 5224 1428 5287 cedit,
1459 5223 1606 5279 velut

82 5290 149 5390 illi.
167 5295 300 5390 facile
330 5309 596 5362 Ientatioui
626 5310 841 5365 cedunt.
873 5311 1028 5369 Unde
1059 5315 1185 5369 illud
1211 5332 1223 5367 :
1260 5314 1325 5368 Et
1353 5327 1603 5390 tanquam

80 5383 213 5474 pulvis
238 5393 457 5461 projiciet
487 5408 660 5452 ventus
712 5418 744 5453 a
791 5401 926 5470 facie
975 5414 1127 5458 terra:
1154 5403 1325 5474 (Psal.
1358 5404 1418 5474 ι).
1452 5383 1603 5463 Sicut

80 5470 186 5539 ignis
207 5483 284 5548 qui
312 5487 552 5542 comburit
589 5489 792 5557 silvam,
820 5501 867 5545 et
903 5493 1037 5549 sicut
1062 5497 1274 5565 flamma
1297 5497 1604 5551 comburens

81 5578 258 5661 montes,
284 5576 350 5629 ita
375 5584 686 5651 persequeris
730 5583 847 5639 illos
886 5584 938 5639 in
986 5595 1282 5658 tempestate
1309 5595 1420 5652 tua,
1460 5598 1509 5643 et
1550 5587 1603 5639 in

78 5668 142 5753 ira
166 5670 243 5714 tua
266 5667 482 5725 turbabis
512 5688 618 5726 eos.
654 5671 816 5739 Quasi
863 5674 1007 5733 dicat
1032 5697 1044 5732 :
1078 5678 1205 5734 Dico
1234 5688 1292 5731 ut
1313 5691 1483 5746 ponas
1507 5692 1602 5734 eos

1720 4693 1737 4725 ι
1787 4672 1969 4727 millia.
1998 4672 2145 4741 Elegi
2173 4670 2412 4739 abiectus
2432 4685 2550 4725 esse
2577 4669 2629 4722 in
2663 4671 2820 4723 domo
2844 4670 2936 4725 Dei
2968 4671 3091 4735 mei,
3129 4670 3303 4738 magis

1718 4790 1735 4817 ι
1780 4782 1941 4835 quam
1984 4765 2229 4819 habitare
2260 4764 2313 4817 in
2363 4763 2725 4818 tabernaculis
2767 4773 3128 4832 peccatorum.
3161 4762 3297 4829 Quia

1715 4879 1731 4909 ί
1783 4854 2206 4911 misericordiam
2247 4862 2300 4907 et
2340 4856 2622 4911 veritatem
2653 4853 2828 4923 diligit
2875 4855 3033 4918 Deus,
3067 4852 3299 4922 gratiam

1716 4970 1729 4999 ι
1778 4956 1826 5002 et
1864 4946 2090 5019 gloriam
2139 4945 2287 5000 dabit
2329 4944 2608 5000 Dominus.
2652 4943 2766 4998 Non
2812 4945 3043 5015 privabit
3084 4957 3175 4995 eos
3205 4941 3297 5007 qui

1717 5060 1734 5091 ι
1780 5039 2058 5094 ambulant
2082 5037 2134 5090 in
2166 5038 2471 5093 innocentia
2498 5055 2509 5089 :
2543 5035 2765 5089 Domine
2794 5036 3080 5096 virtutum,
3110 5030 3307 5084 beatus

1717 5149 1734 5180 ο
1785 5129 1947 5187 homo
1976 5127 2068 5183 cui
2097 5134 2278 5185 Sperat
2304 5127 2358 5181 in
2397 5139 2467 5184 te.
2517 5146 2536 5179 ι

2288 5215 2580 5274 ΕΝΑΒΒΑ
2592 5212 2733 5266 T10.

1782 5312 2029 5367 Psalmus
2060 5310 2178 5377 iste,
2224 5308 2379 5376 cujus
2420 5307 2604 5366 titulus
2633 5305 2793 5358 liabet
2822 5306 2876 5358 in
2902 5305 3054 5373 finem
3083 5311 3175 5367 pro
3197 5304 3314 5347 tor-

1711 5404 2001 5471 cularibus,
2031 5402 2160 5458 nihil
2191 5401 2409 5460 videtur
2444 5413 2606 5472 agerc
2653 5397 2720 5450 de
2764 5399 2935 5465 prelo,
2971 5393 3051 5448 vel
3092 5391 3157 5444 de.
3186 5388 3317 5443 fixi-

1714 5495 1793 5549 nis
1824 5493 2095 5568 [fise-iiiis],
2141 5492 2225 5547 vel
2255 5494 2322 5547 de
2364 5495 2509 5556 lacu,
2538 5487 2620 5542 vel
2649 5487 2714 5539 de
2740 5488 2953 5541 caeteris
2984 5487 3318 5538 instrumen-

1712 5588 1780 5642 tis
1806 5605 1929 5660 qua:
1957 5588 2227 5659 pertinent
2267 5588 2335 5640 ad
2380 5581 2613 5642 visibilia
2643 5578 2969 5644 toreularia;
3002 5574 3096 5632 sed
3125 5574 3318 5627 admo-

1711 5690 1803 5735 net
1833 5681 2069 5752 Spiritus
2093 5684 2313 5732 sanclus
2342 5686 2616 5748 quatenus
2642 5684 2704 5722 ea
2733 5670 3101 5743 intelligamus
3130 5664 3321 5758 iub-oc
