3918 6494
171 570 270 631 585

1291 570 1827 630 ENARRATIONES
1862 570 1928 628 ΙΝ
1969 569 2302 628 PSALMOS.

3329 570 3434 625 586

172 688 450 755 nubendo,
493 688 620 760 quia
658 688 827 746 Deum
870 689 1111 760 possidet
1138 689 1232 759 qui
1267 695 1346 744 est
1384 688 1434 743 ei
1479 687 1659 743 omnia
1697 688 1751 743 in
1779 690 1831 749 Α
1856 685 2111 751 ctionem;
2162 700 2267 739 non
2315 696 2504 740 recens
2550 683 2690 738 Deus
2747 680 3019 746 videlicet,
3071 681 3163 737 sed
3196 680 3435 752 priorum

172 780 417 836 omnibus
443 793 459 832 :
487 778 693 851 agendo
723 778 884 834 ctiam
916 788 999 835 est
1026 781 1238 843 beatus,
1260 778 1387 848 quia
1412 778 1467 832 in
1493 787 1754 832 aeternum

170 874 337 928 Deum
366 870 623 925 laudabit.
653 869 796 925 Laus
820 872 922 926 ista
950 885 1055 926 non
1083 878 1164 926 est
1194 884 1261 925 ex
1290 868 1636 936 necessitate,
1660 868 1755 924 sed

168 980 232 1020 ex
276 964 551 1019 voluntate
586 972 639 1018 et
662 979 872 1019 summa
900 963 1193 1035 voluptate.
1233 963 1421 1019 Omnis
1436 972 1619 1018 autem
1647 963 1755 1018 dis-

1860 786 2193 849 temporum,
2221 776 2366 831 dabit
2395 776 2829 839 benedictionem,
2865 776 2916 830 id
2938 783 3020 830 est
3047 775 3271 846 gratiam
3310 775 3436 829 sub-

1856 868 2152 936 levantem;
2204 878 2260 924 et
2307 868 2386 924 sic
2427 866 2574 921 ibunt
2617 868 2680 921 de
2719 869 2906 921 virtute
2948 866 3016 921 ad
3062 867 3324 929 virtutem,
3372 864 3439 920 de

1854 963 2057 1017 virtute
2086 961 2337 1017 videlicet
2366 960 2697 1031 operationis
2726 960 2779 1014 in
2819 959 3074 1014 virtutem
3099 956 3440 1028 contempla-

168 1058 365 1128 positio
420 1057 778 1113 humanorum
820 1066 1036 1114 actuum
1078 1058 1137 1113 fit
1187 1072 1255 1112 ex
1300 1057 1621 1113 necessitate
1655 1071 1669 1110 :
1700 1057 1753 1111 in
1854 1054 2132 1125 plationis.
2159 1054 2400 1109 Virtutes
2423 1052 2755 1123 operationis
2784 1060 2910 1107 sunt
2928 1050 3212 1117 fortitudo,
3238 1059 3444 1120 tempe-

168 1150 330 1204 domo
361 1158 543 1206 autem
585 1146 799 1205 Domini
842 1148 987 1205 nulla
1016 1157 1101 1205 est
1145 1150 1476 1214 necessitas,
1516 1149 1609 1204 sed
1640 1146 1758 1219 pul-

166 1242 423 1300 chritudo
449 1240 794 1307 insatiabilis,
824 1257 988 1311 quam
1024 1241 1317 1296 comitatur
1363 1256 1517 1297 amor
1555 1240 1759 1296 indefe-

164 1337 393 1401 ctibilis,
432 1344 491 1390 et
517 1334 637 1390 ideo
663 1332 781 1389 laus
810 1332 1208 1389 indefectibilis.
1250 1332 1437 1388 Potest
1466 1332 1544 1389 sic
1586 1333 1759 1388 conti-

164 1429 326 1485 nuari
358 1443 549 1484 versus
572 1428 697 1493 iste,
725 1426 897 1494 Quam
925 1426 1115 1481 dilecta
1137 1426 1479 1483 tabernacula
1503 1436 1623 1481 sunt
1643 1436 1755 1494 tua,

165 1519 427 1574 Domine!
458 1518 581 1574 ideo
623 1518 757 1572 beati
793 1518 881 1589 qui
924 1518 1164 1573 habitant
1204 1520 1260 1573 in
1289 1519 1442 1573 domo
1489 1528 1611 1585 tua,
1654 1517 1760 1571 Do-

162 1612 330 1675 mine,
356 1626 458 1667 nec
484 1618 692 1665 tantum
720 1610 865 1665 beati
895 1611 988 1680 qui
1017 1620 1145 1666 sunt
1175 1610 1226 1665 in
1254 1611 1633 1681 perventione,
1662 1610 1758 1665 sed

162 1703 334 1759 etiam
374 1702 464 1772 qui
508 1710 635 1757 sunt
679 1701 734 1756 in
780 1702 1012 1767 itinere;
1059 1703 1202 1772 quod
1236 1702 1404 1757 dicit:
1448 1700 1643 1755 Beatus
1683 1701 1761 1755 vir

162 1794 319 1864 cujus
350 1804 425 1848 est
451 1794 711 1849 auxilium
739 1794 830 1849 abs
869 1804 938 1861 te,
964 1795 1070 1850 hoc
1108 1803 1215 1861 est,
1252 1795 1345 1864 qui
1380 1794 1435 1849 in
1467 1794 1572 1849 hac
1598 1809 1756 1865 perc-

162 1888 476 1959 grinatione
502 1904 532 1943 a
564 1897 614 1944 te
651 1888 814 1945 habet
842 1888 1125 1953 auxilium,
1154 1896 1215 1943 ut
1248 1903 1279 1942 a
1320 1887 1758 1959 peregrinatione

162 1982 496 2052 suscipiatur
520 1982 588 2036 ad
613 1983 866 2053 patriam.
892 1982 962 2036 Et
995 1981 1139 2037 unde
1184 1981 1256 2037 sit
1291 1980 1505 2045 beatus,
1535 1979 1759 2050 subjun-

1857 1149 2059 1214 rantia,
2092 1147 2386 1218 prudentia
2409 1186 2423 1213 ,
2448 1146 2679 1215 justitia.
2732 1146 2863 1213 Quae
2887 1146 3181 1201 cessabunt
3224 1145 3444 1213 quando

1858 1241 2119 1296 videbitur
2161 1239 2306 1295 Deus
2336 1240 2569 1294 deorum
2598 1240 2657 1293 in
2698 1238 2853 1303 Sion,
2884 1239 2938 1293 id
2985 1246 3070 1294 est
3112 1237 3169 1292 in
3200 1248 3445 1294 contem—

1858 1332 2118 1404 platione,
2161 1333 2289 1403 quia
2330 1346 2438 1387 non
2474 1331 2580 1385 erit
2622 1330 2697 1385 ibi
2756 1329 2968 1385 hostilis
3005 1330 3215 1386 invasio
3251 1341 3447 1385 contra

1859 1442 2024 1497 quam
2051 1426 2363 1483 necessaria
2395 1427 2465 1481 sit
2488 1424 2752 1480 fortitudo
2778 1442 2793 1490 ;
2827 1423 2972 1479 nulla
3015 1433 3241 1495 surgent
3265 1424 3338 1479 ibi
3364 1426 3449 1479 in-

1861 1520 2099 1585 centiva,
2137 1535 2259 1590 quas
2291 1517 2616 1574 refrenanda
2668 1517 2779 1572 sint
2824 1518 3216 1587 temperantia;
3264 1516 3448 1571 nullus

1860 1612 1965 1665 erit
1999 1612 2071 1668 ibi
2096 1626 2321 1681 egenus,
2346 1611 2433 1666 cui
2453 1626 2550 1682 per
2565 1610 2833 1681 justitiam
2854 1608 3321 1665 communicandas
3341 1608 3452 1662 sint

1863 1718 1951 1758 res
1974 1703 2166 1773 aliqua:
2187 1719 2299 1774 pm
2319 1704 2499 1773 inopia
2525 1718 2622 1759 sua
2644 1720 2658 1767 ;
2692 1702 2896 1756 nullum
2923 1702 3027 1756 erit
3048 1700 3274 1766 malum,
3305 1701 3454 1771 quod

1862 1811 1957 1867 per
1996 1797 2339 1867 prudentiam
2373 1810 2403 1849 a
2432 1796 2577 1852 bono
2601 1796 2673 1850 sit
2716 1796 3135 1851 discernendum
3174 1814 3187 1848 :
3218 1794 3342 1863 quia
3374 1793 3452 1848 ibi

1862 1890 2121 1945 videbitur
2149 1890 2290 1945 Deus
2312 1890 2530 1944 deorum
2578 1890 2635 1943 in
2667 1887 2816 1942 Sion.
2842 1890 2985 1943 Deus
3006 1887 3262 1942 videlicet
3293 1885 3453 1942 Chri-

1864 1982 2187 2047 stianorum,
2212 1990 2267 2035 et
2288 1994 2383 2051 per
2409 1979 2665 2050 gratiam,
2690 1986 2753 2033 ut
2778 1979 2852 2034 dii
2866 1979 2996 2046 sint,
3024 1988 3450 2049 assumptorum.

164 2076 335 2146 gitur,
373 2076 626 2145 disposuit
658 2077 986 2131 ascensiones
1015 2076 1069 2130 in
1096 2075 1232 2130 valle
1260 2074 1636 2145 lacrymarum,
1668 2074 1758 2128 ubi
1786 2069 1835 2130 B
1863 2071 2086 2127 Domine
2136 2070 2278 2125 Deus
2327 2070 2598 2135 uirtutum,
2662 2070 2858 2123 exaudi
2918 2070 3208 2124 orationem
3255 2085 3452 2123 meam.

163 2167 394 2223 difﬁcile
422 2178 509 2223 est
534 2167 859 2233 ascendere;
891 2168 987 2223 sed
1014 2168 1059 2223 si
1082 2168 1163 2223 vis
1191 2168 1509 2233 ascendere,
1538 2181 1761 2222 necesse

163 2271 251 2315 est
282 2277 472 2316 amare
500 2261 555 2315 in
580 2261 681 2317 hac
709 2260 1049 2333 lacrymabili
1089 2260 1248 2316 valle.
1282 2258 1450 2316 Vallis
1487 2259 1756 2331 lacryma-

165 2368 291 2409 rum
335 2362 421 2409 est
462 2353 572 2407 vita
604 2353 708 2407 ista
754 2354 974 2419 misera,
1015 2353 1071 2407 in
1117 2368 1279 2422 quam
1323 2351 1624 2409 decidimus
1666 2366 1763 2420 per

164 2450 381 2521 lapsum
441 2446 602 2518 primi
655 2445 916 2517 parentis.
962 2445 1193 2501 Eramus
1239 2444 1385 2500 enim
1439 2444 1494 2498 in
1541 2444 1657 2514 ipso
1705 2444 1761 2498 in

165 2549 359 2596 monte
404 2538 612 2611 gaudii,
661 2538 758 2594 sed
805 2538 1136 2608 apostatavit
1185 2538 1395 2608 primus
1441 2551 1659 2607 parens,
1709 2544 1765 2591 et

165 2632 382 2701 eiectus
410 2640 496 2687 est
516 2630 583 2686 de
611 2631 927 2687 summitate
954 2631 1218 2686 virtutum
1254 2632 1307 2686 in
1337 2630 1763 2701 profunditatem

166 2726 433 2781 vitiorum
460 2733 515 2781 et
540 2724 594 2779 in
620 2724 816 2781 vallem
848 2725 1234 2797 lacrymarum.
1267 2724 1325 2778 In
1348 2740 1453 2794 qua
1482 2723 1620 2778 valle
1641 2723 1764 2793 quis

164 2820 403 2891 positus,
439 2818 485 2874 si
517 2833 627 2873 non
650 2818 766 2873 vult
790 2818 1091 2889 submergi,
1122 2832 1346 2873 necesse
1373 2826 1456 2873 est
1498 2825 1560 2870 ut
1584 2817 1765 2886 dispo-

166 2920 267 2966 nat
291 2910 671 2978 ascensiones,
700 2911 879 2966 eundo
924 2911 980 2965 in
1018 2910 1193 2965 locum
1220 2925 1383 2980 quem
1412 2909 1594 2980 posuit
1621 2910 1764 2965 Deus

166 3005 356 3076 primo
397 3003 605 3059 homini
631 3004 699 3059 ad
741 3002 1174 3059 inhabitandam.
1216 3002 1314 3057 Vel
1351 3003 1453 3069 sic,
1494 3002 1764 3072 Disposuit

165 3096 511 3151 ascensiones
530 3097 587 3150 in
610 3095 741 3150 ualle
767 3094 1145 3165 lacrymarnm,
1164 3094 1372 3165 positus
1396 3095 1453 3148 in
1480 3094 1592 3147 loco
1612 3109 1766 3165 quem

165 3189 292 3260 ipse
334 3188 496 3243 homo
536 3186 640 3241 sibi
676 3187 873 3256 posuit,
913 3194 966 3240 et
1013 3187 1079 3242 ad
1122 3201 1283 3256 quem
1315 3186 1469 3256 culpa
1504 3201 1599 3241 sua
1641 3199 1765 3239 eum

166 3280 514 3337 descendere
560 3278 757 3349 coegit.
808 3278 876 3333 Et
916 3279 1186 3348 quomodo
1227 3278 1463 3348 disponit
1510 3277 1673 3332 homo
1710 3276 1767 3329 in

166 3374 335 3429 corde
380 3388 476 3427 suo
502 3372 832 3426 ascensioues
856 3372 880 3425 ?
906 3368 1041 3425 Nam
1090 3372 1184 3442 qui
1214 3372 1362 3426 dedit
1386 3370 1556 3443 legem
1588 3369 1767 3441 deprio

165 3475 442 3531 mentem,
467 3464 619 3520 dabit
641 3473 696 3519 et
717 3465 949 3535 gratiam
979 3462 1383 3529 sublevantem;
1417 3463 1560 3533 quod
1599 3463 1762 3518 dicit:
1794 3445 1841 3511 ο

168 3559 394 3615 Etenim
422 3555 692 3629 legislator
718 3556 863 3611 dabit
892 3556 1321 3622 benedictionem,
1352 3554 1405 3608 id
1431 3561 1516 3609 est
1537 3550 1768 3623 gratiam

165 3650 578 3715 sublevantem,
627 3657 683 3703 et
726 3662 998 3719 quemque
1041 3648 1243 3703 bonum
1293 3645 1767 3716 multiplicantem,

164 3740 325 3813 quod
355 3739 687 3810 impossibile
711 3747 831 3795 erat
862 3737 1041 3795 facere
1066 3738 1189 3809 legi,
1223 3737 1349 3807 quia
1384 3737 1471 3792 lex
1502 3737 1772 3793 neminem

165 3834 516 3909 iustiﬁcavit,
547 3834 643 3890 sed
682 3832 865 3888 omnia
895 3833 995 3887 sub
1029 3841 1255 3903 peccato
1289 3829 1575 3886 conclusit.
1615 3829 1778 3886 Venit

167 3926 519 3991 mandatum,
532 3935 588 3979 et
600 3925 787 3980 revixit
808 3934 1077 3997 peccatum
1090 3923 1269 3995 (Rom.
1285 3922 1406 3994 vn).
1424 3921 1778 3979 Nesciebatur

168 4022 333 4078 enim
355 4019 791 4090 concupiscentia
809 4034 929 4076 esse
949 4027 1230 4089 peccatum
1250 4018 1421 4074 donec
1439 4017 1524 4074 lex
1541 4018 1772 4073 diceret:

168 4112 305 4169 Noli
328 4113 733 4183 concupiscere.
754 4113 906 4169 Unde
927 4112 1236 4184 Apostolus.
1254 4111 1363 4166 Lex
1386 4112 1692 4167 subintravit
1722 4119 1778 4164 ut

168 4205 479 4261 abundaret
502 4205 783 4273 delictum;
806 4206 895 4260 ubi
912 4216 1086 4261 autem
1104 4206 1385 4262 abundavit
1404 4204 1675 4271 delictum,
1691 4221 1781 4259 su-

164 4300 565 4374 perabundavit
579 4309 633 4355 et
645 4300 817 4370 gratia
834 4300 1005 4369 (Rom.
1024 4300 1078 4373 v)
1096 4317 1111 4368 ;
1130 4301 1256 4372 quia
1271 4302 1360 4371 qui
1374 4317 1469 4371 per
1482 4301 1653 4371 legem
1670 4298 1782 4354 fue-

168 4400 319 4447 runt
335 4388 527 4459 deiecti
553 4400 609 4446 et
625 4391 893 4463 aegrotati,
916 4406 1015 4462 per
1035 4392 1262 4464 gratiam
1285 4400 1409 4449 sunt
1428 4392 1595 4448 erecti
1622 4399 1678 4447 et
1693 4405 1785 4445 sa-

167 4482 482 4553 nati,quod
494 4484 817 4539 auctoritate
827 4482 1101 4555 Evangelii
1116 4480 1784 4553 comprobatur.EratHie~

168 4571 774 4646 rosolymisProbatica
797 4576 1277 4647 piscina,quinque
1294 4576 1533 4647 porticus
1555 4575 1780 4640 habens,

169 4668 277 4725 ubi
322 4667 543 4736 iacebat
587 4667 877 4724 multitudo
915 4669 1288 4738 inﬁrmorum,
1320 4679 1427 4726 etc.
1480 4668 1664 4742 (Joan.
1703 4669 1780 4741 v).

170 4765 347 4832 Aqua
382 4760 475 4815 illa
502 4760 710 4818 habens
735 4763 976 4833 quinque
1017 4764 1259 4835 porticus
1299 4772 1453 4819 notat
1499 4762 1783 4819 Judaicum

168 4851 473 4924 populum,
498 4853 734 4923 quinque
753 4854 908 4910 libris
929 4855 1095 4928 Moysi
1119 4858 1572 4928 circumseptum:
1598 4858 1687 4912 ubi
1705 4857 1785 4927 ja-

169 4945 396 5001 cebant
418 4945 625 5014 aegroti,
652 4946 781 5015 quia
801 4962 990 5003 omnes
1012 4949 1105 5017 qui
1127 4949 1418 5004 carnaliter
1432 4950 1603 5021 legem
1629 4949 1786 5005 intel-

169 5040 466 5103 lexerunt,
488 5054 587 5110 per
605 5041 1025 5112 quinquelibros
1040 5041 1207 5114 Moysi
1230 5044 1688 5108 administratam,
1704 5042 1788 5112 ja-

171 5139 429 5188 cuernnt
441 5131 649 5202 aegroti.
669 5133 1052 5198 Sed,veniente
1066 5134 1279 5206 angelo,
1292 5135 1611 5191 movebatur
1623 5150 1785 5206 aqua,

171 5232 247 5279 et
271 5224 571 5279 sanabatur
596 5240 755 5281 unus.
782 5225 1021 5296 Angelus
1052 5225 1156 5282 iste
1182 5235 1269 5283 est
1304 5225 1570 5291 Christus,
1606 5226 1789 5297 magni

174 5317 450 5375 videlicet
474 5318 683 5373 consilii
702 5318 926 5390 angelus
940 5318 1078 5390 (Isa.
1101 5318 1179 5390 ιχ)
1201 5360 1214 5373 .
1252 5334 1361 5389 quo
1375 5320 1625 5375 veniente
1642 5327 1786 5374 mota

173 5416 283 5466 est
313 5422 481 5478 aqua,
514 5407 568 5463 id
594 5416 678 5465 est
699 5411 852 5465 turba
878 5408 1103 5466 Judaica
1130 5411 1186 5465 in
1216 5420 1442 5466 mortem
1488 5411 1655 5482 ipsius
1680 5427 1693 5463 :
1721 5410 1789 5466 ad

171 5514 369 5572 quam
386 5507 615 5555 mortem
630 5501 879 5572 quisquis
892 5503 1161 5560 credendo
1181 5503 1435 5570 accessit,
1449 5512 1672 5560 sanatus
1683 5512 1787 5569 est,

176 5590 460 5647 videlicet
498 5607 528 5646 a
556 5594 797 5661 peccatis
821 5596 1134 5652 mundatus.
1167 5595 1275 5652 Sed
1300 5612 1442 5652 unus
1467 5605 1674 5651 tantum
1706 5611 1793 5651 sa-

177 5690 369 5738 natus
421 5691 504 5737 est
534 5723 549 5749 ,
591 5685 718 5754 quia
772 5685 1224 5757 multiplicitatem
1260 5687 1447 5757 rejecit
1473 5728 1487 5753 ,
1529 5688 1793 5742 unitatem

176 5775 395 5845 elegit.
406 5773 607 5831 Omnes
626 5777 769 5833 enim
793 5779 947 5833 electi
971 5796 1137 5836 unum
1151 5781 1349 5837 debent
1362 5795 1483 5837 esse
1500 5781 1551 5835 in
1565 5780 1801 5849 Christo,

176 5867 338 5942 quia
354 5884 493 5922 unus
513 5868 779 5937 Christus,
806 5889 913 5927 una
936 5873 1092 5943 ﬁdes,
1111 5891 1274 5928 unum
1298 5875 1554 5945 baptisma
1583 5873 1799 5947 (Enhes.

179 5960 312 6031 ιν).
342 5960 489 6016 Ecce
510 5963 743 6032 qualiter
767 5966 942 6037 gratia
971 5967 1275 6023 sublevavit
1298 5981 1434 6038 quos
1456 5967 1543 6023 lex
1586 5966 1807 6038 depres-

179 6053 325 6122 sit;
375 6054 519 6124 quod
540 6056 628 6113 hic
655 6058 823 6125 dicit,
868 6061 1055 6129 etenim
1100 6060 1369 6131 legislator
1405 6060 1549 6118 dabit
1603 6060 1809 6118 benedi-

650 6150 925 6218 PATROL.
971 6152 1264 6220 CXXXI.

1867 2166 2072 2222 Videns
2099 2165 2283 2235 Asaph
2312 2164 2404 2234 qui
2430 2163 2522 2218 hic
2548 2162 2808 2233 loquitur,
2836 2164 2965 2232 quia
2990 2162 3168 2217 adhuc
3189 2162 3459 2233 gauderet

1866 2257 1918 2312 in
1943 2272 2057 2326 spe,
2083 2257 2322 2312 nondum
2344 2254 2399 2309 in
2425 2270 2505 2320 re,
2531 2262 2685 2326 rogat
2704 2254 3164 2324 perseverantiam
3187 2255 3458 2309 bonorum

1864 2364 2112 2419 operum,
2158 2363 2229 2404 nc
2262 2364 2293 2403 a
2325 2362 2422 2418 spe
2453 2346 2545 2401 illa
2586 2346 2819 2402 decidat.
2857 2346 3023 2414 Quasi
3047 2346 3235 2401 dicat-z
3270 2345 3342 2401 Ut
3374 2345 3459 2400 vi-

1863 2443 2020 2498 deam
2057 2442 2228 2497 Deum
2275 2441 2520 2505 deorum,
2565 2450 2620 2495 tu
2669 2440 2895 2495 Domine
2950 2440 3093 2496 Deus
3144 2440 3410 2495 virtutum
3438 2480 3458 2507 ,

1864 2534 2057 2589 exaudi
2081 2533 2372 2587 orationem
2400 2548 2592 2597 meam,
2621 2529 2821 2587 factam
2848 2547 2946 2602 pro
2969 2531 3308 2587 incremento
3341 2530 3459 2587 vir.

1867 2635 2043 2681 tutum
2071 2645 2083 2679 ε
2115 2634 2172 2681 et
2199 2626 2421 2681 auribus
2450 2626 2677 2697 percipe,
2718 2626 2861 2681 Deus
2896 2626 3094 2694 Jacob,
3124 2635 3186 2682 ut
3215 2628 3359 2682 sicut
3390 2642 3461 2683 ex

1865 2715 2033 2772 Jacob
2055 2716 2235 2772 fecisti
2260 2716 2446 2783 Israel,
2471 2718 2544 2772 ita
2574 2732 2640 2771 ex
2665 2731 2751 2771 me
2773 2716 2942 2773 facias
2970 2715 3141 2773 Deum
3161 2718 3461 2785 videntem;

1866 2819 1921 2867 et
1969 2820 2048 2877 tu,
2116 2820 2378 2879 protector
2436 2819 2633 2877 noster,
2684 2810 2857 2879 aspice
2916 2825 3012 2880 per
3059 2811 3313 2882 gratiam,
3367 2813 3463 2882 qui

1868 2903 2162 2975 despexisti
2191 2918 2289 2973 per
2309 2903 2446 2957 iram
2472 2919 2487 2969 ;
2522 2911 2578 2958 et
2607 2903 2801 2973 respice
2829 2903 2884 2956 in
2905 2902 3097 2971 faciem
3126 2903 3325 2959 Christi
3359 2905 3462 2971 tui,

1869 2997 1924 3054 id
1950 3008 2054 3064 est,
2082 2998 2422 3055 innotescere
2452 2998 2537 3053 fac
2580 2997 2735 3053 uobis
2757 2996 3035 3053 Christum
3062 3006 3234 3065 tuum,
3271 3008 3330 3054 ut
3368 3015 3466 3071 per

1868 3093 2020 3149 illum
2041 3110 2231 3150 eamus
2253 3095 2320 3149 de
2345 3094 2547 3149 virtute
2566 3093 2621 3149 in
2638 3093 2892 3148 virtutem
2914 3112 2926 3148 :
2954 3093 3060 3161 vel,
3082 3096 3278 3164 respice
3302 3095 3358 3148 in
3382 3095 3469 3165 fa-

1870 3187 2001 3242 ciem
2035 3187 2232 3242 Christi
2271 3187 2371 3252 tui,
2422 3187 2474 3242 id
2518 3195 2620 3252 est,
2663 3186 2717 3240 in
2749 3186 2869 3241 illos
2916 3188 2968 3241 in
3018 3187 3213 3257 quibus
3242 3194 3471 3258 apparet

1872 3281 2042 3337 facies
2067 3292 2121 3337 et
2152 3281 2405 3336 voluntas
2438 3280 2640 3335 Christi
2673 3280 2749 3334 tui
2777 3297 2789 3334 :
2819 3288 2874 3335 et
2902 3281 3023 3335 ideo
3054 3296 3185 3353 rogo
3213 3289 3270 3334 ut
3297 3297 3465 3336 exau-

1873 3374 1990 3429 dias
2011 3384 2067 3429 et
2087 3374 2345 3445 aspicias,
2377 3374 2502 3445 quia
2542 3374 2596 3427 in
2639 3372 2791 3427 atriis
2821 3374 2946 3435 tuis,
2980 3373 3032 3428 id
3060 3383 3143 3428 est
3169 3375 3221 3429 in
3256 3373 3469 3429 caelesti

1872 3467 2194 3535 Jerusalem,
2227 3478 2302 3523 est
2327 3468 2513 3522 melior
2537 3467 2646 3521 dies
2674 3482 2801 3532 una,
2834 3467 2887 3522 id
2914 3476 2997 3522 est
3024 3468 3277 3523 continua
3302 3483 3469 3539 quam

1876 3564 2021 3621 nulla
2047 3581 2152 3620 nox
2184 3563 2502 3635 interpolat,
2526 3578 2687 3633 quam
2713 3576 2818 3618 non
2849 3564 3106 3633 praecedit
3124 3565 3238 3620 dies
3259 3565 3473 3621 hester-

1879 3670 2005 3721 nus,
2050 3671 2211 3726 quam
2250 3670 2358 3710 non
2392 3663 2550 3725 urget
2585 3653 2878 3720 crastinus,
2919 3653 3044 3723 quia
3095 3655 3211 3710 dies
3240 3664 3322 3710 est
3351 3656 3472 3711 sine

1882 3746 1990 3802 ﬁne
2033 3762 2333 3813 mansura;
2385 3756 2439 3802 et
2467 3747 2581 3801 hinc
2606 3745 2721 3802 dies
2770 3754 2855 3802 est
2883 3746 3073 3801 melior
3121 3765 3277 3818 super
3303 3748 3474 3804 millia

1884 3839 2094 3894 dierum
2119 3847 2448 3906 nostrorum,
2476 3838 2771 3895 secundum
2794 3848 3036 3909 tempora
3060 3838 3470 3909 dispositorum,

1884 3932 2012 4002 quia
2035 3932 2110 3987 ibi
2132 3931 2475 4003 pulchritudo
2498 3932 2839 3999 insatiabilis,
2868 3932 2961 3988 lux
2986 3933 3389 3991 indefectibilis.
3412 3936 3472 3991 in

1887 4023 2007 4079 istis
2044 4032 2171 4078 sunt
2199 4024 2381 4080 omnia
2413 4024 2629 4079 mobilia
2660 4032 2715 4079 et
2744 4024 2852 4081 cito
2889 4024 3201 4081 transitoria
3228 4044 3240 4080 :
3274 4036 3330 4082 et
3355 4027 3477 4083 ideo

1887 4117 2018 4188 elegi
2048 4116 2282 4187 abjectus
2313 4133 2423 4171 esse
2452 4118 2509 4171 in
2529 4118 2684 4171 domo
2717 4116 2832 4182 Dei,
2863 4117 2955 4173 ubi
2986 4118 3164 4175 nullus
3190 4128 3477 4175 esttamen

1889 4210 2130 4280 abiectus
2154 4211 2282 4281 quia
2316 4210 2363 4267 si
2408 4219 2593 4281 posset
2616 4226 2736 4267 esse
2765 4221 2824 4267 ut
2860 4210 2970 4267 illic
3012 4212 3206 4282 aliquis
3254 4213 3379 4267 vilis
3422 4220 3478 4267 et

1890 4302 2135 4373 abjectus
2156 4303 2473 4372 haberetur,
2514 4318 2615 4374 ego
2641 4312 2820 4359 tamen
2853 4302 3068 4359 mallem
3095 4302 3169 4359 ibi
3199 4320 3320 4360 esse
3354 4302 3478 4359 vilis

1891 4404 1947 4450 ct
1970 4394 2236 4463 abiectus,
2274 4411 2432 4466 quam
2454 4396 2693 4450 habitare
2725 4411 2847 4450 cum
2890 4396 3120 4450 Domino
3149 4398 3206 4450 in
3234 4396 3479 4451 taberna-

1892 4489 2024 4544 culis
2053 4498 2387 4560 peccatarum
2409 4502 2429 4541 .'
2475 4487 2563 4543 vel
2609 4488 2687 4543 sic
2734 4488 2861 4557 quia
2892 4487 3077 4542 melior
3103 4497 3178 4543 est
3209 4488 3320 4543 dies
3349 4505 3475 4555 una,

1892 4581 2015 4638 ideo
2047 4579 2182 4651 elegi
2211 4578 2457 4649 abiectus
2496 4593 2615 4633 esse
2648 4578 2703 4633 in
2733 4578 2893 4633 domo
2921 4578 3038 4646 Dei,
3072 4577 3125 4633 id
3166 4586 3249 4634 est
3280 4579 3336 4634 in
3379 4581 3482 4638 hac

1894 4673 2135 4729 Ecclesia
2176 4672 2264 4728 ubi
2307 4671 2924 4743 despiciunturjldeles,
2956 4674 3124 4745 magis
3153 4689 3312 4744 quam
3358 4691 3483 4730 cum

1896 4766 2136 4822 dominio
2172 4764 2379 4820 versari
2431 4764 2484 4818 in
2531 4764 2896 4821 tabernaculis
2932 4777 3303 4837 peccatorum,
3357 4783 3486 4824 con-

1894 4858 2176 4917 sentiendo
2212 4857 2397 4929 pravis
2437 4857 2693 4927 operibus
2718 4873 2940 4925 eorum;
2990 4867 3046 4913 et
3076 4860 3178 4915 hoc
3209 4861 3329 4915 ideo
3355 4860 3483 4929 quia

1895 4951 2010 5008 scio
2032 4948 2174 5019 quod
2199 4962 2306 5003 non
2324 4947 2547 5018 repellet
2571 4949 2830 5003 Dominus
2854 4949 3204 5005 humiliantes
3232 4966 3326 5005 se:
3357 4950 3485 5019 quia

1896 5044 1987 5098 hic
2008 5056 2103 5098 eos
2139 5041 2390 5112 adjuvat,
2421 5040 2494 5095 ibi
2531 5050 2882 5096 remunerat:
2913 5042 3039 5112 quia
3067 5040 3237 5112 diligit
3280 5042 3487 5095 miseri—

1898 5135 2158 5201 cordiam,
2190 5149 2300 5205 qua
2344 5143 2502 5188 vocat
2532 5132 2599 5189 ad
2646 5133 2829 5201 fidem,
2876 5132 3210 5204 etjustilicat
3236 5134 3483 5202 impium.

1901 5229 2086 5301 Diligit
2106 5238 2163 5284 et
2182 5230 2449 5284 veritatem
2471 5269 2485 5295 ,
2512 5228 2638 5299 quia
2675 5236 2989 5284 remuucrat
3017 5234 3357 5297 operatorem
3388 5242 3487 5297 per

1897 5322 2289 5379 dilectionem:
2328 5320 2434 5386 vel,
2487 5319 2657 5390 diligit
2693 5320 2993 5387 veritatem,
3048 5318 3175 5388 quia
3221 5334 3388 5373 verax
3431 5319 3483 5372 in

1895 5412 2199 5485 promissis.
2231 5410 2388 5466 Dabit
2416 5412 2666 5483 gratiam,
2704 5411 2760 5465 id
2791 5418 2877 5466 est
2897 5408 3360 5479 perseverantiam
3389 5408 3484 5462 bo-

1899 5523 2093 5564 norum
2125 5522 2388 5578 operum,
2435 5513 2490 5559 et
2518 5503 2762 5576 gloriam,
2805 5502 2859 5557 id
2895 5510 2979 5557 est
3025 5498 3486 5555 immortalitatem

1899 5601 2103 5658 carnis.
2132 5601 2203 5657 Et
2225 5614 2353 5656 vere
2404 5598 2553 5654 dabit
2575 5597 2805 5667 gratiam
2832 5604 2889 5652 et
2926 5594 3186 5667 gloriam,
3228 5592 3355 5662 quia
3384 5608 3489 5645 non

1898 5692 2123 5762 privabit
2154 5691 2301 5745 bonis
2330 5706 2417 5744 eos
2450 5689 2541 5758 qui
2568 5685 2841 5741 ambulant
2872 5687 2927 5740 in
2954 5684 3275 5749 innocentia,
3307 5683 3359 5737 id
3384 5692 3487 5744 est,

1902 5784 2025 5840 illos
2102 5783 2196 5853 qui
2253 5780 2443 5837 vivunt
2498 5780 2840 5834 innocenter.
2916 5777 2985 5833 Et
3054 5774 3490 5847 quandoquidem

1904 5893 2012 5933 non
2057 5885 2181 5932 sunt
2206 5872 2456 5945 privandi
2503 5871 2659 5928 bonis
2710 5873 2801 5942 qui
2844 5871 3122 5927 ambulant
3163 5870 3217 5925 in
3260 5870 3489 5924 innocen

1905 5970 2004 6035 tia,
2034 5968 2258 6025 Domine
2288 5966 2560 6033 virtutum,
2602 5980 2731 6037 ergo
2766 5966 2946 6022 beatus
2988 5966 3141 6022 homo
3180 5964 3271 6036 qui
3318 5968 3491 6031 sperat

1906 6063 1962 6118 in
1997 6070 2061 6117 te.

2982 6154 3056 6218 19
3476 6216 3503 6221 -
