3918 6490
251 585 356 641 589

1389 586 1917 643 ENARllATlONES
1970 587 2033 641 IN
2074 587 2406 643 PSALMOS.

3411 594 3509 649 590

250 711 304 753 tu
335 699 616 766 viviﬁcabis
647 716 763 765 nos,
784 708 843 754 ut
868 700 947 756 sic
974 700 1336 771 intelligamus
1358 701 1501 770 quod
1525 716 1631 755 non
1657 700 1831 755 solum
1858 705 1907 765 Α
1935 701 2324 767 contradictio,
2372 700 2462 757 ubi
2508 700 2687 755 nullus
2737 699 2978 766 resistit,
3025 701 3168 756 nulla
3213 704 3511 762 adversitas

250 792 542 845 \‘it'ilimtio
584 801 767 847 nostra
801 808 869 847 ex
900 801 953 847 te
978 792 1074 858 sit,
1102 793 1198 848 sed
1227 793 1392 847 etiam
1414 792 1732 864 justiﬁeatio
1767 809 1832 849 ac

248 884 552 947 conversio,
588 893 643 939 ut
664 885 1000 942 viviﬁcemur
1021 927 1036 953 ,
1077 897 1125 941 et
1157 886 1300 957 plebs
1323 896 1437 951 tua,
1464 902 1574 941 non
1598 886 1831 957 amplius

245 994 342 1031 sua
364 1017 381 1042 ,
408 977 671 1032 lazlabt'tur
698 980 753 1033 in
782 990 849 1046 te,
872 991 927 1036 et
955 997 1062 1037 non
1089 980 1145 1036 in
1168 995 1246 1037 se.
1273 980 1414 1036 Malo
1433 980 1581 1036 enim
1605 995 1706 1035 suo
1733 979 1831 1036 lar-

243 1071 445 1124 tabitur
464 1072 519 1126 in
552 1086 610 1127 se
628 1113 643 1138 ,
671 1073 813 1129 bono
844 1084 1023 1131 autem
1052 1090 1151 1132 suo
1176 1074 1444 1131 testabitur
1478 1075 1533 1130 in
1561 1084 1633 1131 te.
1657 1073 1826 1144 Nam,

242 1166 465 1233 quatth
489 1165 660 1220 voluit
703 1166 905 1224 habere
930 1169 1127 1239 gaudia
1168 1170 1237 1225 de
1266 1184 1324 1225 se
1347 1211 1363 1236 ,
1395 1170 1602 1226 invenit
1624 1170 1830 1225 luctum

244 1256 297 1308 in
325 1271 407 1311 se.
428 1255 583 1312 Nunc
608 1273 759 1325 vero,
787 1260 914 1330 quia
943 1269 1113 1316 totum
1137 1262 1391 1333 gaudium
1418 1272 1662 1317 nostrum
1686 1262 1829 1319 Deus

241 1357 365 1411 est,
396 1349 487 1417 qui
517 1349 662 1417 vult,
685 1366 885 1408 secure
910 1353 963 1408 in
996 1354 1086 1410 illo
1116 1356 1347 1425 gaudeat
1379 1356 1475 1426 qui
1507 1371 1615 1411 non
1646 1365 1830 1427 potest

216 1494 219 1495 ν
238 1439 439 1507 perire.
458 1440 650 1496 Omnia
670 1443 815 1498 enim
832 1452 1071 1511 terrena,
1092 1445 1146 1500 in
1167 1446 1366 1515 quibus
1388 1446 1548 1503 homo
1571 1447 1827 1518 gaudium

238 1528 340 1583 sibi
373 1532 659 1601 proponit,
682 1534 921 1604 peritura
948 1544 1077 1591 sunt
1103 1574 1127 1603 ,-
1148 1545 1205 1593 et
1232 1537 1506 1593 hominem
1547 1537 1613 1592 ad
1646 1538 1829 1608 perdi-

241 1621 444 1676 tionem
478 1637 663 1678 secum
688 1625 930 1681 trahunt.
953 1624 1142 1683 Gaude
1163 1642 1293 1700 ergo
1324 1628 1379 1683 in
1399 1628 1489 1684 illa
1517 1628 1640 1684 luce
1664 1643 1827 1698 quam
1852 1688 1853 1691 η

238 1728 355 1766 non
378 1714 635 1783 prazcedit
661 1716 948 1773 hesternus
972 1716 1111 1785 dies,
1133 1734 1237 1775 nec
1263 1720 1511 1799 sequitur
1530 1720 1822 1777 crastinus.

236 1802 370 1868 Quae
399 1805 471 1859 sit
500 1804 590 1860 llla
611 1805 702 1869 lux
732 1808 961 1880 ipsemet
984 1812 1260 1867 ostendit:
1293 1811 1409 1883 Ego
1428 1829 1585 1880 sum,
1612 1814 1824 1885 inquit,

232 1891 329 1945 lux
367 1895 552 1971 mundi
581 1896 763 1967 (Joan.
790 1899 911 1973 VIII)
939 1916 955 1956 :
990 1899 1152 1968 Ecce,
1175 1901 1438 1968 dicendo,
1462 1919 1556 1973 ego
1584 1920 1702 1959 sum
1731 1903 1825 1959 lux

233 1984 452 2051 mundi,
476 1996 634 2044 vocat
661 1997 713 2045 te
736 1991 801 2046 ad
825 2007 886 2048 se
917 2011 932 2047 :
964 2008 1089 2049 cum
1126 2004 1287 2051 vocat
1319 2001 1395 2062 te,
1424 1998 1695 2054 convertit
1725 2007 1818 2067 te;

1935 802 2057 849 est:
2083 793 2199 849 hau:
2219 792 2342 848 talis
2366 807 2472 863 pax
2491 807 2601 848 non
2625 800 2710 849 est
2728 791 2819 848 hic
2843 795 3153 863 quaerenda,
3179 796 3300 863 quia
3332 797 3511 853 nullus

1934 890 2018 937 est
2054 892 2369 939 sanctorum
2404 883 2493 938 cui
2534 898 2641 938 non
2677 883 2749 938 sit
2800 882 3085 940 conflictus
3120 901 3243 940 cum
3273 887 3509 953 diabolo,

1933 981 1989 1027 et
2033 974 2127 1043 qui
2169 990 2277 1029 non
2320 974 2557 1031 luctetur
2604 990 2729 1030 cum
2752 975 2901 1032 vitiis
2930 985 2986 1031 et
3033 979 3510 1049 concupiscentiis,

1932 1061 2259 1119 refrenando
2298 1064 2551 1120 videlicet
2591 1065 2809 1124 illicitos
2846 1074 3046 1122 motus.
3077 1068 3146 1124 Et
3167 1066 3293 1139 quia
3320 1069 3374 1125 in
3409 1070 3513 1127 hoe

1932 1157 2135 1213 mundo
2176 1171 2285 1213 non
2336 1167 2518 1229 potest
2576 1173 2699 1216 esse
2748 1176 2855 1231 pax
2904 1174 3055 1226 vera,
3075 1175 3326 1217 amemus
3361 1160 3511 1219 illam

1931 1264 2051 1320 quae
2080 1249 2259 1306 futura
2292 1261 2399 1319 est,
2443 1262 2502 1309 et
2523 1254 2579 1309 in
2610 1254 2703 1310 illo
2732 1254 2936 1311 mundo
2977 1268 3074 1325 per
3099 1268 3251 1326 spem
3293 1254 3513 1326 reﬁcia-

1931 1358 2075 1409 mus,
2103 1345 2251 1414 quia,
2278 1360 2400 1400 cum
2431 1347 2662 1413 venerit,
2688 1348 2794 1403 erit
2818 1348 2945 1403 ﬁnis
2968 1348 3130 1404 totius
3154 1363 3370 1419 pugna,
3393 1348 3514 1406 sine

1927 1450 2035 1505 qua
2081 1438 2241 1492 modo
2272 1450 2372 1494 nec
2414 1445 2637 1494 sanctus
2679 1449 2783 1495 est.
2832 1438 2965 1494 Nam
3013 1438 3191 1494 nullus
3213 1437 3396 1508 justus
3431 1446 3517 1497 est

1927 1526 2141 1583 alienus
2167 1542 2198 1581 a
2219 1528 2399 1596 poenis
2422 1529 2658 1598 peccati,
2678 1527 2844 1595 fame,
2876 1531 2989 1596 siti,
3020 1530 3365 1597 lassitudine,
3385 1547 3514 1589 con-

1928 1626 2012 1672 tra
2044 1632 2166 1689 qum
2189 1619 2539 1690 pugnandum
2577 1630 2679 1686 est,
2707 1621 2833 1691 quia
2881 1621 2951 1676 ab
2977 1621 3083 1678 illis
3109 1622 3511 1693 impugnatum.

1925 1707 2139 1781 Pugnat
2178 1710 2347 1777 enim,
2367 1718 2423 1766 et
2465 1711 2758 1781 quaerimus
2795 1714 2920 1770 cibo
2941 1714 3091 1771 reﬁci
3124 1734 3138 1768 :
3170 1715 3367 1771 iterum
3396 1714 3516 1785 ipsa

1925 1799 2034 1855 cibi
2062 1800 2295 1858 defectio
2320 1803 2426 1858 erit
2452 1803 2609 1860 nobis
2631 1802 2874 1860 refectio.
2909 1804 2965 1859 Si
2994 1802 3066 1860 ad
3088 1804 3515 1877 superﬁuitatem

1926 1907 2051 1949 eum
2104 1895 2349 1965 capimus
2376 1934 2391 1961 ,
2441 1895 2779 1966 fatigamur:
2828 1896 3021 1952 sedere
3075 1898 3413 1967 quaerimus,
3457 1905 3516 1955 et

1925 1985 2119 2043 iterum
2153 1986 2461 2055 deﬁcimus,
2504 1988 2551 2043 si
2580 1988 2636 2043 in
2682 1988 2931 2047 sessione
2956 1989 3048 2045 diu
3076 2004 3511 2059 perseveramus.

231 2088 358 2128 cum
389 2080 663 2134 convertit
683 2088 755 2146 te,
780 2092 935 2139 sanat
959 2092 1033 2151 te,
1055 2100 1178 2141 cum
1211 2089 1488 2144 sanaverit
1516 2097 1595 2153 te,
1610 2089 1811 2149 videbis

1924 2073 2123 2144 Quare,
2148 2092 2271 2134 cum
2300 2093 2409 2133 non
2448 2078 2522 2134 sit
2555 2076 2778 2137 refectio
2807 2094 2953 2145 vera,
2996 2089 3411 2137 contemnamus
3446 2095 3513 2137 ea

228 2179 619 2223 conversorem
648 2178 819 2240 tuum,
850 2174 937 2230 cui
969 2176 1168 2231 dicitur
1199 2196 1212 2232 :
1241 2187 1293 2232 et
1317 2178 1462 2250 plebs
1485 2190 1583 2235 tua
1611 2179 1816 2237 lattabu

227 2266 316 2362 tur
342 2258 397 2312 in
427 2267 494 2315 te.
528 2261 595 2315 Et
622 2271 682 2318 ut
705 2264 916 2321 lauetur
943 2268 996 2322 in
1022 2277 1108 2337 te;
1131 2271 1343 2327 ostende
1373 2272 1543 2339 nobis,
1568 2272 1842 2364 Domina”i

214 2349 649 2421 misericordiam
672 2365 840 2425 tuam,
861 2367 909 2413 et
932 2358 1165 2417 salutare
1184 2374 1334 2418 tuum
1349 2365 1420 2419 da
1441 2366 1615 2434 nobis,
1636 2367 1693 2423 id
1706 2376 1815 2438 est,

227 2440 507 2527 hominem
519 2448 744 2502 ostende
769 2449 1098 2520 hominibus,
1115 2463 1171 2509 et
1192 2454 1430 2517 salutare
1453 2466 1604 2514 tuum
1625 2460 1693 2515 da
1714 2475 1819 2517 no-

221 2531 342 2615 bis,
377 2535 547 2591 Deum
579 2538 827 2595 videlicet
860 2542 914 2596 in
950 2544 1231 2614 majestate
1260 2562 1354 2603 sua
1404 2549 1562 2604 nobis
1598 2550 1705 2606 diis
1732 2548 1816 2606 fa-

222 2625 333 2681 ctis
360 2630 738 2712 contemplari.
768 2632 909 2689 Ecce
946 2651 1139 2708 magna
1165 2639 1537 2695 misericordia
1556 2678 1579 2708 ,-
1600 2641 1727 2712 quia
1756 2648 1815 2698 ut

222 2731 424 2787 panem
450 2710 764 2794 angelOrnm
790 2727 1141 2785 manducaret
1168 2716 1353 2797 homo,
1375 2710 1686 2803 redemptor
1713 2748 1812 2789 an-

222 2808 469 2880 gelorum
489 2811 666 2871 factus
689 2824 775 2872 est
790 2816 973 2874 homo.
988 2818 1131 2875 Ecce
1152 2829 1397 2877 materna
1423 2820 1661 2889 aﬁ‘ectio,
1685 2823 1813 2893 quia

225 2916 355 2957 cum
394 2896 599 2977 indigni
627 2924 842 2966 eramus
870 2912 922 2966 in
961 2913 1235 2970 soliditate
1263 2915 1565 2986 majestatis
1588 2932 1700 2973 suae
1721 2932 1811 2973 co-

222 2994 479 3064 medere,
516 3012 547 3052 a
579 3014 639 3055 se
677 3001 795 3072 ipso
823 3002 979 3059 nobis
1015 3002 1100 3060 lac
1132 3006 1364 3076 praebuit
1390 3016 1446 3063 et
1473 3006 1659 3065 effudit
1682 3025 1809 3067 cum

222 3088 386 3144 nobis
413 3090 698 3149 invisibilis
723 3094 779 3150 in
802 3094 1039 3152 humana
1072 3107 1265 3154 natura
1294 3102 1566 3171 apparuit,
1596 3110 1652 3159 et
1679 3103 1811 3161 fecit

222 3197 283 3238 se
300 3180 484 3250 talem,
506 3184 684 3256 qualis
712 3189 883 3257 possit
903 3191 969 3245 ab
987 3191 1293 3251 hominibus
1311 3196 1452 3267 capi.
1477 3196 1649 3254 Deum
1662 3198 1811 3255 enim

220 3272 506 3333 Christum
529 3279 707 3336 nullus
731 3281 1008 3339 hominum
1045 3300 1236 3356 capere
1259 3297 1495 3360 poterat,
1517 3291 1613 3348 sed
1633 3291 1808 3349 factus

217 3373 311 3422 est
336 3368 650 3427 hominibus
681 3372 865 3440 homo,
897 3376 1133 3432 servavit
1159 3393 1217 3433 se
1244 3379 1411 3434 Deum
1444 3381 1569 3448 diis,
1599 3384 1666 3438 de
1686 3385 1810 3453 qui-

1922 2180 2044 2223 ante
2090 2184 2191 2225 nos
2221 2169 2558 2241 impugnant,
2606 2180 2663 2227 et
2689 2187 2934 2229 amemus
2985 2188 3052 2228 ea
3099 2188 3225 2245 quae
3270 2172 3513 2242 loquitur

1912 2259 2205 2335 :Dominus,
2233 2262 2461 2317 veniens
2486 2262 2543 2317 in
2585 2264 2786 2335 plebem
2835 2281 3010 2320 suam.
3045 2264 3135 2330 Et,
3160 2279 3229 2321 ne
3253 2263 3515 2322 Judaieu's

1911 2252 2205 2498 Fumus,
2233 2262 2461 2317 veniens
2486 2262 2543 2317 in
2585 2264 2786 2335 plebem
2835 2281 3010 2320 suam.
3045 2264 3135 2330 Et,
3160 2279 3229 2321 ne
3253 2263 3514 2322 Iudaicus

2026 2352 2146 2409 ulus
2173 2352 2275 2409 sibi
2298 2354 2631 2425 applaudens
2655 2356 2858 2413 diceret
2885 2376 2897 2411 :
2926 2357 3037 2412 Nos
3068 2372 3258 2419 sumus
3286 2360 3514 2428 populus

1954 2443 2057 2498 ius.
2088 2444 2247 2498 nobis
2273 2452 2486 2498 tantum
2529 2447 2943 2498 annuntiabitur
2970 2462 3073 2498 nax
3104 2447 3218 2498 illa.
3251 2447 3512 2498 determi-

1944 2443 2057 2515 rjus,
2088 2444 2247 2500 nobis
2273 2452 2486 2500 tantum
2529 2447 2943 2502 annuntiabitur
2966 2462 3073 2517 pax
3104 2447 3218 2515 illa,
3251 2447 3512 2504 determi—

1916 2545 2011 2597 nat
2031 2553 2196 2609 super
2219 2554 2357 2610 quos
2386 2540 2459 2596 sit
2489 2550 2717 2597 ventura
2737 2558 2842 2613 pax
2868 2542 2977 2609 illa,
2997 2544 3107 2599 sic:
3125 2543 3194 2599 Et
3215 2559 3514 2616 superuis-

1911 2608 2024 2684 ictos
2050 2608 2200 2697 suos,
2230 2608 2281 2686 et
2300 2632 2355 2686 in
2375 2648 2460 2687 eos
2487 2633 2579 2705 qui
2604 2608 2980 2687 conuertuntur
3004 2635 3074 2689 ad
3105 2651 3213 2693 eor.
3243 2633 3369 2691 Non
3385 2643 3508 2691 ban-

1916 2730 2033 2778 tum
2071 2724 2186 2780 sola
2211 2723 2396 2781 Judaaa
2418 2726 2524 2782 erit
2545 2726 2699 2797 plebs
2726 2726 2972 2795 ejus,sed
3000 2744 3068 2786 ex
3088 2730 3341 2787 omnibus
3360 2730 3511 2791 colli-

1914 2824 2071 2889 getur
2096 2817 2248 2888 plebs
2270 2832 2393 2885 sua,
2423 2819 2551 2890 quia
2576 2835 2645 2875 ex
2662 2820 2916 2877 omnibus
2934 2830 3101 2877 erunt
3123 2821 3286 2893 aliqui
3309 2823 3510 2890 sancti,

1914 2913 1969 2961 et
1994 2920 2065 2962 ex
2091 2908 2343 2965 omnibus
2393 2918 2784 2966 convertentur
2814 2909 2982 2980 aliqui
3025 2912 3095 2965 ad
3132 2927 3242 2967 cor.
3281 2909 3511 2969 Conver-

1916 3006 2102 3054 tuntur
2123 3008 2306 3057 autem
2334 3002 2404 3057 ad
2441 3018 2534 3057 cor
2572 3004 2667 3075 qui
2691 3005 2981 3061 attendunt
3007 3020 3068 3063 se
3100 3006 3175 3063 ad
3217 3007 3510 3079 imaginem

1914 3089 2010 3147 Dei
2037 3106 2159 3149 esse
2203 3102 2442 3162 creatos,
2485 3102 2541 3151 et
2571 3095 2665 3166 qui
2698 3095 3139 3167 resculpuntcor
3164 3110 3331 3155 suum
3348 3099 3419 3157 ab
3444 3098 3509 3155 il-

1912 3178 2075 3259 licitis
2121 3191 2178 3237 et
2227 3183 2392 3239 variis
2433 3183 2859 3255 cogitationibus
2913 3194 3252 3244 terrenarum
3309 3187 3509 3259 quibus

1914 3256 2283 3341 impediuntur
2338 3290 2407 3330 ne
2464 3273 2703 3353 cmlestia
2765 3285 2973 3331 tantum
3032 3256 3511 3350 contemplemur:

1913 3364 2107 3434 quibus
2138 3381 2280 3437 saepe
2308 3367 2506 3423 dicitur
2552 3387 2565 3421 :
2597 3367 2805 3437 Redite,
2830 3374 3283 3440 prtemtricatores,
3305 3372 3376 3429 ad
3415 3387 3511 3431 eor

211 3460 328 3516 bus
354 3460 557 3517 dictum
588 3469 671 3520 est
702 3481 716 3519 :
756 3464 867 3521 Vos
892 3475 1106 3534 autem,
1140 3470 1216 3523 dii
1240 3472 1361 3525 estis
1395 3480 1442 3526 et
1475 3442 1578 3541 ﬁlii
1598 3442 1809 3529 Eae-etsi

1916 3455 2051 3529 (Isti.
2076 3456 2243 3529 xnvr).
2281 3442 2651 3514 Verumtamen
2674 3476 2835 3532 prope
2862 3461 3100 3517 timentes
3129 3478 3252 3518 eum
3274 3460 3511 3522 salutare

211 3566 404 3607 omnes
427 3551 601 3623 (Pssl.
632 3556 840 3629 um).
855 3558 946 3614 lsti
964 3560 1038 3615 dii
1058 3561 1317 3617 videbunt
1332 3562 1508 3633 ipsum
1524 3564 1683 3619 sicuti
1706 3574 1808 3633 est,

212 3643 263 3699 si
290 3650 618 3714 permanent
639 3647 697 3703 in
723 3662 789 3705 eo
808 3650 900 3720 qui
928 3667 1071 3708 nunc
1093 3653 1146 3707 in
1171 3653 1400 3709 Domino
1413 3654 1523 3710 Deo
1546 3656 1808 3713 credunt:

212 3734 351 3806 quia
378 3736 470 3806 qui
504 3753 647 3795 nunc
674 3741 871 3811 gaudet
898 3741 953 3797 in
982 3756 1099 3812 spe,
1123 3746 1447 3815 quandoque
1475 3748 1728 3817 gaudebit
1754 3749 1808 3804 in

213 3842 303 3894 re,
326 3827 451 3896 quia
465 3828 669 3886 videbit
687 3845 811 3887 eum
833 3832 990 3889 sicuti
1004 3842 1104 3891 est.
1122 3834 1236 3891 Hoc
1249 3837 1392 3892 enim
1406 3837 1519 3909 ipse
1537 3841 1808 3910 promisit,

210 3928 270 3975 et
300 3922 650 3991 mani/estabo
663 3924 1171 4000 eimeipsum(.loan.
1190 3930 1324 4001 xw).
1350 3929 1528 3999 Quare
1555 3948 1683 4005 ergo
1700 3949 1811 3991 non

209 4010 468 4093 videmus
497 4014 674 4072 adhuc
725 4027 936 4090 patrem
980 4023 1260 4077 nostrum?
1290 4020 1426 4090 Quia
1455 4025 1686 4079 nondum
1722 4044 1809 4096 ap-

207 4098 403 4172 paruit
435 4106 561 4176 quid
595 4108 810 4165 erimus.
836 4096 903 4165 Et
934 4111 1061 4181 quid
1096 4114 1317 4181 erimus,
1340 4113 1575 4171 Joannes
1600 4117 1651 4171 in
1680 4117 1808 4189 Epi-

208 4194 354 4249 stula
385 4212 481 4251 sua
504 4199 814 4257 manifestat
840 4221 853 4257 :
878 4201 1105 4272 Scimus,
1135 4206 1325 4277 inquit,
1353 4209 1479 4277 quia
1503 4224 1622 4263 cum
1644 4227 1808 4280 appa-

209 4287 405 4353 ruerit,
431 4289 625 4346 similes
652 4293 698 4346 ei
725 4294 944 4363 erimus,
964 4298 1089 4369 quia
1120 4298 1399 4355 videbimus
1422 4317 1537 4355 eum
1563 4303 1717 4356 sicuti
1730 4311 1806 4359 est

209 4374 267 4446 (Ι
307 4372 471 4430 Ιοαη.
516 4368 621 4450 nt).
668 4382 897 4439 Audiam
938 4368 1063 4457 quid
1097 4386 1339 4459 loquatur
1367 4391 1423 4444 in
1444 4408 1525 4445 me
1545 4392 1804 4449 Dominus

204 4464 381 4521 Deus.
400 4466 562 4535 Quasi
580 4470 722 4528 dicat
743 4490 755 4527 :
774 4473 934 4531 Oravi
949 4478 1234 4535 Dominum
1252 4489 1310 4536 ut
1326 4484 1806 4542 ostendcrctnobis

209 4559 647 4619 niisericordiam
669 4581 821 4622 suam
858 4587 870 4623 :
904 4571 1047 4641 quod
1077 4586 1263 4627 revera
1286 4574 1468 4642 faciet,
1494 4577 1620 4646 quia
1656 4578 1804 4635 intus

206 4653 376 4707 audio
400 4655 525 4724 quid
553 4656 796 4729 loquatur
820 4661 969 4717 inme
990 4662 1246 4720 Dominus
1272 4665 1437 4720 Deus.
1461 4667 1527 4721 Et
1549 4669 1676 4737 quid
1700 4684 1799 4724 au-

205 4746 339 4801 dio?
373 4738 635 4813 Quoniam
671 4751 910 4824 loquetur
935 4771 1116 4825 pacem
1141 4757 1197 4811 in
1216 4757 1413 4828 plebem
1442 4775 1613 4813 suam.
1645 4759 1800 4818 Unde

1914 3550 2098 3619 ipsius.
2122 3549 2286 3617 Quasi
2310 3552 2455 3607 dicat
2480 3552 2665 3609 :Licet
2688 3554 2943 3623 omnibus
2970 3557 3412 3613 convertentibus
3437 3555 3511 3614 ad

1915 3657 2005 3695 cor
2041 3658 2144 3711 pax
2175 3643 2261 3697 illa
2295 3644 2474 3699 futura
2496 3640 2586 3713 sit,
2626 3654 2807 3702 tamen
2834 3663 2994 3719 prope
3018 3650 3260 3705 timentes
3279 3648 3509 3716 «attriti

1914 3742 2017 3797 est,
2034 3736 2123 3804 qui
2148 3735 2196 3789 ci
2223 3736 2463 3813 serviunt
2482 3753 2548 3791 ex
2563 3738 2780 3805 timore,
2798 3754 2904 3795 non
2925 3755 2991 3795 ex
3014 3756 3405 3813 amore,.prope
3419 3739 3510 3801 Ju-

1914 3826 2059 3882 dreos
2082 3812 2357 3895 videlicet,
2383 3830 2487 3884 erit
2514 3830 2660 3886 salus
2683 3831 2874 3902 ipsius,
2904 3832 3159 3903 quoniam
3184 3832 3331 3889 salus
3347 3843 3425 3889 est
3443 3850 3510 3891 σω

1913 3918 2115 3973 Ιαιίαξὶδ
2141 3916 2320 3989 (Joan.
2360 3922 2541 3992 1v)..Et
2566 3922 2798 3991 qualiter
2818 3916 3053 3979 salutare
3078 3924 3151 3980 sit
3170 3941 3330 3996 prope
3363 3940 3507 3993 eum,

1912 4010 2029 4080 ipse
2050 4002 2303 4082 exponit:
2330 4024 2387 4067 ut
2414 4014 2666 4068 inhabitet
2698 4014 2957 4085 gloria,id
2985 4026 3099 4083 est,
3129 4016 3355 4073 Verbum
3380 4035 3508 4073 caro

1914 4103 2112 4174 factum
2145 4107 2325 4179 (Joan.
2354 4107 2431 4181 1),
2471 4110 2527 4163 in
2565 4118 2705 4163 terra
2754 4119 2954 4177 nostra,
2985 4109 3293 4166 Iudaeorum
3321 4110 3506 4167 videli-

1913 4209 2018 4264 cet,
2043 4188 2297 4271 quoniam
2323 4201 2396 4257 ibi
2436 4202 2795 4272 corporaliter
2836 4202 3126 4269 habitavit,
3156 4203 3285 4259 inde
3310 4203 3509 4274 praedi-

1912 4307 2039 4349 care
2069 4294 2255 4363 ccepit,
2306 4294 2432 4350 inde
2474 4295 2703 4365 apostoli
2757 4303 2812 4348 et
2859 4295 2985 4349 illuc
3012 4296 3171 4366 prius
3208 4296 3384 4360 missi,
3423 4294 3503 4351 ibi

1912 4372 2165 4455 tetnpl'um
2193 4428 2207 4453 ,
2260 4388 2330 4441 ibi
2363 4387 2776 4443 sacriﬁcabatur
2799 4429 2812 4453 ,
2870 4388 2993 4443 inde
3047 4386 3300 4441 videlicet
3337 4385 3505 4459 Virgo

1911 4480 2077 4535 Maria
2106 4498 2225 4551 qua:
2272 4480 2547 4536 Christum
2598 4480 2838 4550 peperit,
2896 4479 2968 4533 ibi
3025 4477 3293 4533 mirabilia
3341 4476 3496 4544 fedt,

1909 4583 2183 4641 postremo
2215 4581 2420 4626 tantum
2444 4572 2703 4627 honorem
2734 4571 2810 4625 illi
2850 4571 2995 4643 genti
3034 4570 3246 4637 detulit,
3273 4579 3353 4637 ut,
3373 4586 3507 4628 eum

1910 4680 2033 4720 eum
2064 4664 2431 4733 interpellaret
2451 4666 2694 4735 quaadam
2722 4664 2916 4720 mulier
2931 4663 3259 4730 Chanauaea,
3273 4664 3507 4722 salutem

1910 4773 2157 4830 qurerens
2186 4759 2304 4812 ﬁlia:
2336 4774 2479 4823 suae;
2507 4760 2712 4815 diceret
2732 4759 2780 4813 ei
2813 4774 2827 4812 :
2863 4758 2989 4815 Non
3029 4776 3145 4814 sum
3172 4761 3363 4816 missus
3397 4759 3511 4816 nisi

201 4837 540 4907 Apostolus:
574 4837 822 4910 Veniens,
869 4845 1077 4916 inquit,
1122 4848 1383 4906 Dominus
1421 4852 1793 4922 euangelizavit
1826 4856 1875 4916 D
1901 4851 1970 4905 ad
1993 4868 2107 4905 oves
2133 4867 2249 4920 qua:
2278 4852 2543 4919 perierunt
2582 4851 2769 4905 domus
2799 4850 2970 4905 Israel
2993 4850 3206 4923 (Matth.
3238 4853 3348 4923 xv).
3382 4851 3507 4910 Hoc

201 4946 391 4998 pacem
415 4931 500 4986 his
517 4933 609 5002 qui
633 4949 792 5005 prope
810 4946 967 4992 erant
989 4937 1149 5009 (Eph.
1178 4939 1260 5011 ιι),
1288 4958 1466 5008 pacem
1492 4943 1557 4996 de
1584 4958 1687 5011 qua
1718 4945 1798 4998 di-

203 5023 382 5085 citur,
417 5021 486 5077 In
512 5041 592 5079 me
619 5042 805 5096 pacem
835 5028 1122 5095 habebitis,
1152 5032 1205 5085 in
1230 5034 1425 5103 "tundo
1451 5044 1624 5088 autem
1648 5052 1796 5105 pres-

202 5130 392 5167 Suram
437 5114 619 5186 (Joan.
659 5117 772 5189 xvi)
805 5136 818 5171 :
852 5112 941 5177 vel
967 5121 1111 5176 illam
1141 5138 1245 5193 qua
1286 5124 1393 5178 erit
1437 5123 1581 5179 Deus
1621 5126 1797 5179 omnia

203 5209 260 5259 in
298 5208 540 5263 omnibus
579 5208 639 5283 (Ι
669 5208 793 5266 Cor.
836 5212 969 5285 xv);
1004 5215 1089 5271 vel
1132 5214 1290 5271 aliter
1321 5233 1333 5268 :
1372 5215 1597 5272 Ostende
1627 5218 1794 5285 nobis,

204 5298 435 5356 Domine
456 5342 470 5367 ,
504 5292 916 5362 misericordiam
965 5319 1110 5365 tuam
1131 5352 1145 5377 ,
1186 5320 1241 5366 et
1285 5320 1342 5367 ut
1379 5313 1666 5379 ostendas,
1696 5328 1795 5384 ego

204 5392 531 5461 inquantum
559 5410 777 5465 possum
820 5415 905 5456 me
948 5401 1201 5457 idoneum
1234 5403 1456 5470 faciam,
1487 5405 1615 5474 quia
1644 5406 1795 5460 cohi-

204 5486 351 5541 liebo
377 5502 464 5542 me
500 5489 568 5544 ab
597 5491 743 5545 omni
773 5493 1001 5563 strepitu
1030 5496 1249 5563 mundi,
1278 5506 1362 5564 et,
1398 5498 1663 5553 obturans
1694 5514 1793 5553 au-

206 5594 326 5633 rem
354 5590 544 5636 contra
564 5582 975 5639 tumultuantem
1006 5586 1165 5656 hujus
1188 5590 1309 5643 vita:
1337 5590 1789 5659 inquietudinem,

203 5677 422 5723 vertam
468 5687 554 5726 me
601 5673 668 5727 ad
706 5674 932 5729 interius
972 5691 1177 5743 meum,
1201 5686 1259 5732 ut
1287 5678 1502 5733 audiam
1530 5696 1637 5735 non
1660 5697 1791 5735 aure

203 5761 494 5829 exteriori,
526 5765 620 5819 sed
663 5780 792 5820 aure
814 5766 1080 5833 interiori,
1112 5784 1242 5823 aure
1268 5768 1515 5825 videlicet
1542 5770 1791 5826 audiendi

202 5854 340 5924 quid
375 5856 429 5910 in
476 5873 557 5911 me
600 5856 847 5930 loquatur
886 5858 1140 5915 Dominus
1166 5859 1325 5915 Deus.
1353 5854 1417 5915 Et
1458 5864 1652 5917 merito
1703 5882 1793 5917 au-

205 5944 391 6010 diam,
420 5947 668 6015 quoniam
702 5942 940 6019 loquetur
960 5966 1139 6020 pacem
1170 5953 1225 6005 in
1249 5951 1444 6021 plebem
1468 5970 1615 6007 suam
1650 5954 1789 6009 futu-

209 6052 353 6094 ram.
398 6038 511 6095 Pax
555 6042 771 6098 cuidem
810 6044 897 6099 ubi
928 6044 1131 6099 nullum
1159 6044 1357 6102 bellum
1384 6054 1484 6111 est,
1520 6047 1609 6103 ubi
1640 6049 1797 6123 nulla
1826 6096 1829 6099 .

1907 4959 2036 5014 ergo
2058 4943 2325 5013 PrOpheta
2353 4944 2407 4997 in
2438 4944 2627 5014 spiritu
2658 4943 2957 5013 praevidens
2983 4944 3090 4998 ait:
3131 4942 3507 5023 Verumtamen

1905 5052 2063 5105 prope
2102 5036 2339 5089 timentes
2371 5051 2488 5088 eum
2538 5035 2771 5089 salutare
2815 5036 2998 5105 ipsius.
3029 5034 3075 5089 A
3104 5033 3303 5091 Judaeis
3349 5034 3509 5090 enim!

1908 5134 2116 5182 tantum
2165 5127 2485 5193 timebatur,
2541 5129 2663 5198 quia
2696 5129 2795 5199 ipsi
2842 5129 2911 5183 ab
2938 5145 3004 5186 eo
3050 5128 3286 5185 carnalia
3342 5135 3497 5197 pete-

1906 5218 2040 5274 bant
2071 5239 2082 5273 :
2116 5220 2407 5275 timebatur
2437 5222 2505 5276 ab
2535 5222 2614 5276 cis
2662 5237 2728 5277 ne
2757 5222 2910 5277 daret
2944 5222 3067 5277 illos
3108 5222 3161 5276 in
3206 5219 3505 5289 captivitav

1908 5320 2038 5377 tem,
2067 5326 2133 5365 ne
2177 5319 2378 5366 terram
2416 5311 2520 5366 illis
2553 5311 2813 5377 auferret,
2854 5327 2923 5366 ne
2976 5313 3028 5365 in
3077 5310 3339 5381 grandine
3368 5322 3500 5364 con-

1906 5404 2157 5457 tuntleret
2210 5402 2350 5456 vites
2406 5418 2592 5456 eorum
2621 5442 2637 5467 ,
2693 5416 2760 5455 ne
2796 5400 2998 5454 faceret
3046 5398 3259 5454 steriles
3297 5412 3507 5453 uxores

1902 5507 2113 5548 eorum.
2167 5490 2291 5547 Haec
2322 5493 2466 5547 enim
2516 5492 2756 5547 carnalia
2786 5491 3052 5561 promissa
3085 5490 3180 5545 Dei
3218 5490 3503 5554 tenebant,

1902 5594 1959 5641 et
1982 5586 2103 5639 ideo
2130 5601 2255 5640 eum
2309 5584 2588 5639 timebant.
2630 5581 2833 5637 Gentes
2874 5589 3054 5635 autem
3107 5579 3356 5635 similiter
3387 5588 3495 5637 ter-

1901 5696 2033 5736 rena
2070 5679 2361 5749 petebant,
2414 5678 2507 5732 sed
2558 5690 2663 5730 non
2693 5690 2725 5729 a
2756 5673 2886 5739 Deo,
2910 5674 3037 5744 quia
3080 5674 3153 5749 ab
3191 5674 3348 5729 idolis
3382 5675 3511 5730 suis'

1904 5748 2085 5826 omnia
2116 5771 2217 5826 sibi
2249 5771 2364 5827 dari
2404 5767 2774 5825 crediderunt.
2827 5765 2895 5821 Ut
2926 5748 3180 5821 inhabitet
3231 5765 3399 5837 gloria
3439 5768 3495 5820 in

1903 5872 2043 5918 terra
2064 5872 2262 5929 nostra,
2301 5863 2356 5917 in
2382 5875 2487 5932 qua
2521 5858 2697 5932 gloria
2733 5858 2918 5916 omnia
2965 5860 3345 5917 condonantur
3396 5857 3492 5913 de-

1899 5956 2044 6018 licta.
2072 5953 2437 6010 Misericordia
2458 5962 2506 6009 et
2530 5952 2747 6023 ueritas,
2758 5968 2865 6026 qua
2894 5951 3186 6025 implentur
3203 5950 3494 6022 promissa,

1897 6048 2230 6102 obviaverunt
2252 6046 2371 6117 sibi,
2388 6047 2516 6119 quia
2539 6046 2661 6106 hac
2686 6047 2793 6106 duo
2817 6046 2871 6104 in
2898 6044 3116 6103 Christo
3142 6040 3486 6100 conveniunt.
