3918 6442
470 488 568 545 591

1109 476 1371 536 REMlGlI
1407 474 2071 538 ANTISSIODORENSIS
2107 471 2261 533 Ol’P.
2298 473 2478 531 PARS
2514 470 2557 530 l.
2597 503 2665 515 —
2702 471 3113 530 EXEGETICA.

3607 475 3695 534 591

477 601 685 658 Veritas
710 600 765 656 in
792 612 858 655 eo
885 596 1007 663 fuit,
1035 606 1299 668 quantum
1320 597 1385 652 ad
1406 595 1639 659 Judaeos,
1671 595 1794 664 quia
1817 594 1897 650 eis
1924 609 2052 663 pro—
2078 593 2132 655 Α
2153 591 2427 659 videlicet,
2455 594 2511 647 in
2541 602 2681 648 terra
2730 601 2933 657 nostra,
2978 592 3031 646 id
3062 598 3166 657 est,
3205 590 3260 645 in
3286 604 3508 663 corpore
3543 601 3699 650 nostro

464 694 669 751 missus
694 689 818 756 fuit,
849 689 923 745 ibi
949 687 1129 744 divina
1157 686 1367 757 eloquia
1391 683 1629 741 fuerunt.
1657 682 2052 748 Misericordia,

468 783 603 840 ubi?
630 782 686 837 in
720 779 828 837 illis
869 779 963 851 qui
992 778 1313 835 dimiserant
1342 777 1512 831 Deum
1557 790 1715 830 suum
1745 782 1802 830 et
1828 787 2056 829 conver-

466 882 651 931 terant
678 889 739 931 se
765 871 831 928 ad
860 870 1122 927 daemonia
1153 883 1168 922 :
1193 868 1286 924 sed
1317 865 1555 937 nunquid
1578 875 1634 921 et
1657 877 1754 922 eos
1775 862 2057 934 deSpexit?

464 967 610 1033 Non,
638 965 765 1038 quia
800 978 898 1036 per
922 958 1350 1018 misericordiam
1379 971 1474 1014 eos
1515 955 1750 1012 vocavit.
1775 952 2056 1022 Quomodo

466 1060 514 1117 si
545 1058 770 1123 diceret,
792 1061 1019 1117 voca.et
1046 1051 1179 1107 istos
1200 1049 1360 1122 longe
1391 1048 1647 1121 fugitivos
1690 1045 1783 1117 qui
1827 1044 2054 1101 multum

462 1168 497 1208 a
530 1165 622 1208 me
644 1154 1006 1205 recesserunt.
1046 1142 1189 1199 Voca
1208 1184 1225 1212 ,
1254 1154 1302 1198 et
1340 1142 1598 1197 inuenient
1628 1156 1711 1194 me
1740 1146 2057 1210 quaerentem

465 1259 543 1310 se,
575 1240 702 1312 quia
729 1240 831 1312 ipsi
855 1239 1113 1295 volebant
1143 1251 1391 1307 quaerere
1429 1249 1535 1291 me.
1575 1233 1716 1288 Ecce
1742 1229 1977 1301 qualiter
2006 1229 2059 1283 in

464 1334 683 1391 Christo
728 1329 1095 1388 misericordia
1118 1339 1168 1385 et
1209 1329 1399 1383 veritas
1427 1326 1761 1381 obuiaverunt
1800 1322 1918 1378 sibi.
1957 1320 2058 1377 Se-

462 1424 906 1499 quitur,Justitia
931 1433 979 1478 et
1007 1436 1115 1495 pax
1137 1420 1388 1476 osculata:
1415 1429 1559 1474 sunt.
1582 1415 1699 1472 Hoc
1722 1415 1789 1471 ad
1816 1428 1915 1469 nos
1933 1427 2060 1484 per-

403 1535 406 1538 '
462 1519 625 1585 tinet,
650 1515 805 1589 quia,
826 1514 1078 1571 veniente
1099 1512 1341 1578 Christo,
1354 1509 1572 1582 justitia
1598 1518 1648 1563 et
1675 1522 1783 1578 pax
1809 1518 1908 1576 per
1938 1518 2062 1574 gra-

425 1615 603 1668 tiam
655 1609 775 1682 ejus
821 1610 877 1666 in
927 1607 1240 1664 hominibus
1295 1611 1688 1662 convenerunt.
1744 1600 1881 1658 Nota
1933 1600 2061 1671 quia

466 1702 515 1759 si
541 1717 652 1759 non
675 1700 947 1756 amaveris
965 1713 1182 1770 pacem,
1202 1712 1311 1754 non
1336 1694 1583 1752 habebis.
1609 1695 1810 1749 Amant
1827 1692 1971 1748 enim
2001 1705 2062 1748 se

468 1796 579 1851 duo
606 1795 711 1851 ista
747 1793 962 1864 justitia
997 1801 1045 1846 et
1073 1805 1211 1862 pax,
1253 1797 1309 1845 et
1343 1787 1657 1845 osculantur
1702 1801 1781 1852 se,
1825 1793 1920 1851 ut,
1968 1782 2062 1853 qui

465 1888 666 1947 fecerit
685 1885 989 1959 justitiam,
1037 1884 1277 1941 inveniat
1318 1898 1529 1956 pacem.
1564 1881 1791 1953 Oportet
1825 1893 1956 1952 ergo
2002 1885 2064 1933 ut

2158 685 2263 742 sibi
2286 684 2646 741 conformata.
2680 685 2835 742 Unde
2863 684 3061 740 Paulus
3092 705 3105 739 :
3139 683 3209 740 Ut
3234 687 3365 741 sciat
3394 686 3701 758 unusquisque

2156 778 2423 848 possidere
2465 794 2555 832 uas
2583 793 2738 832 suum
2763 775 2820 831 in
2860 775 3277 845 sanctiﬁcatione
3302 785 3352 831 et
3387 777 3591 842 honore,
3619 792 3703 831 nos

2156 872 2215 927 in
2277 871 2521 943 passione
2567 869 2858 937 desiderii,
2909 869 3047 924 sicut
3100 877 3276 940 gentes
3331 883 3447 939 qua:
3496 868 3701 938 ignorant

2157 961 2328 1018 Deum
2357 960 2410 1033 (Ι
2438 960 2619 1016 Thess.
2646 958 2742 1032 tv).
2775 958 2873 1016 Vel
2901 959 2999 1026 sic,
3030 968 3089 1013 ut
3128 958 3387 1013 inhabitet
3432 956 3587 1028 gloria
3626 957 3707 1013 im-

2157 1055 2528 1121 mortalitatis,
2561 1054 2889 1127 relinquitur
2931 1063 2988 1108 ut
3010 1069 3108 1123 per
3135 1050 3546 1108 inobedientiam
3574 1066 3706 1121 quam

2158 1164 2443 1207 servamus
2465 1148 2673 1205 homini
2703 1147 3007 1210 Dominico,
3039 1152 3351 1201 revertatur
3369 1143 3536 1215 gloria
3562 1143 3709 1199 incor-

2159 1240 2534 1314 ruptibilitatis
2581 1241 2650 1296 ad
2676 1248 2873 1295 terram
2906 1245 3170 1294 nostram.
3203 1235 3562 1291 Misericordia
3580 1244 3624 1289 et
3646 1250 3711 1289 ce-

2158 1334 2290 1389 ritas
2331 1333 2663 1389 obviaverunt
2700 1331 2822 1386 sibi.
2867 1329 3032 1397 Quasi
3064 1325 3352 1385 dicat:Sic
3390 1328 3614 1400 loquetur
3632 1324 3712 1380 Do~

2158 1426 2333 1484 minus
2354 1442 2535 1498 pacem
2557 1440 2713 1496 super
2727 1431 2938 1481 sanctos
2953 1437 3079 1478 suos
3094 1430 3143 1477 et
3159 1421 3217 1476 in
3229 1436 3317 1477 eos
3336 1421 3429 1493 qui
3448 1428 3712 1475 conuertun-

2162 1528 2251 1573 tur
2268 1518 2339 1574 ad
2367 1534 2474 1583 cor,
2503 1516 2631 1587 quia
2650 1514 3013 1572 misericordia
3055 1524 3106 1571 et
3134 1514 3329 1569 veritas
3350 1512 3654 1569 convenient
3670 1510 3714 1566 in

2161 1611 2302 1684 ipso,
2332 1610 2553 1685 iustitia
2581 1620 2632 1667 et
2686 1627 2795 1683 pax
2828 1609 3081 1665 osculata:
3124 1618 3248 1665 sunt
3285 1609 3343 1664 in
3394 1609 3567 1673 nobis,
3593 1608 3713 1679 quia,

2157 1705 2440 1778 iustiﬁcati
2474 1719 2573 1777 per
2628 1704 2829 1775 ipsum,
2877 1717 3071 1774 pacem
3112 1718 3235 1758 cum
3285 1701 3399 1759 Deo
3437 1699 3716 1757 habebimus

2160 1813 2262 1871 per
2286 1799 2462 1869 ipsum
2493 1797 2673 1870 (Rom.
2693 1796 2773 1870 v).
2806 1796 2878 1853 Et
2900 1784 3174 1868 quomodo
3202 1793 3343 1850 hoc?
3391 1792 3523 1862 Quia
3563 1793 3716 1847 ueritas

2163 1891 2230 1947 de
2272 1899 2415 1946 terra
2452 1899 2571 1945 orta
2597 1897 2698 1956 est,
2731 1888 2788 1945 id
2823 1896 2930 1955 est,
2969 1903 3095 1944 vera
3132 1886 3405 1944 confessio
3445 1885 3633 1941 orietur
3667 1897 3716 1938 ex

464 1981 739 2054 praecedat
779 1981 1028 2052 justitia,
1059 1988 1115 2035 et
1145 1987 1410 2049 sequatur
1439 1993 1546 2049 pax
1573 1994 1594 2045 ;
1637 1975 1851 2048 justitia
1880 1974 2013 2030 dicit
2043 1991 2057 2029 :
2088 1959 2136 2021 Β
2163 1980 2492 2046 hominibus,
2525 1979 2651 2050 quia
2682 1978 2818 2033 nihil
2844 1979 3029 2035 verius
3076 1992 3239 2048 quam
3282 1984 3346 2031 ut
3384 1976 3543 2032 homo
3578 1970 3716 2030 conﬁ-

470 2070 596 2128 Non
621 2072 822 2145 furtum
864 2072 1047 2143 facies,
1070 2087 1177 2126 non
1215 2069 1538 2125 adulterabis
1560 2066 1759 2141 (Exod.
1788 2066 1918 2139 xx);
1953 2082 2062 2123 non

464 2162 638 2219 facias
656 2163 814 2219 alteri
834 2164 978 2233 quod
994 2163 1104 2234 pati
1128 2177 1234 2218 non
1258 2161 1340 2216 vis
1361 2160 1514 2233 (Tob.
1539 2175 1623 2225 1v;
1650 2157 1843 2213 Matth.
1863 2157 2061 2227 xxvu).

467 2252 600 2312 Haec
619 2254 851 2313 forsitan
892 2256 1217 2321 contemnis,
1241 2262 1297 2311 et
1326 2253 1459 2309 dicit
1488 2251 1586 2308 tibi
1631 2267 1737 2322 pax
1768 2267 1788 2306 :
1810 2250 1948 2318 Quid
1978 2263 2067 2304 me

468 2347 707 2419 quaeris?
732 2346 925 2403 Amica
956 2362 1077 2403 sum
1099 2346 1346 2418 iustitiae,
1396 2358 1776 2416 quemcunque
1806 2343 2066 2398 invenero

468 2437 756 2496 inimicum
803 2438 996 2496 amicae
1048 2454 1205 2507 mete,
1259 2438 1329 2494 ad
1376 2436 1529 2493 illum
1568 2451 1676 2491 non
1722 2437 1943 2493 accedo.
1974 2434 2068 2490 Vis

469 2546 604 2606 ergo
633 2532 825 2589 venire
874 2536 944 2589 ad
986 2532 1214 2604 pacem?
1262 2529 1350 2588 fac
1385 2529 1675 2601 justitiam.
1728 2529 1884 2585 Unde
1931 2528 2069 2584 alius

466 2625 715 2698 psalmus
737 2625 872 2682 dicit
903 2644 919 2680 :
960 2625 1180 2681 Declina
1207 2642 1241 2680 a
1269 2623 1408 2679 malo
1430 2664 1447 2691 ,
1475 2634 1523 2679 et
1551 2623 1638 2694 [ac
1667 2622 1858 2677 bonum
1892 2620 2066 2691 (Psal.

469 2718 686 2792 xxxvn).
709 2717 827 2776 Hoc
863 2717 1011 2775 enim
1036 2717 1223 2774 facere
1246 2725 1333 2774 est
1358 2716 1644 2789 justitiam,
1680 2723 1734 2771 et
1760 2715 1839 2771 sic
1862 2715 2069 2785 inquire

467 2825 685 2882 pacem;
716 2819 767 2866 et
802 2826 1016 2883 sequere
1039 2827 1157 2866 eam
1183 2818 1241 2866 et
1259 2809 1550 2882 justitiam,
1577 2817 1632 2864 et
1652 2808 1864 2878 justitia
1886 2817 1941 2863 et
1966 2823 2070 2879 pax

471 2916 535 2958 se
581 2902 903 2959 occidantur
948 2904 1049 2960 sic.
1092 2903 1250 2971 Quod
1279 2912 1459 2960 autem
1488 2912 1551 2957 ut
1597 2901 1719 2967 ﬁat,
1760 2899 1968 2957 Veritas
2008 2902 2072 2956 de

471 3002 616 3048 terra
640 3002 762 3049 orta
797 3004 897 3062 est,
921 2994 979 3050 id
1003 3005 1110 3061 est,
1141 2994 1393 3051 Christus
1434 2995 1527 3065 qui
1559 2995 1625 3050 de
1655 2994 1950 3066 semetipso
1986 2995 2070 3050 di-

471 3086 551 3144 cit
576 3101 595 3142 :
630 3084 748 3160 Ego
784 3103 903 3143 sum
931 3088 1036 3156 nia,
1068 3094 1117 3142 et
1147 3089 1363 3156 veritas,
1387 3097 1437 3142 et
1466 3088 1570 3142 vita
1600 3086 1795 3159 (Joan.
1826 3086 1963 3157 xxv).
1996 3087 2074 3142 De

2163 2082 2344 2131 teatur
2382 2088 2443 2130 se
2484 2088 2607 2129 esse
2658 2080 3029 2143 peccatorem.
3067 2069 3220 2138 Quod
3254 2066 3536 2124 attendens
3576 2063 3718 2138 publi-

2166 2181 2334 2224 canus
2356 2164 2700 2238 percutiebat
2729 2170 2920 2235 pectus
2949 2175 3132 2227 suum,
3162 2158 3351 2215 dicens
3384 2175 3400 2214 :
3430 2156 3586 2223 Deus,
3620 2170 3717 2226 pro-

2164 2261 2329 2332 pitius
2357 2267 2466 2314 esto
2496 2257 2627 2312 mihi
2677 2255 2943 2329 peccatori
2982 2253 3137 2325 (Luc.
3173 2250 3354 2323 xvm).
3385 2251 3523 2308 Ecce
3566 2249 3718 2304 ueritas

2167 2353 2232 2410 de
2256 2363 2399 2410 terra
2438 2362 2555 2408 orta
2598 2360 2695 2417 est,
2724 2351 2851 2422 quia
2891 2347 3162 2405 confessio
3188 2355 3537 2419 peccatorum
3569 2343 3721 2398 abbo-

2166 2443 2317 2500 mine
2342 2442 2489 2500 facta
2516 2449 2620 2498 est.
2649 2439 2755 2496 Sed
2785 2439 2914 2512 quid
2941 2438 3226 2510 sequitur?
3246 2436 3414 2492 Amen
3450 2435 3562 2490 dico
3586 2432 3717 2496 nobis,

2168 2536 2434 2593 descendit
2471 2534 2556 2589 hic
2590 2532 2921 2604 justiﬁcatus
2965 2532 3023 2585 in
3074 2531 3289 2585 domum
3343 2543 3498 2582 suam
3544 2524 3601 2580 ab
3647 2521 3719 2576 illo

2170 2630 2368 2704 (ibid).
2393 2630 2466 2688 Ut
2496 2639 2676 2686 autem
2706 2642 3101 2701 cognoscamus
3132 2625 3260 2697 quia
3308 2625 3501 2681 ueritas
3547 2617 3719 2676 confes

2171 2724 2380 2796 sionem
2426 2722 2738 2795 significat,
2793 2722 3081 2776 audiamus
3128 2717 3396 2775 Joannem
3449 2714 3719 2772 dicentem:

2173 2813 2231 2871 Si
2266 2815 2554 2870 dixerimus
2594 2814 2722 2885 quia
2756 2823 3027 2885 peccatum
3057 2825 3164 2866 non
3208 2808 3483 2875 habemus,
3523 2804 3723 2874 nosipsol

2171 2909 2494 2976 seducimus,
2545 2917 2594 2964 et
2630 2907 2819 2963 veritas
2841 2906 2897 2960 in
2942 2903 3091 2960 nobis
3146 2919 3251 2958 non
3282 2912 3361 2958 est
3407 2899 3461 2973 (Ι
3504 2899 3650 2955 Joan.
3675 2895 3721 2965 l).

2172 3001 2442 3073 Quoniam
2491 3009 2675 3057 autem
2714 3000 2857 3055 facta
2901 2996 3267 3064 confessione,
3300 2994 3440 3050 fides
3467 2989 3724 3063 iustiﬁcam

2175 3097 2242 3153 de
2279 3094 2436 3161 cmlo,
2472 3094 2525 3149 id
2551 3101 2670 3157 est,
2723 3092 2790 3148 de
2833 3090 3117 3147 divinitate
3150 3102 3251 3144 nos
3286 3086 3614 3158 prospiciat,
3653 3080 3720 3136 ille

473 3175 704 3250 Virgine
743 3177 916 3235 Maria
941 3188 1217 3246 nascetur,
1243 3188 1291 3235 et
1336 3179 1417 3235 sic
1445 3179 1679 3250 justitia,
1703 3179 1760 3234 id
1805 3187 1890 3234 est
1916 3178 2070 3246 ﬁdes,
2175 3188 2317 3244 idem
2348 3186 2586 3242 Joannes
2604 3184 2904 3257 subiungit,
2932 3183 3120 3238 dicens
3145 3197 3159 3235 :
3186 3178 3617 3249 Sirconﬁteamur
3637 3190 3707 3245 pec

469 3267 806 3341 iustiﬁcam:
826 3270 893 3327 άθ
909 3272 1037 3328 εωίο
1064 3273 1349 3343 prospexit.
1375 3272 1585 3329 εθίίίοθι
1610 3273 1679 3329 de
1708 3272 1929 3329 homine
1961 3271 2069 3328 Βο-
2101 3326 2143 3348 ﬂ
2175 3290 2295 3335 cata
2334 3289 2535 3345 nostra,
2553 3276 2727 3348 fidelis
2749 3286 2824 3331 est
2850 3285 2897 3330 et
2910 3274 3093 3344 justus
3117 3280 3175 3325 ut
3212 3271 3445 3326 remittat
3472 3269 3605 3324 nobis
3634 3275 3701 3334 pet

475 3363 681 3422 minico
733 3379 836 3422 nos
873 3365 1187 3437 prospiciet.
1220 3367 1287 3422 Et
1331 3367 1476 3424 unde
1530 3367 1676 3423 hoc?
1704 3366 1916 3422 Etenim
1963 3367 2071 3422 Do-
2099 3326 2146 3391 Ο
2176 3382 2315 3438 cata,
2353 3380 2403 3426 et
2440 3326 2634 3441 pniget
2673 3384 2767 3423 nos
2794 3366 2858 3421 ab
2883 3326 3025 3420 ὦπηὶ
3054 3363 3333 3434 iniquitate
3380 3358 3602 3431 (ibid.);
3640 3364 3710 3409 tan

472 3457 651 3513 minus
673 3456 821 3514 dabit
862 3458 1264 3531 benignitatem,
1303 3460 1358 3517 id
1400 3470 1508 3529 est,
1539 3462 1902 3517 abundantem
1942 3476 2069 3531 gra-
2175 3480 2338 3537 quam
2352 3464 2399 3519 si
2423 3464 2629 3519 diceret
2647 3459 2830 3516 divina
2853 3453 3429 3514 scientia:Parcamus
3451 3450 3569 3506 huic
3591 3443 3724 3503 homi-

473 3547 633 3616 tiam,
660 3558 713 3605 et
740 3550 821 3606 sic
849 3560 991 3607 terra
1017 3564 1220 3621 nostra,
1259 3570 1381 3625 quas
1413 3556 1567 3627 prius
1610 3557 1935 3628 germinavit
1963 3558 2072 3630 Spi-

475 3640 927 3709 nasettribulos,
957 3643 1101 3698 dabit
1133 3644 1366 3715 fructum
1401 3663 1581 3714 suum,
1609 3648 1846 3705 fructum
1877 3649 2071 3705 videli-

475 3739 568 3788 cet
608 3732 769 3790 bona:
796 3736 1135 3806 operationis
1168 3756 1183 3793 :
1214 3748 1268 3794 et
1311 3739 1415 3796 hoc
1461 3756 1570 3797 non
1601 3757 1671 3798 ex
1716 3744 1937 3810 merito,
1978 3745 2075 3801 sed

475 3838 547 3881 ex
580 3826 757 3899 gratia
782 3827 905 3895 Dei,
926 3829 1056 3899 quia
1076 3830 1313 3900 justitia,
1338 3830 1588 3890 Christus
1611 3833 1864 3890 videlicet
1901 3850 1933 3890 a
1964 3849 2072 3905 quo

474 3917 747 3987 processit
768 3920 948 3977 omnis
969 3906 1207 3990 justitia,
1238 3933 1361 3978 ante
1387 3941 1508 3980 eum
1536 3925 1824 3981 ambulabit
1850 3941 1871 3980 :
1897 3925 2076 3997 fungi-

476 4015 571 4062 tur
617 4008 872 4067 videlicet
896 4010 1018 4068 vice
1069 4012 1274 4084 legati,
1327 4016 1822 4074 reconciliationem
1867 4018 2074 4075 faciens

478 4101 625 4159 inter
666 4118 881 4160 summa
919 4113 976 4161 et
1006 4105 1153 4173 ima,
1183 4116 1234 4162 et
1260 4119 1416 4178 ponet
1448 4127 1658 4181 gressus
1698 4128 1841 4179 suos,
1872 4113 1928 4168 id
1968 4122 2072 4179 est,

479 4191 800 4251 atiectiones
829 4211 979 4263 suas,
1010 4197 1067 4251 in
1094 4199 1201 4264 via,
1224 4198 1279 4254 id
1303 4210 1411 4269 est,
1434 4201 1489 4257 in
1513 4203 1823 4261 hominibus
1844 4203 1959 4274 jam
1986 4205 2076 4261 via

478 4300 582 4341 sua
604 4285 785 4343 factis.
816 4286 1051 4344 Possunt
1069 4291 1320 4360 superius
1344 4295 1592 4364 quaedam
1613 4295 1773 4352 aliter
1795 4297 1921 4368 legi,
1951 4297 2031 4353 sic
2057 4315 2073 4353 :

479 4376 553 4432 Et
588 4395 747 4451 super
782 4390 992 4437 sanctos
1017 4397 1160 4448 suos,
1189 4383 1244 4439 id
1279 4394 1385 4453 est,
1426 4402 1598 4458 grana
1623 4389 1677 4443 in
1703 4387 1931 4445 Judaico
1976 4405 2076 4460 po-

476 4465 633 4538 pulo,
656 4480 705 4525 et
742 4470 799 4524 in
817 4487 905 4527 eos
936 4473 1028 4544 qui
1068 4484 1442 4531 convertuntur
1475 4479 1546 4532 ad
1569 4495 1678 4533 cor.
1710 4480 1826 4536 Hoc
1844 4480 1921 4536 de
1940 4496 2075 4553 gen-

481 4563 634 4620 tibus
659 4565 866 4622 dictum
916 4576 1021 4635 est,
1050 4586 1172 4641 quae
1215 4586 1420 4629 aversae
1468 4583 1627 4630 erant
1652 4590 1682 4630 a
1729 4578 1915 4644 corde,
1946 4580 2073 4648 quia

480 4655 598 4712 vim
641 4657 870 4715 rationis
920 4661 1239 4730 amiserant,
1290 4665 1461 4720 Deum
1516 4665 1882 4737 ignorabant,
1928 4669 2069 4725 idola

480 4749 808 4819 adorabant,
859 4764 1139 4812 creaturas
1188 4756 1432 4814 Creatori
1473 4762 1898 4831 praeponebant;
1953 4779 2077 4819 con-

480 4852 659 4898 versae
691 4841 916 4899 fuerunt
937 4845 1007 4899 ad
1043 4862 1157 4914 cor,
1181 4846 1236 4901 id
1270 4858 1374 4917 est,
1420 4849 1489 4907 ad
1520 4851 1791 4909 rationem
1819 4853 2075 4910 insisten-

480 4930 613 4989 dam
637 4973 655 5001 ,
697 4936 918 5005 quando
945 4951 1005 4993 se
1034 4936 1342 4996 immundos
1386 4950 1443 4997 et
1489 4943 1646 5014 quasi
1686 4960 1882 5016 porcos
1918 4945 2079 5002 intel-

477 5019 758 5092 lexerunt,
797 5034 1023 5096 peccata
1049 5028 1420 5097 attenderunt,
1453 5032 1723 5088 medicum
1754 5035 1858 5090 sibi
1886 5050 2075 5092 neces—

477 5113 693 5171 sarium
723 5124 1070 5187 putaverunt.
1104 5117 1471 5177 Verumtamen
1491 5139 1650 5194 prope
1672 5126 1908 5182 timentes
1932 5142 2072 5182 eum.

482 5203 654 5274 Quasi
700 5208 886 5266 dicat:
918 5210 1073 5269 Licet
1120 5228 1227 5284 pax
1266 5214 1512 5282 Domini,
1542 5217 1661 5274 sive
1706 5233 1813 5288 pax
1867 5217 2071 5289 futura,

480 5299 600 5359 vita
637 5303 848 5362 scilicet
873 5314 1101 5375 aeterna,
1134 5308 1249 5364 sive
1277 5311 1652 5367 reconciliatio
1692 5313 1830 5382 ipsa,
1859 5329 1958 5386 per
1982 5330 2073 5371 sa-

479 5393 746 5464 pientiam
776 5400 873 5456 Dei
892 5398 1072 5456 Patris
1096 5402 1335 5459 humano
1363 5406 1551 5476 generi
1580 5407 1858 5476 exhibita,
1890 5407 2072 5465 futura

480 5484 560 5541 sit
581 5484 747 5559 super
765 5505 855 5545 eos
888 5492 979 5562 qui
1007 5501 1379 5548 convertuntur
1398 5493 1468 5549 ad
1486 5512 1598 5563 cor,
1616 5505 1794 5552 tamen
1826 5510 2073 5570 superest

479 5585 548 5634 ut
596 5581 689 5650 qui
727 5590 856 5651 stat,
908 5584 1091 5641 videat
1128 5601 1216 5653 ne,
1256 5587 1417 5644 cadat
1462 5587 1514 5659 (I
1556 5588 1679 5645 Cor.
1712 5588 1854 5662 xu),
1900 5602 1962 5648 ut
2008 5594 2075 5649 il-

480 5666 527 5725 li
551 5709 567 5737 ,
607 5670 861 5729 videlicet
893 5674 990 5745 qui
1038 5677 1291 5732 conversi
1342 5689 1470 5734 sunt
1505 5681 1573 5735 ad
1620 5698 1715 5737 cor
1754 5697 1911 5741 suum
1940 5724 1956 5751 ,
2009 5685 2078 5739 ti.

480 5773 676 5821 meant
700 5778 770 5820 ne
796 5765 993 5823 iterum
1026 5784 1126 5839 per
1154 5774 1660 5842 praevaricationem
1684 5791 1839 5833 suam
1860 5791 1893 5833 a
1912 5778 2077 5835 corde

489 5856 792 5924 recedant,
847 5859 976 5927 quia
1019 5875 1189 5933 prope
1232 5864 1414 5920 taliter
1457 5869 1692 5923 timentes
1733 5880 1810 5924 est
1845 5870 2077 5926 salutare

491 5945 684 6018 ipsius,
707 5949 775 6041 ad
809 5949 917 6041 hoc
937 5950 1209 6041 videlicet,
1232 5965 1290 6040 ut
1314 5956 1567 6014 inhabitet
1607 5958 1798 6031 gloria,
1828 5962 2077 6024 Christus

2175 3560 2266 3627 ni,
2299 3558 2425 3629 quia
2457 3557 2574 3627 ipse
2601 3571 2709 3610 non
2732 3553 2911 3624 parcit
2937 3551 3039 3608 sibi
3069 3567 3084 3605 :
3115 3549 3486 3620 ignoscamus,
3510 3542 3622 3616 quia
3635 3538 3725 3610 ipse

2176 3667 2237 3708 se
2270 3649 2537 3723 agnoscit.
2581 3645 2895 3704 Conversus
2944 3652 3030 3700 est
3077 3642 3145 3697 ad
3173 3656 3233 3697 se
3268 3638 3725 3712 puniendum,coo-

2174 3751 2360 3799 vertar
2381 3756 2484 3812 ego
2513 3739 2583 3796 ad
2611 3754 2734 3796 eum
2764 3735 3124 3794 liberandum.
3153 3734 3298 3789 Ecce
3316 3731 3544 3803 qualiter
3556 3723 3725 3799 justiti!

2175 3836 2241 3891 de
2268 3833 2392 3890 calo
2421 3833 2710 3906 prospexit,
2745 3831 2850 3886 hoc
2879 3838 3059 3885 autem
3102 3840 3210 3881 non
3239 3840 3310 3879 ex
3349 3822 3557 3887 merito,
3585 3816 3723 3874 sedet

2176 3929 2374 4002 gratia.
2423 3926 2637 3982 Etenim
2665 3924 2923 3979 Dominus
2974 3920 3119 3975 dabit
3166 3917 3552 3986 benignitatem,
3576 3913 3623 3967 id
3644 3913 3722 3971 est,

2178 4022 2409 4094 gratiam
2440 4019 2810 4076 abundantem
2854 4025 2916 4070 ut
2940 4014 3166 4085 incipiat
3213 4011 3488 4067 delectare
3518 4002 3722 4077 iustitia.

2179 4128 2339 4185 quem
2368 4112 2542 4183 primo
2564 4108 2871 4167 delectabat
2896 4106 3193 4177 iniquitas;
3225 4112 3280 4160 et
3309 4103 3405 4174 qui
3432 4101 3596 4172 primo
3619 4110 3720 4185 gau-

2180 4183 2350 4262 debas
2370 4205 2654 4267 ebrietate,
2684 4204 2922 4274 gaudeas
2948 4214 3095 4255 nunc
3123 4196 3458 4262 sobrietate;
3479 4205 3623 4263 quem
3643 4183 3722 4258 pri-

2178 4314 2329 4356 mum
2350 4298 2656 4355 delectabat
2682 4296 2862 4351 aliena
2885 4308 3098 4364 rapere,
3126 4289 3364 4346 delectet
3391 4300 3532 4344 nunc
3548 4279 3720 4355 propria

2180 4391 2367 4464 largiri
2399 4403 2489 4447 :et
2525 4391 2607 4447 sic
2649 4400 2792 4444 terra
2825 4396 3008 4442 nostra
3055 4384 3199 4438 dabit
3241 4382 3477 4453 fructum
3512 4391 3661 4439 suum,
3683 4378 3722 4425 cl

2181 4485 2286 4541 hoc
2310 4484 2449 4547 ideo,
2480 4482 2611 4553 quia
2636 4479 2870 4551 justitia,
2902 4477 2956 4533 id
2984 4487 3091 4541 est,
3134 4473 3411 4530 confessio
3439 4477 3608 4526 nostra
3633 4475 3721 4553 qua:

2179 4585 2263 4633 est
2312 4552 2585 4631 hominem
2629 4571 2956 4642 justifieans.
2991 4565 3149 4625 Unde
3178 4565 3310 4621 illud
3341 4579 3358 4620 :
3401 4562 3563 4619 Corde
3588 4552 3719 4642 credis

2180 4677 2267 4723 tur
2299 4666 2369 4721 ad
2382 4641 2650 4736 justitiam
2677 4662 2857 4735 (Rom.
2900 4660 2981 4732 ι).
3031 4658 3165 4712 Ante
3201 4671 3321 4711 eum
3369 4649 3652 4737 antbulabit.
3682 4641 3719 4696 id

2179 4768 2284 4825 est,
2316 4758 2545 4814 Domino
2592 4753 2926 4825 beneplacita
2977 4750 3101 4817 erit,
3149 4749 3277 4820 quia
3307 4748 3390 4803 sic
3432 4752 3575 4818 ponet
3611 4751 3719 4825 ymo

2179 4824 2275 4904 sus
2311 4864 2434 4904 suos
2460 4847 2518 4903 in
2546 4846 2677 4915 via,
2725 4824 2784 4901 id
2813 4850 2920 4911 est,
2960 4840 3278 4898 affectiones
3324 4851 3451 4895 suas
3494 4835 3543 4890 in
3587 4824 3714 4886 homi.

2179 4939 2359 4998 nibus.

2677 5023 3002 5085 PSALMUS
3038 5022 3300 5082 LXXXV.
3390 5020 3395 5033 ’

2757 5134 2956 5177 ORATIO
2994 5133 3177 5175 DAVID.

2259 5233 2278 5268 ι
2313 5212 2539 5281 lnclina,
2588 5212 2838 5280 Domine,
2884 5226 3072 5268 aurem
3101 5217 3282 5275 tuam,
3308 5216 3366 5266 et
3400 5203 3580 5265 exaudi
3617 5211 3710 5256 me.

2185 5333 2206 5367 ί
2245 5314 2501 5385 quoniam
2543 5311 2700 5383 inops
2726 5318 2782 5366 et
2823 5323 3028 5381 pauper
3055 5322 3174 5364 sum
3226 5319 3345 5375 ego.
3391 5295 3599 5359 Custodi
3624 5288 3711 5346 ani-

2184 5427 2205 5462 s
2243 5424 2387 5464 mam
2409 5422 2609 5472 meam,
2625 5405 2880 5476 quoniam
2902 5411 3121 5460 sanctus
3147 5418 3297 5458 sum:
3314 5398 3516 5458 salvum
3539 5392 3612 5447 fac
3627 5399 3712 5441 ser-

2185 5519 2206 5554 i
2240 5516 2369 5557 vum
2396 5511 2568 5567 tuum,
2595 5498 2738 5555 Deus
2767 5513 2940 5564 mens,
2981 5504 3285 5569 sperantem
3318 5493 3373 5548 in
3403 5500 3475 5547 te.
3505 5486 3710 5541 Miserere

2188 5613 2209 5647 ι
2244 5593 2387 5658 mei,
2430 5591 2680 5659 Domine,
2727 5592 2982 5662 quoniam
3013 5590 3080 5645 ad
3115 5598 3164 5645 te
3208 5583 3433 5644 clamavi
3466 5588 3565 5634 tota
3605 5571 3705 5626 die:

2189 5706 2209 5739 ί
2243 5686 2455 5742 laetifica
2487 5685 2722 5741 animam
2758 5700 2936 5741 meam
2966 5684 3109 5740 servi
3153 5683 3254 5750 tui,
3291 5677 3534 5751 quoniam
3567 5667 3623 5723 ad
3652 5672 3705 5722 ιει

2189 5797 2209 5831 ι
2247 5780 2496 5846 Domine,
2526 5779 2766 5835 animam
2804 5794 2982 5833 meam
3012 5776 3207 5832 levavi.
3236 5772 3493 5842 Quoniam
3523 5774 3571 5820 tu
3591 5802 3604 5827 ,

2189 5894 2210 5930 ι
2240 5875 2407 5944 mine,
2435 5876 2614 5931 suavis
2636 5882 2692 5929 ct
2718 5872 2886 5940 mitis,
2907 5880 2962 5929 et
2983 5872 3165 5927 multae
3183 5861 3552 5925 misericordia:
3569 5863 3705 5909 (κυεῖν

2192 5984 2212 6018 ‹
2244 5966 2345 6024 bus
2368 5966 2741 6022 invocantibus
2759 5973 2830 6021 te.
2850 5963 3086 6022 Auribus
3109 5960 3344 6033 percipe,
3368 5951 3703 6014 Dominesom‘
