3918 6446
251 476 360 532 593

1398 475 1939 537 ENARBATIONES
1979 480 2046 537 IN
2077 480 2420 540 PSALMOS.

3424 483 3530 537 594»

254 610 273 641 ι
311 590 515 647 tionem
538 601 739 655 meam,
767 598 823 644 et
853 590 1072 647 intende
1101 595 1221 647 voci
1246 592 1641 663 deprecationis
1684 608 1834 649 mere.
1867 600 1915 660 Α
1944 610 2083 649 suus
2100 593 2343 662 jactabat
2372 594 2567 661 multa,
2593 594 2751 667 inops
2778 596 3101 667 publicanus
3122 596 3485 653 conﬁtebatur
3511 617 3526 652 :

253 701 275 734 ι
312 683 370 737 in
400 683 487 738 die
524 681 886 739 tribulationis
923 700 1057 740 mete
1079 684 1309 741 clamavi
1341 686 1407 739 ad
1428 694 1499 750 ιε,
1533 686 1659 756 quia
1680 702 1840 742 exau-

251 793 272 822 σ
311 775 441 831 disti
464 791 571 832 me.
594 775 711 833 Non
735 785 818 832 est
836 777 1029 833 similis
1048 779 1127 834 tui
1155 779 1209 834 in
1236 780 1359 845 diis,
1390 779 1632 844 Domine,
1655 789 1712 835 et
1730 796 1841 837 non

249 883 271 916 ι
309 876 395 922 εει
417 868 711 924 secundum
726 884 891 939 opera
910 878 1019 925 tua.
1036 870 1237 927 Omnes
1259 881 1466 941 gentes,
1489 887 1841 944 quascunque

250 980 273 1013 ι
310 964 511 1030 fecisti,
553 966 774 1020 venient
818 974 873 1020 et
924 966 1227 1022 adorabunt
1262 982 1443 1022 coram
1474 976 1547 1033 te,
1590 967 1835 1035 Domine,

250 1074 271 1107 ι
305 1067 361 1112 ει
390 1057 771 1128 glorificabunt
801 1075 996 1116 nomen
1028 1069 1200 1115 tuum.
1229 1061 1496 1129 Quoniam
1522 1079 1750 1133 magnus
1779 1079 1839 1120 es

248 1167 269 1200 ι
312 1158 366 1204 ιιι
394 1159 447 1203 ει
474 1150 677 1208 faciens
698 1152 982 1219 mirabilia,
1011 1162 1065 1208 tu
1089 1169 1148 1209 es
1168 1155 1309 1208 Deus
1331 1154 1498 1210 solus.
1524 1154 1706 1211 Dcduc
1729 1172 1836 1225 me,

248 1259 270 1293 ι
308 1240 560 1308 Domine,
599 1243 652 1298 in
685 1244 772 1299 via
816 1254 930 1311 tua,
957 1252 1013 1300 et
1046 1245 1318 1317 ingrediar
1341 1246 1397 1300 in
1427 1247 1658 1302 veritate
1695 1256 1785 1302 tua
1821 1264 1834 1302 :

248 1354 271 1386 ι
310 1336 528 1391 laetetur
557 1354 654 1394 cor
686 1355 886 1405 meum,
912 1351 973 1394 ιιι
1009 1340 1198 1395 timeat
1221 1355 1415 1395 nomen
1449 1348 1621 1396 tuum.
1657 1340 1839 1396 Confi-

247 1448 268 1480 ι
303 1428 461 1483 tebor
504 1430 621 1495 tibi,
649 1430 875 1487 Domine
904 1432 1045 1488 Deus
1074 1448 1250 1499 meus,
1277 1449 1330 1487 tn
1363 1442 1476 1487 toto
1505 1433 1669 1488 corde
1691 1448 1836 1499 meo,

244 1540 264 1573 ι
304 1528 361 1575 ει
401 1521 715 1591 gloriﬁcaho
750 1538 945 1578 nomen
991 1532 1141 1578 tuum
1172 1525 1227 1579 in
1257 1533 1538 1579 aeternum.
1567 1524 1703 1591 Quia
1739 1525 1839 1578 mi-

242 1632 265 1666 t
305 1616 605 1671 sericordia
632 1624 722 1672 tua
751 1633 944 1689 magna
983 1629 1066 1674 est
1094 1634 1256 1688 super
1286 1634 1395 1682 me,
1424 1627 1478 1673 et
1507 1619 1697 1673 eruisti
1722 1618 1838 1673 ani-

242 1724 264 1758 ι
303 1724 454 1762 mam
502 1724 677 1764 meam
712 1725 778 1765 ex
810 1710 1022 1767 inferno
1053 1711 1315 1767 inferiori.
1348 1713 1509 1775 Deus,
1541 1712 1710 1781 iniqui
1756 1712 1840 1765 in-

241 1815 263 1849 t
297 1809 657 1853 surrexerunt
686 1816 849 1872 super
872 1817 978 1869 me,
1001 1812 1055 1857 ει
1076 1818 1346 1875 synagoga
1371 1804 1669 1874 potentium
1694 1818 1838 1874 quae-

241 1908 262 1940 ‹
302 1891 516 1945 sicrunt
553 1893 789 1947 animam
826 1910 1025 1961 meam,
1052 1904 1106 1949 et
1133 1911 1240 1949 non
1270 1903 1666 1965 proposuerunt
1696 1902 1747 1948 ιε
1780 1894 1833 1948 in

1944 687 2035 741 hic
2066 688 2350 743 exauditus
2391 696 2509 753 est,
2565 688 2654 743 ille
2685 689 2974 745 damnatus
3000 688 3161 763 (Luc.
3193 692 3384 762 xvm).
3418 690 3531 746 Nec

1944 787 2123 834 tamen
2147 780 2431 836 dicendum
2459 782 2606 851 quod
2635 782 2784 837 nullo
2811 783 2972 838 modo
2999 783 3141 839 Deus
3168 784 3425 839 exaudiat
3449 782 3531 838 di-

1942 872 2114 936 vites,
2144 874 2272 943 quia
2312 874 2357 929 si
2398 873 2593 929 divites
2636 875 2748 929 nati
2778 882 2942 941 sunt,
2972 876 3027 931 in
3074 876 3254 946 amplo
3279 876 3533 931 videlicet

1940 966 2269 1036 patrimonio
2299 977 2353 1023 et
2386 968 2443 1022 in
2483 984 2676 1039 magna
2710 968 2935 1035 familia,
2973 970 3060 1024 vel
3098 970 3169 1025 ad
3198 983 3320 1025 eum
3349 970 3529 1025 locum

1941 1057 2302 1114 humanarum
2324 1074 2504 1116 rerum
2533 1061 2894 1116 ascenderunt
2916 1060 3007 1116 ubi
3038 1061 3195 1115 ditati
3223 1070 3371 1127 sunt,
3401 1077 3529 1132 pos-

1942 1158 2068 1204 sunt
2085 1151 2347 1217 exaudiri,
2368 1154 2743 1207 tantummodo
2756 1153 2823 1208 de
2836 1153 3039 1209 divitiis
3052 1168 3157 1208 non
3172 1164 3529 1224 prtesumant,

1941 1243 2033 1298 sed
2075 1243 2333 1311 abjiciant
2373 1260 2403 1299 a
2446 1262 2503 1300 se
2533 1248 2713 1301 omnia
2736 1263 2856 1317 qua:
2884 1244 3265 1302 circumﬂuunt
3294 1248 3361 1301 ad
3394 1264 3530 1318 prae-

1940 1337 2323 1406 sumptionem,
2350 1340 2685 1394 attendentes
2703 1339 2928 1394 Paulum
2950 1340 3218 1397 dicentem
3247 1357 3259 1392 :
3292 1339 3532 1409 Prwcipe

1939 1427 2185 1481 divitious
2215 1429 2374 1498 hujus
2414 1430 2613 1495 swculi,
2646 1446 2751 1485 non
2788 1431 3019 1500 superbe
3056 1449 3260 1502 sapere,
3294 1448 3392 1487 nec
3413 1449 3530 1502 spe-

1940 1532 2060 1571 rare
2098 1518 2152 1570 in
2191 1518 2390 1572 incerto
2434 1520 2741 1574 divitiarum
2789 1520 2841 1592 (Ι
2873 1520 3008 1577 Tim.
3031 1521 3132 1589 vr).
3169 1520 3281 1576 Hoc
3300 1522 3533 1577 attendit

1938 1609 2238 1676 Abraham,
2269 1628 2433 1681 quem
2464 1611 2743 1682 Scriptura
2771 1613 3062 1683 plurimum
3096 1614 3210 1668 auri
3235 1622 3293 1669 ει
3321 1614 3529 1683 argenti

1939 1703 2160 1767 habere,
2185 1713 2239 1759 et
2261 1705 2480 1759 divitem
2507 1707 2560 1760 in
2587 1716 2731 1761 terra
2756 1723 2877 1763 esse
2900 1708 3204 1764 annuntiat.
3241 1708 3358 1778 Ipse
3384 1709 3530 1763 enim

1941 1796 2207 1851 intantum
2226 1813 2324 1867 pro
2344 1798 2513 1851 nihilo
2539 1798 2773 1853 habebat
2795 1801 3008 1855 divitias
3030 1811 3089 1855 ut
3109 1803 3293 1873 jussus
3307 1818 3336 1856 a
3352 1802 3529 1856 Domi-

1940 1905 2030 1953 no,
2061 1890 2346 1945 immolare
2384 1891 2554 1947 ﬁlium
2579 1909 2685 1948 non
2712 1894 2985 1950 dubitaret
3006 1893 3160 1966 (Gen.
3187 1895 3321 1966 χιιι)
3340 1896 3422 1950 cui
3447 1894 3532 1971 dbi-

239 2000 261 2032 t
301 1991 599 2052 conspectu
645 1999 762 2039 suo.
795 1984 861 2038 Et
899 1996 975 2051 tu,
1008 1986 1235 2042 Domine
1263 1986 1427 2051 Deus,
1459 1986 1749 2040 miserator
1781 1994 1835 2039 et
1866 1982 1910 2039 Β
1938 1983 2097 2038 vitias
2118 1986 2403 2050 servabat;
2424 1986 2705 2042 hocetiam
2729 1989 2961 2043 attendit
2985 1988 3107 2053 Joh,
3129 1991 3218 2060 qui
3242 1990 3293 2043 in
3318 1989 3531 2059 magnis

239 2096 259 2127 ι
296 2077 637 2143 misericors,
666 2079 876 2149 patiens
913 2089 968 2135 et
1017 2080 1199 2134 multa:
1230 2079 1638 2142 miscricordire,
1664 2087 1719 2132 ει
1745 2092 1833 2133 ve—

238 2185 260 2220 t
298 2184 421 2223 rax.
456 2169 683 2241 Respice
713 2171 764 2225 in
793 2187 879 2225 me
909 2180 963 2226 et
983 2172 1244 2227 miserere
1270 2172 1375 2227 mei
1403 2189 1417 2227 :
1447 2172 1514 2225 da
1545 2170 1829 2240 imperium

235 2278 257 2311 ι
295 2268 451 2315 tuum
480 2276 648 2331 puero
676 2271 791 2329 tuo,
825 2272 881 2317 ει
915 2264 1120 2318 salvum
1152 2263 1237 2319 fac
1270 2264 1438 2318 filium
1469 2263 1679 2318 ancilla:
1703 2270 1828 2316 tum.

234 2372 255 2405 ‹
293 2353 411 2408 Fac
436 2368 645 2409 mecum
672 2355 886 2426 signum
917 2355 970 2411 in
1002 2356 1226 2421 bonum,
1252 2364 1309 2409 ut
1344 2356 1564 2411 videant
1586 2356 1677 2425 qui
1708 2356 1831 2410 ode-

232 2465 253 2499 t
294 2455 429 2501 runt
471 2463 578 2513 me,
624 2457 680 2503 et
730 2448 1151 2515 confundantur,
1178 2450 1438 2522 quoniam
1469 2458 1549 2518 tu,
1578 2449 1828 2519 Domine,

232 2558 250 2593 (
291 2540 556 2611 adjuvisti
582 2556 689 2609 me,
719 2552 775 2597 et
804 2544 1116 2599 consolatus
1142 2560 1202 2599 es
1227 2558 1332 2600 me.
1373 2562 1394 2597 ι

798 2635 1255 2692 ENARRATIO.

300 2723 525 2780 Nullum
566 2724 742 2795 majus
779 2726 977 2782 donum
1000 2736 1262 2797 praestare
1303 2736 1488 2799 posset
1515 2728 1828 2786 hominibus

221 2818 375 2873 Deus
418 2816 582 2874 Pater
614 2836 777 2889 quam
822 2821 967 2891 quod
999 2819 1236 2875 Verbum
1287 2837 1446 2878 suum
1474 2864 1488 2889 ,
1538 2838 1636 2893 per
1680 2824 1825 2894 quod

220 2910 411 2964 omnia
445 2912 705 2979 condidit,
742 2913 845 2968 illis
875 2923 1038 2985 caput
1064 2914 1290 2983 faceret,
1316 2926 1369 2971 et
1396 2917 1541 2986 ipsos
1576 2919 1826 2974 homines

225 3013 495 3074 tanquam
527 3006 770 3061 membra
800 3008 849 3062 ei
878 3017 1159 3079 coaptaret
1186 3049 1203 3075 ,
1234 3017 1289 3063 et
1332 3025 1455 3064 cum
1482 3009 1647 3065 Patre
1683 3012 1826 3068 Deus

219 3105 377 3153 esset
398 3109 453 3154 et
474 3114 599 3155 cum
623 3100 935 3157 hominibus
956 3102 1118 3157 homo
1146 3122 1160 3157 :
1184 3103 1275 3172 qui
1300 3112 1353 3159 et
1375 3112 1495 3158 orat
1516 3120 1616 3175 pro
1644 3106 1822 3172 nobis,

217 3199 277 3246 et
299 3198 427 3244 orat
447 3191 499 3245 in
528 3191 707 3257 nobis,
736 3204 791 3247 et
819 3194 1078 3248 adoratur
1108 3210 1138 3248 a
1162 3194 1339 3249 nobis.
1367 3194 1498 3250 Orat
1521 3210 1622 3265 pro
1643 3196 1822 3262 nobis,

217 3282 355 3352 quia
409 3283 663 3337 sacerdos
706 3290 763 3338 et
807 3283 1029 3339 victima
1076 3294 1181 3349 est,
1209 3285 1449 3355 quotidie
1480 3287 1621 3356 apud
1652 3286 1823 3342 Deum

1938 2076 2141 2131 divitiis
2166 2077 2484 2133 innocenter
2496 2079 2651 2145 vixit,
2673 2088 2748 2143 et,
2769 2080 2985 2135 amissis
3003 2081 3274 2143 omnibus,
3300 2081 3408 2136 Deo
3428 2079 3526 2133 bc-

1936 2169 2142 2223 nedixit
2166 2169 2289 2240 (Job
2313 2170 2376 2240 ι).
2402 2169 2687 2226 Imitentur
2708 2187 2835 2244 ergo
2862 2172 3058 2228 divites
3072 2173 3251 2228 saeculi
3280 2174 3379 2227 hos
3394 2174 3531 2227 duos

1933 2274 2139 2334 patres,
2171 2272 2225 2318 et
2256 2264 2535 2320 inclinabit
2562 2265 2641 2320 eis
2680 2266 2939 2321 Dominus
2978 2281 3139 2321 aures
3174 2266 3320 2321 velut
3350 2266 3529 2335 inopi-

1933 2358 2036 2414 bus
2079 2366 2135 2413 et
2181 2359 2509 2430 pauperibus
2557 2376 2570 2413 :
2619 2359 2746 2429 quia
2791 2359 2913 2415 novi
2962 2358 3382 2414 contribulatum
3436 2373 3533 2412 cor

1932 2465 2142 2517 eorum,
2186 2460 2376 2507 etnon
2407 2452 2639 2506 oberunt
2666 2451 2746 2506 eis
2786 2450 3025 2518 divitiae,
3064 2451 3168 2506 nisi
3208 2459 3433 2521 peccent
3478 2450 3531 2503 in

1930 2543 2388 2613 praesumptione;
2447 2544 2587 2598 sicut
2627 2542 2694 2598 ad
2724 2542 2951 2598 salutem
2983 2558 3092 2598 non
3132 2543 3351 2613 prodest
3400 2557 3532 2612 pau-

1930 2644 2142 2703 pertas,
2175 2634 2221 2689 si
2262 2634 2403 2689 desit
2434 2635 2749 2701 humilitas;
2801 2635 2925 2705 quia
2958 2634 3199 2690 Lazarus
3230 2650 3436 2706 pauper
3478 2640 3534 2688 et

1929 2725 2209 2781 ulcerosus
2258 2727 2452 2780 merito
2503 2727 2699 2797 inopia:
2754 2743 2865 2782 suae
2913 2743 3021 2783 non
3074 2737 3156 2783 est
3205 2728 3273 2782 ab
3325 2728 3533 2799 angelis

1930 2826 2216 2889 susceptus
2241 2859 2256 2884 ,
2303 2835 2478 2889 neque
2508 2819 2658 2874 dives
2702 2831 2926 2889 peccato
2957 2820 3263 2875 divitiarum
3312 2836 3532 2877 suarum

1930 2912 1995 2965 ad
2029 2921 2296 2966 tormenta
2327 2912 2526 2967 missus
2559 2912 2712 2983 (Luc.
2756 2914 2902 2984 xvi),
2934 2915 3027 2969 sed
3070 2915 3124 2969 in
3155 2930 3391 2985 paupere
3432 2916 3531 2969 hu-

1930 3004 2131 3060 militas
2154 3014 2238 3061 est
2261 3004 2584 3077 gloriﬁcata,
2612 3015 2668 3061 et
2692 3006 2746 3061 in
2780 3006 2944 3062 divite
2970 3007 3224 3078 superbia
3254 3008 3527 3062 damnata.

1930 3097 2149 3154 Custodi
2178 3101 2410 3154 animam
2452 3117 2653 3165 meant,
2699 3101 2949 3171 quoniam
2987 3110 3197 3154 sanctus
3227 3116 3362 3154 sum.
3394 3098 3532 3154 Fue-

1927 3202 2055 3248 runt
2082 3193 2299 3264 quidam
2331 3195 2423 3264 qui
2460 3196 2730 3262 dixerunt,
2757 3194 2994 3249 Verbum
3019 3194 3199 3249 Patris
3230 3195 3527 3266 sumpsisse

1930 3282 2150 3342 carnem
2194 3297 2250 3342 et
2282 3304 2389 3344 non
2441 3289 2720 3343 animam:
2755 3304 2986 3359 quorum
3032 3303 3276 3344 errorem
3317 3296 3377 3342 ut
3422 3305 3528 3342 non

216 3374 448 3429 Patrem
476 3375 826 3445 interpellans
854 3392 953 3447 pro
982 3377 1158 3433 nobis.
1185 3377 1319 3434 Orat
1368 3378 1425 3433 in
1464 3378 1669 3445 nobis,»
1696 3381 1823 3450 quia
1853 3375 1898 3438 C
1932 3379 2229 3445 imitemur,
2260 3380 2545 3435 audiamus
2578 3381 2753 3451 ipsum
2784 3381 2953 3435 Deum
2989 3388 3232 3435 orantem
3262 3389 3319 3434 et
3348 3379 3530 3434 dicen-

218 3476 390 3538 caput
431 3478 673 3524 nostrum
715 3479 820 3526 est.
846 3469 957 3526 Nec
1001 3473 1105 3527 hoc
1133 3472 1351 3538 mirum,
1403 3473 1449 3527 si
1473 3481 1599 3529 sunt
1628 3473 1683 3529 in
1715 3490 1821 3529 una

124 3588 140 3595 ι
217 3576 360 3615 voce
384 3560 632 3617 Christus
656 3570 711 3617 et
742 3563 982 3618 Ecclesia
1023 3580 1140 3631 sua,
1168 3565 1292 3634 quia
1323 3575 1447 3619 sunt
1478 3566 1531 3619 in
1562 3581 1670 3621 uno
1702 3581 1823 3621 cor-

214 3666 379 3724 pore.
413 3652 609 3707 Oratur
632 3668 662 3706 a
687 3653 938 3719 nobis,ut
954 3654 1098 3711 Deus
1117 3664 1302 3711 noster
1328 3673 1341 3709 :
1364 3664 1554 3711 oratur
1576 3657 1823 3713 informa

219 3744 346 3808 Dei,
376 3754 498 3798 orat
524 3745 578 3799 in
604 3746 775 3801 forma
804 3748 945 3802 servi
974 3766 988 3803 :
1022 3747 1111 3802 hic
1139 3747 1389 3813 Creator,
1423 3749 1496 3804 ibi
1533 3760 1817 3807 creatura:

219 3838 346 3907 ejus
368 3839 615 3895 oratione
639 3840 883 3895 titulatur
903 3841 1145 3911 psalmus
1168 3843 1289 3898 iste.
1312 3844 1431 3913 ipse
1450 3845 1595 3900 enim
1624 3856 1745 3901 orat
1764 3846 1820 3901 in

215 3930 329 3985 hoc
346 3931 574 4001 psalmo,
603 3948 710 3988 non
727 3948 794 3988 ex
814 3935 1163 4003 necessitate,
1184 3938 1278 3992 sed
1294 3945 1353 3992 ut
1369 3954 1467 3994 nos
1486 3938 1679 3994 doceat
1700 3955 1821 3995 ora-

216 4040 309 4088 rc,
326 4032 382 4078 et
404 4023 632 4080 formam
649 4027 840 4082 orandi
865 4027 1019 4084 nobis
1041 4028 1306 4084 instituat.
1323 4029 1466 4085 Dicit
1488 4041 1670 4087 autem
1695 4031 1775 4088 sic
1803 4051 1815 4088 :

298 4114 532 4181 Inclina,
567 4116 810 4185 Domine,
848 4136 1030 4174 aurem
1054 4130 1201 4175 luant
1226 4130 1275 4175 et
1295 4122 1490 4178 exaudi
1516 4140 1618 4178 me.
1647 4123 1820 4195 Caput

218 4215 479 4262 nostrum
509 4223 575 4262 ex
608 4208 779 4265 forma
808 4213 952 4268 servi
977 4214 1057 4269 sic
1082 4214 1216 4269 dicit
1240 4229 1255 4269 :
1282 4215 1526 4282 Domine,
1554 4215 1816 4287 Verbum,

214 4299 425 4354 inclina
457 4317 639 4356 aurem
659 4312 806 4357 tuam
824 4313 872 4359 et
896 4306 1091 4360 exaudi
1120 4325 1200 4361 me
1220 4324 1240 4362 :
1267 4315 1323 4363 ιιι
1349 4324 1527 4376 serve,
1560 4310 1616 4365 in
1641 4310 1819 4368 forma

217 4390 441 4447 Domini
462 4393 557 4457 tui,
581 4395 676 4450 sic.
703 4394 731 4449 1
738 4396 935 4463 ncIina,
951 4398 1191 4466 Domine,
1209 4417 1391 4456 aurem
1404 4412 1573 4471 tuam,
1590 4413 1637 4458 et
1654 4421 1818 4459 exau-

216 4485 281 4538 di
298 4502 401 4539 me.
426 4486 543 4556 ipse
567 4503 694 4543 vere
719 4490 941 4545 inclinat
962 4508 1170 4559 aurem,
1196 4496 1290 4549 sed
1312 4502 1367 4549 tu
1389 4511 1495 4551 non
1516 4497 1677 4567 erigis
1694 4514 1816 4553 cer-

214 4578 400 4632 vicem
427 4596 442 4635 :
476 4580 756 4636 lmmiliato
784 4583 927 4637 enim
959 4585 1379 4658 apprOpinquat,
1410 4596 1467 4644 et
1496 4589 1566 4644 ab
1594 4589 1736 4645 elato
1757 4604 1818 4647 se

214 4671 464 4742 elongat.
506 4672 643 4728 Nota
679 4674 806 4744 quia
835 4677 1071 4731 humano
1094 4677 1255 4734 modo
1283 4678 1543 4750 loquitur,
1578 4696 1701 4737 cum
1728 4682 1812 4737 di-

1929 3480 2033 3527 tem
2065 3489 2079 3525 :
2112 3470 2331 3526 Custodi
2358 3472 2589 3526 animam
2618 3488 2821 3538 nteam,
2864 3472 3112 3542 quoniam
3141 3482 3354 3527 sanctus
3388 3487 3525 3525 sum.

1926 3562 2078 3619 Hanc
2108 3579 2326 3620 causam
2373 3564 2551 3620 nullus
2586 3573 2764 3634 potest
2797 3565 3136 3636 prmtendere
3169 3573 3227 3621 ut
3272 3566 3531 3621 exaudia-

1928 3665 2040 3722 tur,
2088 3656 2192 3712 nisi
2222 3656 2311 3712 ille
2340 3657 2432 3727 qui
2474 3658 2589 3711 sine
2628 3666 2852 3728 peccato
2891 3659 3091 3713 eratin
3135 3659 3238 3715 hoc
3286 3660 3526 3725 mundo,

1924 3756 2273 3818 peccatorum
2304 3764 2411 3803 non
2443 3750 2880 3817 commissorum,
2938 3751 3031 3807 sed
3069 3753 3312 3807 omnium
3343 3752 3529 3807 dimis-

1924 3856 2128 3897 sorum.
2174 3841 2293 3910 Ipse
2338 3842 2485 3897 enim
2509 3852 2595 3898 est
2639 3853 2883 3909 sanctus,
2934 3859 3042 3898 non
3069 3846 3137 3899 ab
3172 3844 3293 3899 aliis
3328 3846 3529 3899 sancti.

1924 3930 2142 3997 ﬁcatus,
2170 3931 2266 3986 sed
2289 3946 2480 3988 omnes
2509 3932 2648 3989 alios
2675 3932 3047 3989 sanctiﬁcatos
3072 3933 3441 4000 sanctiﬁcans,
3475 3943 3529 3989 ει

1924 4025 2045 4081 ideo
2080 4039 2271 4081 secure
2310 4026 2456 4081 dicat
2485 4043 2498 4079 :
2526 4024 2749 4081 Custodi
2784 4027 3018 4081 animam
3046 4043 3240 4092 meam,
3279 4028 3529 4097 quoniam

1923 4126 2137 4172 sanctus
2168 4133 2305 4175 sum.
2346 4116 2404 4170 Si
2439 4126 2619 4173 autem
2664 4118 2720 4171 in
2750 4132 2883 4173 voce
2926 4118 3299 4173 membrorum
3329 4117 3528 4172 dixeri-

1924 4225 2068 4275 mus,
2101 4209 2345 4265 dicemus
2380 4228 2392 4263 ε
2424 4208 2643 4265 Custodi
2685 4212 2917 4264 animam
2957 4227 3151 4273 meam,
3184 4211 3236 4267 id
3263 4220 3347 4266 est
3385 4227 3527 4265 moo-

1921 4314 2065 4367 rum,
2094 4302 2349 4371 quoniam
2379 4312 2592 4357 sanctus
2629 4318 2770 4367 sum,
2800 4302 2851 4357 id
2876 4311 2983 4369 εει,
3028 4304 3201 4358 sancti
3227 4312 3353 4358 sunt
3378 4305 3482 4359 moi
3509 4347 3523 4368 ,

1921 4392 2131 4447 scilicet
2178 4408 2274 4463 per
2318 4394 2548 4464 gratiam
2589 4394 2933 4450 sanctiﬁcati.
2997 4394 3147 4451 Unde
3185 4395 3427 4451 Paulus:
3459 4396 3525 4450 Et

1921 4485 2025 4540 hoc
2060 4485 2275 4552 quidam
2316 4486 2516 4555 fuistis,
2552 4487 2643 4541 sed
2687 4487 2853 4541 abluti
2896 4487 3042 4553 estis,
3090 4489 3181 4543 sed
3212 4489 3526 4558 sancti/ica“

1920 4576 2042 4631 estis
2074 4576 2125 4649 (1
2155 4575 2280 4631 Cor.
2310 4578 2409 4647 γι).
2444 4578 2513 4633 Ει
2540 4579 2644 4633 hoc
2671 4578 2831 4635 modo
2866 4586 3045 4650 potest
3077 4579 3248 4650 accipi
3275 4580 3527 4651 quoniam

1921 4678 2135 4723 sanctus
2160 4685 2301 4735 sum,
2330 4678 2389 4724 ut
2419 4670 2491 4725 sit
2520 4668 2790 4726 confessio
2821 4685 2930 4725 non
2958 4671 3175 4742 ingrati,
3208 4687 3309 4727 nec
3338 4687 3526 4743 super-

214 4764 298 4817 ni;
327 4783 339 4817 ζ
376 4763 604 4831 ιηειίηα,
657 4767 898 4834 nomine,
948 4788 1128 4824 αηνεηι
1176 4783 1342 4838 mam,
1381 4782 1431 4828 ει
1476 4776 1671 4831 exaudi
1706 4793 1809 4832 me.
1841 4768 1893 4830 1)
1918 4758 2005 4813 hia
2032 4758 2191 4813 elati:
2222 4760 2349 4829 quia
2378 4760 2423 4814 si
2452 4759 2655 4816 dixeris
2684 4769 2736 4815 te
2765 4770 3015 4817 sanctum
3036 4778 3157 4819 esse
3181 4776 3247 4817 ex
3278 4771 3527 4829 te,men-

215 4854 363 4923 Quia
395 4857 569 4913 solent
590 4861 996 4927 bomines,cum
1021 4873 1282 4934 rogantur
1308 4866 1376 4921 ab
1398 4868 1607 4933 amicis,
1626 4883 1823 4939 quam-

215 4947 348 5000 dam
382 4946 724 5004 aifectionem
756 4962 1203 5020 praemonstrare,
1234 4965 1289 5010 et
1320 4956 1398 5011 sic
1423 4959 1631 5014 amicos
1660 4973 1823 5015 exau-

214 5036 339 5091 dire
370 5053 383 5089 :
416 5040 559 5107 quod
597 5039 749 5103 dicit,
788 5040 1020 5109 Inclina,
1059 5042 1300 5109 Domine,
1338 5063 1520 5101 aurem
1554 5059 1734 5116 tuam,
1765 5059 1815 5105 et

214 5132 419 5186 exaudi
450 5149 549 5186 me.
583 5132 749 5200 Quasi
777 5135 924 5189 dicat
954 5154 966 5189 :
999 5134 1169 5207 Eger
1192 5155 1337 5206 sum,
1370 5150 1424 5195 et
1456 5158 1561 5196 non
1594 5159 1815 5213 possum

215 5241 310 5279 me
332 5226 545 5298 erigere
568 5229 634 5282 ad
662 5236 734 5295 te,
764 5227 888 5298 quia
913 5242 1020 5283 non
1049 5240 1133 5284 est
1158 5231 1391 5287 hominis
1415 5234 1647 5303 dirigere
1672 5238 1814 5292 viam

217 5331 379 5371 suam
413 5318 549 5388 (Jer.
572 5319 652 5387 χ),
685 5328 738 5373 ιιι
769 5328 1143 5386 autem,more
1175 5322 1347 5378 ﬁdelis
1371 5325 1591 5390 medici,
1616 5326 1813 5381 inclina

220 5411 293 5463 ad
320 5426 403 5464 me
432 5426 613 5465 aurem
634 5422 800 5477 tuam,
828 5422 875 5467 et
903 5414 1099 5468 exaudi
1122 5430 1221 5469 me.
1255 5414 1323 5469 Et
1345 5416 1508 5472 debes
1533 5433 1619 5473 me
1647 5433 1815 5473 exau-

220 5504 361 5569 dire,
403 5508 655 5575 quoniam
685 5508 855 5576 inops,
889 5507 943 5561 id
971 5518 1053 5562 est
1084 5508 1201 5562 sine
1249 5524 1374 5578 ope,
1402 5508 1608 5564 nullum
1662 5509 1815 5581 adju-

220 5598 427 5651 torium
460 5596 668 5653 habens
696 5599 797 5653 nisi
830 5598 883 5652 in
921 5610 994 5665 te,
1019 5611 1063 5653 et
1095 5616 1293 5670 pauper
1323 5617 1440 5655 sum
1474 5618 1566 5672 ego
1586 5642 1600 5668 ,
1628 5603 1679 5658 id
1706 5612 1813 5671 est,

222 5690 279 5746 in
321 5692 574 5746 omnibus
612 5691 963 5749 insuiliciens.
998 5692 1134 5748 Nota
1160 5694 1286 5765 quia
1318 5694 1471 5765 inops
1509 5703 1563 5749 et
1590 5712 1814 5768 pauper,

222 5782 281 5837 id
330 5790 436 5850 est,
476 5785 699 5840 humilis
744 5793 798 5839 et
846 5784 1141 5849 conﬁtens,
1180 5795 1386 5841 tantum
1417 5786 1814 5856 exaudiuntur,

224 5893 332 5931 non
361 5879 505 5934 enim
531 5881 597 5934 ad
628 5882 933 5935 saturatam
966 5892 1019 5935 et
1042 5882 1106 5935 ad
1129 5880 1427 5949 jactantem
1461 5899 1518 5937 sc
1546 5884 1701 5952 quasi
1734 5884 1819 5939 ni-

224 5970 303 6027 hil
323 5971 592 6030 sibi‘desit
617 5971 916 6029 inoliuatur
938 5971 1084 6027 auris
1111 5972 1224 6027 Dei.
1258 5972 1417 6029 Dives
1444 5974 1589 6029 cnim
1618 5973 1814 6035 Phari-

1929 4854 2034 4908 dax
2063 4868 2120 4908 es
2146 4863 2200 4909 et
2230 4854 2515 4923 superbus.
2560 4855 2713 4911 Hanc
2738 4857 3047 4928 superbiam
3080 4858 3358 4929 redarguit
3384 4857 3526 4927 Apo-

1928 4944 2128 5001 stolus:
2149 4944 2288 5012 Quid
2311 4947 2448 5000 enim
2463 4947 2619 5001 habes
2634 4948 2774 5018 quod
2788 4965 2891 5003 non
2907 4950 3188 5019 accepisti?
3209 4949 3262 5023 (1
3276 4950 3397 5004 Cor.
3426 4952 3525 5021 tv.)

1929 5037 2137 5094 Rursus
2182 5039 2353 5094 ﬁdelis
2399 5039 2453 5094 in
2498 5039 2718 5096 Christo
2755 5050 2809 5097 et
2860 5044 3166 5099 membrum
3210 5042 3432 5109 Christi,
3479 5044 3525 5098 si

1927 5131 2130 5186 dixeris
2162 5140 2210 5185 te
2240 5146 2343 5186 non
2374 5145 2493 5187 esse
2516 5142 2789 5201 sanctum,
2818 5135 3063 5207 ingratus
3090 5152 3171 5191 es.
3214 5136 3368 5191 Dicat
3394 5152 3523 5207 ergo

1926 5226 2156 5296 quisque
2180 5242 2287 5281 non
2310 5227 2377 5281 de
2401 5242 2460 5282 se
2477 5238 2771 5297 praesumat
2797 5247 2810 5283 :
2835 5227 3055 5285 Custodi
3074 5231 3306 5284 animam
3329 5246 3519 5296 meam,

1923 5321 2173 5389 quoniam
2196 5330 2408 5375 sanctus
2442 5338 2579 5377 sum.
2606 5322 2824 5378 Salvum
2847 5324 2935 5394 [ac
2956 5340 3159 5379 servum
3183 5332 3349 5389 tuum,
3379 5322 3523 5378 Deus

1924 5428 2068 5467 meus
2093 5454 2107 5480 ,
2156 5424 2451 5483 sperantem
2486 5416 2540 5470 in
2587 5427 2636 5469 te
2663 5455 2679 5480 ,
2728 5431 2833 5470 non
2875 5423 3294 5487 prmsumentem
3330 5414 3397 5469 dc
3442 5430 3521 5469 se.

1924 5502 2064 5558 Ecce
2094 5504 2180 5559 hic
2210 5514 2433 5575 apparet
2463 5507 2588 5577 quia
2620 5516 2841 5562 sanctus
2872 5506 2961 5562 ille
2985 5521 3093 5562 non
3122 5514 3206 5562 est
3232 5507 3520 5578 superbus,

1925 5596 2050 5666 quia
2076 5595 2129 5650 in
2168 5595 2399 5651 Domino
2436 5612 2494 5652 se
2520 5612 2740 5667 sperare
2772 5598 2925 5653 dicit.
2969 5598 3222 5653 Miserere
3247 5599 3373 5663 mei,
3410 5598 3519 5652 Do-

1924 5689 2080 5755 mine,
2138 5690 2387 5759 quoniam
2434 5689 2504 5744 ad
2546 5700 2597 5745 te
2644 5690 2892 5747 clamabo
2930 5701 3039 5747 tota
3087 5693 3188 5747 die.
3241 5692 3520 5748 Clamabat

1925 5799 2121 5853 corpus
2152 5783 2352 5839 Christi
2381 5792 2489 5837 tota
2534 5783 2647 5850 die,
2682 5784 2734 5839 id
2776 5794 2861 5841 est
2893 5787 3041 5841 omni
3086 5796 3329 5856 tempore
3350 5827 3364 5850 ,
3395 5785 3519 5855 quia

1925 5892 2096 5947 usque
2125 5877 2177 5930 in
2202 5874 2362 5929 linem
2389 5876 2569 5931 saeculi
2595 5876 2867 5934 durabunt
2888 5895 3179 5950 pressurae,
3205 5894 3303 5949 pro
3325 5878 3520 5948 quibus

1925 5970 2265 6025 clamandum
2301 5978 2384 6026 est
2416 5979 2469 6027 et
2498 5972 2821 6043 gemendum
2855 5974 3148 6045 unicuique
3186 5974 3239 6029 in
3270 5972 3384 6029 suis
3407 5970 3520 6026 die-
