3918 6410
408 416 511 476 595
1053 415 1312 474 REMlGll
1347 414 2005 476 ANTISSIODORENSIS
2040 413 2190 472 OPP.
2231 411 2414 472 PARS
2449 413 2492 471 Ι.
2529 441 2601 456 -
2637 408 3046 470 EXEGETICA.
3557 411 3660 470 ιοσ

403 534 547 608 δυσ,
570 540 632 592 ut
657 547 802 594 nunc
832 533 1080 592 videlicet
1111 534 1327 605 clamet,
1361 537 1451 609 qui
1495 495 1636 592 nunc
1670 534 1803 590 vivit
1832 553 1844 587 :
1875 547 1982 604 quo
2010 535 2063 596 A
2088 531 2211 588 mali
2240 531 2462 601 petam?
2497 530 2642 588 Nihil
2679 529 2810 590 mali
2833 530 3076 602 petebas,
3109 528 3254 588 sicut
3273 539 3337 588 tu
3365 530 3658 590 sentiebas.

405 634 644 696 mortuo,
675 627 916 688 succedit
942 627 1230 684 haereditas
1255 647 1268 682 :
1297 637 1351 684 et
1379 628 1573 684 clamet
1595 627 1674 684 sic
1701 635 1763 684 ut
1783 626 1986 682 clamor

407 721 483 780 sit
520 729 633 777 tota
678 721 763 778 die
789 762 806 790 ,
848 721 902 778 id
944 730 1046 787 est,
1084 736 1253 792 usque
1295 722 1347 775 in
1379 721 1541 778 ﬁnem
1580 720 1762 777 saeculi
1800 729 1991 776 exten-

402 813 598 887 datur;
639 815 744 886 vel,
789 814 1010 878 clamavi
1053 825 1164 870 tota
1211 815 1296 870 die
1323 855 1337 880 ,
1389 814 1442 869 id
1482 823 1603 882 est,
1643 823 1753 868 tota
1795 812 1990 868 mentis

407 903 655 974 dat-itam
678 946 696 974 ,
746 904 1044 976 abjiciendo
1087 917 1277 962 omnes
1332 903 1684 975 cogitationes
1734 902 1988 958 tenebra-

402 987 529 1050 rum
571 1013 583 1050 :
629 994 838 1064 laetiﬁca
885 994 1114 1050 animam
1155 995 1288 1050 servi
1345 994 1463 1061 tui,
1510 994 1602 1072 qui
1656 990 1990 1050 contristasti

407 1086 641 1142 animam
670 1086 808 1142 servi
859 1085 935 1140 tui
964 1084 1048 1140 vel
1078 1085 1259 1158 potius
1284 1084 1463 1140 liberti
1497 1085 1569 1140 tui
1595 1123 1610 1149 ,
1640 1085 1814 1140 Adam
1838 1083 1989 1138 vide-

403 1179 553 1245 licet,
578 1181 666 1250 qui
696 1180 763 1234 ab
789 1179 1002 1252 egregia
1032 1189 1086 1234 et
1107 1178 1342 1251 gloriosa
1367 1178 1625 1235 servitute
1651 1185 1740 1231 tua
1768 1177 1993 1231 descen—

410 1272 489 1327 dit
515 1272 579 1326 ad
609 1271 850 1350 inﬁmam
878 1265 933 1341 et
953 1272 1324 1344 turpissimam
1346 1272 1648 1328 libertatem
1672 1285 1826 1326 suam
1850 1267 1993 1340 quod

407 1357 567 1438 dicit,
617 1355 826 1439 laniﬁca
865 1369 1096 1434 angimam
1141 1367 1276 1424 servi
1315 1368 1409 1421 tui.
1452 1365 1521 1422 Et
1562 1364 1724 1422 debes
1771 1363 1951 1420 facere
1975 1403 1992 1434 ,

405 1460 532 1531 quia
564 1459 633 1516 ad
661 1469 728 1528 te,
759 1457 999 1526 Domine,
1027 1459 1262 1512 animam
1290 1472 1460 1511 meam
1485 1455 1668 1512 levavi.
1695 1454 1833 1510 Nota
1866 1454 1992 1526 quia

404 1559 467 1605 ut
510 1551 745 1617 animam
790 1560 937 1605 tuam
982 1550 1125 1607 leves
1166 1549 1231 1604 ad
1273 1548 1594 1613 Dominum,
1643 1562 1750 1603 non
1787 1547 1995 1618 indiges

406 1639 625 1696 fllllllllls
647 1640 727 1694 vel
753 1641 1017 1706 machinis
1037 1640 1179 1708 aliis,
1201 1639 1395 1712 quibus
1417 1639 1564 1696 leves
1585 1638 1820 1694 animam
1847 1647 1993 1696 tuam

408 1731 477 1785 ad
507 1726 814 1798 Dominum,
857 1732 948 1786 sed
982 1730 1293 1786 affectiones
1322 1729 1474 1785 bonae
1504 1736 1630 1785 sunt
1661 1728 1754 1783 tibi
1796 1729 1994 1799 gradus

409 1823 476 1879 ad
519 1823 823 1890 Dominum,
870 1823 974 1882 iter
1008 1833 1152 1880 tuum
1201 1822 1450 1878 voluntas
1478 1829 1568 1876 tua
1603 1830 1687 1877 est
1719 1835 1731 1874 :
1763 1821 1994 1876 amando

406 1918 690 1985 ascendis,
743 1917 1058 1994 negligendo
1102 1916 1419 1984 descendis;
1461 1923 1612 1972 stans
1660 1914 1712 1968 in
1756 1920 1900 1968 terra
1939 1914 1994 1970 in

406 2012 542 2068 coelo
570 2028 628 2067 es
665 2013 710 2069 si
758 2013 934 2086 diligis
980 2013 1169 2080 Deum.
1209 2011 1325 2068 Non
1355 2010 1499 2066 enim
1539 2009 1617 2066 sic
1660 2009 1868 2066 levatur
1901 2025 1996 2066 cor

406 2105 676 2177 quomodo
720 2122 918 2177 corpus
960 2124 972 2160 :
1018 2107 1144 2178 quia
1190 2120 1386 2178 corpus
1435 2113 1494 2159 ut
1541 2103 1768 2172 levetur,
1817 2104 1996 2161 locum

404 2208 580 2254 mutat
605 2217 616 2252 :
644 2215 737 2254 cor
759 2209 939 2254 autem
966 2206 1026 2253 ut
1050 2199 1257 2255 levetur
1276 2198 1607 2257 voluntatem
1631 2205 1822 2252 mutat.
1851 2196 1995 2264 Quo-

404 2291 549 2346 niam
578 2291 646 2345 ad
677 2302 745 2359 te,
778 2290 1015 2356 Domine,
1049 2291 1279 2345 animant
1310 2306 1476 2344 meam
1510 2288 1688 2356 levavi,
1720 2298 1774 2345 et
1805 2289 1998 2344 merito

408 2381 474 2436 ad
507 2391 577 2450 te,
604 2382 858 2453 quoniam
890 2383 943 2435 in
974 2382 1174 2448 mundo
1200 2380 1333 2436 nihil
1363 2381 1521 2448 habet
1543 2381 1721 2442 anima
1748 2396 1864 2440 mea
1893 2381 1998 2438 nisi

404 2465 719 2550 pressuram
747 2485 802 2531 et
830 2477 1245 2540 amaritudinem
1281 2494 1293 2530 :
1335 2485 1390 2532 et
1419 2477 1557 2532 unde
1595 2477 1868 2536 dulcescat
1892 2493 2000 2534 non

405 2569 594 2636 liabet,
623 2570 727 2626 nisi
763 2584 820 2632 se
855 2570 922 2624 ad
961 2578 1014 2630 te
1041 2569 1201 2626 levet.
1247 2567 1510 2638 Quoniam
1546 2579 1625 2636 tu,
1671 2569 1908 2638 Domine,
1941 2584 2002 2628 es

409 2661 603 2728 suavis,
639 2661 689 2715 id
713 2670 795 2717 est
822 2661 1012 2728 dulcis,
1040 2672 1087 2716 et
1116 2662 1282 2728 mitis,
1309 2661 1579 2736 patienter
1605 2659 1881 2722 tolerando
1902 2675 2002 2717 nos

411 2755 582 2807 donec
605 2753 871 2826 perlicias.
906 2753 1187 2824 Quomodo
1223 2762 1406 2812 autem
1435 2753 1577 2812 Deus
1606 2769 1704 2810 nos
1733 2754 2004 2826 patienter

412 2845 642 2906 tolerat,
679 2844 791 2900 leve
837 2856 920 2901 est
963 2847 1252 2924 unicuique
1289 2846 1593 2917 inspicere,
1632 2847 1697 2902 ad
1739 2847 2004 2922 seipsqu

410 2936 538 2990 velit
567 2937 895 2991 descendere
930 2956 941 2990 :
975 2939 1100 3010 quia
1137 2938 1222 2992 vix
1256 2948 1339 2993 est
1381 2938 1595 3007 aliquis,
1627 2938 1719 3008 qui
1751 2939 2003 2995 beatissi-

407 3043 554 3082 mam
601 3027 745 3081 illam
791 3028 1088 3083 orationem
1107 3069 1127 3096 ν,
1174 3028 1227 3082 in
1271 3043 1377 3098 qua
1422 3027 1532 3082 Deo
1567 3027 1905 3083 familiariter
1951 3035 2005 3082 et

412 3124 616 3170 attente
660 3116 805 3186 loqui
844 3117 1092 3180 deberet,
1133 3117 1212 3178 sic
1244 3116 1399 3182 linire
1436 3118 1643 3192 possit,
1676 3128 1733 3170 ut
1771 3119 2003 3190 phanta-

413 3214 586 3261 smata
619 3215 674 3262 et
716 3207 988 3263 illusiones
1012 3224 1165 3264 vana}
1194 3225 1298 3264 non
1329 3210 1626 3264 incurrant.
1660 3210 1812 3279 Unde
1835 3209 1960 3274 alibi
1988 3227 2001 3264 :

415 3297 678 3362 Quoniam
714 3297 876 3352 lumbi
906 3299 1006 3353 mei
1034 3299 1232 3370 impleti
1275 3309 1392 3356 sunt
1422 3289 1914 3358 illusionibusfSCd
1950 3302 2005 3356 in

414 3389 502 3444 bis
544 3391 794 3446 omnibus
834 3392 1038 3462 patitur
1079 3407 1179 3449 nos
1224 3392 1367 3449 Deus
1411 3393 1583 3448 donec
1629 3393 1909 3465 perﬁciat,
1953 3404 2009 3449 et

417 3483 587 3538 donec
617 3497 710 3538 cor
748 3493 988 3538 nostrum
1022 3484 1359 3540 inveniamus
1389 3504 1400 3538 :
1435 3494 1494 3540 ut
1534 3485 1695 3556 digne
1731 3500 1852 3539 eum
1883 3499 2005 3540 ore-

414 3589 556 3629 mus.
582 3574 736 3630 Unde
771 3575 938 3630 David
970 3593 982 3628 :
1015 3574 1221 3642 Inveni,
1256 3575 1485 3632 Domine
1512 3576 1675 3642 Deus,
1705 3591 1799 3632 cor
1827 3591 2008 3631 meum

414 3673 478 3718 ut
504 3679 720 3720 orarem
749 3665 814 3718 ad
845 3673 897 3720 te
929 3665 1016 3735 (II
1043 3665 1172 3737 Reg.
1207 3665 1325 3735 vn).
1371 3665 1590 3720 Tolerat
1632 3667 1686 3720 in
1717 3666 1874 3722 nobis
1908 3666 2009 3722 hoc

420 3755 584 3820 Deus,
634 3755 776 3825 quod
808 3771 969 3810 nemo
1009 3755 1252 3824 iudicum
1284 3755 1366 3812 vel
1412 3757 1709 3812 amicorum
1755 3758 1866 3834 pati
1897 3757 2008 3812 vel-

418 3849 495 3902 let
529 3865 544 3901 :
573 3847 696 3917 quia
729 3863 835 3902 non
865 3856 948 3902 est
982 3849 1187 3904 amicus
1215 3848 1306 3920 qui
1341 3863 1444 3904 non
1471 3848 1692 3922 indigne
1728 3847 1934 3922 ferret,
1965 3847 2011 3920 si

422 3939 802 3994 collocutorem
853 3954 1007 3994 suum
1055 3939 1123 3993 ad
1153 3938 1316 3996 alium
1359 3954 1419 3996 se
1465 3948 1679 3996 vertere
1704 3939 1915 3995 videret
1957 3947 2013 3996 et

421 4029 559 4098 velle
607 4028 944 4084 confabulari
988 4028 1100 4095 alii,
1153 4039 1439 4100 postquam
1480 4045 1663 4088 secum
1713 4030 1856 4102 loqui
1899 4031 2012 4086 dis-

421 4121 622 4192 posuit.
678 4119 865 4175 Nullus
930 4129 1014 4176 est
1069 4121 1234 4176 etiam
1277 4120 1518 4190 judicum
1568 4123 1659 4193 qui
1719 4139 1826 4179 non
1879 4123 2015 4178 indi-

355 4269 370 4289 \
423 4223 701 4287 guaretur,
754 4216 797 4270 si
843 4214 1003 4270 alicui
1050 4214 1230 4270 locum
1283 4231 1465 4271 secum
1513 4215 1766 4286 loquendi
1810 4217 2012 4271 consti-

424 4312 548 4375 tuit,
583 4319 636 4365 et
673 4307 762 4363 ille
806 4323 863 4363 se
893 4308 1070 4363 subito
1100 4308 1166 4362 ad
1200 4307 1365 4362 alium
1398 4315 1674 4374 verteret,
1715 4317 1918 4362 etcum
1952 4321 2016 4362 eo

422 4403 570 4472 loqui
599 4402 878 4472 inciperet.
916 4399 1179 4466 Quoniam
1201 4409 1277 4464 tu,
1300 4400 1541 4467 Domine,
1570 4401 1744 4456 suavis
1770 4409 1821 4458 et
1850 4401 2016 4468 mitis,

428 4505 474 4550 et
515 4494 695 4547 multm
725 4493 1146 4547 misericordiw:
1187 4493 1442 4562 quoniam
1493 4493 1663 4564 gratis
1715 4508 1876 4556 vocas
1905 4535 1918 4559 ,
1965 4502 2019 4548 et

2083 623 2223 683 Nam
2256 623 2384 695 Quid
2421 623 2466 679 si
2500 622 2590 679 ille
2613 630 2798 694 raptus
2819 631 2934 691 est,
2969 637 3041 680 ne
3071 622 3279 682 malitia
3319 632 3562 680 nutaret
3585 623 3664 680 inv

2091 715 2400 773 tellectum?
2421 716 2514 772 sed
2529 725 2783 787 peccator
2807 715 3024 787 iniquus
3043 723 3183 783 erat,
3204 715 3396 774 etideo
3419 716 3662 777 volebam

2087 823 2214 866 eum
2244 807 2446 874 virere,
2479 814 2538 863 ut
2555 807 2962 878 corrigeretur:
2998 816 3057 866 tu
3085 807 3306 868 volebas
3328 822 3456 866 eum
3485 807 3663 866 vivere

2090 907 2152 954 ut
2183 897 2377 954 melior
2403 908 2567 954 esset.
2593 897 2730 966 Quid
2763 898 2809 954 si
2832 899 2974 954 Deus
3003 906 3228 956 noverat
3251 896 3495 969 peiorem
3518 896 3662 954 futu-

2091 1003 2218 1044 rum
2255 988 2302 1044 si
2326 987 2563 1044 viveret?
2597 987 2749 1044 Unde
2776 1003 2904 1059 ergo
2935 988 3079 1045 nosti
3106 987 3249 1058 quod
3291 987 3367 1055 illi
3391 988 3663 1059 prodesset

2093 1078 2232 1134 mori
2281 1093 2348 1132 an
2388 1077 2610 1133 vivere?
2656 1076 2712 1134 Si
2761 1092 2891 1149 ergo
2935 1093 3043 1134 non
3090 1079 3273 1152 nosti,
3317 1077 3434 1144 redi
3477 1079 3544 1135 ad
3577 1093 3666 1134 cor

2093 1169 2276 1236 tuum;
2327 1166 2538 1222 dimitte
2570 1167 2679 1226 Deo
2729 1169 3018 1228 consilium
3060 1179 3249 1234 tuum;
3299 1168 3497 1226 invoca
3544 1183 3664 1239 ergo

2095 1261 2262 1315 Deum
2305 1268 2562 1331 tanquam
2608 1262 2816 1328 Deum;
2851 1276 2971 1318 ama
3001 1276 3124 1316 eum
3163 1267 3422 1332 tanquam
3463 1261 3664 1330 Deum;

2096 1352 2186 1408 illo
2229 1353 2361 1408 nihil
2415 1353 2606 1408 melius
2653 1363 2776 1420 est;
2823 1354 2877 1418 in
2926 1353 3016 1409 illo
3055 1362 3265 1416 tantum
3320 1354 3575 1424 gaudium
3621 1365 3670 1412 et

2097 1445 2382 1511 securitas,
2415 1445 2539 1516 quia
2580 1446 2785 1502 homini
2808 1445 3011 1502 nullum
3054 1455 3137 1502 est
3158 1445 3414 1518 gaudium
3441 1456 3668 1514 certum,

2097 1554 2196 1594 nec
2245 1539 2299 1593 in
2340 1539 2548 1608 seipso,
2594 1554 2694 1594 nec
2733 1539 2786 1594 in
2835 1539 2939 1594 alio
2972 1557 2983 1592 :
3018 1539 3144 1609 quia
3188 1553 3377 1600 omnes
3415 1547 3511 1606 aut
3551 1537 3672 1594 mali

2097 1642 2240 1709 sunt,
2265 1641 2319 1687 et
2344 1648 2564 1688 necesse
2584 1641 2666 1689 est
2688 1648 2780 1688 eos
2799 1633 2944 1704 pati;
2968 1640 3061 1689 aut
3083 1633 3230 1700 boni,
3259 1633 3353 1692 sed
3385 1632 3674 1692 timendum

2099 1737 2183 1784 est
2212 1742 2278 1781 ne
2309 1735 2585 1782 mutentur
2616 1726 2670 1782 in
2710 1724 2992 1782 malitiam.
3030 1723 3121 1780 Sic
3165 1741 3296 1794 ergo
3336 1723 3473 1782 nihil
3509 1733 3676 1784 estex

2099 1834 2206 1890 quo
2249 1819 2320 1873 sit
2365 1824 2574 1876 certum
2607 1815 2859 1883 gaudium
2911 1815 3016 1871 nisi
3047 1815 3209 1870 Deus.
3253 1813 3371 1884 lpse
3405 1823 3494 1870 est
3537 1814 3680 1870 enim

2099 1908 2337 1982 perfecte
2365 1908 2561 1974 bonus,
2590 1915 2645 1961 et
2667 1906 2720 1960 in
2752 1907 2994 1964 bonitate
3017 1920 3405 1976 permansurus
3429 1919 3647 1976 semper
3666 1945 3682 1970 ,

2101 1999 2242 2070 quod
2269 1999 2400 2053 dicit
2433 2020 2444 2051 ;
2486 1996 2746 2064 Quoniam
2771 2006 2848 2064 tu,
2884 1997 3124 2066 Domine,
3163 1997 3336 2052 suavis
3365 2005 3413 2062 el
3437 1997 3604 2064 mitis,
3642 2004 3685 2050 el

2100 2092 2281 2147 multa?
2308 2091 2682 2147 misericordia:
2718 2090 2954 2144 omnibus
2977 2087 3337 2158 invocantibus
3365 2097 3437 2160 te.
3467 2087 3536 2146 Et
3562 2087 3685 2162 quia

2101 2194 2159 2239 tu
2191 2200 2269 2251 es,
2302 2184 2466 2252 Deus,
2496 2184 2672 2238 suavis
2695 2194 2740 2237 et
2769 2183 2929 2250 mitis,
2958 2189 3012 2236 et
3038 2181 3176 2250 ideo,
3206 2181 3449 2248 Domine,
3477 2180 3688 2246 auribus

2102 2276 2306 2348 percipe
2328 2315 2343 2342 ,
2391 2274 2443 2330 id
2486 2283 2600 2340 est,
2629 2274 2716 2346 pia
2748 2272 3096 2332 exauditione
3131 2272 3351 2344 percipe
3393 2273 3688 2336 orationem

2105 2386 2295 2436 meam,
2329 2369 2384 2423 id
2412 2378 2515 2438 est,
2548 2382 2792 2422 meorum
2812 2407 2825 2434 ,
2858 2364 3056 2421 factam
3087 2379 3186 2442 pro
3217 2364 3558 2430 incremento
3592 2365 3691 2420 vir-

2107 2469 2302 2526 tutum,
2334 2473 2378 2515 et
2417 2446 2623 2515 intende
2656 2459 2767 2530 voci
2801 2457 3180 2529 deprecationis
3211 2473 3358 2526 mete,
3404 2457 3459 2512 id
3483 2466 3588 2522 est,
3618 2456 3695 2512 in-

2107 2563 2319 2608 tonsum
2361 2561 2412 2606 te
2460 2538 2552 2607 fac,
2587 2547 2723 2612 meis
2753 2547 3172 2618 deprecantibus
3207 2561 3306 2617 pro
3325 2537 3536 2602 dilecto
3578 2561 3690 2600 suo.

2106 2643 2173 2698 Et
2201 2658 2332 2702 ecce
2358 2657 2527 2722 quare
2558 2650 2611 2695 tu
2638 2640 2898 2695 exaudire
2929 2637 3094 2694 debes
3121 2653 3136 2693 :
3165 2637 3289 2708 quia
3319 2637 3377 2706 in
3421 2637 3509 2710 die
3537 2638 3700 2696 tribu-

2107 2735 2320 2789 lationis
2359 2751 2523 2802 mere,
2577 2733 2628 2787 id
2686 2741 2803 2798 est,
2865 2733 2917 2785 in
2968 2741 3211 2802 tempore
3245 2730 3704 2804 peregrinationis

2109 2843 2263 2896 meae,
2296 2828 2352 2882 in
2376 2828 2480 2882 hac
2507 2826 2619 2881 vita
2646 2823 2896 2897 videlicet
2919 2825 3086 2896 ;.quia
3111 2823 3340 2898 quisque
3365 2838 3394 2876 a
3418 2824 3531 2878 Deo
3551 2839 3704 2893 pere-

2110 2922 2358 2994 grinatur
2390 2928 2447 2976 et
2483 2919 2754 2990 atlligitur,
2795 2916 3018 2971 clamavi
3047 2915 3116 2970 ad
3161 2925 3240 2982 te,
3280 2915 3542 2972 subaudis
3579 2930 3704 2986 pro—

2108 3001 2449 3078 merendum,
2478 3010 2623 3082 quod
2652 3010 2874 3067 effectus
2904 3007 3139 3078 indicat,
3167 3007 3291 3083 quia
3332 3015 3387 3061 tu
3427 3007 3703 3062 exaudisli

2108 3120 2224 3160 me:
2252 3105 2378 3184 quia
2408 3122 2512 3161 non
2547 3112 2723 3175 potest
2751 3119 2857 3160 non
2903 3102 3176 3178 exaudiri,
3209 3101 3301 3171 qui
3329 3100 3397 3162 ad
3431 3110 3484 3156 te
3516 3115 3707 3157 revera

2109 3200 2448 3256 clamaverit.
2479 3199 2548 3254 Et
2579 3199 2774 3254 merito
2800 3197 2868 3252 ad
2898 3206 2950 3252 te
2993 3196 3284 3266 clamatur,
3327 3196 3457 3266 quia
3496 3211 3607 3254 non
3634 3200 3705 3252 est

2111 3294 2299 3349 similis
2328 3293 2404 3347 tui
2429 3293 2484 3347 in
2508 3292 2630 3346 diis.
2665 3290 2897 3365 Fingant
2937 3287 3038 3348 sibi
3067 3288 3199 3362 deos
3231 3301 3368 3358 quos
3401 3285 3594 3356 volunt
3617 3301 3707 3358 pa-

2112 3389 2236 3462 gani
2266 3428 2280 3454 ,
2320 3395 2376 3442 et
2419 3385 2728 3456 conducant
2778 3380 2962 3452 fabros
3001 3378 3374 3457 argentarios,
3413 3377 3704 3449 auriﬁces,

2115 3481 2480 3554 expositores,
2509 3476 2832 3546 sculptores,
2870 3483 2929 3529 ut
2955 3473 3161 3548 faciant
3187 3471 3291 3550 sibi
3330 3470 3498 3547 deos;
3529 3470 3589 3532 in
3627 3469 3706 3530 his

2112 3578 2361 3634 omnibus
2387 3591 2493 3630 non
2525 3581 2607 3642 est
2633 3570 2828 3642 similis
2868 3569 2967 3642 tui,
2993 3568 3247 3644 Domine,
3279 3565 3402 3640 quia
3447 3564 3550 3640 ipsi
3583 3573 3705 3630 sunt

2112 3667 2301 3736 oculos
2351 3665 2651 3728 habentes,
2695 3672 2750 3716 et
2790 3676 2903 3734 non
2947 3658 3232 3732 videntes,
3269 3664 3378 3734 etc.
3410 3653 3551 3722 Nota
3585 3654 3705 3725 quia

2112 3760 2270 3826 dixit,
2307 3757 2432 3812 Non
2461 3765 2536 3810 est
2582 3752 2769 3807 similis
2798 3752 2873 3804 tui
2906 3765 2924 3803 :
2955 3750 3057 3824 hoc
3089 3748 3306 3822 quidem
3354 3745 3457 3816 dici
3489 3754 3702 3824 potest;

2114 3837 2207 3908 sed
2237 3851 2292 3906 in
2318 3857 2520 3921 quanto
2549 3847 2620 3908 sit
2643 3845 2784 3904 Deus
2813 3843 3006 3900 similis
3030 3884 3045 3918 ,
3075 3841 3183 3920 dici
3218 3856 3324 3912 non
3355 3848 3556 3912 potest,
3587 3839 3705 3909 quia

2115 3946 2257 4021 quod
2287 3957 2394 4016 non
2422 3923 2493 3995 sit
2515 3939 2678 4006 Deus,
2706 3935 2929 4012 intelligi
2952 3941 3154 4008 potest,
3183 3931 3309 4004 quia
3332 3947 3440 4004 non
3465 3928 3703 4000 angelus,

2115 4040 2196 4094 vel
2231 4046 2480 4100 creatura
2513 4033 2691 4106 aliqua
2721 4049 2734 4086 :
2769 4031 2898 4118 quid
2939 4039 3120 4103 autem
3158 4028 3228 4090 sit
3259 4027 3425 4091 Deus,
3449 4023 3703 4096 explicari

2117 4149 2222 4189 non
2255 4138 2433 4208 potest
2459 4147 2470 4182 :
2498 4129 2625 4214 quia
2651 4143 2754 4182 non
2779 4125 2903 4180 vidit
2933 4123 3138 4200 oculus,
3171 4138 3261 4176 nec
3304 4120 3453 4175 auris
3485 4118 3705 4186 audivit,

2117 4241 2209 4279 nec
2232 4225 2284 4276 in
2311 4239 2400 4276 cor
2427 4209 2652 4290 hominis
2682 4216 2914 4272 ascendit
2949 4213 2998 4285 (1
3040 4210 3164 4284 Cor,
3196 4211 3281 4284 ll).
3313 4210 3434 4290 ipse
3463 4209 3611 4264 enim
3635 4216 3711 4265 est

2119 4311 2407 4371 inell‘abilis
2452 4321 2506 4382 et
2544 4309 3072 4390 incircumscriptum
3101 4306 3314 4372 lumen;
3353 4304 3495 4374 quod
3545 4304 3709 4358 dicit;

2124 4407 2246 4463 Non
2287 4416 2360 4460 est
2392 4403 2578 4459 similis
2605 4403 2682 4468 tui
2711 4403 2761 4478 in
2792 4401 2925 4470 diis,
2957 4398 3208 4462 Domine,
3250 4396 3304 4452 id
3347 4405 3431 4450 est
3456 4437 3471 4461 ,
3502 4396 3560 4448 in
3614 4395 3710 4447 diis

2122 4517 2258 4583 quos
2286 4501 2468 4576 colunt
2496 4498 2691 4578 pagani
2729 4514 2740 4551 :
2770 4495 2856 4566 vel
2885 4496 2942 4549 in
2968 4494 3070 4548 diis
3091 4533 3106 4560 ,
3143 4492 3197 4547 id
3227 4499 3342 4560 est,
3389 4490 3445 4558 in
3477 4490 3586 4544 illis
3627 4488 3711 4558 qui

425 4595 645 4640 vocatos
666 4586 834 4655 gratis
851 4584 1148 4655 justilicas;
1187 4584 1271 4638 vel
1295 4584 1472 4640 multa:
1487 4585 1861 4638 misericordiw
1892 4585 2005 4658 quia

2124 4579 2230 4648 non
2262 4607 2327 4646 ex
2356 4600 2544 4662 natura
2579 4588 2692 4654 ina,
2726 4587 2816 4642 sed
2847 4601 2914 4640 ex
2941 4583 3118 4656 gratia
3152 4590 3240 4649 tua
3284 4581 3356 4658 dii
3383 4579 3513 4634 facti
3559 4589 3708 4633 sunt:

429 4676 485 4730 in
512 4676 666 4731 nobis
693 4683 782 4730 tua
805 4676 942 4730 dona
981 4688 1330 4740 remuneras,
1361 4675 1453 4746 qui
1492 4675 1587 4731 das
1610 4677 1749 4730 bona
1779 4675 1933 4741 velle,
1963 4686 2017 4730 et

429 4783 528 4840 pro
550 4769 688 4823 bona
713 4767 990 4823 voluntate
1022 4768 1158 4823 bene
1178 4768 1390 4838 operari
1419 4785 1432 4821 :
1477 4766 1560 4822 vel
1584 4776 1773 4822 contra
1824 4768 2018 4824 multas

430 4864 746 4933 iniquitates
765 4878 822 4918 es
851 4873 906 4916 tu
931 4862 1159 4918 multum
1173 4863 1486 4918 misericors
1518 4863 1755 4917 omnibus
1775 4863 2020 4919 invocan-

431 4955 569 5010 tibus
585 4963 654 5021 te,
682 4955 734 5009 id
755 4963 855 5018 est,
885 4955 974 5024 qui
995 4963 1045 5009 te
1067 4963 1263 5008 vocant
1290 4955 1343 5008 in
1368 4971 1444 5011 se.
1465 4954 1580 5009 Non
1608 4957 2020 5028 repugnatistud

432 5046 726 5118 Scriptura:
745 5046 872 5102 alibi
898 5046 1095 5102 dicenti
1123 5065 1135 5100 :
1167 5045 1509 5112 Invocabunt,
1535 5058 1582 5100 et
1607 5065 1709 5100 non
1738 5050 2017 5104 exaudiam

433 5154 528 5195 eos
549 5137 735 5212 (Prov.
760 5139 836 5210 1);
866 5139 993 5210 quia
1023 5154 1129 5192 non
1160 5139 1523 5192 exaudiuntur
1557 5139 1657 5194 uisi
1684 5139 1852 5194 Deum
1882 5143 1932 5194 in
1963 5157 2020 5196 se

433 5241 664 5301 vocant,
697 5235 790 5289 sed
835 5233 1120 5303 pecuniam
1160 5241 1214 5286 et
1251 5241 1444 5287 cratera
1481 5248 1602 5302 quae
1648 5242 1832 5288 amant
1868 5235 1919 5289 in
1965 5249 2021 5290 se

434 5335 651 5380 vocant.
681 5325 758 5380 Illi
790 5333 968 5379 autem
1010 5325 1101 5394 qui
1137 5322 1304 5378 Deum
1348 5325 1398 5378 in
1444 5339 1503 5379 se
1546 5333 1741 5380 vocant
1766 5367 1780 5390 ,
1812 5341 2022 5395 semper

437 5415 818 5471 exaudiuntur.
848 5415 999 5472 Unde
1029 5415 1081 5469 in
1112 5415 1397 5486 Evangelio
1425 5436 1436 5470 :
1471 5413 1651 5483 Petile,
1687 5427 1733 5470 et
1761 5419 2021 5488 accipietis

439 5504 654 5573 (Matth.
679 5508 798 5579 vn).
848 5507 916 5562 Et
963 5507 1093 5561 illud
1126 5527 1138 5560 :
1175 5505 1347 5561 Unam
1378 5509 1500 5577 petii
1535 5527 1564 5561 α
1592 5508 1857 5572 ’Domino,
1890 5511 2023 5562 hanc

441 5600 701 5669 requiram
731 5599 903 5672 (Psal.
934 5600 1104 5673 xxvr).
1139 5601 1269 5657 Pete
1299 5618 1427 5672 ergo
1457 5603 1582 5672 quid
1624 5604 1910 5673 petendum
1945 5611 2027 5657 est

441 5699 497 5746 et
530 5693 801 5761 accipies:
837 5711 904 5750 ne
929 5705 1085 5767 petas
1123 5706 1350 5751 mortem
1397 5697 1598 5750 inimici
1656 5698 1727 5750 tui
1750 5738 1764 5762 ,
1817 5697 1940 5766 quia
1976 5697 2024 5749 in

444 5785 550 5840 hac
568 5787 828 5856 petitione
848 5804 955 5844 non
981 5807 1040 5844 es
1065 5792 1258 5861 dignus
1286 5800 1344 5844 ut
1373 5791 1701 5852 exaudiaris,
1728 5790 1820 5845 sed
1845 5789 1991 5844 dices
2015 5809 2024 5842 :

2127 4684 2252 4754 quia
2286 4682 2413 4736 licet
2439 4680 2588 4734 multi
2621 4681 2671 4733 in
2718 4679 2954 4733 humano
2987 4689 3186 4747 genere
3233 4671 3543 4728 admirandi
3569 4671 3672 4725 siut
3699 4710 3710 4736 ,

2127 4784 2184 4829 ut
2216 4774 2504 4835 Abraham,
2536 4773 2686 4826 Isaac
2715 4779 2769 4825 et
2793 4768 2959 4824 Jacob
2988 4776 3043 4823 et
3081 4766 3262 4822 caeteri
3301 4763 3634 4844 patriarcha:
3667 4769 3714 4816 et

2129 4869 2423 4940 prophetae,
2457 4863 2719 4936 apostoli,
2758 4861 2931 4917 sancti
2964 4867 3234 4932 martyres
3271 4855 3492 4932 plurimi
3527 4864 3584 4909 et
3622 4870 3708 4908 ex-

2128 4957 2525 5022 cellentissimi,
2582 4966 2756 5009 tamen
2809 4970 2912 5008 non
2969 4961 3043 5005 est
3095 4947 3282 5004 similis
3335 4948 3416 5002 tui
3464 4947 3521 5001 in
3574 4945 3712 5009 diis,

2129 5053 2404 5106 Domine:
2452 5060 2496 5104 et
2543 5049 2644 5128 hoc
2694 5048 2852 5112 ideo,
2885 5045 3010 5116 quia
3042 5061 3144 5120 non
3188 5053 3262 5097 est
3308 5041 3506 5110 aliquis
3558 5054 3719 5112 agens

2131 5146 2417 5200 secundum
2441 5160 2597 5214 opera
2626 5151 2739 5206 tua,
2768 5148 2822 5196 et
2853 5154 2980 5194 ecce
3007 5152 3124 5208 quin
3152 5150 3313 5216 opera
3336 5175 3350 5199 ,
3379 5135 3503 5204 quia
3547 5148 3718 5187 omnes

2131 5248 2302 5308 gentes
2329 5250 2661 5306 quascunque
2688 5231 2878 5301 fecisti,
2911 5229 2960 5284 id
2982 5237 3084 5304 est,
3107 5243 3175 5290 ex
3200 5225 3452 5281 omnibus
3475 5225 3718 5294 gentibus

2133 5345 2161 5382 a
2216 5338 2265 5382 te
2309 5327 2466 5380 factis
2493 5366 2506 5390 ,
2544 5323 2743 5379 venient
2795 5321 2960 5392 aliqui
3006 5330 3052 5396 et
3092 5318 3388 5373 adorabunt
3437 5332 3621 5370 coram
3648 5326 3717 5382 te,

2135 5421 2386 5482 Domine,
2431 5419 2481 5473 id
2514 5425 2628 5492 est,
2674 5417 2726 5469 in
2771 5412 3018 5469 interiori
3054 5426 3153 5467 suo
3180 5410 3272 5464 ubi
3307 5418 3362 5464 tu
3403 5409 3594 5475 vides,
3624 5422 3719 5462 non

2138 5522 2344 5566 tantum
2381 5512 2433 5564 in
2465 5509 2663 5580 templo
2695 5505 3232 5578 Hierosolymitano:
3269 5513 3318 5559 et
3353 5503 3720 5574 glori/Scaeua:

2137 5621 2320 5657 nomen
2353 5612 2498 5655 tuum
2525 5644 2539 5668 ,
2573 5617 2679 5655 non
2712 5599 2943 5669 amplius
2983 5613 3159 5652 suum.
3203 5594 3298 5649 Vel
3329 5593 3406 5650 sic
3441 5613 3453 5648 :
3488 5591 3617 5648 Non
3653 5599 3719 5646 est

2137 5695 2321 5749 similis
2347 5695 2445 5760 tui,
2479 5693 2720 5758 Domine,
2748 5692 2802 5744 in
2830 5691 2930 5744 diis
2947 5687 3185 5762 gentium
3210 5701 3226 5741 :
3257 5695 3310 5741 et
3347 5687 3454 5742 hoc
3475 5687 3718 5758 probata

2141 5791 2353 5861 majori,
2384 5791 2509 5860 quia
2541 5806 2644 5843 non
2672 5799 2746 5843 est
2793 5803 2958 5860 agens
2992 5784 3282 5840 secundum
3320 5799 3480 5851 opera
3513 5794 3605 5836 tua
3636 5778 3716 5835 tibi

451 5881 564 5934 Non
589 5889 766 5950 petam
795 5892 1024 5940 mortem
1045 5885 1270 5950 inimici,
1297 5886 1388 5939 sed
1413 5885 1576 5937 vitam
1608 5883 1880 5950 lilii.Quid
1904 5900 2032 5952 ergo
2143 5883 2370 5966 similis,
2424 5891 2470 5935 et
2521 5882 2638 5937 ideo
2687 5897 2862 5936 omnes
2911 5889 3086 5964 gentes
3137 5891 3474 5958 quascunque
3525 5870 3717 5961 fecisti,
