3868 5496
186 341 292 399 597

1308 347 1839 408 ENARRATIONES
1880 353 1946 408 ΙΝ
1989 354 2321 414 ιιεΑιιιιοε.

3339 358 3444 416 598

187 464 390 518 uenient
419 470 467 516 et
489 463 784 517 adorabunt
808 479 984 518 comm
1008 472 1077 528 te,
1100 463 1338 518 Domine.
1368 465 1769 522 Attendendum
1796 475 1844 531 Α
1873 487 2021 527 care.
2055 473 2237 530 Potest
2265 475 2366 544 legi
2390 475 2444 529 in
2476 489 2710 546 persona
2730 478 2924 547 capitis
2951 477 3094 548 quod
3115 476 3244 533 dicit
3262 476 3448 531 eruisti

186 563 275 608 est
319 553 462 623 quod
493 552 651 615 dicit,
704 551 960 616 Domine;
1023 554 1146 622 quia
1201 554 1254 608 in
1309 556 1495 610 eadem
1539 571 1768 625 persona

184 657 384 701 servus
424 652 478 698 et
508 643 766 699 Dominus
793 658 808 696 :
839 643 1117 710 Dominus,
1145 644 1198 699 in
1225 660 1291 700 eo
1313 647 1455 716 quod
1499 646 1767 714 Verbum;

1876 564 2108 618 animam
2139 581 2308 620 meum
2330 583 2393 622 ea:
2412 567 2623 637 inferno
2648 568 2920 636 inferiori,
2953 582 3021 625 ex
3049 571 3272 640 peccato
3296 568 3448 623 vide-

1873 654 2024 721 licet,
2052 657 2152 711 etsi
2177 672 2282 712 non
2321 672 2388 712 ex
2414 659 2587 727 pmuis
2617 659 2862 729 peccati:
2887 659 2972 715 vel
3002 660 3178 714 eruisti
3214 660 3447 713 animam

181 751 402 801 servus,
431 735 483 790 in
511 750 575 792 eo
597 737 743 806 quod
773 737 952 792 homo.
977 736 1228 794 Christus
1257 756 1388 812 ergo
1416 742 1484 796 ad
1505 756 1563 796 se
1594 742 1770 811 ipsum

1884 763 2044 802 meam
2090 763 2156 802 ea:
2193 750 2398 819 inferno
2433 751 2706 822 inferiori,
2752 751 2807 807 id
2834 759 2948 816 est,
2995 767 3061 806 ex
3106 750 3450 820 corruptione

183 831 471 900 loquitur:
503 832 629 900 quia
671 831 834 886 homo
874 833 941 886 ad
983 829 1224 888 Verbum
1264 833 1364 889 sibi
1417 835 1773 906 personaliter
1871 839 2056 894 carnis
2097 840 2153 894 in
2177 841 2441 912 sepulcro.
2481 843 2634 899 Unde
2674 843 2838 899 alibi:
2874 841 2997 898 Non
3029 843 3175 896 dabis
3209 850 3449 895 sanctum

180 922 425 974 unitum.
461 919 528 974 Et
564 918 956 990 gloriﬁcabitur
991 935 1186 977 nomen
1213 929 1362 978 tuum
1388 923 1441 978 in
1463 933 1722 980 azternum
1753 941 1770 980 :

182 1020 242 1064 et
271 1011 508 1076 monito,
538 1013 662 1080 quia
687 1027 910 1082 magnus
939 1029 991 1067 es
1023 1025 1102 1078 tu,
1125 1013 1199 1068 ita
1231 1022 1292 1069 ut
1329 1014 1504 1070 nullus
1546 1031 1776 1086 magnus

185 1101 243 1154 in
275 1102 513 1156 humano
535 1117 732 1173 genere
754 1102 848 1156 tibi
877 1103 1049 1173 possit
1075 1106 1410 1175 comparari;
1427 1104 1582 1174 juxta
1609 1105 1771 1162 illud:

185 1192 460 1264 Propheta
514 1211 733 1266 magnas
773 1197 998 1254 surrexit
1042 1199 1097 1251 in
1132 1198 1277 1253 nobis
1307 1198 1468 1270 (Luc.
1500 1199 1639 1270 vn).
1695 1197 1776 1256 Tu

183 1285 389 1354 faciens
425 1285 691 1341 mirabilia
721 1287 824 1342 etsi
861 1287 952 1342 alii
981 1286 1161 1344 facere
1190 1289 1506 1358 videantur,
1536 1299 1592 1347 et
1629 1301 1686 1346 tu
1721 1309 1776 1347 es

184 1376 333 1430 Deus
359 1376 503 1430 solus
526 1391 544 1428 :
569 1387 625 1432 et
663 1377 789 1433 ideo
837 1379 1006 1433 deduc
1043 1395 1126 1434 me
1147 1420 1164 1446 ,
1207 1379 1450 1448 Domine,
1481 1382 1536 1437 in
1567 1382 1649 1436 vin
1685 1393 1778 1438 tua

183 1468 427 1536 positum
449 1508 466 1534 ,
507 1477 565 1522 et
587 1467 672 1522 fac
713 1481 802 1524 me
834 1483 1186 1540 perseverare
1216 1471 1272 1526 in
1302 1472 1589 1544 praeceptis
1619 1473 1723 1529 tuis
1758 1491 1774 1528 :

183 1557 317 1626 quia
347 1573 452 1639 non
481 1558 602 1612 veni
631 1569 687 1612 ut
715 1559 910 1628 faciam
953 1558 1273 1616 uoluntatem
1318 1578 1519 1629 meam,
1563 1565 1653 1619 sed
1689 1544 1780 1622 uo-

184 1647 448 1703 luntatem
495 1650 611 1720 ejus
649 1652 738 1722 qui
778 1650 917 1705 misit
958 1667 1072 1718 me,
1112 1649 1293 1709 Patris
1342 1653 1527 1725 (Joan.
1571 1657 1644 1730 v1)
1679 1677 1688 1711 :
1730 1667 1778 1713 et

187 1741 487 1810 ingrediar,
518 1741 571 1795 id
601 1749 704 1807 est,
735 1742 1106 1813 ingrediantur
1134 1745 1259 1810 mei,
1293 1745 1347 1800 id
1376 1755 1479 1814 est,
1507 1749 1695 1804 vivant
1727 1751 1781 1804 in

1877 940 2025 985 suum
2054 933 2229 988 cidere
2255 935 2635 1004 corruptionem
2663 931 2836 1006 (Psal.
2861 933 2975 1004 xv).
3001 933 3118 1004 Ipse
3141 932 3284 986 enim
3312 931 3454 984 sicut

1877 1023 2149 1077 nascendo
2180 1023 2330 1078 venit
2369 1024 2424 1078 in
2455 1025 2738 1091 mundum,
2769 1025 2843 1079 ita
2864 1023 3143 1078 moriendo
3172 1015 3451 1076 descendit

1877 1112 1932 1167 in
1960 1111 2227 1168 infernum
2254 1129 2270 1179 ;
2301 1114 2398 1169 sed
2440 1128 2548 1170 non
2579 1113 2652 1169 ibi
2682 1115 2973 1181 remansit,
2997 1113 3143 1184 quia,
3177 1112 3288 1166 suis
3327 1110 3450 1163 inde

1839 1243 1844 1246 -
1877 1204 2150 1272 libentia,
2193 1220 2319 1262 cum
2365 1214 2634 1276 potestate
2659 1207 2839 1262 rediit.
2876 1206 3049 1271 Deus,
3086 1204 3248 1275 iniqui
3280 1204 3451 1255 insur-

1879 1299 2121 1354 rm'ruat
2145 1302 2201 1354 in
2222 1317 2324 1356 me.
2349 1299 2496 1357 Istud
2522 1301 2871 1356 continuatur
2894 1301 2961 1355 ad
2997 1297 3268 1371 superius,
3295 1293 3452 1366 quasi

1878 1393 2026 1448 dicat
2049 1409 2062 1447 :
2095 1391 2278 1447 Deduc
2303 1408 2404 1456 me,
2432 1391 2676 1460 Domine,
2706 1393 2761 1447 in
2797 1394 2878 1448 via
2906 1403 2998 1447 tua
3026 1407 3046 1448 :
3074 1401 3129 1448 et
3168 1406 3301 1462 opus
3327 1400 3445 1457 est,

1877 1484 2007 1555 quia
2035 1485 2206 1556 iniqui
2232 1487 2643 1541 insurrexerunt
2669 1500 2833 1556 super
2859 1499 2946 1541 me
2971 1503 2986 1540 :
3030 1485 3132 1550 vel,
3160 1484 3453 1541 secundum

1881 1577 2042 1641 aliam
2066 1578 2493 1645 translationem,
2523 1585 2913 1647 praetereuntes
2941 1577 3107 1647 iniqui
3153 1577 3456 1631 insurrexe-

1880 1679 2010 1725 runt
2043 1687 2206 1741 super
2251 1687 2354 1727 me.
2384 1670 2440 1726 Si
2487 1673 2552 1726 dc
2597 1672 2773 1740 capite
2816 1671 2918 1726 hoc
2953 1671 3177 1741 legimus
3200 1711 3214 1735 ,
3246 1667 3456 1725 Iudaeos

1883 1771 2271 1832 praetereuntes
2318 1763 2488 1833 legem
2539 1763 2867 1834 accipiemus
2911 1781 2924 1816 :
2965 1762 3091 1832 quia
3137 1761 3234 1830 ipsi
3283 1759 3454 1829 legem

189 1835 412 1887 ueritate
437 1843 557 1899 tu,
585 1833 639 1888 id
668 1843 775 1901 est,
803 1835 857 1888 in
886 1837 1171 1906 praeceptis
1198 1839 1339 1906 tuis;
1372 1847 1426 1894 et
1463 1839 1667 1895 lwletur
1691 1859 1779 1897 cor

1884 1861 2230 1924 accepcrunt,
2259 1864 2314 1908 et
2358 1833 2728 1923 praetereundo
2769 1852 3100 1922 praevaricati
3149 1859 3316 1906 sunt:
3362 1865 3458 1919 pa-

187 1940 402 1992 nicum,
446 1925 502 1980 id
529 1933 614 1980 est
665 1940 761 1981 cor
803 1940 1089 1994 meorum,
1136 1928 1208 1982 ita
1245 1940 1301 1982 ut
1344 1931 1569 1986 timeant
1613 1935 1757 1989 etian

191 2031 383 2071 nomen
401 2027 548 2071 turn
565 2017 728 2088 :quia
757 2017 849 2088 qui
873 2027 1002 2085 stat,
1022 2021 1317 2075 cavendum
1344 2033 1428 2078 est
1453 2023 1500 2077 ei
1529 2039 1596 2080 ne
1622 2027 1756 2080 cada

191 2107 244 2178 (ι
278 2107 402 2164 Cor.
428 2108 509 2182 ι).
541 2109 637 2164 Vel
669 2111 789 2168 sic:
826 2107 1007 2165 Deduc
1038 2128 1151 2178 me,
1187 2112 1438 2179 Domine,
1472 2115 1523 2167 in
1554 2115 1635 2168 via
1665 2126 1776 2184 tua,

193 2202 246 2257 id
288 2213 390 2270 est,
421 2202 703 2273 meosjam
733 2205 937 2274 positos
963 2204 1014 2259 in
1060 2205 1143 2258 via
1184 2214 1294 2270 tua,
1338 2205 1598 2263 imitando
1623 2208 1780 2264 Chri-

191 2303 338 2349 stum
365 2294 654 2362 videlicet,
683 2297 776 2366 qui
807 2310 928 2352 sum
970 2297 1053 2350 eia
1096 2306 1185 2350 tua
1204 2337 1218 2363 ,
1247 2298 1412 2351 deduc
1441 2315 1549 2363 me,
1583 2301 1634 2354 id
1664 2310 1776 2370 est,

194 2402 552 2456 perseverare
580 2389 665 2442 fac
698 2401 786 2444 me
819 2388 871 2442 in
901 2389 1156 2443 mandato
1193 2399 1285 2444 tuo
1316 2404 1331 2443 :
1369 2400 1420 2446 et
1466 2392 1544 2446 sic
1593 2393 1780 2462 ingre-

195 2484 415 2540 diantur
441 2484 498 2539 in
521 2486 738 2540 ueritate
767 2496 876 2550 tua,
910 2486 1210 2556 appetendo
1238 2489 1380 2558 quod
1422 2491 1780 2560 appetendum

193 2577 470 2648 praecipis,
499 2591 606 2634 non
635 2577 762 2632 illud
792 2577 936 2648 quod
973 2577 1338 2636 contradicis:
1372 2580 1454 2634 vel
1483 2591 1542 2636 ut
1587 2581 1780 2650 Adam,

195 2685 360 2741 quem
407 2670 639 2742 posuisti
682 2671 739 2725 in
773 2672 892 2736 eis,
939 2670 995 2725 id
1033 2679 1120 2726 est
1146 2671 1200 2725 in
1246 2672 1501 2730 mandato
1531 2684 1621 2729 tuo
1651 2692 1664 2730 ε
1695 2676 1781 2730 cui

197 2765 384 2820 dixisti
415 2781 430 2818 :
456 2761 535 2819 De
561 2764 702 2836 ligno
725 2764 816 2820 illo
852 2779 958 2820 non
979 2766 1223 2820 comedas
1247 2765 1399 2837 (Gen.
1429 2767 1526 2840 u);
1555 2770 1647 2823 sed
1677 2785 1782 2823 non

195 2858 495 2925 deduxisti,
526 2859 652 2928 quia
683 2859 735 2913 in
770 2858 1079 2914 obedientia
1115 2873 1222 2914 non
1255 2861 1496 2930 perstitit
1528 2880 1539 2915 :
1572 2861 1783 2916 laetetur

197 2963 298 3004 cor
321 2964 502 3005 meum
540 2959 600 3004 ut
627 2951 804 3006 timeat
833 2963 1029 3007 nomen
1060 2960 1231 3006 tuum.
1259 2951 1410 3020 Quod
1440 2968 1624 3010 revera
1658 2954 1781 3021 fiet,

199 3042 328 3112 quia
359 3040 598 3097 futurum
629 3052 714 3098 est
737 3043 880 3113 quod
909 3043 1192 3114 conﬁtebor
1216 3045 1341 3112 tibi,
1382 3043 1605 3100 Domine
1641 3048 1784 3101 Dens

197 3151 372 3198 meus,
412 3135 468 3190 in
495 3145 606 3189 toto
634 3137 789 3191 corde
824 3153 956 3202 meo,
1005 3137 1058 3191 id
1102 3147 1202 3205 est,
1235 3138 1341 3193 mei
1385 3138 1785 3195 conﬁtebuntur

199 3229 296 3284 tibi
325 3229 608 3285 laudantes
632 3238 683 3286 te
703 3245 774 3285 ex
794 3201 951 3285 omni
968 3230 1131 3286 corde
1155 3247 1168 3286 :
1189 3201 1247 3286 et
1271 3230 1571 3302 gloriﬁcabo
1601 3251 1788 3289 nomen
1813 3201 1860 3266 Ο

199 3334 354 3377 tuum
384 3323 564 3380 eundo
597 3325 653 3378 in
692 3333 942 3379 internum
970 3340 988 3380 :
1018 3333 1072 3380 et
1101 3326 1204 3380 hoc
1225 3323 1388 3394 iuste,
1417 3326 1543 3396 quia
1585 3327 1788 3380 miseri-

198 3419 388 3472 cordia
434 3427 524 3472 tua
552 3433 746 3489 magna
782 3428 857 3473 est
884 3434 1040 3490 super
1059 3435 1140 3474 me
1163 3459 1178 3485 ,
1211 3418 1264 3474 id
1287 3427 1369 3475 est
1399 3433 1563 3490 super
1590 3435 1740 3476 meos
1769 3437 1784 3474 :

200 3519 260 3564 et
284 3524 418 3566 ecce
437 3512 731 3581 quomodo,
754 3511 882 3580 quia
909 3511 1092 3564 emisti
1122 3511 1351 3564 animam
1387 3527 1574 3576 meam,
1602 3510 1656 3566 id
1682 3521 1785 3578 est,

199 3603 445 3656 animam
491 3617 734 3658 meorum
774 3602 1064 3672 exinferno
1095 3599 1352 3671 inferiori.
1379 3599 1516 3656 Nota
1554 3600 1679 3670 quia
1704 3609 1789 3656 est

198 3694 452 3750 infernus
465 3696 709 3765 superior
727 3703 782 3749 et
811 3694 1052 3749 inferior.
1087 3692 1206 3748 Vita
1231 3693 1373 3749 enim
1400 3694 1500 3748 ista
1527 3702 1786 3762 quantum

201 3786 273 3840 ad
301 3785 618 3858 dignitatem
642 3785 784 3839 illam
815 3785 867 3838 in
891 3797 997 3852 qua
1031 3793 1157 3838 sunt
1183 3781 1387 3853 angeli,
1417 3781 1661 3836 infernus
1682 3781 1786 3836 dici

198 3885 424 3948 potest:
447 3878 541 3933 sed
571 3876 814 3931 infernus
835 3875 1059 3931 inferior
1076 3918 1091 3944 ,
1124 3889 1281 3944 paena
1302 3889 1421 3944 quae
1442 3877 1788 3943 consequitur

199 3980 332 4041 post
351 3969 490 4024 hanc
508 3969 674 4024 vitam
701 4009 715 4034 ,
747 3983 778 4022 a
805 3983 909 4038 qua
931 3975 1194 4022 eruuntur
1215 3967 1407 4020 anima:
1429 3975 1740 4020 sanctorum
1768 3980 1782 4019 :

199 4065 352 4135 quod
376 4066 465 4121 hic
493 4065 643 4130 dicit,
667 4063 852 4119 eruisti
879 4064 1108 4117 animum
1133 4076 1302 4115 meam
1328 4075 1394 4115 ea:
1418 4059 1622 4130 inferno
1647 4059 1785 4129 infe-

199 4157 356 4224 riori,
399 4158 452 4213 id
483 4166 588 4224 est,
638 4173 705 4212 ex
735 4171 892 4227 pmna
931 4153 1179 4210 infernali
1204 4195 1218 4220 ,
1249 4151 1378 4208 licet
1417 4165 1524 4208 non
1555 4152 1787 4207 eruisset

199 4251 418 4306 animas
439 4264 627 4306 eorum
655 4261 722 4306 ex
751 4249 853 4303 hac
879 4247 1008 4313 vita,
1037 4246 1092 4300 in
1125 4260 1232 4316 qua
1257 4243 1402 4313 passi
1434 4252 1559 4299 sunt
1587 4242 1786 4298 multas

202 4341 583 4397 tribulationes
621 4350 677 4396 et
700 4339 952 4394 miserias
984 4353 996 4389 ε
1028 4335 1112 4391 vel
1139 4334 1321 4389 eruisti
1343 4334 1574 4388 animam
1615 4348 1783 4386 meam

198 4450 272 4490 ex
303 4433 510 4503 inferno
539 4432 781 4503 inferiori
803 4472 817 4496 ,
849 4431 902 4484 id
942 4437 1024 4484 est
1045 4468 1059 4494 ,
1107 4443 1174 4482 ex
1220 4434 1445 4496 peccato
1474 4423 1741 4479 criminaii
1767 4464 1780 4488 ,

200 4527 334 4581 licet
363 4540 472 4581 non
500 4537 567 4580 ex
609 4533 836 4594 peceato
867 4520 1086 4576 veniali.
1129 4518 1224 4573 Vel
1265 4518 1330 4571 ad
1362 4516 1597 4571 litteram
1631 4515 1780 4569 dica-

99 4609 103 4612 ’
169 4631 365 4689 _mus:
393 4615 594 4670 Emisti
621 4615 853 4668 animans
888 4621 1056 4668 meum
1098 4626 1162 4664 ea:
1199 4608 1404 4678 inferno
1446 4606 1702 4675 inferiori,
1734 4606 1786 4660 id

201 4718 312 4774 est,
338 4724 371 4762 a
398 4707 518 4764 loco
563 4714 978 4771 tormentorum,
1028 4703 1154 4758 licet
1177 4715 1281 4755 non
1320 4713 1350 4754 a
1386 4699 1502 4754 loco
1534 4699 1791 4753 tenebras

203 4816 348 4856 rum.
399 4799 619 4870 Legitur
660 4797 804 4852 enim
827 4796 968 4867 quod
992 4807 1180 4849 omnes
1201 4790 1373 4848 sancti
1402 4797 1525 4844 ante
1548 4803 1784 4844 resurre-

201 4894 442 4955 ctionem
469 4891 680 4946 Domini
710 4887 944 4954 mortui,
992 4885 1382 4942 descenderunt
1423 4881 1488 4935 ad
1539 4880 1778 4935 inferos:

202 4988 296 5041 ubi
327 4986 561 5041 erantin
590 4985 844 5048 tenebris,
887 4983 980 5038 sed
1012 4997 1117 5036 non
1143 4980 1195 5034 in
1220 4977 1427 5051 poenis,
1463 4991 1570 5030 non
1602 4975 1653 5029 in
1687 4974 1781 5029 illo

201 5080 326 5134 loco
355 5077 498 5132 unde
524 5077 673 5134 dives
701 5073 936 5144 respexit
985 5072 1264 5126 Lazarum
1300 5069 1353 5122 in
1398 5066 1519 5122 sinu
1549 5065 1780 5120 Abrahae

201 5170 504 5241 repositum
532 5186 544 5220 :
571 5169 715 5240 quod
750 5166 894 5228 dicit,
925 5164 1109 5218 eruisti
1143 5166 1375 5218 animam
1407 5176 1575 5214 meam
1598 5171 1664 5214 ea:
1703 5157 1787 5212 in-

201 5265 356 5334 ferno
405 5261 662 5330 inferiori.
694 5261 764 5316 Et
796 5274 929 5328 opus
952 5257 1052 5311 fuit
1081 5257 1379 5328 ereptione,
1429 5255 1554 5325 quia
1593 5243 1781 5324 iniqui,

199 5373 234 5413 ο
270 5355 445 5419 Deus,
487 5353 880 5408 insurrexerunt
927 5365 1080 5418 super
1114 5363 1227 5415 me,
1281 5347 1334 5402 id
1390 5354 1474 5402 est
1515 5362 1703 5404 meos:
1736 5353 1783 5399 et

203 5463 491 5494 ..μυ-μηνὶηηΔ
597 5457 674 5492 ραι
731 5443 1076 5484 nnnamnntin
1127 5442 1414 5480 ululantium
1465 5443 1782 5483 nspmoinvuut

1811 4564 1866 4626 D

1881 1943 2004 2016 ιζεηί
2031 1952 2234 2008 autem,
2260 1943 2351 2012 qui
2377 1943 2548 2013 legem
2576 1957 2679 1998 non
2704 1951 3048 2014 acceperunt,
3076 1947 3459 2013 praetereuntes

1873 2040 2054 2109 legem
2109 2052 2215 2091 non
2265 2044 2433 2090 sunt:
2466 2049 2626 2091 nemo
2675 2036 2819 2091 enim
2865 2036 3103 2106 prseterit
3159 2033 3301 2106 quod
3350 2048 3456 2089 non

1880 2129 2099 2198 accipit.
2136 2127 2193 2183 Si
2224 2136 2404 2183 autem
2435 2129 2500 2183 de
2531 2141 2756 2198 corpore
2776 2129 2977 2184 Christi
3006 2143 3194 2184 versus
3233 2127 3455 2198 legitur,

1885 2225 2213 2296 accipiemus
2245 2226 2416 2297 legem
2445 2232 2857 2294 praetereuntes,
2899 2221 3069 2278 malos
3097 2222 3456 2289 Christianos,

1883 2320 1977 2390 qui
2003 2317 2244 2388 quotidie
2273 2319 2561 2388 insurgunt
2587 2316 2641 2370 in
2684 2329 2880 2384 corpus
2920 2313 3144 2380 Christi,
3172 2313 3238 2366 de
3265 2313 3461 2382 quibus

1881 2411 2122 2482 quotidie
2140 2409 2538 2466 tribulationem
2559 2407 2778 2480 patitur.
2807 2403 2874 2458 Et
2897 2421 3158 2477 synagoga
3177 2404 3462 2475 potentium

1883 2504 2203 2574 qumierunt
2225 2502 2456 2556 animum
2476 2515 2667 2564 meam,
2695 2498 2747 2552 id
2773 2509 2874 2562 est,
2899 2495 3241 2568 congregatio
3263 2494 3463 2565 princi-

1885 2609 2012 2663 pum
2035 2631 2048 2656 ,
2077 2592 2426 2646 clamantium
2453 2597 2508 2645 et
2530 2589 2820 2644 dicentium
2853 2605 2867 2641 ε
2900 2585 3188 2656 Cruci/ige,
3219 2584 3463 2656 cruciﬁge

1885 2699 2003 2736 eum
2028 2682 2209 2752 (Joan.
2225 2682 2359 2750 xu).
2377 2681 2709 2746 Qnmsierunt
2724 2680 2954 2732 animum
2976 2691 3166 2733 meam.
3181 2675 3260 2732 De
3273 2677 3465 2747 quibus

1888 2774 2012 2827 alibi
2043 2791 2055 2826 :
2090 2771 2218 2826 Filii
2262 2773 2551 2836 hominum,
2575 2771 2754 2826 dentes
2776 2785 2955 2824 eorum
2986 2785 3133 2823 arma
3160 2778 3208 2823 et
3237 2770 3462 2838 sagitta’,

1887 2875 1937 2919 et
1955 2864 2138 2934 lingua
2167 2879 2346 2917 eorum
2385 2862 2591 2933 gladius
2618 2869 2802 2916 acutus
2820 2858 3000 2931 (Psal.
3029 2861 3176 2930 va).
3203 2858 3318 2914 Non
3343 2875 3464 2930 per-

1888 2964 2192 3019 cusserunt,
2217 2954 2311 3010 sed
2330 2953 2718 3018 clamaverunt,
2746 2951 3028 3008 clamando
3054 2951 3459 3006 crucifixeruut.

1889 3048 1956 3103 Et
1996 3062 2103 3102 non
2151 3054 2546 3118 proposuerunt
2582 3045 2749 3101 Deum
2778 3045 2830 3099 in
2870 3053 3158 3114 conspectu
3192 3057 3307 3108 suo,
3338 3045 3464 3114 quia

1891 3157 1996 3196 non
2019 3139 2400 3195 intellexerunt
2419 3151 2582 3206 super
2597 3150 2822 3208 egenum
2848 3141 2905 3190 et
2922 3148 3210 3206 pauperem
3233 3152 3244 3188 :
3269 3143 3316 3188 et
3343 3133 3464 3188 ideo

1892 3244 1972 3300 tu,
1997 3233 2224 3288 Domine
2238 3231 2402 3296 Deus,
2432 3229 2711 3283 miseretur
2731 3228 2785 3280 in
2808 3227 3172 3291 exhibitione,
3197 3235 3244 3280 et
3267 3226 3467 3280 miseri-

1891 3343 2006 3382 cors
2039 3327 2092 3380 in
2115 3323 2422 3388 affectione,
2451 3321 2677 3392 patiens,
2705 3319 2830 3389 quia
2865 3326 3053 3387 portas
3082 3319 3254 3371 donec
3279 3332 3467 3388 supcr-

1891 3417 2073 3472 ﬁcias:
2097 3426 2144 3470 et
2164 3414 2343 3469 multa:
2370 3411 2744 3468 misericordia:
2766 3409 3217 3479 praedestinando,
3241 3417 3288 3462 et
3311 3424 3472 3462 verax

1889 3509 1946 3564 in
1989 3518 2167 3564 actum
2199 3508 2442 3570 ducendo
2469 3523 2483 3559 :
2515 3506 2710 3576 respice
2751 3507 2808 3560 in
2850 3520 2933 3562 me
2966 3514 3014 3563 et
3052 3505 3294 3561 miserere
3335 3508 3467 3570 mei,

1891 3601 2066 3658 dando
2093 3599 2366 3670 imperium
2391 3608 2539 3652 tuum
2560 3597 2690 3654 mihi
2719 3613 2879 3668 puero
2906 3606 2995 3652 tuo
3021 3613 3040 3650 :
3066 3605 3300 3652 transeat
3324 3596 3464 3651 vide-

1888 3694 2013 3750 licet
2058 3689 2292 3764 patiendi
2329 3701 2572 3767 tempus,
2613 3698 2667 3747 et
2707 3689 2893 3745 veniat
2929 3698 3138 3761 tempus
3174 3687 3470 3758 judicandi.

1889 3784 2054 3840 Pater
2079 3786 2218 3842 enim
2248 3799 2353 3838 non
2377 3783 2586 3854 judicat
2630 3797 2966 3853 quemquam,
3014 3789 3102 3836 sed
3148 3797 3298 3836 omne
3317 3780 3472 3850 judi-

1888 3877 2028 3931 cium
2053 3876 2194 3931 dedit
2219 3873 2360 3929 Filio
2390 3873 2570 3946 (Joan.
2602 3871 2677 3947 v).
2702 3872 2819 3944 lpse
2843 3873 2986 3928 enim
3016 3872 3285 3928 videbitur
3312 3871 3471 3926 terri-

1887 3968 2012 4027 bilis
2037 3969 2129 4042 qui
2176 3969 2324 4027 visus
2364 3978 2448 4026 est
2492 3967 2911 4038 contemptibilis
2945 3986 2958 4022 :
2993 3965 3380 4023 demonstrabit
3415 3966 3470 4019 in

1882 4063 2086 4134 judicio
2117 4063 2434 4133 potentiam,
2463 4061 2553 4132 qui
2581 4061 2816 4117 ostendit
2843 4061 2893 4115 in
2925 4075 3085 4116 cruce
3111 4059 3426 4131 patientiam
3454 4073 3468 4112 :

1889 4155 2167 4226 apparebit
2210 4155 2264 4210 in
2311 4153 2511 4226 judicio
2559 4154 2743 4219 homo,
2789 4154 2881 4208 sed
2921 4154 2975 4209 in
3019 4152 3262 4208 claritate
3299 4170 3312 4206 :
3343 4152 3468 4221 quia

1888 4248 2027 4303 sicut
2074 4245 2282 4301 vidistis
2311 4261 2433 4301 eum
2475 4246 2575 4309 ire,
2622 4245 2874 4300 dixerunt
2908 4243 3127 4313 angeli:
3172 4243 3265 4299 Sic
3307 4243 3472 4297 veniet

1889 4337 2024 4412 (Act.
2064 4336 2125 4409 ι).
2174 4336 2370 4391 Forma
2412 4335 2646 4391 hominis
2680 4335 2858 4388 veniet
2906 4334 2971 4388 ad
3006 4331 3266 4402 judicium
3291 4373 3306 4399 ,
3353 4335 3473 4390 ideo

1887 4429 2148 4484 videbunt
2192 4426 2338 4482 illum
2371 4435 2428 4481 et
2454 4425 2603 4495 impii
2640 4443 2653 4478 :
2695 4425 2787 4479 sed
2828 4421 3017 4480 nonin
3047 4422 3220 4490 forma
3261 4423 3356 4479 Dei
3395 4425 3476 4480 vi-

1889 4524 2090 4579 debunt
2137 4535 2298 4590 quem
2354 4519 2452 4574 soli
2495 4517 2696 4572 mundo
2747 4517 2910 4572 corde
2962 4516 3235 4572 videbunt.
3295 4516 3476 4586 Appa-

1892 4632 2016 4671 rcns
2041 4629 2167 4686 ergo
2211 4615 2264 4668 in
2293 4612 2523 4668 [nominis
2554 4610 2746 4675 forma,
2793 4610 2935 4665 dicet
2965 4629 2977 4640 ·
3009 4609 3127 4676 Ite,
3169 4608 3435 4664 maledicti
3459 4649 3474 4673 ,

1889 4710 1944 4763 in
1972 4709 2140 4778 ignem
2177 4715 2428 4759 aeternum
2474 4701 2690 4773 (Matth.
2735 4701 2885 4772 xxv),
2928 4710 2986 4755 ut
3018 4700 3304 4771 impleatur
3330 4700 3476 4768 quod

1889 4801 2024 4856 dixit
2053 4798 2218 4854 lsaias
2257 4815 2269 4850 :
2315 4795 2558 4851 Tollatur
2587 4794 2787 4866 impius
2817 4809 2883 4850 ne
2914 4793 3092 4851 videat
3121 4792 3349 4864 gloriam
3383 4793 3476 4845 Dei

1888 4894 2021 4966 (Isa.
2056 4891 2205 4964 xxvx)
2241 4908 2253 4944 :
2289 4888 2414 4961 quia
2453 4888 2510 4943 in
2554 4888 2725 4942 forma
2756 4900 2861 4954 qua
2907 4884 3130 4956 aequalis
3168 4889 3255 4938 est
3296 4881 3478 4946 Patri,

1884 5001 2008 5041 eum
2040 4985 2315 5040 Videbunt.
2350 4981 2427 5034 Da
2469 4978 2755 5052 imperium
2787 4986 2936 5032 tuum
2968 4991 3133 5050 puero
3155 4983 3268 5038 tuo,
3299 4983 3344 5025 et
3375 4973 3487 5027 sal—

1885 5095 2006 5133 vum
2029 5079 2112 5149 {ac
2135 5075 2305 5146 ﬁlium
2328 5071 2538 5130 ancilla:
2575 5082 2699 5136 tute,
2726 5066 2967 5138 Virginis
2999 5065 3248 5126 videlicet
3274 5061 3494 5149 Mariae,

1887 5187 2008 5240 qua:
2029 5147 2088 5228 se
2116 5167 2365 5224 ancillam
2395 5165 2681 5221 nominare
2709 5174 2813 5212 non
2836 5159 3070 5221 erubuit,
3096 5155 3278 5208 dicens
3303 5167 3318 5204 :
3347 5147 3504 5209 Ecce

1888 5264 2086 5320 ancilla
2135 5259 2386 5323 Domini,
2434 5257 2535 5325 ﬁat
2584 5252 2710 5309 mihi
2757 5252 3043 5304 secundum
3089 5243 3293 5298 uerbum
3335 5250 3508 5300 tuum

1888 5353 2042 5426 (Luc.
2091 5357 2168 5426 1);
2202 5352 2284 5408 vel
2318 5350 2395 5408 sic
2429 5368 2442 5404 :
2482 5351 2565 5405 Da
2597 5342 2871 5413 imperium
2907 5349 3055 5394 tuum
3097 5348 3253 5404 puero
3285 5341 3404 5398 tuo,
3459 5335 3516 5392 id

3289 5423 3450 5462 (“nl--
3468 5441 3516 5464 ηδ

1888 5461 1968 5483 ιιι-ι
2014 5448 2194 5486 nnaric
2245 5445 2348 5482 snit:
2435 5438 2695 5484 annclnlic
2738 5432 3010 5476 \Fltlt‘lil‘ﬂl-
3054 5425 3244 5462 "“"“‘“
