4034 6490
409 385 514 442 599

1051 385 1310 443 REMIGII
1343 386 2001 446 ANTISSIODORENSIS
2040 388 2190 446 OPP.
2231 390 2411 447 PARS
2446 392 2485 446 1.
2527 422 2599 434 -
2635 387 3042 449 EXEGETICA.

3577 389 3671 443 (ἰθὺ

411 512 538 565 tuae,
564 499 690 571 quia
717 499 844 557 licet
868 515 934 556 ex
959 500 1181 571 paganis
1205 502 1467 560 matribus
1495 503 1608 559 nati
1633 512 1781 570 sunt,
1814 511 1991 558 tamen
2020 506 2068 566 Α
2097 503 2218 559 dam
2243 504 2359 575 ejus
2386 505 2519 560 civis
2543 505 2734 575 plenus
2762 501 2966 573 Spiritu
2993 511 3181 560 sancto
3205 503 3350 560 dicat
3376 503 3652 560 audiamus

409 593 731 662 inquantum
761 592 1064 662 regenerati
1094 601 1251 659 sunt,
1291 603 1416 648 sunt
1454 594 1549 649 ﬁlii
1576 594 1998 665 Ecclesiae,tqu:e
2097 595 2251 666 cujus
2275 612 2381 652 vox
2409 597 2530 653 talis
2555 605 2678 654 est:

409 692 496 738 est
540 682 732 738 ancilla
771 682 1007 740 Domini.
1049 683 1160 739 Fac
1200 703 1400 741 mecum
1441 689 1648 758 signum
1691 689 1746 744 in
1785 688 1996 744 bonum.

411 772 578 840 Quasi
608 773 755 829 dicat
781 787 795 828 :
824 772 892 828 Ut
921 775 1011 830 des
1043 776 1316 846 imperium
1339 795 1499 848 puero
1530 790 1639 844 tuo,
1669 779 1756 849 fac
1797 795 2000 834 mecum

409 867 616 936 signum
659 865 716 922 in
750 866 941 922 bonum
975 866 1247 934 futurum,
1289 868 1500 939 signum
1526 870 1780 927 videlicet
1821 886 2003 926 resur-

411 957 690 1023 rectionis,
714 959 857 1029 quod
882 959 1002 1014 ideo
1024 959 1080 1014 in
1103 961 1293 1014 bonum
1321 958 1564 1016 futurum
1587 971 1688 1027 est,
1715 962 1842 1032 quia
1865 961 2003 1018 mul-

414 1049 485 1104 tis
513 1050 618 1105 erit
663 1051 732 1106 ad
765 1050 994 1107 salutem
1023 1069 1037 1105 :
1069 1051 1195 1122 quia
1234 1069 1322 1124 spe
1345 1053 1459 1125 jam
1488 1053 1618 1110 salvi
1663 1055 1791 1124 facti
1820 1071 2000 1110 sumus

411 1141 593 1211 (Rom.
622 1142 763 1214 VIII),
790 1152 849 1198 ut
873 1143 1198 1214 quandoque
1222 1146 1464 1203 exterius
1492 1162 1860 1218 resurgamus.
1888 1145 2002 1202 Hoc

409 1232 623 1303 signum
659 1233 909 1303 promisit
945 1233 1202 1291 Dominus
1237 1234 1438 1292 Iudaeis
1476 1237 1685 1309 signum
1715 1235 2008 1307 quaerenti-

410 1323 531 1386 bus,
557 1324 741 1379 dicens
770 1343 784 1378 :
811 1323 1091 1380 Generatio
1111 1343 1275 1398 prava
1297 1337 1344 1382 et
1370 1327 1613 1382 adultera
1634 1330 1840 1399 signum
1861 1344 2006 1400 quic-

414 1412 504 1479 rit,
540 1423 588 1467 et
616 1415 822 1484 signum
861 1433 967 1471 non
995 1417 1209 1472 dabitur
1228 1416 1275 1472 ei
1305 1419 1406 1472 nisi
1441 1419 1646 1488 signum
1693 1419 1848 1473 Jonas
1878 1435 2002 1488 pro-

410 1508 580 1576 pheta:
623 1507 838 1581 (Matth.
871 1510 973 1581 xu)
1023 1528 1037 1566 :
1085 1511 1190 1566 hoc
1223 1509 1336 1580 jam
1369 1513 1420 1565 in
1453 1512 1628 1581 capite
1663 1510 1867 1566 factum
1899 1519 2001 1566 est.

413 1599 571 1654 Dicat
595 1600 741 1654 enim
771 1603 1162 1673 unusquisque,
1188 1602 1275 1670 [ac
1300 1619 1520 1668 mecum,
1540 1602 1782 1667 Domine,
1799 1603 2005 1673 signum

413 1699 468 1749 in
507 1697 699 1751 bonum
726 1712 746 1751 :
772 1698 916 1767 quod
946 1697 1039 1754 ﬁet
1081 1698 1136 1752 in
1165 1697 1398 1753 adventu
1447 1697 1690 1763 Domini,
1721 1696 1850 1767 quia
1881 1706 2008 1752 tunc

414 1796 562 1841 canet
586 1787 731 1854 tuba,
760 1796 807 1842 et
832 1787 1025 1842 mortui
1047 1798 1315 1859 resurgent
1342 1788 1632 1858 incorrupti
1661 1787 1712 1860 (ι
1740 1786 1860 1843 Cor.
1890 1786 2002 1860 xv).

414 1880 532 1937 Fac
563 1900 802 1949 mecum,
839 1883 1092 1952 Domine,
1135 1885 1343 1956 signum
1379 1886 1434 1940 in
1468 1884 1680 1950 bonum,
1713 1894 1768 1938 ut
1803 1885 2010 1940 videant
2037 1872 2086 1934 B

414 1971 504 2042 qui
531 1989 614 2028 me
643 1975 886 2040 oderunt,
914 1975 1161 2046 quoniam
1189 1984 1268 2040 tu,
1304 1974 1546 2040 Domine,
1575 1974 1826 2046 adjuvisti
1852 1992 1934 2032 me
1958 1974 2012 2031 in

414 2066 729 2131 certamine,
758 2076 806 2121 et
843 2067 1144 2122 consolatus
1175 2085 1227 2122 es
1265 2083 1347 2122 me
1385 2067 1440 2122 in
1478 2065 1823 2122 tribulatione
1854 2082 1870 2121 :
1903 2068 2011 2133 vel,

416 2155 665 2225 adjuvisti
693 2175 796 2226 me,
831 2159 1140 2215 reducendo
1167 2158 1405 2214 animam
1448 2173 1626 2215 meam
1653 2159 1720 2214 de
1758 2157 1970 2214 inferno
1998 2174 2012 2213 :

415 2258 464 2300 et
495 2249 796 2305 consolatus
827 2268 880 2306 es
923 2268 1004 2306 me
1029 2292 1043 2317 ,
1076 2266 1276 2322 corpus
1320 2267 1502 2307 meum
1549 2251 1924 2307 resuscitatqu
1949 2252 2016 2308 de

418 2339 672 2409 sepulcro
706 2358 718 2393 :
749 2349 804 2396 et
833 2341 951 2397 ideo
981 2341 1382 2397 confundentur
1411 2342 1506 2412 qui
1538 2357 1626 2398 me
1651 2343 1902 2407 oderunt,
1932 2343 2018 2398 vel

419 2447 565 2487 nunc
609 2433 920 2500 salubriter,
952 2436 1037 2491 vel
1078 2437 1402 2508 quandoque
1447 2436 1730 2492 inutiliter.
1773 2436 2018 2494 Salubris

423 2522 669 2579 confusio
715 2535 796 2580 est
831 2527 1211 2582 verecundiam
1248 2528 1448 2584 habere
1477 2528 1545 2584 de
1576 2529 1865 2600 praeteritis
1895 2544 2019 2600 pec-

422 2616 560 2672 catis
590 2639 602 2672 :
634 2625 689 2672 et
713 2633 810 2687 per
837 2619 1121 2688 pecuniam
1149 2620 1441 2690 corrigere,
1468 2621 1613 2690 quod
1641 2619 1743 2675 fuit
1766 2621 2018 2677 commis-

425 2723 543 2763 sum
570 2723 671 2779 per
697 2710 1100 2782 negligentiam.
1130 2711 1345 2768 Prabet
1371 2712 1532 2770 modo
1557 2713 1713 2768 nobis
1737 2711 1879 2767 Deus
1927 2711 2019 2766 ad-

425 2800 557 2855 iuim
589 2802 822 2858 salubris
853 2803 1208 2869 confusionis,
1238 2806 1285 2860 si
1311 2819 1418 2860 non
1463 2812 1872 2860 contemnamus
1901 2819 2018 2859 me-

425 2892 662 2948 dicinam
715 2893 1070 2951 confusionis.
1117 2895 1220 2965 Qui
1272 2905 1454 2953 autem
1502 2896 1790 2953 salubriter
1831 2896 2022 2952 nolunt

425 2986 704 3058 confundi,
737 2987 1138 3044 confundentur
1181 2990 1506 3060 quandoque
1537 2989 1820 3054 inutiliter,
1849 3003 2021 3059 quan-

425 3079 600 3148 doque
625 3079 891 3136 deducent
917 3096 1011 3138 eos
1035 3097 1101 3137 ex
1133 3090 1440 3138 transverso
1466 3082 1780 3152 iniquitates
1810 3097 2019 3147 eorum,

423 3177 480 3224 et
506 3169 699 3224 dicturi
727 3180 851 3226 sunt
878 3186 893 3226 :
921 3172 1065 3239 Quos
1088 3172 1370 3244 aliquando
1397 3173 1675 3228 habuimus
1707 3173 1763 3227 in
1788 3172 2022 3227 derisum

424 3270 471 3313 et
496 3260 552 3314 in
581 3261 977 3320 similitudinem
997 3266 1321 3337 improperii,
1347 3282 1442 3321 nos
1467 3265 1739 3330 insensati,
1771 3265 1930 3320 vitam
1957 3262 2024 3320 il-
2049 3238 2096 3302 (ἶ

426 3352 598 3412 lorum
627 3357 1015 3413 wstimabamus
1044 3359 1326 3425 insaniam,
1353 3367 1459 3414 etc.
1501 3357 1656 3430 (Sap.
1688 3355 1766 3428 v).

906 3470 1230 3529 PSALMUS
1263 3470 1549 3529 LXXXVI.

782 3601 942 3643 FILIIS
979 3601 1115 3643 CORE
1157 3602 1392 3643 PSALMUS
1430 3600 1667 3642 CANTICI.

506 3699 526 3732 ‹
560 3678 936 3734 Fundamenta
975 3678 1092 3749 ejus
1126 3679 1184 3735 in
1233 3680 1508 3737 montibus
1556 3678 1760 3736 sanctis
1803 3721 1815 3733 .
1855 3678 2030 3751 diligit

437 3790 458 3824 s
494 3772 756 3828 Dominus
782 3782 969 3844 portas
997 3772 1128 3829 Sion
1157 3789 1318 3845 super
1345 3775 1529 3828 omnia
1561 3772 1907 3829 tabernacula
1935 3769 2027 3826 Ja-

438 3883 458 3916 ι
497 3865 620 3920 cob.
652 3864 896 3921 Gloriosa
926 3866 1068 3921 dicta
1097 3878 1225 3921 sunt
1253 3866 1318 3920 de
1347 3875 1418 3932 te,
1452 3866 1642 3922 civitas
1673 3865 1793 3920 Dei.
1825 3864 2031 3920 Memor

437 3974 458 4008 ι
494 3970 590 4012 ero
623 3956 812 4012 Rabab
845 3965 901 4012 et
930 3957 1242 4028 Babylonis,
1275 3958 1558 4012 scientiam
1592 3972 1697 4011 me.
1728 3955 1868 4013 Ecce
1901 3955 2031 4010 alie-

439 4070 458 4104 s
496 4043 703 4122 nigenae
725 4062 779 4106 et
809 4051 984 4123 Tyrus
1009 4061 1064 4107 et
1091 4053 1320 4124 populus
1346 4053 1702 4125 jEthyopum,
1729 4053 1786 4108 hi
1816 4053 2032 4109 fuerunt

437 4163 457 4196 «
499 4145 628 4199 illic.
668 4143 919 4214 Nunquid
952 4145 1080 4200 Sion
1111 4146 1254 4201 dicet
1284 4161 1299 4200 :
1336 4146 1628 4213 Homo,.et
1671 4147 1833 4203 homo
1869 4157 2031 4204 natus

439 4253 458 4284 ι
496 4242 580 4290 est
611 4234 665 4289 in
703 4249 788 4300 ea,
820 4243 876 4289 et
902 4235 1015 4306 ipse
1043 4234 1288 4291 fundavit
1315 4251 1436 4291 eam
1465 4235 1813 4292 Altissimus?
1842 4236 2029 4291 Domi-

441 4344 461 4378 σ
500 4343 601 4382 nus
644 4327 887 4382 narrabit
929 4328 984 4382 in
1033 4328 1317 4398 scripturis
1360 4328 1681 4399 p0pulorum
1724 4335 1780 4383 et
1824 4328 2028 4398 princi-

441 4438 460 4472 ι
496 4435 659 4490 pum,
698 4420 891 4475 horum
930 4420 1022 4490 qui
1063 4419 1283 4476 fuerunt
1323 4419 1378 4474 in
1409 4434 1491 4475 ea.
1542 4416 1694 4475 Sicut
1733 4417 2031 4475 laetantium

441 4529 460 4564 ‹
495 4511 737 4567 omnium
766 4512 1031 4568 habitatio
1059 4521 1143 4567 est
1172 4512 1224 4567 in
1257 4519 1328 4566 te.
1365 4530 1384 4563 ι

1006 4601 1467 4660 ENARRATIO.

505 4695 775 4764 Quoniam
802 4694 897 4767 qui
925 4694 1037 4751 sint
1074 4695 1170 4752 ﬁlii
1220 4695 1352 4751 Core
1379 4707 1434 4753 et
1464 4696 1592 4766 quid
1627 4695 1862 4768 psalmus
1902 4715 2028 4754 can-

436 4789 528 4846 tici
591 4789 725 4844 satis
771 4789 1076 4845 audivimus
1129 4798 1182 4845 et
1224 4792 1570 4856 notavimus,
1608 4806 1671 4846 ca
1713 4793 1864 4862 quasi
1908 4801 2034 4850 nota

439 4887 846 4952 przetereamus,
874 4887 929 4935 et
972 4879 1099 4950 quid
1133 4881 1372 4937 intendat
1411 4882 1654 4952 psalmus
1681 4865 2034 4954 explicemus.

440 4973 645 5031 Civitas
673 4973 921 5043 quaedam
951 4972 1006 5028 in
1036 4973 1141 5028 hoc
1180 4973 1388 5043 psalmo
1425 4975 1758 5045 praeponitur
1788 4985 1843 5031 ct
1883 4992 2034 5032 com-

443 5060 753 5130 mendatur,
780 5063 936 5133 cujus
964 5064 1113 5120 cives
1143 5080 1348 5132 sumus,
1380 5074 1434 5120 et
1459 5067 1601 5122 unde
1627 5068 2039 5137 peregrinamur

441 5157 680 5228 quandiu
717 5155 972 5212 mortales
1015 5171 1234 5222 sumus,
1284 5158 1350 5211 ad
1392 5173 1554 5228 quam
1593 5156 1804 5212 tandem
1845 5173 2035 5228 perve-

445 5250 677 5314 niemus,
718 5250 764 5305 si
789 5249 934 5304 viam
963 5249 1080 5320 ejus
1108 5249 1439 5317 insistimus,
1472 5266 1591 5322 qua:
1633 5250 1853 5305 omnino
1884 5251 2038 5321 quasi

445 5340 680 5395 dumetis
704 5349 758 5395 et
784 5341 1028 5397 sentibus
1053 5341 1343 5397 interclusa
1366 5358 1472 5398 non
1501 5343 1893 5397 inveniebatur.
1921 5343 2034 5398 Rex

445 5428 614 5499 ipsius
644 5431 882 5486 civitatis
926 5447 985 5486 se
1022 5432 1168 5488 viam
1208 5431 1340 5489 fecit
1381 5441 1440 5488 ut
1469 5436 1536 5488 ad
1571 5448 1691 5490 eam
1729 5434 2039 5505 pervenire-

446 5535 568 5576 mus
601 5540 614 5575 :
657 5524 996 5581 ambulantes
1023 5539 1153 5597 ergo
1194 5525 1249 5580 in
1280 5525 1528 5594 Christo;
1573 5535 1629 5582 et
1665 5528 1844 5583 adhuc
1880 5540 2040 5598 perc-

447 5615 727 5688 grinantes
763 5620 934 5676 donec
971 5621 1371 5691 perveniamus,
1411 5629 1522 5678 toto
1555 5620 1824 5677 desiderio
1862 5619 2041 5690 suspi-

448 5722 665 5775 remus,
707 5725 828 5766 eam
882 5728 1156 5778 amemus,
1197 5723 1480 5784 optemus,
1531 5729 1809 5784 nunquam
1855 5713 2039 5785 lingua

449 5801 650 5857 mentis
678 5800 744 5859 de
773 5801 889 5874 ejus
916 5818 1101 5862 amore
1134 5816 1408 5864 taceamus
1437 5825 1452 5864 :
1482 5815 1538 5863 et
1566 5806 1695 5881 quid
1733 5806 1800 5863 de
1828 5821 1892 5863 ea
1921 5804 2044 5877 qui-

2101 716 2104 718 ⁷
2170 707 2543 766 Fundamenta
2579 711 2692 784 ejus
2731 711 2788 766 in
2824 712 3087 768 montibus
3125 714 3340 769 sanctis.
3384 711 3524 768 Nota
3553 715 3675 783 quia

2101 802 2231 857 nihil
2256 804 2592 873 praemissum
2617 813 2702 861 est
2725 805 2778 861 in
2809 804 3011 872 littera,
3036 806 3105 862 ad
3129 808 3271 878 quod
3293 807 3468 878 possit
3495 806 3680 864 referri

2102 892 2155 949 id
2177 894 2319 964 quod
2350 895 2547 951 dicitur
2576 895 2630 952 in
2657 896 2926 969 principio
2952 897 3164 969 psalmi,
3197 898 3545 971 fundamenta
3573 915 3682 969 qu

2100 986 2159 1040 in
2179 987 2438 1042 montibus
2475 989 2672 1044 sanctis
2694 1004 2714 1044 :
2736 989 2828 1045 sed
2854 990 3110 1061 quoniam
3136 989 3488 1047 fundamenta
3522 991 3686 1047 alicu-

2097 1077 2187 1148 jus
2208 1078 2445 1135 civitatis
2464 1079 2637 1136 solent
2665 1082 2907 1138 construi
2931 1082 2984 1136 in
3007 1082 3302 1149 montibus,
3331 1098 3440 1139 non
3468 1083 3685 1138 dubium

2104 1177 2190 1226 est
2223 1171 2354 1240 quin
2397 1170 2486 1227 hic
2533 1171 2665 1229 velit
2706 1173 2934 1245 intelligi
2970 1174 3248 1231 civitatem
3276 1175 3568 1246 quamdam
3601 1174 3687 1245 qui

2104 1265 2195 1320 hic
2225 1265 2499 1335 loquitur,
2546 1267 2698 1337 cujus
2737 1281 2923 1323 amore
2973 1268 3210 1340 repletus
3255 1267 3466 1339 Spiritu
3505 1279 3692 1324 sancto

2105 1363 2313 1427 captus,
2365 1364 2420 1414 et
2471 1358 2640 1414 multa
2689 1360 2754 1415 de
2789 1360 2906 1430 ejus
2950 1376 3104 1431 pace,
3173 1361 3578 1427 communione,
3630 1360 3695 1415 de

2106 1457 2308 1505 aeterna
2335 1451 2536 1521 quiete,
2569 1453 2637 1508 de
2661 1451 3011 1509 indefectibili
3034 1453 3192 1510 laude
3224 1470 3406 1511 secum
3430 1455 3488 1508 in
3519 1464 3697 1509 mente

2105 1541 2328 1597 volvens
2354 1543 2590 1614 erumpit
2635 1543 2689 1598 in
2724 1543 2828 1598 hoc
2857 1562 2870 1599 :
2899 1543 3274 1600 Fundamenta
3311 1545 3426 1617 ejus
3455 1547 3513 1599 in
3551 1561 3699 1598 mon-

2107 1633 2245 1688 tibus
2293 1636 2508 1701 sanctis,
2561 1636 2716 1706 quasi
2761 1635 2876 1704 jam
2930 1637 2998 1692 de
3056 1638 3174 1710 ipsa
3223 1639 3441 1694 civitate
3496 1637 3698 1708 aliquid

2109 1730 2355 1799 dixisset,
2384 1740 2447 1787 ut
2483 1730 2562 1788 sic
2597 1732 3011 1788 continuaretur
3070 1733 3252 1789 verbis
3301 1731 3531 1803 prolatis
3583 1745 3700 1802 qut:

2113 1821 2340 1877 interius
2374 1831 2660 1893 acceperat
2689 1841 2702 1878 :
2727 1835 2782 1881 et
2815 1826 2971 1896 quasi
3002 1824 3248 1880 dicerent
3278 1824 3446 1895 aliqui
3472 1832 3529 1879 et
3548 1839 3698 1895 qua:-

2116 1923 2321 1982 rerent,
2357 1915 2509 1986 cujus
2543 1915 2778 1971 civitatis
2819 1915 3165 1972 fundamenta
3191 1916 3415 1972 dixisset
3456 1916 3513 1971 in
3553 1930 3704 1970 mon-

2119 2006 2260 2062 tibus
2289 2008 2486 2078 posita,
2516 2009 2793 2081 subiungit
2823 2024 2838 2064 :
2863 2009 3044 2080 Diligit
3083 2009 3340 2064 Dominus
3363 2018 3544 2079 portas
3577 2006 3703 2063 Sion

2115 2116 2273 2170 super
2299 2099 2474 2155 omnia
2503 2100 2843 2156 tabernacula
2869 2102 3055 2157 Jacob.
3089 2101 3256 2170 Quasi
3290 2103 3434 2158 dicat
3463 2101 3706 2157 :Civitas

2119 2191 2220 2247 ista
2272 2194 2424 2262 cujus
2482 2193 2722 2248 civitatis
2771 2192 3120 2249 fundamenta
3171 2193 3227 2248 in
3276 2193 3554 2249 montibus
3604 2194 3707 2248 sita

2117 2285 2440 2355 praenotavi,
2488 2295 2573 2340 est
2613 2283 2769 2352 Sion,
2809 2283 2965 2355 cujus
3001 2295 3190 2357 portas
3225 2286 3401 2358 diligit
3448 2285 3710 2342 Dominus

2119 2391 2282 2447 super
2307 2376 2489 2432 omnia
2514 2376 2861 2432 tabernacula
2902 2375 3088 2433 Jacob.
3119 2375 3251 2445 Quae
3287 2377 3396 2432 sint
3441 2375 3604 2432 istius
3639 2376 3711 2431 ci-

2118 2469 2302 2525 vitatis
2350 2468 2718 2536 fundamenta,
2760 2469 2998 2524 ostendit
3021 2470 3101 2525 sic
3118 2468 3319 2525 Paulus
3356 2468 3579 2540 (Ephes.
3607 2469 3705 2539 u):

2121 2560 2539 2633 Superwdiﬁcati
2602 2577 2758 2633 super
2797 2561 3197 2632 fundamentum
3244 2559 3602 2632 apostolorum
3662 2568 3712 2614 et

2119 2655 2512 2725 prophetarum,
2536 2662 2592 2711 et
2633 2670 2704 2711 ne
2743 2654 2866 2726 quis
2914 2654 3060 2725 ipsos
3087 2653 3360 2725 apostolos
3387 2662 3443 2710 et
3473 2654 3709 2725 prophe-

2123 2756 2225 2813 tas,
2274 2747 2327 2801 in
2367 2747 2567 2818 quibus
2607 2755 2692 2803 est
2745 2744 3158 2802 fundamentum
3205 2745 3462 2810 civitatis,
3495 2752 3714 2816 putaret

2121 2854 2218 2910 per
2242 2853 2302 2894 se
2331 2853 2491 2908 posse
2520 2846 2684 2901 stare,
2711 2837 2837 2893 ideo
2861 2839 3188 2898 subsecutus
3209 2836 3287 2891 ait
3312 2854 3326 2891 :
3357 2834 3484 2907 Ipso
3505 2851 3712 2890 summa

2122 2930 2374 2984 existente
2418 2928 2592 3000 lapide
2639 2928 2884 3000 angulari
2927 2927 3135 2983 Christo
3179 2929 3343 2994 Iesu;
3385 2927 3516 2997 quia
3554 2927 3612 2981 in
3649 2941 3717 2982 eo

2123 3030 2520 3077 connectuntur
2565 3021 2672 3076 duo
2703 3020 2906 3092 p0puli,
2939 3021 3168 3092 populus
3210 3020 3464 3076 videlicet
3502 3035 3570 3076 ex
3605 3020 3716 3074 cir-

2124 3116 2455 3173 cumcisione
2497 3123 2552 3171 et
2592 3116 2880 3186 praeputio,
2916 3115 3063 3170 velut
3106 3116 3212 3170 duo
3261 3115 3499 3186 parietes
3525 3127 3596 3168 ex
3638 3113 3719 3167 di-

2251 3227 2286 3268 o
2357 3211 2671 3279 venientes,
2729 3210 2976 3282 angulari
3040 3209 3218 3279 lapide
3278 3208 3588 3280 conjuncti,
3665 3206 3717 3262 in

2129 3320 2291 3361 unam
2325 3303 2786 3360 constructionem
2818 3303 3009 3358 domus
3034 3301 3408 3358 convenirent.
3448 3300 3512 3356 ln
3558 3298 3721 3368 hujus

2127 3399 2364 3456 civitatis
2391 3397 2798 3455 constructione
2835 3413 2943 3453 non
2970 3405 3055 3452 est
3079 3397 3451 3467 quaerendum,
3491 3394 3636 3465 quod
3666 3393 3719 3447 in

2129 3491 2376 3549 mdiﬁciis
2401 3490 2604 3547 nostris
2633 3489 2909 3545 invenitur
2934 3507 2948 3544 :
2979 3488 3103 3558 quia
3134 3487 3209 3544 ibi
3243 3487 3389 3543 aliud
3412 3494 3500 3542 est
3528 3485 3721 3540 funda-

2130 3597 2374 3645 mentum
2405 3601 2571 3658 quam
2609 3592 2765 3658 porta
2794 3602 2808 3639 :
2834 3583 2910 3640 ibi
2947 3583 3092 3654 quod
3137 3591 3225 3638 est
3255 3582 3309 3637 in
3340 3580 3448 3636 imo
3479 3593 3591 3634 non
3619 3577 3724 3632 erit

2131 3685 2186 3741 in
2233 3698 2486 3748 summo;
2517 3681 2647 3753 quia
2685 3695 2916 3750 corpora
2964 3693 3032 3735 ex
3082 3676 3279 3749 quibus
3330 3683 3724 3731 constt-tutntur

2130 3777 2356 3835 aedilicia
2383 3784 2592 3842 nostra,
2641 3791 2750 3831 non
2787 3774 2988 3844 ubique
3011 3787 3133 3829 esse
3156 3777 3402 3843 possunt,
3445 3784 3549 3824 nec
3574 3783 3721 3823 sem-

2130 3884 2245 3942 per.
2278 3869 2336 3923 ln
2368 3869 2470 3923 hac
2515 3873 2695 3921 autem
2727 3865 2951 3920 civitate
2985 3878 3148 3935 quam
3173 3861 3519 3918 commendat
3565 3860 3723 3915 nobis

2132 3959 2375 4031 psalmus
2429 3958 2554 4024 iste,
2607 3954 2885 4028 angularis
2933 3954 3028 4025 qui
3080 3961 3164 4010 est
3214 3953 3268 4008 in
3315 3951 3503 4019 fundo,
3564 3960 3625 4006 et
3670 3951 3722 4005 in

2133 4066 2346 4107 summo
2390 4065 2405 4105 :
2450 4049 2577 4120 quia
2625 4048 2881 4104 divinitas
2942 4046 3120 4102 nullas
3169 4045 3382 4117 patiens
3438 4043 3723 4115 angustias

2133 4143 2377 4215 corporis
2401 4141 2597 4213 ubique
2621 4149 2822 4211 priesto
2856 4150 2962 4206 est,
2992 4149 3046 4194 et
3087 4139 3209 4195 ideo
3235 4138 3304 4194 ad
3340 4152 3458 4194 eam
3485 4137 3724 4206 undique

2134 4232 2430 4291 similitudo
2457 4231 2580 4288 duci
2602 4239 2782 4303 potest
2807 4244 2822 4284 :
2845 4237 2902 4285 et
2925 4237 3099 4286 totum
3126 4235 3306 4299 potest
3329 4241 3450 4284 esse
3475 4227 3530 4281 in
3564 4225 3720 4281 simi-

2133 4324 2466 4391 litudinibus,
2501 4323 2626 4394 quia
2666 4321 2800 4377 nihil
2830 4322 3022 4378 horum
3050 4331 3138 4377 est
3171 4323 3223 4376 in
3268 4319 3718 4392 proprietatibus.

2132 4418 2253 4491 Ipsa
2299 4417 2447 4474 enim
2487 4415 2743 4471 divinitas
2766 4423 2851 4470 est
2879 4428 3036 4470 mons
3074 4412 3361 4480 montium,
3400 4411 3723 4466 fundamen-

2138 4605 2490 4664 fundamenta
2541 4605 2768 4677 apostoli
2817 4617 2873 4661 et
2913 4605 3194 4677 prophetae
3249 4601 3410 4672 hujus
3454 4602 3722 4665 civitatis,

2140 4700 2267 4771 quia
2296 4713 2483 4755 eorum
2511 4699 2806 4755 auctoritas
2829 4696 3197 4752 inﬁrmitatem
3233 4695 3484 4751 nostram
3505 4707 3719 4748 msu-

2139 4800 2250 4860 tat;
2288 4791 2389 4862 ipsi
2432 4790 2598 4846 etiam
2637 4798 2763 4846 sunt
2791 4797 2983 4860 portae,
3004 4788 3126 4859 quia
3159 4801 3257 4858 per
3287 4787 3432 4859 ipsas
3457 4796 3725 4842 nun-Iis

2140 4883 2196 4939 in
2235 4897 2461 4954 regnum
2507 4881 2630 4948 Dei;
2678 4881 2782 4952 ipsi
2812 4880 2958 4937 enim
3006 4879 3305 4952 pmdicant
3349 4877 3402 4933 in
3459 4883 3728 4944 sonis,ut

2141 4976 2287 5031 viam
2349 4975 2504 5030 nobis
2557 4974 2824 5044 aperiant.
2883 4970 3036 5028 Unde
3083 4969 3211 5024 illud
3245 4968 3509 5040 :Lingaa:
3537 4981 3725 5021 eorum

2141 5066 2321 5123 claves
2347 5065 2472 5124 caeli
2493 5065 2650 5121 factae
2671 5074 2832 5120 sunt:
2860 5064 2959 5135 ips:
2989 5063 3153 5118 etiam
3181 5077 3247 5117 ex
3269 5061 3464 5131 quibus
3492 5058 3714 5114 aediﬁca-

2141 5168 2230 5215 tur
2269 5159 2486 5224 civitas,
2538 5167 2665 5214 sunt
2704 5157 2904 5228 lapides
2955 5157 3086 5222 vivi,
3136 5154 3386 5226 quadrati
3432 5152 3725 5208 artiﬁciosa

2141 5269 2302 5309 manu
2333 5252 2568 5309 Domini.
2597 5251 2713 5307 Non
2749 5251 2892 5306 enim
2932 5249 3132 5306 frustra
3167 5265 3235 5304 ex
3265 5246 3547 5318 quadratis
3570 5244 3727 5316 lignis

2139 5345 2401 5402 aediﬁcata
2452 5351 2536 5400 est
2583 5359 2708 5400 arca
2757 5342 2894 5410 Noe,
2952 5342 3078 5412 quia
3120 5341 3235 5412 ipsa
3279 5339 3452 5412 gessit
3499 5336 3727 5408 ﬁguram

2143 5439 2420 5502 Ecclesiae,
2464 5436 2616 5508 cujus
2643 5437 2882 5508 parietes
2907 5435 3105 5492 debent
3123 5448 3246 5490 esse
3273 5430 3524 5502 quadrati
3553 5430 3729 5485 homi-

2143 5545 2259 5585 nes.
2309 5530 2490 5598 Quare
2537 5527 2824 5599 quadrati?
2870 5527 2940 5582 Ut
2990 5527 3046 5581 in
3083 5525 3228 5580 omni
3274 5521 3575 5580 tentatione
3607 5521 3729 5576 sint

2144 5623 2364 5679 stabiles
2391 5630 2446 5678 et
2471 5622 2610 5677 ﬁrmi
2638 5636 2654 5677 :
2686 5629 2744 5677 et
2770 5621 2816 5677 si
2862 5619 3206 5690 impellantur
3234 5625 3290 5672 et
3329 5615 3487 5686 quasi
3513 5622 3726 5668 vertan-

2144 5724 2252 5781 tur,
2285 5729 2391 5770 non
2439 5715 2656 5771 cadant.
2687 5712 2992 5780 Quadratus
3035 5710 3180 5767 enim
3221 5707 3360 5778 lapis
3397 5707 3454 5762 in
3483 5718 3719 5777 quacun-

2145 5822 2249 5880 que
2287 5815 2442 5881 parte
2491 5806 2740 5874 vertitur,
2784 5811 2892 5862 stat
2931 5804 3179 5861 ﬁrmiter.
3236 5799 3425 5873 Diligit
3469 5799 3726 5855 Dominus

2136 4521 2249 4567 tum
2286 4510 2782 4575 fundamentorum,
2817 4515 2974 4580 porta
3019 4517 3320 4579 portarum.
3367 4503 3510 4560 Sunt
3553 4505 3720 4559 etiam

2053 4542 2490 4824 Iifundamenta
2541 4605 2768 4677 apostoli
2817 4617 2873 4661 et
2913 4605 3194 4677 prophetae
3249 4601 3410 4672 hujus
3454 4602 3720 4665 civitatis,

2140 4700 2267 4771 quia
2296 4713 2483 4755 eorum
2511 4699 2806 4755 auctoritas
2829 4696 3197 4752 inﬁrmitatem
3233 4695 3484 4751 nostram
3505 4707 3719 4748 msu-

2139 4800 2248 4824 θοις.
2288 4791 2387 4824 ἕηρῖ
2432 4790 2595 4824 asiam
2637 4798 2759 4824 muns
2791 4797 2960 4824 nni-Im
3004 4788 3126 4824 nnin
3159 4801 3257 4824 nns-
3287 4787 3431 4824 ἕπει-,ε
3457 4796 3720 4824 ain-nl
