  <div class='ocr_page' id='page_1' title='image "/cluster/home/n/w/nwhite01/storage/ocr_20150623/131/hvd.32044015471725/306.png"; bbox 0 0 4034 6504; ppageno 0'>
   <div class='ocr_carea' id='block_1_1' title="bbox 169 412 265 469">
    <p class='ocr_par' dir='ltr' id='par_1_1' title="bbox 169 412 265 469">
     <span class='ocr_line' id='line_1_1' title="bbox 169 412 265 469; baseline -0.021 -1"><span class='ocrx_word' id='word_1_1' title='bbox 169 412 265 469; x_wconf 80' lang='grc'><strong>601</strong></span> 
     </span>
    </p>
   </div>
   <div class='ocr_carea' id='block_1_2' title="bbox 1311 405 2326 467">
    <p class='ocr_par' dir='ltr' id='par_1_2' title="bbox 1311 405 2326 467">
     <span class='ocr_line' id='line_1_2' title="bbox 1311 405 2326 467; baseline 0.003 -6"><span class='ocrx_word' id='word_1_2' title='bbox 1311 405 1847 465; x_wconf 70' lang='grc' dir='ltr'><strong>ΕΝΑῐὶΙὶΛΤΙΟΝΕΞ</strong></span> <span class='ocrx_word' id='word_1_3' title='bbox 1886 408 1952 464; x_wconf 83' lang='lat' dir='ltr'><strong>IN</strong></span> <span class='ocrx_word' id='word_1_4' title='bbox 1988 408 2326 467; x_wconf 78' lang='lat' dir='ltr'><strong>PSALMOS.</strong></span> 
     </span>
    </p>
   </div>
   <div class='ocr_carea' id='block_1_3' title="bbox 3333 414 3439 472">
    <p class='ocr_par' dir='ltr' id='par_1_3' title="bbox 3333 414 3439 472">
     <span class='ocr_line' id='line_1_3' title="bbox 3333 414 3439 472; baseline 0.028 -3"><span class='ocrx_word' id='word_1_5' title='bbox 3333 414 3439 472; x_wconf 68' lang='lat'><strong>602</strong></span> 
     </span>
    </p>
   </div>
   <div class='ocr_carea' id='block_1_4' title="bbox 165 496 3445 596">
    <p class='ocr_par' dir='ltr' id='par_1_4' title="bbox 165 496 3445 596">
     <span class='ocr_line' id='line_1_4' title="bbox 165 496 3445 596; baseline 0.002 -17"><span class='ocrx_word' id='word_1_6' title='bbox 165 534 344 596; x_wconf 89' lang='lat' dir='ltr'><strong>portas</strong></span> <span class='ocrx_word' id='word_1_7' title='bbox 380 521 511 579; x_wconf 88' lang='lat' dir='ltr'><strong>Sion</strong></span> <span class='ocrx_word' id='word_1_8' title='bbox 550 539 706 593; x_wconf 80' lang='lat' dir='ltr'><strong><em>super</em></strong></span> <span class='ocrx_word' id='word_1_9' title='bbox 752 521 928 577; x_wconf 88' lang='lat' dir='ltr'><strong>omnia</strong></span> <span class='ocrx_word' id='word_1_10' title='bbox 970 518 1309 575; x_wconf 77' lang='lat' dir='ltr'><strong>tbbernacula</strong></span> <span class='ocrx_word' id='word_1_11' title='bbox 1353 518 1543 586; x_wconf 85' lang='lat' dir='ltr'><strong>Jacob,</strong></span> <span class='ocrx_word' id='word_1_12' title='bbox 1568 520 1621 575; x_wconf 98' lang='lat' dir='ltr'><strong>id</strong></span> <span class='ocrx_word' id='word_1_13' title='bbox 1651 529 1753 587; x_wconf 91' lang='lat' dir='ltr'><strong>est,</strong></span> <span class='ocrx_word' id='word_1_14' title='bbox 1781 525 1832 586; x_wconf 84' lang='grc' dir='ltr'><strong>Α</strong></span> <span class='ocrx_word' id='word_1_15' title='bbox 1859 521 1984 593; x_wconf 86' lang='lat' dir='ltr'><strong>quid</strong></span> <span class='ocrx_word' id='word_1_16' title='bbox 2035 520 2167 577; x_wconf 90' lang='lat' dir='ltr'><strong>Sion</strong></span> <span class='ocrx_word' id='word_1_17' title='bbox 2215 522 2351 577; x_wconf 88' lang='lat' dir='ltr'><strong>dicet</strong></span> <span class='ocrx_word' id='word_1_18' title='bbox 2400 523 2605 578; x_wconf 83' lang='lat' dir='ltr'><strong>homo?</strong></span> <span class='ocrx_word' id='word_1_19' title='bbox 2638 532 2691 579; x_wconf 88' lang='lat' dir='ltr'><strong>et</strong></span> <span class='ocrx_word' id='word_1_20' title='bbox 2737 496 2915 580; x_wconf 84' lang='lat' dir='ltr'><strong>tamen</strong></span> <span class='ocrx_word' id='word_1_21' title='bbox 2970 524 3136 592; x_wconf 80' lang='lat' dir='ltr'><strong>dicit,</strong></span> <span class='ocrx_word' id='word_1_22' title='bbox 3184 525 3445 587; x_wconf 84' lang='lat' dir='ltr'><strong>Dominus</strong></span> 
     </span>
    </p>
   </div>
   <div class='ocr_carea' id='block_1_5' title="bbox 168 613 1751 691">
    <p class='ocr_par' dir='ltr' id='par_1_5' title="bbox 168 613 1751 691">
     <span class='ocr_line' id='line_1_5' title="bbox 168 613 1751 691; baseline -0.005 -15"><span class='ocrx_word' id='word_1_23' title='bbox 168 636 334 691; x_wconf 81' lang='lat' dir='ltr'><strong>super</strong></span> <span class='ocrx_word' id='word_1_24' title='bbox 366 619 548 674; x_wconf 80' lang='lat' dir='ltr'><strong>omnia</strong></span> <span class='ocrx_word' id='word_1_25' title='bbox 595 616 787 688; x_wconf 84' lang='lat' dir='ltr'><strong>legalia</strong></span> <span class='ocrx_word' id='word_1_26' title='bbox 817 616 1085 681; x_wconf 91' lang='lat' dir='ltr'><strong>instituta,</strong></span> <span class='ocrx_word' id='word_1_27' title='bbox 1112 616 1235 686; x_wconf 84' lang='lat' dir='ltr'><strong>quia</strong></span> <span class='ocrx_word' id='word_1_28' title='bbox 1272 614 1398 669; x_wconf 80' lang='lat' dir='ltr'><strong>alibi</strong></span> <span class='ocrx_word' id='word_1_29' title='bbox 1421 614 1619 670; x_wconf 91' lang='lat' dir='ltr'><strong>dicitur</strong></span> <span class='ocrx_word' id='word_1_30' title='bbox 1641 628 1656 668; x_wconf 91' lang='lat'><strong>:</strong></span> <span class='ocrx_word' id='word_1_31' title='bbox 1682 613 1751 669; x_wconf 82' lang='lat' dir='ltr'><strong>Et</strong></span> 
     </span>
    </p>
   </div>
   <div class='ocr_carea' id='block_1_6' title="bbox 164 707 1751 782">
    <p class='ocr_par' dir='ltr' id='par_1_6' title="bbox 164 707 1751 782">
     <span class='ocr_line' id='line_1_6' title="bbox 164 707 1751 782; baseline -0.001 -16"><span class='ocrx_word' id='word_1_32' title='bbox 164 714 384 782; x_wconf 75' lang='lat' dir='ltr'><strong>placebit</strong></span> <span class='ocrx_word' id='word_1_33' title='bbox 427 713 538 766; x_wconf 90' lang='lat' dir='ltr'><strong>Deo</strong></span> <span class='ocrx_word' id='word_1_34' title='bbox 589 727 745 782; x_wconf 82' lang='lat' dir='ltr'><strong><em>super</em></strong></span> <span class='ocrx_word' id='word_1_35' title='bbox 772 710 995 767; x_wconf 79' lang='lat' dir='ltr'><strong>uitulum</strong></span> <span class='ocrx_word' id='word_1_36' title='bbox 1031 709 1287 765; x_wconf 87' lang='lat' dir='ltr'><strong>novellum</strong></span> <span class='ocrx_word' id='word_1_37' title='bbox 1320 707 1491 781; x_wconf 87' lang='lat' dir='ltr'><strong>(Psal.</strong></span> <span class='ocrx_word' id='word_1_38' title='bbox 1537 707 1751 779; x_wconf 61' lang='grc' dir='ltr'><strong>ιιι-ιιι).</strong></span> 
     </span>
    </p>
   </div>
   <div class='ocr_carea' id='block_1_7' title="bbox 164 802 1752 875">
    <p class='ocr_par' dir='ltr' id='par_1_7' title="bbox 164 802 1752 875">
     <span class='ocr_line' id='line_1_7' title="bbox 164 802 1752 875; baseline -0.002 -15"><span class='ocrx_word' id='word_1_39' title='bbox 164 805 473 860; x_wconf 92' lang='lat' dir='ltr'><strong>Notandum</strong></span> <span class='ocrx_word' id='word_1_40' title='bbox 504 813 583 860; x_wconf 91' lang='lat' dir='ltr'><strong>est</strong></span> <span class='ocrx_word' id='word_1_41' title='bbox 617 812 820 869; x_wconf 89' lang='lat' dir='ltr'><strong>tamen,</strong></span> <span class='ocrx_word' id='word_1_42' title='bbox 858 803 1001 875; x_wconf 90' lang='lat' dir='ltr'><strong>quod</strong></span> <span class='ocrx_word' id='word_1_43' title='bbox 1024 802 1188 858; x_wconf 91' lang='lat' dir='ltr'><strong>iidem</strong></span> <span class='ocrx_word' id='word_1_44' title='bbox 1215 803 1306 873; x_wconf 87' lang='lat' dir='ltr'><strong>qui</strong></span> <span class='ocrx_word' id='word_1_45' title='bbox 1335 812 1461 857; x_wconf 89' lang='lat' dir='ltr'><strong>sunt</strong></span> <span class='ocrx_word' id='word_1_46' title='bbox 1492 802 1544 856; x_wconf 91' lang='lat' dir='ltr'><strong>in</strong></span> <span class='ocrx_word' id='word_1_47' title='bbox 1571 802 1752 857; x_wconf 87' lang='lat' dir='ltr'><strong>taber-</strong></span> 
     </span>
    </p>
   </div>
   <div class='ocr_carea' id='block_1_8' title="bbox 162 893 1751 964">
    <p class='ocr_par' dir='ltr' id='par_1_8' title="bbox 162 893 1751 964">
     <span class='ocr_line' id='line_1_8' title="bbox 162 893 1751 964; baseline -0.003 -12"><span class='ocrx_word' id='word_1_48' title='bbox 162 898 372 953; x_wconf 88' lang='lat' dir='ltr'><strong>naculis</strong></span> <span class='ocrx_word' id='word_1_49' title='bbox 402 896 588 961; x_wconf 86' lang='lat' dir='ltr'><strong>Jacob,</strong></span> <span class='ocrx_word' id='word_1_50' title='bbox 620 896 855 952; x_wconf 88' lang='lat' dir='ltr'><strong>eruntin</strong></span> <span class='ocrx_word' id='word_1_51' title='bbox 900 894 1052 951; x_wconf 89' lang='lat' dir='ltr'><strong>Sion.</strong></span> <span class='ocrx_word' id='word_1_52' title='bbox 1087 893 1195 949; x_wconf 86' lang='lat' dir='ltr'><strong>Sed</strong></span> <span class='ocrx_word' id='word_1_53' title='bbox 1242 895 1367 964; x_wconf 86' lang='lat' dir='ltr'><strong>quia</strong></span> <span class='ocrx_word' id='word_1_54' title='bbox 1408 893 1751 949; x_wconf 85' lang='lat' dir='ltr'><strong>tabernacula</strong></span> 
     </span>
    </p>
   </div>
   <div class='ocr_carea' id='block_1_9' title="bbox 162 985 1755 1061">
    <p class='ocr_par' dir='ltr' id='par_1_9' title="bbox 162 985 1755 1061">
     <span class='ocr_line' id='line_1_9' title="bbox 162 985 1755 1061; baseline -0.003 -17"><span class='ocrx_word' id='word_1_55' title='bbox 162 990 394 1059; x_wconf 86' lang='lat' dir='ltr'><strong>ﬁguram</strong></span> <span class='ocrx_word' id='word_1_56' title='bbox 442 990 702 1061; x_wconf 74' lang='lat' dir='ltr'><strong>gerebant</strong></span> <span class='ocrx_word' id='word_1_57' title='bbox 742 988 885 1044; x_wconf 91' lang='lat' dir='ltr'><strong>illius</strong></span> <span class='ocrx_word' id='word_1_58' title='bbox 928 986 1126 1043; x_wconf 68' lang='lat' dir='ltr'><strong>futuras</strong></span> <span class='ocrx_word' id='word_1_59' title='bbox 1176 986 1433 1051; x_wconf 74' lang='lat' dir='ltr'><strong>civitatis,</strong></span> <span class='ocrx_word' id='word_1_60' title='bbox 1470 985 1755 1053; x_wconf 79' lang='lat' dir='ltr'><strong>praecessit</strong></span> 
     </span>
    </p>
   </div>
   <div class='ocr_carea' id='block_1_10' title="bbox 159 1078 1753 1151">
    <p class='ocr_par' dir='ltr' id='par_1_10' title="bbox 159 1078 1753 1151">
     <span class='ocr_line' id='line_1_10' title="bbox 159 1078 1753 1151; baseline -0.003 -14"><span class='ocrx_word' id='word_1_61' title='bbox 159 1083 304 1137; x_wconf 90' lang='lat' dir='ltr'><strong>enim</strong></span> <span class='ocrx_word' id='word_1_62' title='bbox 337 1082 531 1138; x_wconf 88' lang='lat' dir='ltr'><strong>civitas</strong></span> <span class='ocrx_word' id='word_1_63' title='bbox 572 1080 825 1146; x_wconf 83' lang='lat' dir='ltr'><strong>carnalis,</strong></span> <span class='ocrx_word' id='word_1_64' title='bbox 859 1090 917 1135; x_wconf 89' lang='lat' dir='ltr'><strong>ut</strong></span> <span class='ocrx_word' id='word_1_65' title='bbox 950 1087 1267 1151; x_wconf 71' lang='lat' dir='ltr'><strong>sequeretur</strong></span> <span class='ocrx_word' id='word_1_66' title='bbox 1293 1078 1606 1149; x_wconf 89' lang='lat' dir='ltr'><strong>spiritualis,</strong></span> <span class='ocrx_word' id='word_1_67' title='bbox 1632 1079 1753 1133; x_wconf 89' lang='lat' dir='ltr'><strong>ideo</strong></span> 
     </span>
    </p>
   </div>
   <div class='ocr_carea' id='block_1_11' title="bbox 158 1173 1749 1248">
    <p class='ocr_par' dir='ltr' id='par_1_11' title="bbox 158 1173 1749 1248">
     <span class='ocr_line' id='line_1_11' title="bbox 158 1173 1749 1248; baseline -0.001 -18"><span class='ocrx_word' id='word_1_68' title='bbox 158 1177 332 1232; x_wconf 81' lang='lat' dir='ltr'><strong>dixit:</strong></span> <span class='ocrx_word' id='word_1_69' title='bbox 358 1176 546 1248; x_wconf 86' lang='lat' dir='ltr'><strong>Diligit</strong></span> <span class='ocrx_word' id='word_1_70' title='bbox 596 1176 855 1232; x_wconf 75' lang='lat' dir='ltr'><strong>Dominus</strong></span> <span class='ocrx_word' id='word_1_71' title='bbox 886 1186 1062 1247; x_wconf 87' lang='lat' dir='ltr'><strong>portas</strong></span> <span class='ocrx_word' id='word_1_72' title='bbox 1094 1173 1224 1230; x_wconf 85' lang='lat' dir='ltr'><strong>Sion</strong></span> <span class='ocrx_word' id='word_1_73' title='bbox 1257 1191 1413 1245; x_wconf 88' lang='lat' dir='ltr'><strong>super</strong></span> <span class='ocrx_word' id='word_1_74' title='bbox 1452 1174 1627 1228; x_wconf 80' lang='lat' dir='ltr'><strong>omnia</strong></span> <span class='ocrx_word' id='word_1_75' title='bbox 1665 1182 1749 1228; x_wconf 89' lang='lat' dir='ltr'><strong>ta-</strong></span> 
     </span>
    </p>
   </div>
   <div class='ocr_carea' id='block_1_12' title="bbox 157 1264 1750 1330">
    <p class='ocr_par' dir='ltr' id='par_1_12' title="bbox 157 1264 1750 1330">
     <span class='ocr_line' id='line_1_12' title="bbox 157 1264 1750 1330; baseline -0.002 -8"><span class='ocrx_word' id='word_1_76' title='bbox 157 1269 446 1324; x_wconf 84' lang='lat' dir='ltr'><strong>bernacula</strong></span> <span class='ocrx_word' id='word_1_77' title='bbox 479 1270 667 1324; x_wconf 82' lang='lat' dir='ltr'><strong>Jacob.</strong></span> <span class='ocrx_word' id='word_1_78' title='bbox 719 1266 959 1323; x_wconf 84' lang='lat' dir='ltr'><strong>Gloriosa</strong></span> <span class='ocrx_word' id='word_1_79' title='bbox 1008 1268 1147 1322; x_wconf 87' lang='lat' dir='ltr'><strong>dicta</strong></span> <span class='ocrx_word' id='word_1_80' title='bbox 1202 1276 1325 1321; x_wconf 90' lang='lat' dir='ltr'><strong>sunt</strong></span> <span class='ocrx_word' id='word_1_81' title='bbox 1357 1267 1420 1320; x_wconf 89' lang='lat' dir='ltr'><strong>de</strong></span> <span class='ocrx_word' id='word_1_82' title='bbox 1454 1276 1519 1330; x_wconf 88' lang='lat' dir='ltr'><strong>te,</strong></span> <span class='ocrx_word' id='word_1_83' title='bbox 1569 1264 1750 1320; x_wconf 77' lang='lat' dir='ltr'><strong>civitas</strong></span> 
     </span>
    </p>
   </div>
   <div class='ocr_carea' id='block_1_13' title="bbox 155 1359 1749 1433">
    <p class='ocr_par' dir='ltr' id='par_1_13' title="bbox 155 1359 1749 1433">
     <span class='ocr_line' id='line_1_13' title="bbox 155 1359 1749 1433; baseline -0.002 -17"><span class='ocrx_word' id='word_1_84' title='bbox 155 1361 271 1416; x_wconf 81' lang='lat' dir='ltr'><strong>Dei.</strong></span> <span class='ocrx_word' id='word_1_85' title='bbox 303 1361 664 1433; x_wconf 75' lang='lat' dir='ltr'><strong>Prosequitur</strong></span> <span class='ocrx_word' id='word_1_86' title='bbox 685 1362 1068 1418; x_wconf 82' lang='lat' dir='ltr'><strong>commendare</strong></span> <span class='ocrx_word' id='word_1_87' title='bbox 1087 1361 1359 1416; x_wconf 86' lang='lat' dir='ltr'><strong>civitatem</strong></span> <span class='ocrx_word' id='word_1_88' title='bbox 1388 1361 1571 1425; x_wconf 88' lang='lat' dir='ltr'><strong>istam,</strong></span> <span class='ocrx_word' id='word_1_89' title='bbox 1594 1359 1749 1429; x_wconf 90' lang='lat' dir='ltr'><strong>quasi</strong></span> 
     </span>
    </p>
   </div>
   <div class='ocr_carea' id='block_1_14' title="bbox 154 1451 1750 1526">
    <p class='ocr_par' dir='ltr' id='par_1_14' title="bbox 154 1451 1750 1526">
     <span class='ocr_line' id='line_1_14' title="bbox 154 1451 1750 1526; baseline -0.002 -18"><span class='ocrx_word' id='word_1_90' title='bbox 154 1455 328 1510; x_wconf 82' lang='lat' dir='ltr'><strong>dicat:</strong></span> <span class='ocrx_word' id='word_1_91' title='bbox 348 1455 590 1512; x_wconf 87' lang='lat' dir='ltr'><strong>Ocivitas</strong></span> <span class='ocrx_word' id='word_1_92' title='bbox 608 1455 726 1522; x_wconf 86' lang='lat' dir='ltr'><strong>Dei,</strong></span> <span class='ocrx_word' id='word_1_93' title='bbox 745 1471 906 1525; x_wconf 90' lang='lat' dir='ltr'><strong>quam</strong></span> <span class='ocrx_word' id='word_1_94' title='bbox 930 1454 1184 1526; x_wconf 87' lang='lat' dir='ltr'><strong>gloriosa,</strong></span> <span class='ocrx_word' id='word_1_95' title='bbox 1219 1453 1269 1508; x_wconf 89' lang='lat' dir='ltr'><strong>id</strong></span> <span class='ocrx_word' id='word_1_96' title='bbox 1293 1462 1394 1518; x_wconf 90' lang='lat' dir='ltr'><strong>est,</strong></span> <span class='ocrx_word' id='word_1_97' title='bbox 1412 1467 1571 1522; x_wconf 91' lang='lat' dir='ltr'><strong>quam</strong></span> <span class='ocrx_word' id='word_1_98' title='bbox 1586 1451 1750 1521; x_wconf 88' lang='lat' dir='ltr'><strong>digna</strong></span> 
     </span>
    </p>
   </div>
   <div class='ocr_carea' id='block_1_15' title="bbox 153 1542 1749 1616">
    <p class='ocr_par' dir='ltr' id='par_1_15' title="bbox 153 1542 1749 1616">
     <span class='ocr_line' id='line_1_15' title="bbox 153 1542 1749 1616; baseline -0.003 -16"><span class='ocrx_word' id='word_1_99' title='bbox 153 1548 521 1602; x_wconf 81' lang='lat' dir='ltr'><strong>admiratione</strong></span> <span class='ocrx_word' id='word_1_100' title='bbox 536 1556 659 1603; x_wconf 84' lang='lat' dir='ltr'><strong>sunt</strong></span> <span class='ocrx_word' id='word_1_101' title='bbox 675 1549 814 1601; x_wconf 88' lang='lat' dir='ltr'><strong>dicta</strong></span> <span class='ocrx_word' id='word_1_102' title='bbox 837 1547 959 1601; x_wconf 78' lang='lat' dir='ltr'><strong>dcte</strong></span> <span class='ocrx_word' id='word_1_103' title='bbox 980 1546 1049 1600; x_wconf 88' lang='lat' dir='ltr'><strong>ab</strong></span> <span class='ocrx_word' id='word_1_104' title='bbox 1069 1547 1185 1616; x_wconf 87' lang='lat' dir='ltr'><strong>ipso</strong></span> <span class='ocrx_word' id='word_1_105' title='bbox 1202 1544 1482 1600; x_wconf 83' lang='lat' dir='ltr'><strong>conditore</strong></span> <span class='ocrx_word' id='word_1_106' title='bbox 1498 1552 1604 1604; x_wconf 86' lang='lat' dir='ltr'><strong>tuo,</strong></span> <span class='ocrx_word' id='word_1_107' title='bbox 1623 1542 1749 1613; x_wconf 89' lang='lat' dir='ltr'><strong>quia</strong></span> 
     </span>
    </p>
   </div>
   <div class='ocr_carea' id='block_1_16' title="bbox 154 1638 1750 1711">
    <p class='ocr_par' dir='ltr' id='par_1_16' title="bbox 154 1638 1750 1711">
     <span class='ocr_line' id='line_1_16' title="bbox 154 1638 1750 1711; baseline -0.001 -16"><span class='ocrx_word' id='word_1_108' title='bbox 154 1642 287 1696; x_wconf 78' lang='lat' dir='ltr'><strong>dixit</strong></span> <span class='ocrx_word' id='word_1_109' title='bbox 305 1660 319 1697; x_wconf 90' lang='lat'><strong>:</strong></span> <span class='ocrx_word' id='word_1_110' title='bbox 338 1641 550 1697; x_wconf 80' lang='lat' dir='ltr'><strong>Memor</strong></span> <span class='ocrx_word' id='word_1_111' title='bbox 563 1659 650 1697; x_wconf 89' lang='lat' dir='ltr'><strong>ero</strong></span> <span class='ocrx_word' id='word_1_112' title='bbox 665 1640 847 1699; x_wconf 79' lang='lat' dir='ltr'><strong>Rahab</strong></span> <span class='ocrx_word' id='word_1_113' title='bbox 870 1651 917 1696; x_wconf 92' lang='lat' dir='ltr'><strong>et</strong></span> <span class='ocrx_word' id='word_1_114' title='bbox 938 1640 1246 1711; x_wconf 81' lang='lat' dir='ltr'><strong>Babylonis,</strong></span> <span class='ocrx_word' id='word_1_115' title='bbox 1265 1639 1540 1694; x_wconf 80' lang='lat' dir='ltr'><strong>scientiam</strong></span> <span class='ocrx_word' id='word_1_116' title='bbox 1568 1656 1672 1704; x_wconf 88' lang='lat' dir='ltr'><strong>me,</strong></span> <span class='ocrx_word' id='word_1_117' title='bbox 1696 1638 1750 1694; x_wconf 90' lang='lat' dir='ltr'><strong>id</strong></span> 
     </span>
    </p>
   </div>
   <div class='ocr_carea' id='block_1_17' title="bbox 151 1730 1749 1804">
    <p class='ocr_par' dir='ltr' id='par_1_17' title="bbox 151 1730 1749 1804">
     <span class='ocr_line' id='line_1_17' title="bbox 151 1730 1749 1804; baseline -0.003 -15"><span class='ocrx_word' id='word_1_118' title='bbox 151 1747 250 1800; x_wconf 84' lang='lat' dir='ltr'><strong>est,</strong></span> <span class='ocrx_word' id='word_1_119' title='bbox 281 1751 558 1791; x_wconf 84' lang='lat' dir='ltr'><strong>memores</strong></span> <span class='ocrx_word' id='word_1_120' title='bbox 588 1735 780 1791; x_wconf 83' lang='lat' dir='ltr'><strong>faciam</strong></span> <span class='ocrx_word' id='word_1_121' title='bbox 808 1735 1044 1789; x_wconf 84' lang='lat' dir='ltr'><strong>scientes</strong></span> <span class='ocrx_word' id='word_1_122' title='bbox 1066 1742 1120 1787; x_wconf 86' lang='lat' dir='ltr'><strong>et</strong></span> <span class='ocrx_word' id='word_1_123' title='bbox 1143 1732 1501 1804; x_wconf 86' lang='lat' dir='ltr'><strong>intelligentes</strong></span> <span class='ocrx_word' id='word_1_124' title='bbox 1528 1746 1615 1786; x_wconf 91' lang='lat' dir='ltr'><strong>me</strong></span> <span class='ocrx_word' id='word_1_125' title='bbox 1639 1730 1749 1785; x_wconf 80' lang='lat' dir='ltr'><strong>Ra-</strong></span> 
     </span>
    </p>
   </div>
   <div class='ocr_carea' id='block_1_18' title="bbox 150 1822 1746 1897">
    <p class='ocr_par' dir='ltr' id='par_1_18' title="bbox 150 1822 1746 1897">
     <span class='ocr_line' id='line_1_18' title="bbox 150 1822 1746 1897; baseline -0.003 -16"><span class='ocrx_word' id='word_1_126' title='bbox 150 1827 273 1892; x_wconf 90' lang='lat' dir='ltr'><strong>hab,</strong></span> <span class='ocrx_word' id='word_1_127' title='bbox 299 1826 487 1897; x_wconf 83' lang='lat' dir='ltr'><strong>populi</strong></span> <span class='ocrx_word' id='word_1_128' title='bbox 506 1826 750 1882; x_wconf 87' lang='lat' dir='ltr'><strong>videlicet</strong></span> <span class='ocrx_word' id='word_1_129' title='bbox 774 1841 895 1881; x_wconf 89' lang='lat' dir='ltr'><strong>eum</strong></span> <span class='ocrx_word' id='word_1_130' title='bbox 912 1825 1123 1880; x_wconf 91' lang='lat' dir='ltr'><strong>diabolo</strong></span> <span class='ocrx_word' id='word_1_131' title='bbox 1138 1824 1479 1889; x_wconf 81' lang='lat' dir='ltr'><strong>fornicantis,</strong></span> <span class='ocrx_word' id='word_1_132' title='bbox 1495 1832 1550 1878; x_wconf 84' lang='lat' dir='ltr'><strong>et</strong></span> <span class='ocrx_word' id='word_1_133' title='bbox 1566 1822 1746 1894; x_wconf 84' lang='lat' dir='ltr'><strong>Baby-</strong></span> 
     </span>
    </p>
   </div>
   <div class='ocr_carea' id='block_1_19' title="bbox 1855 616 3449 692">
    <p class='ocr_par' dir='ltr' id='par_1_19' title="bbox 1855 616 3449 692">
     <span class='ocr_line' id='line_1_19' title="bbox 1855 616 3449 692; baseline 0.006 -23"><span class='ocrx_word' id='word_1_134' title='bbox 1855 616 2102 672; x_wconf 88' lang='lat' dir='ltr'><strong>narrabit</strong></span> <span class='ocrx_word' id='word_1_135' title='bbox 2131 617 2183 671; x_wconf 94' lang='lat' dir='ltr'><strong>in</strong></span> <span class='ocrx_word' id='word_1_136' title='bbox 2212 616 2501 688; x_wconf 89' lang='lat' dir='ltr'><strong>scripturis</strong></span> <span class='ocrx_word' id='word_1_137' title='bbox 2526 617 2847 689; x_wconf 87' lang='lat' dir='ltr'><strong>populorum</strong></span> <span class='ocrx_word' id='word_1_138' title='bbox 2867 659 2883 682; x_wconf 97' lang='lat'><strong>,</strong></span> <span class='ocrx_word' id='word_1_139' title='bbox 2908 634 3016 675; x_wconf 91' lang='lat' dir='ltr'><strong>non</strong></span> <span class='ocrx_word' id='word_1_140' title='bbox 3049 635 3187 690; x_wconf 89' lang='lat' dir='ltr'><strong>quas</strong></span> <span class='ocrx_word' id='word_1_141' title='bbox 3214 622 3449 692; x_wconf 85' lang='lat' dir='ltr'><strong>scripse-</strong></span> 
     </span>
    </p>
   </div>
   <div class='ocr_carea' id='block_1_20' title="bbox 1854 708 3445 781">
    <p class='ocr_par' dir='ltr' id='par_1_20' title="bbox 1854 708 3445 781">
     <span class='ocr_line' id='line_1_20' title="bbox 1854 708 3445 781; baseline 0.006 -19"><span class='ocrx_word' id='word_1_142' title='bbox 1854 716 1980 762; x_wconf 88' lang='lat' dir='ltr'><strong>runt</strong></span> <span class='ocrx_word' id='word_1_143' title='bbox 2008 708 2228 779; x_wconf 90' lang='lat' dir='ltr'><strong>populi,</strong></span> <span class='ocrx_word' id='word_1_144' title='bbox 2259 709 2354 764; x_wconf 88' lang='lat' dir='ltr'><strong>sed</strong></span> <span class='ocrx_word' id='word_1_145' title='bbox 2386 724 2505 778; x_wconf 62' lang='lat' dir='ltr'><strong>qua:</strong></span> <span class='ocrx_word' id='word_1_146' title='bbox 2546 710 2756 781; x_wconf 83' lang='lat' dir='ltr'><strong>pepulis</strong></span> <span class='ocrx_word' id='word_1_147' title='bbox 2799 711 3216 769; x_wconf 88' lang='lat' dir='ltr'><strong>succedentibus</strong></span> <span class='ocrx_word' id='word_1_148' title='bbox 3245 724 3300 769; x_wconf 88' lang='lat' dir='ltr'><strong>et</strong></span> <span class='ocrx_word' id='word_1_149' title='bbox 3331 716 3445 771; x_wconf 85' lang='lat' dir='ltr'><strong>dis-</strong></span> 
     </span>
    </p>
   </div>
   <div class='ocr_carea' id='block_1_21' title="bbox 1855 785 3447 872">
    <p class='ocr_par' dir='ltr' id='par_1_21' title="bbox 1855 785 3447 872">
     <span class='ocr_line' id='line_1_21' title="bbox 1855 785 3447 872; baseline 0.005 -18"><span class='ocrx_word' id='word_1_150' title='bbox 1855 799 2211 857; x_wconf 91' lang='lat' dir='ltr'><strong>cendcutibus</strong></span> <span class='ocrx_word' id='word_1_151' title='bbox 2256 801 2461 872; x_wconf 85' lang='lat' dir='ltr'><strong>passim</strong></span> <span class='ocrx_word' id='word_1_152' title='bbox 2514 785 2886 860; x_wconf 83' lang='lat' dir='ltr'><strong>innotuerunt.</strong></span> <span class='ocrx_word' id='word_1_153' title='bbox 2940 803 3035 861; x_wconf 79' lang='lat' dir='ltr'><strong>Vel</strong></span> <span class='ocrx_word' id='word_1_154' title='bbox 3095 804 3220 861; x_wconf 90' lang='lat' dir='ltr'><strong>sic:</strong></span> <span class='ocrx_word' id='word_1_155' title='bbox 3270 805 3447 862; x_wconf 86' lang='lat' dir='ltr'><strong>Homo</strong></span> 
     </span>
    </p>
   </div>
   <div class='ocr_carea' id='block_1_22' title="bbox 1853 894 3444 965">
    <p class='ocr_par' dir='ltr' id='par_1_22' title="bbox 1853 894 3444 965">
     <span class='ocr_line' id='line_1_22' title="bbox 1853 894 3444 965; baseline 0.004 -17"><span class='ocrx_word' id='word_1_156' title='bbox 1853 904 2009 949; x_wconf 86' lang='lat' dir='ltr'><strong>natus</strong></span> <span class='ocrx_word' id='word_1_157' title='bbox 2054 905 2130 948; x_wconf 89' lang='lat' dir='ltr'><strong>est</strong></span> <span class='ocrx_word' id='word_1_158' title='bbox 2172 894 2229 949; x_wconf 90' lang='lat' dir='ltr'><strong>in</strong></span> <span class='ocrx_word' id='word_1_159' title='bbox 2270 913 2366 961; x_wconf 88' lang='lat' dir='ltr'><strong>ea,</strong></span> <span class='ocrx_word' id='word_1_160' title='bbox 2406 905 2455 949; x_wconf 87' lang='lat' dir='ltr'><strong>et</strong></span> <span class='ocrx_word' id='word_1_161' title='bbox 2489 896 2599 965; x_wconf 83' lang='lat' dir='ltr'><strong>ipse</strong></span> <span class='ocrx_word' id='word_1_162' title='bbox 2631 896 2875 965; x_wconf 80' lang='lat' dir='ltr'><strong>fundavit</strong></span> <span class='ocrx_word' id='word_1_163' title='bbox 2930 915 3043 953; x_wconf 90' lang='lat' dir='ltr'><strong>eam</strong></span> <span class='ocrx_word' id='word_1_164' title='bbox 3094 898 3397 955; x_wconf 74' lang='lat' dir='ltr'><strong>Altissimus</strong></span> <span class='ocrx_word' id='word_1_165' title='bbox 3425 916 3444 955; x_wconf 89' lang='lat'><strong><em>:</em></strong></span> 
     </span>
    </p>
   </div>
   <div class='ocr_carea' id='block_1_23' title="bbox 1852 984 3448 1057">
    <p class='ocr_par' dir='ltr' id='par_1_23' title="bbox 1852 984 3448 1057">
     <span class='ocr_line' id='line_1_23' title="bbox 1852 984 3448 1057; baseline 0.006 -17"><span class='ocrx_word' id='word_1_166' title='bbox 1852 994 1908 1040; x_wconf 90' lang='lat' dir='ltr'><strong>et</strong></span> <span class='ocrx_word' id='word_1_167' title='bbox 1934 984 2073 1050; x_wconf 90' lang='lat' dir='ltr'><strong>hoc,</strong></span> <span class='ocrx_word' id='word_1_168' title='bbox 2104 1002 2137 1041; x_wconf 91' lang='grc' dir='ltr'>ο</span> <span class='ocrx_word' id='word_1_169' title='bbox 2169 985 2331 1051; x_wconf 87' lang='lat' dir='ltr'><strong>Sion,</strong></span> <span class='ocrx_word' id='word_1_170' title='bbox 2372 988 2609 1057; x_wconf 83' lang='lat' dir='ltr'><strong>nunquid</strong></span> <span class='ocrx_word' id='word_1_171' title='bbox 2640 988 2776 1043; x_wconf 84' lang='lat' dir='ltr'><strong>dicet</strong></span> <span class='ocrx_word' id='word_1_172' title='bbox 2818 990 2973 1043; x_wconf 82' lang='lat' dir='ltr'><strong>homo</strong></span> <span class='ocrx_word' id='word_1_173' title='bbox 2996 991 3022 1044; x_wconf 75' lang='lat'><strong><em>7</em></strong></span> <span class='ocrx_word' id='word_1_174' title='bbox 3055 990 3107 1045; x_wconf 91' lang='lat' dir='ltr'><strong>id</strong></span> <span class='ocrx_word' id='word_1_175' title='bbox 3153 1000 3236 1046; x_wconf 89' lang='lat' dir='ltr'><strong>est</strong></span> <span class='ocrx_word' id='word_1_176' title='bbox 3284 992 3448 1049; x_wconf 86' lang='lat' dir='ltr'><strong>audet</strong></span> 
     </span>
    </p>
   </div>
   <div class='ocr_carea' id='block_1_24' title="bbox 1854 1077 3449 1153">
    <p class='ocr_par' dir='ltr' id='par_1_24' title="bbox 1854 1077 3449 1153">
     <span class='ocr_line' id='line_1_24' title="bbox 1854 1077 3449 1153; baseline 0.008 -23"><span class='ocrx_word' id='word_1_177' title='bbox 1854 1077 2016 1132; x_wconf 93' lang='lat' dir='ltr'><strong>homo</strong></span> <span class='ocrx_word' id='word_1_178' title='bbox 2047 1078 2150 1133; x_wconf 89' lang='lat' dir='ltr'><strong>hoc</strong></span> <span class='ocrx_word' id='word_1_179' title='bbox 2177 1078 2401 1135; x_wconf 88' lang='lat' dir='ltr'><strong>dicere?</strong></span> <span class='ocrx_word' id='word_1_180' title='bbox 2430 1080 2607 1136; x_wconf 88' lang='lat' dir='ltr'><strong>Audet</strong></span> <span class='ocrx_word' id='word_1_181' title='bbox 2633 1081 2818 1152; x_wconf 88' lang='lat' dir='ltr'><strong>utique</strong></span> <span class='ocrx_word' id='word_1_182' title='bbox 2837 1123 2853 1147; x_wconf 88' lang='lat'><strong>,</strong></span> <span class='ocrx_word' id='word_1_183' title='bbox 2881 1083 3006 1153; x_wconf 89' lang='lat' dir='ltr'><strong>quia</strong></span> <span class='ocrx_word' id='word_1_184' title='bbox 3038 1083 3300 1141; x_wconf 91' lang='lat' dir='ltr'><strong>Dominus</strong></span> <span class='ocrx_word' id='word_1_185' title='bbox 3326 1102 3449 1142; x_wconf 85' lang='lat' dir='ltr'><strong>nar-</strong></span> 
     </span>
    </p>
   </div>
   <div class='ocr_carea' id='block_1_25' title="bbox 1853 1171 3451 1248">
    <p class='ocr_par' dir='ltr' id='par_1_25' title="bbox 1853 1171 3451 1248">
     <span class='ocr_line' id='line_1_25' title="bbox 1853 1171 3451 1248; baseline 0.005 -22"><span class='ocrx_word' id='word_1_186' title='bbox 1853 1171 1995 1227; x_wconf 86' lang='lat' dir='ltr'><strong>rabit</strong></span> <span class='ocrx_word' id='word_1_187' title='bbox 2019 1180 2074 1227; x_wconf 88' lang='lat' dir='ltr'><strong>et</strong></span> <span class='ocrx_word' id='word_1_188' title='bbox 2102 1173 2331 1227; x_wconf 90' lang='lat' dir='ltr'><strong>innotuit</strong></span> <span class='ocrx_word' id='word_1_189' title='bbox 2371 1174 2475 1230; x_wconf 90' lang='lat' dir='ltr'><strong>hoc</strong></span> <span class='ocrx_word' id='word_1_190' title='bbox 2504 1177 2558 1229; x_wconf 90' lang='lat' dir='ltr'><strong>in</strong></span> <span class='ocrx_word' id='word_1_191' title='bbox 2587 1177 2865 1247; x_wconf 82' lang='lat' dir='ltr'><strong>scripturis</strong></span> <span class='ocrx_word' id='word_1_192' title='bbox 2893 1177 3243 1248; x_wconf 87' lang='lat' dir='ltr'><strong>populorum,</strong></span> <span class='ocrx_word' id='word_1_193' title='bbox 3278 1178 3331 1232; x_wconf 90' lang='lat' dir='ltr'><strong>id</strong></span> <span class='ocrx_word' id='word_1_194' title='bbox 3363 1187 3451 1234; x_wconf 86' lang='lat' dir='ltr'><strong>est</strong></span> 
     </span>
    </p>
   </div>
   <div class='ocr_carea' id='block_1_26' title="bbox 1853 1263 3448 1340">
    <p class='ocr_par' dir='ltr' id='par_1_26' title="bbox 1853 1263 3448 1340">
     <span class='ocr_line' id='line_1_26' title="bbox 1853 1263 3448 1340; baseline 0.006 -23"><span class='ocrx_word' id='word_1_195' title='bbox 1853 1263 1908 1317; x_wconf 93' lang='lat' dir='ltr'><strong>in</strong></span> <span class='ocrx_word' id='word_1_196' title='bbox 1936 1263 2221 1333; x_wconf 89' lang='lat' dir='ltr'><strong>scripturis</strong></span> <span class='ocrx_word' id='word_1_197' title='bbox 2245 1280 2382 1335; x_wconf 88' lang='lat' dir='ltr'><strong>quas</strong></span> <span class='ocrx_word' id='word_1_198' title='bbox 2407 1267 2738 1336; x_wconf 89' lang='lat' dir='ltr'><strong>scripserunt</strong></span> <span class='ocrx_word' id='word_1_199' title='bbox 2768 1268 2841 1323; x_wconf 89' lang='lat' dir='ltr'><strong>illi</strong></span> <span class='ocrx_word' id='word_1_200' title='bbox 2866 1310 2881 1335; x_wconf 94' lang='lat'><strong>,</strong></span> <span class='ocrx_word' id='word_1_201' title='bbox 2910 1269 2999 1340; x_wconf 91' lang='lat' dir='ltr'><strong>qui</strong></span> <span class='ocrx_word' id='word_1_202' title='bbox 3027 1270 3265 1340; x_wconf 89' lang='lat' dir='ltr'><strong>potiores</strong></span> <span class='ocrx_word' id='word_1_203' title='bbox 3290 1279 3448 1327; x_wconf 88' lang='lat' dir='ltr'><strong>erant</strong></span> 
     </span>
    </p>
   </div>
   <div class='ocr_carea' id='block_1_27' title="bbox 1853 1355 3447 1435">
    <p class='ocr_par' dir='ltr' id='par_1_27' title="bbox 1853 1355 3447 1435">
     <span class='ocr_line' id='line_1_27' title="bbox 1853 1355 3447 1435; baseline 0.006 -26"><span class='ocrx_word' id='word_1_204' title='bbox 1853 1355 1907 1409; x_wconf 91' lang='lat' dir='ltr'><strong>in</strong></span> <span class='ocrx_word' id='word_1_205' title='bbox 1938 1356 2278 1427; x_wconf 80' lang='lat' dir='ltr'><strong>significante</strong></span> <span class='ocrx_word' id='word_1_206' title='bbox 2310 1357 2463 1424; x_wconf 90' lang='lat' dir='ltr'><strong>Sion,</strong></span> <span class='ocrx_word' id='word_1_207' title='bbox 2495 1360 2545 1413; x_wconf 92' lang='lat' dir='ltr'><strong>id</strong></span> <span class='ocrx_word' id='word_1_208' title='bbox 2577 1370 2681 1424; x_wconf 89' lang='lat' dir='ltr'><strong>est,</strong></span> <span class='ocrx_word' id='word_1_209' title='bbox 2712 1362 2762 1416; x_wconf 91' lang='lat' dir='ltr'><strong>in</strong></span> <span class='ocrx_word' id='word_1_210' title='bbox 2794 1363 3096 1432; x_wconf 89' lang='lat' dir='ltr'><strong>temporali,</strong></span> <span class='ocrx_word' id='word_1_211' title='bbox 3129 1363 3181 1418; x_wconf 91' lang='lat' dir='ltr'><strong>in</strong></span> <span class='ocrx_word' id='word_1_212' title='bbox 3211 1378 3318 1435; x_wconf 91' lang='lat' dir='ltr'><strong>qua</strong></span> <span class='ocrx_word' id='word_1_213' title='bbox 3349 1380 3447 1419; x_wconf 87' lang='lat' dir='ltr'><strong>na-</strong></span> 
     </span>
    </p>
   </div>
   <div class='ocr_carea' id='block_1_28' title="bbox 1855 1449 3445 1522">
    <p class='ocr_par' dir='ltr' id='par_1_28' title="bbox 1855 1449 3445 1522">
     <span class='ocr_line' id='line_1_28' title="bbox 1855 1449 3445 1522; baseline 0.006 -21"><span class='ocrx_word' id='word_1_214' title='bbox 1855 1456 1943 1503; x_wconf 89' lang='lat' dir='ltr'><strong>tus</strong></span> <span class='ocrx_word' id='word_1_215' title='bbox 1968 1457 2053 1504; x_wconf 91' lang='lat' dir='ltr'><strong>est</strong></span> <span class='ocrx_word' id='word_1_216' title='bbox 2081 1449 2254 1515; x_wconf 86' lang='lat' dir='ltr'><strong>Deus,</strong></span> <span class='ocrx_word' id='word_1_217' title='bbox 2288 1450 2342 1504; x_wconf 91' lang='lat' dir='ltr'><strong>in</strong></span> <span class='ocrx_word' id='word_1_218' title='bbox 2372 1465 2437 1505; x_wconf 92' lang='lat' dir='ltr'><strong>eo</strong></span> <span class='ocrx_word' id='word_1_219' title='bbox 2467 1452 2610 1522; x_wconf 92' lang='lat' dir='ltr'><strong>quod</strong></span> <span class='ocrx_word' id='word_1_220' title='bbox 2650 1452 2813 1521; x_wconf 89' lang='lat' dir='ltr'><strong>dicit,</strong></span> <span class='ocrx_word' id='word_1_221' title='bbox 2854 1455 3030 1509; x_wconf 82' lang='lat' dir='ltr'><strong>homo.</strong></span> <span class='ocrx_word' id='word_1_222' title='bbox 3070 1454 3219 1510; x_wconf 89' lang='lat' dir='ltr'><strong>Sicut</strong></span> <span class='ocrx_word' id='word_1_223' title='bbox 3256 1455 3445 1511; x_wconf 75' lang='lat' dir='ltr'><strong>[tetan—</strong></span> 
     </span>
    </p>
   </div>
   <div class='ocr_carea' id='block_1_29' title="bbox 1854 1542 3447 1613">
    <p class='ocr_par' dir='ltr' id='par_1_29' title="bbox 1854 1542 3447 1613">
     <span class='ocr_line' id='line_1_29' title="bbox 1854 1542 3447 1613; baseline 0.007 -19"><span class='ocrx_word' id='word_1_224' title='bbox 1854 1542 1987 1596; x_wconf 90' lang='lat' dir='ltr'><strong>tium</strong></span> <span class='ocrx_word' id='word_1_225' title='bbox 2020 1542 2255 1596; x_wconf 89' lang='lat' dir='ltr'><strong>omnium</strong></span> <span class='ocrx_word' id='word_1_226' title='bbox 2277 1542 2531 1598; x_wconf 85' lang='lat' dir='ltr'><strong>habitatio</strong></span> <span class='ocrx_word' id='word_1_227' title='bbox 2561 1554 2637 1599; x_wconf 88' lang='lat' dir='ltr'><strong>est</strong></span> <span class='ocrx_word' id='word_1_228' title='bbox 2666 1545 2722 1600; x_wconf 90' lang='lat' dir='ltr'><strong>in</strong></span> <span class='ocrx_word' id='word_1_229' title='bbox 2750 1554 2818 1601; x_wconf 88' lang='lat' dir='ltr'><strong>te.</strong></span> <span class='ocrx_word' id='word_1_230' title='bbox 2849 1546 3014 1613; x_wconf 87' lang='lat' dir='ltr'><strong>Quasi</strong></span> <span class='ocrx_word' id='word_1_231' title='bbox 3042 1547 3188 1603; x_wconf 84' lang='lat' dir='ltr'><strong>dicat</strong></span> <span class='ocrx_word' id='word_1_232' title='bbox 3212 1565 3226 1602; x_wconf 90' lang='lat'><strong>:</strong></span> <span class='ocrx_word' id='word_1_233' title='bbox 3255 1547 3447 1605; x_wconf 87' lang='lat' dir='ltr'><strong>Merito</strong></span> 
     </span>
    </p>
   </div>
   <div class='ocr_carea' id='block_1_30' title="bbox 1852 1634 3446 1712">
    <p class='ocr_par' dir='ltr' id='par_1_30' title="bbox 1852 1634 3446 1712">
     <span class='ocr_line' id='line_1_30' title="bbox 1852 1634 3446 1712; baseline 0.006 -25"><span class='ocrx_word' id='word_1_234' title='bbox 1852 1634 2087 1707; x_wconf 86' lang='lat' dir='ltr'><strong>gloriosa</strong></span> <span class='ocrx_word' id='word_1_235' title='bbox 2115 1636 2257 1692; x_wconf 89' lang='lat' dir='ltr'><strong>dicta</strong></span> <span class='ocrx_word' id='word_1_236' title='bbox 2282 1647 2403 1691; x_wconf 86' lang='lat' dir='ltr'><strong>sunt</strong></span> <span class='ocrx_word' id='word_1_237' title='bbox 2434 1638 2497 1691; x_wconf 86' lang='lat' dir='ltr'><strong>de</strong></span> <span class='ocrx_word' id='word_1_238' title='bbox 2523 1647 2572 1692; x_wconf 86' lang='lat' dir='ltr'><strong>te</strong></span> <span class='ocrx_word' id='word_1_239' title='bbox 2590 1679 2606 1703; x_wconf 94' lang='lat'><strong>,</strong></span> <span class='ocrx_word' id='word_1_240' title='bbox 2634 1640 2817 1694; x_wconf 85' lang='lat' dir='ltr'><strong>civitas</strong></span> <span class='ocrx_word' id='word_1_241' title='bbox 2860 1640 2991 1708; x_wconf 91' lang='lat' dir='ltr'><strong>Dei,</strong></span> <span class='ocrx_word' id='word_1_242' title='bbox 3037 1643 3165 1712; x_wconf 89' lang='lat' dir='ltr'><strong>quia</strong></span> <span class='ocrx_word' id='word_1_243' title='bbox 3194 1641 3446 1697; x_wconf 78' lang='lat' dir='ltr'><strong>habitatio</strong></span> 
     </span>
    </p>
   </div>
   <div class='ocr_carea' id='block_1_31' title="bbox 1854 1728 3447 1798">
    <p class='ocr_par' dir='ltr' id='par_1_31' title="bbox 1854 1728 3447 1798">
     <span class='ocr_line' id='line_1_31' title="bbox 1854 1728 3447 1798; baseline 0.006 -15"><span class='ocrx_word' id='word_1_244' title='bbox 1854 1728 2094 1784; x_wconf 89' lang='lat' dir='ltr'><strong>omnium</strong></span> <span class='ocrx_word' id='word_1_245' title='bbox 2128 1730 2489 1786; x_wconf 83' lang='lat' dir='ltr'><strong>habitantium</strong></span> <span class='ocrx_word' id='word_1_246' title='bbox 2523 1734 2576 1786; x_wconf 89' lang='lat' dir='ltr'><strong>in</strong></span> <span class='ocrx_word' id='word_1_247' title='bbox 2608 1742 2689 1798; x_wconf 90' lang='lat' dir='ltr'><strong>te,</strong></span> <span class='ocrx_word' id='word_1_248' title='bbox 2733 1734 2837 1788; x_wconf 90' lang='lat' dir='ltr'><strong>erit</strong></span> <span class='ocrx_word' id='word_1_249' title='bbox 2878 1735 3142 1790; x_wconf 87' lang='lat' dir='ltr'><strong>habitatio</strong></span> <span class='ocrx_word' id='word_1_250' title='bbox 3179 1736 3313 1791; x_wconf 86' lang='lat' dir='ltr'><strong>sicut</strong></span> <span class='ocrx_word' id='word_1_251' title='bbox 3356 1738 3447 1792; x_wconf 79' lang='lat' dir='ltr'><strong>la:-</strong></span> 
     </span>
    </p>
   </div>
   <div class='ocr_carea' id='block_1_32' title="bbox 1854 1822 3446 1891">
    <p class='ocr_par' dir='ltr' id='par_1_32' title="bbox 1854 1822 3446 1891">
     <span class='ocr_line' id='line_1_32' title="bbox 1854 1822 3446 1891; baseline 0.006 -16"><span class='ocrx_word' id='word_1_252' title='bbox 1854 1824 2106 1889; x_wconf 89' lang='lat' dir='ltr'><strong>tantium,</strong></span> <span class='ocrx_word' id='word_1_253' title='bbox 2139 1822 2191 1879; x_wconf 92' lang='lat' dir='ltr'><strong>id</strong></span> <span class='ocrx_word' id='word_1_254' title='bbox 2219 1832 2321 1891; x_wconf 90' lang='lat' dir='ltr'><strong>est,</strong></span> <span class='ocrx_word' id='word_1_255' title='bbox 2352 1839 2481 1878; x_wconf 89' lang='lat' dir='ltr'><strong>vere</strong></span> <span class='ocrx_word' id='word_1_256' title='bbox 2514 1825 2830 1880; x_wconf 70' lang='lat' dir='ltr'><strong>laetantium.</strong></span> <span class='ocrx_word' id='word_1_257' title='bbox 2859 1825 3007 1881; x_wconf 87' lang='lat' dir='ltr'><strong>Sicut</strong></span> <span class='ocrx_word' id='word_1_258' title='bbox 3038 1827 3331 1883; x_wconf 64' lang='lat' dir='ltr'><strong>la’tantium</strong></span> <span class='ocrx_word' id='word_1_259' title='bbox 3361 1828 3446 1884; x_wconf 88' lang='lat' dir='ltr'><strong>di-</strong></span> 
     </span>
    </p>
   </div>
   <div class='ocr_carea' id='block_1_33' title="bbox 150 1887 3445 1988">
    <p class='ocr_par' dir='ltr' id='par_1_33' title="bbox 150 1887 3445 1988">
     <span class='ocr_line' id='line_1_33' title="bbox 150 1887 3445 1988; baseline 0 -16"><span class='ocrx_word' id='word_1_260' title='bbox 150 1917 716 1983; x_wconf 88' lang='lat' dir='ltr'><strong>lonis,idestconfusi.</strong></span> <span class='ocrx_word' id='word_1_261' title='bbox 736 1918 1033 1974; x_wconf 86' lang='lat' dir='ltr'><strong>Audiamus</strong></span> <span class='ocrx_word' id='word_1_262' title='bbox 1049 1919 1319 1988; x_wconf 89' lang='lat' dir='ltr'><strong>quomodo</strong></span> <span class='ocrx_word' id='word_1_263' title='bbox 1333 1916 1747 1973; x_wconf 82' lang='lat' dir='ltr'><strong>sitmemorRa—</strong></span> <span class='ocrx_word' id='word_1_264' title='bbox 1774 1887 1824 1948; x_wconf 80' lang='grc' dir='ltr'><strong>Β</strong></span> <span class='ocrx_word' id='word_1_265' title='bbox 1851 1914 1960 1979; x_wconf 87' lang='lat' dir='ltr'><strong>cit,</strong></span> <span class='ocrx_word' id='word_1_266' title='bbox 1995 1929 2063 1969; x_wconf 90' lang='lat' dir='ltr'><strong>ne</strong></span> <span class='ocrx_word' id='word_1_267' title='bbox 2092 1915 2136 1969; x_wconf 90' lang='lat' dir='ltr'><strong>si</strong></span> <span class='ocrx_word' id='word_1_268' title='bbox 2184 1914 2505 1985; x_wconf 83' lang='lat' dir='ltr'><strong>simpliciter</strong></span> <span class='ocrx_word' id='word_1_269' title='bbox 2543 1916 2833 1979; x_wconf 89' lang='lat' dir='ltr'><strong>diceretur,</strong></span> <span class='ocrx_word' id='word_1_270' title='bbox 2877 1916 3178 1971; x_wconf 64' lang='lat' dir='ltr'><strong>laetantium</strong></span> <span class='ocrx_word' id='word_1_271' title='bbox 3204 1958 3219 1982; x_wconf 92' lang='lat'><strong>,</strong></span> <span class='ocrx_word' id='word_1_272' title='bbox 3248 1933 3445 1973; x_wconf 79' lang='lat' dir='ltr'><strong>occur-</strong></span> 
     </span>
    </p>
   </div>
   <div class='ocr_carea' id='block_1_34' title="bbox 148 2008 1745 2081">
    <p class='ocr_par' dir='ltr' id='par_1_34' title="bbox 148 2008 1745 2081">
     <span class='ocr_line' id='line_1_34' title="bbox 148 2008 1745 2081; baseline -0.001 -17"><span class='ocrx_word' id='word_1_273' title='bbox 148 2010 248 2065; x_wconf 89' lang='lat' dir='ltr'><strong>hab</strong></span> <span class='ocrx_word' id='word_1_274' title='bbox 264 2019 322 2064; x_wconf 89' lang='lat' dir='ltr'><strong>et</strong></span> <span class='ocrx_word' id='word_1_275' title='bbox 337 2009 651 2081; x_wconf 83' lang='lat' dir='ltr'><strong>Babylonis.</strong></span> <span class='ocrx_word' id='word_1_276' title='bbox 673 2009 820 2065; x_wconf 77' lang='lat' dir='ltr'><strong>Dixit</strong></span> <span class='ocrx_word' id='word_1_277' title='bbox 842 2010 1018 2065; x_wconf 87' lang='lat' dir='ltr'><strong>enim:</strong></span> <span class='ocrx_word' id='word_1_278' title='bbox 1040 2008 1234 2063; x_wconf 85' lang='lat' dir='ltr'><strong>Mando</strong></span> <span class='ocrx_word' id='word_1_279' title='bbox 1250 2010 1484 2063; x_wconf 90' lang='lat' dir='ltr'><strong>nubibus</strong></span> <span class='ocrx_word' id='word_1_280' title='bbox 1503 2008 1659 2070; x_wconf 91' lang='lat' dir='ltr'><strong>meis,</strong></span> <span class='ocrx_word' id='word_1_281' title='bbox 1685 2016 1745 2063; x_wconf 92' lang='lat' dir='ltr'><strong>ut</strong></span> 
     </span>
    </p>
   </div>
   <div class='ocr_carea' id='block_1_35' title="bbox 148 2100 1745 2174">
    <p class='ocr_par' dir='ltr' id='par_1_35' title="bbox 148 2100 1745 2174">
     <span class='ocr_line' id='line_1_35' title="bbox 148 2100 1745 2174; baseline -0.001 -18"><span class='ocrx_word' id='word_1_282' title='bbox 148 2105 331 2172; x_wconf 87' lang='lat' dir='ltr'><strong>pluant</strong></span> <span class='ocrx_word' id='word_1_283' title='bbox 357 2118 526 2173; x_wconf 88' lang='lat' dir='ltr'><strong>super</strong></span> <span class='ocrx_word' id='word_1_284' title='bbox 546 2102 891 2158; x_wconf 86' lang='lat' dir='ltr'><strong>meretricem</strong></span> <span class='ocrx_word' id='word_1_285' title='bbox 918 2104 1075 2159; x_wconf 89' lang='lat' dir='ltr'><strong>istam</strong></span> <span class='ocrx_word' id='word_1_286' title='bbox 1106 2102 1239 2174; x_wconf 89' lang='lat' dir='ltr'><strong>(lsa.</strong></span> <span class='ocrx_word' id='word_1_287' title='bbox 1267 2103 1343 2174; x_wconf 91' lang='lat' dir='ltr'><strong>v),</strong></span> <span class='ocrx_word' id='word_1_288' title='bbox 1370 2117 1532 2172; x_wconf 86' lang='lat' dir='ltr'><strong>super</strong></span> <span class='ocrx_word' id='word_1_289' title='bbox 1557 2100 1745 2156; x_wconf 86' lang='lat' dir='ltr'><strong>Eccle-</strong></span> 
     </span>
    </p>
   </div>
   <div class='ocr_carea' id='block_1_36' title="bbox 146 2191 1743 2265">
    <p class='ocr_par' dir='ltr' id='par_1_36' title="bbox 146 2191 1743 2265">
     <span class='ocr_line' id='line_1_36' title="bbox 146 2191 1743 2265; baseline 0 -18"><span class='ocrx_word' id='word_1_290' title='bbox 146 2194 276 2247; x_wconf 84' lang='lat' dir='ltr'><strong>siam</strong></span> <span class='ocrx_word' id='word_1_291' title='bbox 300 2194 561 2249; x_wconf 73' lang='lat' dir='ltr'><strong>videlicet</strong></span> <span class='ocrx_word' id='word_1_292' title='bbox 580 2209 643 2250; x_wconf 80' lang='lat' dir='ltr'><strong>ex</strong></span> <span class='ocrx_word' id='word_1_293' title='bbox 669 2195 937 2265; x_wconf 84' lang='lat' dir='ltr'><strong>gentibus.</strong></span> <span class='ocrx_word' id='word_1_294' title='bbox 954 2193 1049 2249; x_wconf 81' lang='lat' dir='ltr'><strong>Vel</strong></span> <span class='ocrx_word' id='word_1_295' title='bbox 1074 2194 1153 2250; x_wconf 89' lang='lat' dir='ltr'><strong>sic</strong></span> <span class='ocrx_word' id='word_1_296' title='bbox 1185 2210 1200 2248; x_wconf 91' lang='lat'><strong>:</strong></span> <span class='ocrx_word' id='word_1_297' title='bbox 1227 2192 1431 2249; x_wconf 83' lang='lat' dir='ltr'><strong>Memor</strong></span> <span class='ocrx_word' id='word_1_298' title='bbox 1449 2210 1537 2247; x_wconf 87' lang='lat' dir='ltr'><strong>ero</strong></span> <span class='ocrx_word' id='word_1_299' title='bbox 1560 2191 1743 2247; x_wconf 84' lang='lat' dir='ltr'><strong>Rnhab</strong></span> 
     </span>
    </p>
   </div>
   <div class='ocr_carea' id='block_1_37' title="bbox 144 2283 1741 2356">
    <p class='ocr_par' dir='ltr' id='par_1_37' title="bbox 144 2283 1741 2356">
     <span class='ocr_line' id='line_1_37' title="bbox 144 2283 1741 2356; baseline 0.001 -19"><span class='ocrx_word' id='word_1_300' title='bbox 144 2297 188 2338; x_wconf 87' lang='lat' dir='ltr'><strong>ct</strong></span> <span class='ocrx_word' id='word_1_301' title='bbox 209 2283 527 2355; x_wconf 80' lang='lat' dir='ltr'><strong>Babylonis,</strong></span> <span class='ocrx_word' id='word_1_302' title='bbox 560 2287 845 2342; x_wconf 85' lang='lat' dir='ltr'><strong>scientiam</strong></span> <span class='ocrx_word' id='word_1_303' title='bbox 880 2302 985 2351; x_wconf 88' lang='lat' dir='ltr'><strong>me,</strong></span> <span class='ocrx_word' id='word_1_304' title='bbox 1012 2286 1065 2342; x_wconf 88' lang='lat' dir='ltr'><strong>id</strong></span> <span class='ocrx_word' id='word_1_305' title='bbox 1091 2298 1172 2342; x_wconf 91' lang='lat' dir='ltr'><strong>est</strong></span> <span class='ocrx_word' id='word_1_306' title='bbox 1196 2288 1335 2356; x_wconf 89' lang='lat' dir='ltr'><strong>apud</strong></span> <span class='ocrx_word' id='word_1_307' title='bbox 1361 2286 1595 2341; x_wconf 86' lang='lat' dir='ltr'><strong>scientes</strong></span> <span class='ocrx_word' id='word_1_308' title='bbox 1617 2300 1741 2352; x_wconf 90' lang='lat' dir='ltr'><strong>me;</strong></span> 
     </span>
    </p>
   </div>
   <div class='ocr_carea' id='block_1_38' title="bbox 145 2379 1742 2452">
    <p class='ocr_par' dir='ltr' id='par_1_38' title="bbox 145 2379 1742 2452">
     <span class='ocr_line' id='line_1_38' title="bbox 145 2379 1742 2452; baseline 0.002 -20"><span class='ocrx_word' id='word_1_309' title='bbox 145 2380 335 2433; x_wconf 84' lang='lat' dir='ltr'><strong>ducatu</strong></span> <span class='ocrx_word' id='word_1_310' title='bbox 371 2380 425 2433; x_wconf 90' lang='lat' dir='ltr'><strong>in</strong></span> <span class='ocrx_word' id='word_1_311' title='bbox 458 2381 774 2436; x_wconf 81' lang='lat' dir='ltr'><strong>memoriam</strong></span> <span class='ocrx_word' id='word_1_312' title='bbox 809 2380 998 2435; x_wconf 82' lang='lat' dir='ltr'><strong>Rahab</strong></span> <span class='ocrx_word' id='word_1_313' title='bbox 1036 2392 1091 2435; x_wconf 92' lang='lat' dir='ltr'><strong>ct</strong></span> <span class='ocrx_word' id='word_1_314' title='bbox 1126 2380 1513 2452; x_wconf 86' lang='lat' dir='ltr'><strong>Babyloniam,</strong></span> <span class='ocrx_word' id='word_1_315' title='bbox 1544 2390 1603 2434; x_wconf 90' lang='lat' dir='ltr'><strong>ut</strong></span> <span class='ocrx_word' id='word_1_316' title='bbox 1643 2379 1742 2449; x_wconf 84' lang='lat' dir='ltr'><strong>ipsi</strong></span> 
     </span>
    </p>
   </div>
   <div class='ocr_carea' id='block_1_39' title="bbox 148 2472 1744 2542">
    <p class='ocr_par' dir='ltr' id='par_1_39' title="bbox 148 2472 1744 2542">
     <span class='ocr_line' id='line_1_39' title="bbox 148 2472 1744 2542; baseline 0.002 -17"><span class='ocrx_word' id='word_1_317' title='bbox 148 2489 193 2526; x_wconf 85' lang='lat' dir='ltr'><strong>III</strong></span> <span class='ocrx_word' id='word_1_318' title='bbox 228 2473 533 2528; x_wconf 62' lang='lat' dir='ltr'><strong>aedilicium</strong></span> <span class='ocrx_word' id='word_1_319' title='bbox 566 2474 725 2542; x_wconf 86' lang='lat' dir='ltr'><strong>hujus</strong></span> <span class='ocrx_word' id='word_1_320' title='bbox 753 2475 994 2530; x_wconf 77' lang='lat' dir='ltr'><strong>civitatis</strong></span> <span class='ocrx_word' id='word_1_321' title='bbox 1020 2485 1385 2529; x_wconf 85' lang='lat' dir='ltr'><strong>assumantur.</strong></span> <span class='ocrx_word' id='word_1_322' title='bbox 1418 2474 1571 2530; x_wconf 90' lang='lat' dir='ltr'><strong>Unde</strong></span> <span class='ocrx_word' id='word_1_323' title='bbox 1597 2472 1744 2528; x_wconf 87' lang='lat' dir='ltr'><strong>Pau-</strong></span> 
     </span>
    </p>
   </div>
   <div class='ocr_carea' id='block_1_40' title="bbox 144 2563 1840 2636">
    <p class='ocr_par' dir='ltr' id='par_1_40' title="bbox 144 2563 1840 2636">
     <span class='ocr_line' id='line_1_40' title="bbox 144 2563 1840 2636; baseline 0.001 -19"><span class='ocrx_word' id='word_1_324' title='bbox 144 2564 218 2618; x_wconf 88' lang='lat' dir='ltr'><strong>lus</strong></span> <span class='ocrx_word' id='word_1_325' title='bbox 244 2583 259 2618; x_wconf 89' lang='lat'><strong>:</strong></span> <span class='ocrx_word' id='word_1_326' title='bbox 281 2564 482 2632; x_wconf 80' lang='lat' dir='ltr'><strong>Nobis,</strong></span> <span class='ocrx_word' id='word_1_327' title='bbox 516 2566 708 2636; x_wconf 86' lang='lat' dir='ltr'><strong>inquit,</strong></span> <span class='ocrx_word' id='word_1_328' title='bbox 736 2566 995 2622; x_wconf 86' lang='lat' dir='ltr'><strong>revelavit</strong></span> <span class='ocrx_word' id='word_1_329' title='bbox 1016 2566 1158 2622; x_wconf 83' lang='lat' dir='ltr'><strong>Deus</strong></span> <span class='ocrx_word' id='word_1_330' title='bbox 1186 2580 1283 2635; x_wconf 86' lang='lat' dir='ltr'><strong>per</strong></span> <span class='ocrx_word' id='word_1_331' title='bbox 1307 2563 1573 2635; x_wconf 82' lang='lat' dir='ltr'><strong>Spiritum</strong></span> <span class='ocrx_word' id='word_1_332' title='bbox 1612 2580 1743 2619; x_wconf 86' lang='lat' dir='ltr'><strong>san-</strong></span> <span class='ocrx_word' id='word_1_333' title='bbox 1834 2580 1840 2589; x_wconf 87' lang='lat'>&#39;</span> 
     </span>
    </p>
   </div>
   <div class='ocr_carea' id='block_1_41' title="bbox 143 2652 1839 2728">
    <p class='ocr_par' dir='ltr' id='par_1_41' title="bbox 143 2652 1839 2728">
     <span class='ocr_line' id='line_1_41' title="bbox 143 2652 1839 2728; baseline -0.001 -18"><span class='ocrx_word' id='word_1_334' title='bbox 143 2666 311 2721; x_wconf 91' lang='lat' dir='ltr'><strong>ctum,</strong></span> <span class='ocrx_word' id='word_1_335' title='bbox 350 2666 412 2709; x_wconf 86' lang='lat' dir='ltr'><strong>ut</strong></span> <span class='ocrx_word' id='word_1_336' title='bbox 452 2657 681 2711; x_wconf 84' lang='lat' dir='ltr'><strong>sciamus</strong></span> <span class='ocrx_word' id='word_1_337' title='bbox 715 2673 833 2728; x_wconf 73' lang='lat' dir='ltr'><strong>qua:</strong></span> <span class='ocrx_word' id='word_1_338' title='bbox 875 2674 906 2709; x_wconf 92' lang='lat' dir='ltr'><strong>a</strong></span> <span class='ocrx_word' id='word_1_339' title='bbox 944 2655 1053 2710; x_wconf 90' lang='lat' dir='ltr'><strong>Dco</strong></span> <span class='ocrx_word' id='word_1_340' title='bbox 1093 2657 1292 2710; x_wconf 85' lang='lat' dir='ltr'><strong>donata</strong></span> <span class='ocrx_word' id='word_1_341' title='bbox 1330 2665 1449 2710; x_wconf 88' lang='lat' dir='ltr'><strong>sunt</strong></span> <span class='ocrx_word' id='word_1_342' title='bbox 1481 2654 1628 2709; x_wconf 89' lang='lat' dir='ltr'><strong>nobis</strong></span> <span class='ocrx_word' id='word_1_343' title='bbox 1668 2652 1743 2726; x_wconf 96' lang='grc' dir='ltr'><strong>(Ι</strong></span> <span class='ocrx_word' id='word_1_344' title='bbox 1836 2656 1839 2661; x_wconf 55' lang='grc'><em>⁴</em></span> 
     </span>
    </p>
   </div>
   <div class='ocr_carea' id='block_1_42' title="bbox 142 2748 1742 2823">
    <p class='ocr_par' dir='ltr' id='par_1_42' title="bbox 142 2748 1742 2823">
     <span class='ocr_line' id='line_1_42' title="bbox 142 2748 1742 2823; baseline 0.003 -21"><span class='ocrx_word' id='word_1_345' title='bbox 142 2748 255 2805; x_wconf 88' lang='lat' dir='ltr'><strong>Cor.</strong></span> <span class='ocrx_word' id='word_1_346' title='bbox 288 2749 399 2823; x_wconf 85' lang='grc' dir='ltr'><strong>ιι).</strong></span> <span class='ocrx_word' id='word_1_347' title='bbox 437 2751 627 2806; x_wconf 84' lang='lat' dir='ltr'><strong>Rahab</strong></span> <span class='ocrx_word' id='word_1_348' title='bbox 657 2752 755 2806; x_wconf 89' lang='lat' dir='ltr'><strong>fuit</strong></span> <span class='ocrx_word' id='word_1_349' title='bbox 781 2752 1035 2808; x_wconf 74' lang='lat' dir='ltr'><strong>meretrix</strong></span> <span class='ocrx_word' id='word_1_350' title='bbox 1084 2753 1135 2807; x_wconf 92' lang='lat' dir='ltr'><strong>in</strong></span> <span class='ocrx_word' id='word_1_351' title='bbox 1176 2751 1428 2820; x_wconf 87' lang='lat' dir='ltr'><strong>Jericho,</strong></span> <span class='ocrx_word' id='word_1_352' title='bbox 1469 2767 1588 2822; x_wconf 71' lang='lat' dir='ltr'><strong>qua:</strong></span> <span class='ocrx_word' id='word_1_353' title='bbox 1621 2768 1742 2808; x_wconf 86' lang='lat' dir='ltr'><strong>sus—</strong></span> 
     </span>
    </p>
   </div>
   <div class='ocr_carea' id='block_1_43' title="bbox 141 2842 1741 2916">
    <p class='ocr_par' dir='ltr' id='par_1_43' title="bbox 141 2842 1741 2916">
     <span class='ocr_line' id='line_1_43' title="bbox 141 2842 1741 2916; baseline 0.003 -21"><span class='ocrx_word' id='word_1_354' title='bbox 141 2843 277 2911; x_wconf 81' lang='lat' dir='ltr'><strong>cepit</strong></span> <span class='ocrx_word' id='word_1_355' title='bbox 306 2843 691 2914; x_wconf 81' lang='lat' dir='ltr'><strong>exploratores</strong></span> <span class='ocrx_word' id='word_1_356' title='bbox 733 2842 967 2899; x_wconf 84' lang='lat' dir='ltr'><strong>ﬁliorum</strong></span> <span class='ocrx_word' id='word_1_357' title='bbox 1004 2844 1201 2910; x_wconf 89' lang='lat' dir='ltr'><strong>Israel,</strong></span> <span class='ocrx_word' id='word_1_358' title='bbox 1236 2855 1291 2901; x_wconf 92' lang='lat' dir='ltr'><strong>et</strong></span> <span class='ocrx_word' id='word_1_359' title='bbox 1322 2861 1414 2916; x_wconf 85' lang='lat' dir='ltr'><strong>per</strong></span> <span class='ocrx_word' id='word_1_360' title='bbox 1448 2844 1741 2899; x_wconf 84' lang='lat' dir='ltr'><strong>fenestram</strong></span> 
     </span>
    </p>
   </div>
   <div class='ocr_carea' id='block_1_44' title="bbox 140 2934 1742 3007">
    <p class='ocr_par' dir='ltr' id='par_1_44' title="bbox 140 2934 1742 3007">
     <span class='ocr_line' id='line_1_44' title="bbox 140 2934 1742 3007; baseline 0.004 -20"><span class='ocrx_word' id='word_1_361' title='bbox 140 2934 397 2989; x_wconf 84' lang='lat' dir='ltr'><strong>submisit</strong></span> <span class='ocrx_word' id='word_1_362' title='bbox 422 2935 641 3006; x_wconf 87' lang='lat' dir='ltr'><strong>quando</strong></span> <span class='ocrx_word' id='word_1_363' title='bbox 669 2938 1049 3007; x_wconf 65' lang='lat' dir='ltr'><strong>quaerebantur</strong></span> <span class='ocrx_word' id='word_1_364' title='bbox 1081 2939 1148 2992; x_wconf 88' lang='lat' dir='ltr'><strong>ab</strong></span> <span class='ocrx_word' id='word_1_365' title='bbox 1192 2937 1426 2994; x_wconf 90' lang='lat' dir='ltr'><strong>inimicis</strong></span> <span class='ocrx_word' id='word_1_366' title='bbox 1462 2939 1612 2993; x_wconf 89' lang='lat' dir='ltr'><strong>suis:</strong></span> <span class='ocrx_word' id='word_1_367' title='bbox 1655 2939 1742 2993; x_wconf 86' lang='lat' dir='ltr'><strong>cui</strong></span> 
     </span>
    </p>
   </div>
   <div class='ocr_carea' id='block_1_45' title="bbox 144 3027 1738 3099">
    <p class='ocr_par' dir='ltr' id='par_1_45' title="bbox 144 3027 1738 3099">
     <span class='ocr_line' id='line_1_45' title="bbox 144 3027 1738 3099; baseline 0.004 -19"><span class='ocrx_word' id='word_1_368' title='bbox 144 3035 558 3097; x_wconf 74' lang='lat' dir='ltr'><strong>pneceperunt,</strong></span> <span class='ocrx_word' id='word_1_369' title='bbox 610 3035 669 3081; x_wconf 92' lang='lat' dir='ltr'><strong>ut</strong></span> <span class='ocrx_word' id='word_1_370' title='bbox 714 3027 996 3098; x_wconf 80' lang='lat' dir='ltr'><strong>ingruente</strong></span> <span class='ocrx_word' id='word_1_371' title='bbox 1039 3029 1418 3099; x_wconf 88' lang='lat' dir='ltr'><strong>persecutione</strong></span> <span class='ocrx_word' id='word_1_372' title='bbox 1468 3030 1738 3095; x_wconf 89' lang='lat' dir='ltr'><strong>civitatis,</strong></span> 
     </span>
    </p>
   </div>
   <div class='ocr_carea' id='block_1_46' title="bbox 140 3118 1738 3193">
    <p class='ocr_par' dir='ltr' id='par_1_46' title="bbox 140 3118 1738 3193">
     <span class='ocr_line' id='line_1_46' title="bbox 140 3118 1738 3193; baseline 0.001 -18"><span class='ocrx_word' id='word_1_373' title='bbox 140 3120 501 3191; x_wconf 87' lang='lat' dir='ltr'><strong>suspenderet</strong></span> <span class='ocrx_word' id='word_1_374' title='bbox 540 3118 724 3176; x_wconf 82' lang='lat' dir='ltr'><strong>funem</strong></span> <span class='ocrx_word' id='word_1_375' title='bbox 758 3121 1106 3186; x_wconf 90' lang='lat' dir='ltr'><strong>coccineum,</strong></span> <span class='ocrx_word' id='word_1_376' title='bbox 1144 3131 1202 3176; x_wconf 90' lang='lat' dir='ltr'><strong>ut</strong></span> <span class='ocrx_word' id='word_1_377' title='bbox 1236 3122 1339 3176; x_wconf 90' lang='lat' dir='ltr'><strong>hoc</strong></span> <span class='ocrx_word' id='word_1_378' title='bbox 1374 3122 1529 3193; x_wconf 80' lang='lat' dir='ltr'><strong>signo</strong></span> <span class='ocrx_word' id='word_1_379' title='bbox 1560 3122 1738 3177; x_wconf 87' lang='lat' dir='ltr'><strong>salva-</strong></span> 
     </span>
    </p>
   </div>
   <div class='ocr_carea' id='block_1_47' title="bbox 138 3211 1737 3286">
    <p class='ocr_par' dir='ltr' id='par_1_47' title="bbox 138 3211 1737 3286">
     <span class='ocr_line' id='line_1_47' title="bbox 138 3211 1737 3286; baseline 0.001 -19"><span class='ocrx_word' id='word_1_380' title='bbox 138 3226 285 3269; x_wconf 88' lang='lat' dir='ltr'><strong>retur</strong></span> <span class='ocrx_word' id='word_1_381' title='bbox 321 3221 383 3268; x_wconf 88' lang='lat' dir='ltr'><strong>et</strong></span> <span class='ocrx_word' id='word_1_382' title='bbox 420 3211 622 3268; x_wconf 82' lang='lat' dir='ltr'><strong>familia</strong></span> <span class='ocrx_word' id='word_1_383' title='bbox 657 3215 937 3284; x_wconf 87' lang='lat' dir='ltr'><strong>sua,quod</strong></span> <span class='ocrx_word' id='word_1_384' title='bbox 976 3213 1177 3269; x_wconf 84' lang='lat' dir='ltr'><strong>factum</strong></span> <span class='ocrx_word' id='word_1_385' title='bbox 1215 3226 1298 3270; x_wconf 90' lang='lat' dir='ltr'><strong>est</strong></span> <span class='ocrx_word' id='word_1_386' title='bbox 1334 3214 1486 3285; x_wconf 87' lang='lat' dir='ltr'><strong>(Jos.</strong></span> <span class='ocrx_word' id='word_1_387' title='bbox 1518 3215 1596 3286; x_wconf 87' lang='grc' dir='ltr'><strong>ιι)</strong></span> <span class='ocrx_word' id='word_1_388' title='bbox 1628 3234 1640 3269; x_wconf 89' lang='lat'><strong><em>:</em></strong></span> <span class='ocrx_word' id='word_1_389' title='bbox 1683 3225 1737 3270; x_wconf 89' lang='lat' dir='ltr'><strong>et</strong></span> 
     </span>
    </p>
   </div>
   <div class='ocr_carea' id='block_1_48' title="bbox 137 3304 1734 3379">
    <p class='ocr_par' dir='ltr' id='par_1_48' title="bbox 137 3304 1734 3379">
     <span class='ocr_line' id='line_1_48' title="bbox 137 3304 1734 3379; baseline 0.003 -20"><span class='ocrx_word' id='word_1_390' title='bbox 137 3304 185 3360; x_wconf 89' lang='lat' dir='ltr'><strong>in</strong></span> <span class='ocrx_word' id='word_1_391' title='bbox 231 3306 416 3378; x_wconf 85' lang='lat' dir='ltr'><strong>ﬁgura</strong></span> <span class='ocrx_word' id='word_1_392' title='bbox 470 3305 738 3377; x_wconf 88' lang='lat' dir='ltr'><strong>mysterii,</strong></span> <span class='ocrx_word' id='word_1_393' title='bbox 777 3306 868 3376; x_wconf 90' lang='lat' dir='ltr'><strong>qui</strong></span> <span class='ocrx_word' id='word_1_394' title='bbox 905 3305 1020 3361; x_wconf 89' lang='lat' dir='ltr'><strong>vult</strong></span> <span class='ocrx_word' id='word_1_395' title='bbox 1064 3308 1244 3363; x_wconf 87' lang='lat' dir='ltr'><strong>sanari</strong></span> <span class='ocrx_word' id='word_1_396' title='bbox 1286 3308 1353 3362; x_wconf 86' lang='lat' dir='ltr'><strong>ab</strong></span> <span class='ocrx_word' id='word_1_397' title='bbox 1393 3309 1574 3363; x_wconf 84' lang='lat' dir='ltr'><strong>hostili</strong></span> <span class='ocrx_word' id='word_1_398' title='bbox 1613 3323 1734 3379; x_wconf 88' lang='lat' dir='ltr'><strong>per-</strong></span> 
     </span>
    </p>
   </div>
   <div class='ocr_carea' id='block_1_49' title="bbox 135 3397 1735 3463">
    <p class='ocr_par' dir='ltr' id='par_1_49' title="bbox 135 3397 1735 3463">
     <span class='ocr_line' id='line_1_49' title="bbox 135 3397 1735 3463; baseline 0.001 -10"><span class='ocrx_word' id='word_1_399' title='bbox 135 3398 443 3463; x_wconf 87' lang='lat' dir='ltr'><strong>secutione,</strong></span> <span class='ocrx_word' id='word_1_400' title='bbox 467 3410 689 3454; x_wconf 87' lang='lat' dir='ltr'><strong>necesse</strong></span> <span class='ocrx_word' id='word_1_401' title='bbox 717 3407 801 3453; x_wconf 90' lang='lat' dir='ltr'><strong>est</strong></span> <span class='ocrx_word' id='word_1_402' title='bbox 827 3406 886 3452; x_wconf 90' lang='lat' dir='ltr'><strong>ut</strong></span> <span class='ocrx_word' id='word_1_403' title='bbox 916 3398 969 3452; x_wconf 89' lang='lat' dir='ltr'><strong>in</strong></span> <span class='ocrx_word' id='word_1_404' title='bbox 998 3397 1258 3463; x_wconf 88' lang='lat' dir='ltr'><strong>fenestra,</strong></span> <span class='ocrx_word' id='word_1_405' title='bbox 1288 3399 1339 3454; x_wconf 92' lang='lat' dir='ltr'><strong>id</strong></span> <span class='ocrx_word' id='word_1_406' title='bbox 1369 3408 1452 3454; x_wconf 91' lang='lat' dir='ltr'><strong>est</strong></span> <span class='ocrx_word' id='word_1_407' title='bbox 1479 3400 1530 3453; x_wconf 77' lang='lat' dir='ltr'><strong>in</strong></span> <span class='ocrx_word' id='word_1_408' title='bbox 1558 3399 1735 3456; x_wconf 79' lang='lat' dir='ltr'><strong>fronte</strong></span> 
     </span>
    </p>
   </div>
   <div class='ocr_carea' id='block_1_50' title="bbox 133 3490 1801 3563">
    <p class='ocr_par' dir='ltr' id='par_1_50' title="bbox 133 3490 1801 3563">
     <span class='ocr_line' id='line_1_50' title="bbox 133 3490 1801 3563; baseline 0.001 -17"><span class='ocrx_word' id='word_1_409' title='bbox 133 3507 246 3557; x_wconf 88' lang='lat' dir='ltr'><strong>sua,</strong></span> <span class='ocrx_word' id='word_1_410' title='bbox 270 3493 467 3546; x_wconf 89' lang='lat' dir='ltr'><strong>funem</strong></span> <span class='ocrx_word' id='word_1_411' title='bbox 495 3490 807 3546; x_wconf 88' lang='lat' dir='ltr'><strong>coccineum</strong></span> <span class='ocrx_word' id='word_1_412' title='bbox 832 3492 1121 3563; x_wconf 81' lang='lat' dir='ltr'><strong>suspendat</strong></span> <span class='ocrx_word' id='word_1_413' title='bbox 1144 3532 1160 3557; x_wconf 91' lang='lat'><strong>,</strong></span> <span class='ocrx_word' id='word_1_414' title='bbox 1182 3492 1235 3547; x_wconf 92' lang='lat' dir='ltr'><strong>id</strong></span> <span class='ocrx_word' id='word_1_415' title='bbox 1265 3501 1347 3547; x_wconf 89' lang='lat' dir='ltr'><strong>est</strong></span> <span class='ocrx_word' id='word_1_416' title='bbox 1374 3493 1584 3563; x_wconf 79' lang='lat' dir='ltr'><strong>signum</strong></span> <span class='ocrx_word' id='word_1_417' title='bbox 1610 3508 1738 3547; x_wconf 89' lang='lat' dir='ltr'><strong>san-</strong></span> <span class='ocrx_word' id='word_1_418' title='bbox 1796 3529 1801 3533; x_wconf 84' lang='lat'><strong><em>-</em></strong></span> 
     </span>
    </p>
   </div>
   <div class='ocr_carea' id='block_1_51' title="bbox 133 3581 1731 3655">
    <p class='ocr_par' dir='ltr' id='par_1_51' title="bbox 133 3581 1731 3655">
     <span class='ocr_line' id='line_1_51' title="bbox 133 3581 1731 3655; baseline 0.002 -17"><span class='ocrx_word' id='word_1_419' title='bbox 133 3584 313 3655; x_wconf 80' lang='lat' dir='ltr'><strong>guinis</strong></span> <span class='ocrx_word' id='word_1_420' title='bbox 347 3581 560 3638; x_wconf 84' lang='lat' dir='ltr'><strong>Christi</strong></span> <span class='ocrx_word' id='word_1_421' title='bbox 590 3582 817 3651; x_wconf 89' lang='lat' dir='ltr'><strong>habeat,</strong></span> <span class='ocrx_word' id='word_1_422' title='bbox 850 3598 958 3654; x_wconf 88' lang='lat' dir='ltr'><strong>quo</strong></span> <span class='ocrx_word' id='word_1_423' title='bbox 986 3584 1101 3654; x_wconf 86' lang='lat' dir='ltr'><strong>ipse</strong></span> <span class='ocrx_word' id='word_1_424' title='bbox 1126 3586 1277 3654; x_wconf 87' lang='lat' dir='ltr'><strong>quasi</strong></span> <span class='ocrx_word' id='word_1_425' title='bbox 1312 3584 1439 3639; x_wconf 86' lang='lat' dir='ltr'><strong>fune</strong></span> <span class='ocrx_word' id='word_1_426' title='bbox 1475 3586 1731 3654; x_wconf 86' lang='lat' dir='ltr'><strong>trahitur,</strong></span> 
     </span>
    </p>
   </div>
   <div class='ocr_carea' id='block_1_52' title="bbox 132 3677 1733 3750">
    <p class='ocr_par' dir='ltr' id='par_1_52' title="bbox 132 3677 1733 3750">
     <span class='ocr_line' id='line_1_52' title="bbox 132 3677 1733 3750; baseline 0.001 -18"><span class='ocrx_word' id='word_1_427' title='bbox 132 3688 182 3732; x_wconf 89' lang='lat' dir='ltr'><strong>ct</strong></span> <span class='ocrx_word' id='word_1_428' title='bbox 219 3679 274 3733; x_wconf 89' lang='lat' dir='ltr'><strong>in</strong></span> <span class='ocrx_word' id='word_1_429' title='bbox 319 3678 598 3733; x_wconf 86' lang='lat' dir='ltr'><strong>charitate</strong></span> <span class='ocrx_word' id='word_1_430' title='bbox 632 3677 847 3733; x_wconf 89' lang='lat' dir='ltr'><strong>Domini</strong></span> <span class='ocrx_word' id='word_1_431' title='bbox 886 3677 1103 3749; x_wconf 80' lang='lat' dir='ltr'><strong>ligatur.</strong></span> <span class='ocrx_word' id='word_1_432' title='bbox 1141 3677 1279 3732; x_wconf 82' lang='lat' dir='ltr'><strong>Ecce</strong></span> <span class='ocrx_word' id='word_1_433' title='bbox 1332 3679 1638 3750; x_wconf 72' lang='lat' dir='ltr'><strong>alienigena:</strong></span> <span class='ocrx_word' id='word_1_434' title='bbox 1684 3688 1733 3734; x_wconf 88' lang='lat' dir='ltr'><strong>et</strong></span> 
     </span>
    </p>
   </div>
   <div class='ocr_carea' id='block_1_53' title="bbox 133 3769 1732 3842">
    <p class='ocr_par' dir='ltr' id='par_1_53' title="bbox 133 3769 1732 3842">
     <span class='ocr_line' id='line_1_53' title="bbox 133 3769 1732 3842; baseline 0.001 -18"><span class='ocrx_word' id='word_1_435' title='bbox 133 3770 303 3842; x_wconf 81' lang='lat' dir='ltr'><strong>Tyrus</strong></span> <span class='ocrx_word' id='word_1_436' title='bbox 337 3780 390 3826; x_wconf 86' lang='lat' dir='ltr'><strong>et</strong></span> <span class='ocrx_word' id='word_1_437' title='bbox 419 3769 643 3841; x_wconf 86' lang='lat' dir='ltr'><strong>populus</strong></span> <span class='ocrx_word' id='word_1_438' title='bbox 676 3769 1024 3840; x_wconf 61' lang='lat' dir='ltr'><strong>Ethiopum,</strong></span> <span class='ocrx_word' id='word_1_439' title='bbox 1052 3771 1107 3825; x_wconf 79' lang='lat' dir='ltr'><strong>lii</strong></span> <span class='ocrx_word' id='word_1_440' title='bbox 1139 3770 1350 3839; x_wconf 86' lang='lat' dir='ltr'><strong>fuerunt</strong></span> <span class='ocrx_word' id='word_1_441' title='bbox 1378 3771 1508 3824; x_wconf 77' lang='lat' dir='ltr'><strong>illis.</strong></span> <span class='ocrx_word' id='word_1_442' title='bbox 1539 3770 1732 3827; x_wconf 87' lang='lat' dir='ltr'><strong>Osten-</strong></span> 
     </span>
    </p>
   </div>
   <div class='ocr_carea' id='block_1_54' title="bbox 131 3862 1732 3935">
    <p class='ocr_par' dir='ltr' id='par_1_54' title="bbox 131 3862 1732 3935">
     <span class='ocr_line' id='line_1_54' title="bbox 131 3862 1732 3935; baseline 0 -17"><span class='ocrx_word' id='word_1_443' title='bbox 131 3865 204 3918; x_wconf 89' lang='lat' dir='ltr'><strong>dit</strong></span> <span class='ocrx_word' id='word_1_444' title='bbox 235 3879 371 3935; x_wconf 75' lang='lat' dir='ltr'><strong>qua:</strong></span> <span class='ocrx_word' id='word_1_445' title='bbox 396 3862 629 3933; x_wconf 86' lang='lat' dir='ltr'><strong>gloriosa</strong></span> <span class='ocrx_word' id='word_1_446' title='bbox 658 3862 804 3917; x_wconf 90' lang='lat' dir='ltr'><strong>dicta</strong></span> <span class='ocrx_word' id='word_1_447' title='bbox 829 3871 954 3917; x_wconf 90' lang='lat' dir='ltr'><strong>sunt</strong></span> <span class='ocrx_word' id='word_1_448' title='bbox 982 3863 1048 3917; x_wconf 90' lang='lat' dir='ltr'><strong>de</strong></span> <span class='ocrx_word' id='word_1_449' title='bbox 1076 3862 1295 3918; x_wconf 87' lang='lat' dir='ltr'><strong>civitate</strong></span> <span class='ocrx_word' id='word_1_450' title='bbox 1318 3863 1413 3918; x_wconf 85' lang='lat' dir='ltr'><strong>Dei</strong></span> <span class='ocrx_word' id='word_1_451' title='bbox 1445 3882 1456 3917; x_wconf 92' lang='lat'>:</span> <span class='ocrx_word' id='word_1_452' title='bbox 1486 3864 1612 3933; x_wconf 88' lang='lat' dir='ltr'><strong>quia</strong></span> <span class='ocrx_word' id='word_1_453' title='bbox 1639 3863 1732 3934; x_wconf 92' lang='lat' dir='ltr'><strong>qui</strong></span> 
     </span>
    </p>
   </div>
   <div class='ocr_carea' id='block_1_55' title="bbox 132 3952 1734 4025">
    <p class='ocr_par' dir='ltr' id='par_1_55' title="bbox 132 3952 1734 4025">
     <span class='ocr_line' id='line_1_55' title="bbox 132 3952 1734 4025; baseline 0.002 -18"><span class='ocrx_word' id='word_1_454' title='bbox 132 3953 177 4007; x_wconf 90' lang='lat' dir='ltr'><strong>in</strong></span> <span class='ocrx_word' id='word_1_455' title='bbox 202 3953 487 4025; x_wconf 81' lang='lat' dir='ltr'><strong>Babylone</strong></span> <span class='ocrx_word' id='word_1_456' title='bbox 508 3952 729 4008; x_wconf 87' lang='lat' dir='ltr'><strong>fuerunt</strong></span> <span class='ocrx_word' id='word_1_457' title='bbox 750 3952 1023 4023; x_wconf 81' lang='lat' dir='ltr'><strong>peregrini</strong></span> <span class='ocrx_word' id='word_1_458' title='bbox 1052 3954 1446 4025; x_wconf 87' lang='lat' dir='ltr'><strong>despectissimi</strong></span> <span class='ocrx_word' id='word_1_459' title='bbox 1466 3996 1480 4019; x_wconf 96' lang='lat'><strong>,</strong></span> <span class='ocrx_word' id='word_1_460' title='bbox 1516 3955 1734 4010; x_wconf 82' lang='lat' dir='ltr'><strong>venien-</strong></span> 
     </span>
    </p>
   </div>
   <div class='ocr_carea' id='block_1_56' title="bbox 132 4044 1731 4118">
    <p class='ocr_par' dir='ltr' id='par_1_56' title="bbox 132 4044 1731 4118">
     <span class='ocr_line' id='line_1_56' title="bbox 132 4044 1731 4118; baseline 0.003 -21"><span class='ocrx_word' id='word_1_461' title='bbox 132 4055 207 4100; x_wconf 82' lang='lat' dir='ltr'><strong>tes</strong></span> <span class='ocrx_word' id='word_1_462' title='bbox 253 4047 409 4101; x_wconf 85' lang='lat' dir='ltr'><strong>intra</strong></span> <span class='ocrx_word' id='word_1_463' title='bbox 443 4045 729 4099; x_wconf 59' lang='lat' dir='ltr'><strong>aedilicium</strong></span> <span class='ocrx_word' id='word_1_464' title='bbox 770 4044 929 4113; x_wconf 87' lang='lat' dir='ltr'><strong>hujus</strong></span> <span class='ocrx_word' id='word_1_465' title='bbox 968 4046 1237 4111; x_wconf 86' lang='lat' dir='ltr'><strong>civitatis,</strong></span> <span class='ocrx_word' id='word_1_466' title='bbox 1264 4045 1389 4101; x_wconf 77' lang='lat' dir='ltr'><strong>facti</strong></span> <span class='ocrx_word' id='word_1_467' title='bbox 1451 4057 1575 4102; x_wconf 89' lang='lat' dir='ltr'><strong>sunt</strong></span> <span class='ocrx_word' id='word_1_468' title='bbox 1609 4047 1731 4118; x_wconf 90' lang='lat' dir='ltr'><strong>pul-</strong></span> 
     </span>
    </p>
   </div>
   <div class='ocr_carea' id='block_1_57' title="bbox 129 4136 1730 4210">
    <p class='ocr_par' dir='ltr' id='par_1_57' title="bbox 129 4136 1730 4210">
     <span class='ocr_line' id='line_1_57' title="bbox 129 4136 1730 4210; baseline 0.001 -17"><span class='ocrx_word' id='word_1_469' title='bbox 129 4138 393 4194; x_wconf 87' lang='lat' dir='ltr'><strong>cherrimi</strong></span> <span class='ocrx_word' id='word_1_470' title='bbox 424 4146 479 4192; x_wconf 91' lang='lat' dir='ltr'><strong>et</strong></span> <span class='ocrx_word' id='word_1_471' title='bbox 508 4136 948 4210; x_wconf 87' lang='lat' dir='ltr'><strong>splendidissimi.</strong></span> <span class='ocrx_word' id='word_1_472' title='bbox 992 4136 1128 4192; x_wconf 84' lang='lat' dir='ltr'><strong>Ecce</strong></span> <span class='ocrx_word' id='word_1_473' title='bbox 1162 4138 1501 4210; x_wconf 76' lang='lat' dir='ltr'><strong>alienigenw,</strong></span> <span class='ocrx_word' id='word_1_474' title='bbox 1532 4139 1730 4195; x_wconf 86' lang='lat' dir='ltr'><strong>Philis-</strong></span> 
     </span>
    </p>
   </div>
   <div class='ocr_carea' id='block_1_58' title="bbox 132 4230 1734 4302">
    <p class='ocr_par' dir='ltr' id='par_1_58' title="bbox 132 4230 1734 4302">
     <span class='ocr_line' id='line_1_58' title="bbox 132 4230 1734 4302; baseline 0.001 -17"><span class='ocrx_word' id='word_1_475' title='bbox 132 4234 251 4289; x_wconf 71' lang='grc' dir='ltr'><strong>ιι]ςεί</strong></span> <span class='ocrx_word' id='word_1_476' title='bbox 303 4231 569 4287; x_wconf 87' lang='lat' dir='ltr'><strong>videlicet</strong></span> <span class='ocrx_word' id='word_1_477' title='bbox 612 4230 834 4302; x_wconf 89' lang='lat' dir='ltr'><strong>potione</strong></span> <span class='ocrx_word' id='word_1_478' title='bbox 882 4231 1172 4294; x_wconf 86' lang='lat' dir='ltr'><strong>cadentes,</strong></span> <span class='ocrx_word' id='word_1_479' title='bbox 1212 4241 1261 4285; x_wconf 87' lang='lat' dir='ltr'><strong>et</strong></span> <span class='ocrx_word' id='word_1_480' title='bbox 1300 4230 1508 4302; x_wconf 86' lang='lat' dir='ltr'><strong>Tyrus,</strong></span> <span class='ocrx_word' id='word_1_481' title='bbox 1548 4232 1603 4287; x_wconf 89' lang='lat' dir='ltr'><strong>id</strong></span> <span class='ocrx_word' id='word_1_482' title='bbox 1647 4239 1734 4287; x_wconf 90' lang='lat' dir='ltr'><strong>est</strong></span> 
     </span>
    </p>
   </div>
   <div class='ocr_carea' id='block_1_59' title="bbox 129 4323 1733 4398">
    <p class='ocr_par' dir='ltr' id='par_1_59' title="bbox 129 4323 1733 4398">
     <span class='ocr_line' id='line_1_59' title="bbox 129 4323 1733 4398; baseline 0.001 -18"><span class='ocrx_word' id='word_1_483' title='bbox 129 4325 438 4398; x_wconf 83' lang='lat' dir='ltr'><strong>angustiati</strong></span> <span class='ocrx_word' id='word_1_484' title='bbox 472 4325 524 4380; x_wconf 90' lang='lat' dir='ltr'><strong>in</strong></span> <span class='ocrx_word' id='word_1_485' title='bbox 559 4325 789 4381; x_wconf 84' lang='lat' dir='ltr'><strong>terrenis</strong></span> <span class='ocrx_word' id='word_1_486' title='bbox 821 4342 834 4379; x_wconf 74' lang='grc' dir='ltr'>ε</span> <span class='ocrx_word' id='word_1_487' title='bbox 867 4335 912 4379; x_wconf 89' lang='lat' dir='ltr'><strong>et</strong></span> <span class='ocrx_word' id='word_1_488' title='bbox 943 4324 1166 4395; x_wconf 84' lang='lat' dir='ltr'><strong>populus</strong></span> <span class='ocrx_word' id='word_1_489' title='bbox 1192 4323 1539 4397; x_wconf 67' lang='lat' dir='ltr'><strong>xElhiopum,</strong></span> <span class='ocrx_word' id='word_1_490' title='bbox 1568 4326 1621 4380; x_wconf 90' lang='lat' dir='ltr'><strong>id</strong></span> <span class='ocrx_word' id='word_1_491' title='bbox 1647 4334 1733 4382; x_wconf 84' lang='lat' dir='ltr'><strong>est</strong></span> 
     </span>
    </p>
   </div>
   <div class='ocr_carea' id='block_1_60' title="bbox 128 4416 1731 4489">
    <p class='ocr_par' dir='ltr' id='par_1_60' title="bbox 128 4416 1731 4489">
     <span class='ocr_line' id='line_1_60' title="bbox 128 4416 1731 4489; baseline 0.002 -18"><span class='ocrx_word' id='word_1_492' title='bbox 128 4418 419 4489; x_wconf 85' lang='lat' dir='ltr'><strong>nigerrimi</strong></span> <span class='ocrx_word' id='word_1_493' title='bbox 456 4418 699 4473; x_wconf 87' lang='lat' dir='ltr'><strong>moribus</strong></span> <span class='ocrx_word' id='word_1_494' title='bbox 729 4417 783 4470; x_wconf 83' lang='lat' dir='ltr'><strong>hi</strong></span> <span class='ocrx_word' id='word_1_495' title='bbox 809 4417 1021 4487; x_wconf 75' lang='lat' dir='ltr'><strong>fuerunt</strong></span> <span class='ocrx_word' id='word_1_496' title='bbox 1048 4416 1191 4483; x_wconf 85' lang='lat' dir='ltr'><strong>illic,</strong></span> <span class='ocrx_word' id='word_1_497' title='bbox 1220 4417 1275 4471; x_wconf 88' lang='lat' dir='ltr'><strong>id</strong></span> <span class='ocrx_word' id='word_1_498' title='bbox 1305 4426 1388 4473; x_wconf 91' lang='lat' dir='ltr'><strong>est</strong></span> <span class='ocrx_word' id='word_1_499' title='bbox 1422 4418 1477 4473; x_wconf 91' lang='lat' dir='ltr'><strong>in</strong></span> <span class='ocrx_word' id='word_1_500' title='bbox 1505 4418 1731 4475; x_wconf 62' lang='lat' dir='ltr'><strong>mdiﬁcio</strong></span> 
     </span>
    </p>
   </div>
   <div class='ocr_carea' id='block_1_61' title="bbox 126 4508 1732 4581">
    <p class='ocr_par' dir='ltr' id='par_1_61' title="bbox 126 4508 1732 4581">
     <span class='ocr_line' id='line_1_61' title="bbox 126 4508 1732 4581; baseline 0.001 -16"><span class='ocrx_word' id='word_1_501' title='bbox 126 4510 286 4581; x_wconf 81' lang='lat' dir='ltr'><strong>hujus</strong></span> <span class='ocrx_word' id='word_1_502' title='bbox 320 4508 584 4566; x_wconf 86' lang='lat' dir='ltr'><strong>civitatis.</strong></span> <span class='ocrx_word' id='word_1_503' title='bbox 616 4508 682 4564; x_wconf 86' lang='lat' dir='ltr'><strong>Et</strong></span> <span class='ocrx_word' id='word_1_504' title='bbox 713 4510 815 4564; x_wconf 91' lang='lat' dir='ltr'><strong>hoc</strong></span> <span class='ocrx_word' id='word_1_505' title='bbox 841 4510 1156 4580; x_wconf 88' lang='lat' dir='ltr'><strong>quomodo?</strong></span> <span class='ocrx_word' id='word_1_506' title='bbox 1181 4509 1316 4577; x_wconf 86' lang='lat' dir='ltr'><strong>Quia</strong></span> <span class='ocrx_word' id='word_1_507' title='bbox 1340 4518 1399 4564; x_wconf 92' lang='lat' dir='ltr'><strong>ut</strong></span> <span class='ocrx_word' id='word_1_508' title='bbox 1419 4511 1520 4581; x_wconf 92' lang='lat' dir='ltr'><strong>ipsi</strong></span> <span class='ocrx_word' id='word_1_509' title='bbox 1550 4512 1603 4566; x_wconf 91' lang='lat' dir='ltr'><strong>in</strong></span> <span class='ocrx_word' id='word_1_510' title='bbox 1630 4513 1732 4568; x_wconf 87' lang='lat' dir='ltr'><strong>hac</strong></span> 
     </span>
    </p>
   </div>
   <div class='ocr_carea' id='block_1_62' title="bbox 123 4604 1726 4674">
    <p class='ocr_par' dir='ltr' id='par_1_62' title="bbox 123 4604 1726 4674">
     <span class='ocr_line' id='line_1_62' title="bbox 123 4604 1726 4674; baseline 0.001 -15"><span class='ocrx_word' id='word_1_511' title='bbox 123 4605 357 4660; x_wconf 83' lang='lat' dir='ltr'><strong>civitate</strong></span> <span class='ocrx_word' id='word_1_512' title='bbox 402 4604 954 4674; x_wconf 81' lang='lat' dir='ltr'><strong>cumpreliendantut,</strong></span> <span class='ocrx_word' id='word_1_513' title='bbox 1004 4606 1159 4659; x_wconf 86' lang='lat' dir='ltr'><strong>homo</strong></span> <span class='ocrx_word' id='word_1_514' title='bbox 1203 4616 1358 4660; x_wconf 88' lang='lat' dir='ltr'><strong>natus</strong></span> <span class='ocrx_word' id='word_1_515' title='bbox 1417 4616 1491 4661; x_wconf 88' lang='lat' dir='ltr'><strong>est</strong></span> <span class='ocrx_word' id='word_1_516' title='bbox 1538 4624 1594 4661; x_wconf 84' lang='lat' dir='ltr'><strong>tn</strong></span> <span class='ocrx_word' id='word_1_517' title='bbox 1633 4624 1726 4673; x_wconf 92' lang='lat' dir='ltr'><strong>ea,</strong></span> 
     </span>
    </p>
   </div>
   <div class='ocr_carea' id='block_1_63' title="bbox 124 4696 1730 4773">
    <p class='ocr_par' dir='ltr' id='par_1_63' title="bbox 124 4696 1730 4773">
     <span class='ocr_line' id='line_1_63' title="bbox 124 4696 1730 4773; baseline 0.003 -22"><span class='ocrx_word' id='word_1_518' title='bbox 124 4698 174 4753; x_wconf 89' lang='lat' dir='ltr'><strong>id</strong></span> <span class='ocrx_word' id='word_1_519' title='bbox 204 4708 294 4755; x_wconf 89' lang='lat' dir='ltr'><strong>est</strong></span> <span class='ocrx_word' id='word_1_520' title='bbox 337 4696 591 4754; x_wconf 87' lang='lat' dir='ltr'><strong>Christus</strong></span> <span class='ocrx_word' id='word_1_521' title='bbox 624 4705 878 4753; x_wconf 87' lang='lat' dir='ltr'><strong>nascetur</strong></span> <span class='ocrx_word' id='word_1_522' title='bbox 909 4699 1072 4754; x_wconf 89' lang='lat' dir='ltr'><strong>homo</strong></span> <span class='ocrx_word' id='word_1_523' title='bbox 1114 4696 1336 4754; x_wconf 82' lang='lat' dir='ltr'><strong>factus:</strong></span> <span class='ocrx_word' id='word_1_524' title='bbox 1385 4710 1432 4754; x_wconf 89' lang='lat' dir='ltr'><strong>et</strong></span> <span class='ocrx_word' id='word_1_525' title='bbox 1484 4701 1593 4771; x_wconf 84' lang='lat' dir='ltr'><strong>ipse</strong></span> <span class='ocrx_word' id='word_1_526' title='bbox 1639 4704 1730 4773; x_wconf 91' lang='lat' dir='ltr'><strong>qui</strong></span> 
     </span>
    </p>
   </div>
   <div class='ocr_carea' id='block_1_64' title="bbox 121 4790 1729 4857">
    <p class='ocr_par' dir='ltr' id='par_1_64' title="bbox 121 4790 1729 4857">
     <span class='ocr_line' id='line_1_64' title="bbox 121 4790 1729 4857; baseline 0.001 -12"><span class='ocrx_word' id='word_1_527' title='bbox 121 4801 285 4849; x_wconf 87' lang='lat' dir='ltr'><strong>natus</strong></span> <span class='ocrx_word' id='word_1_528' title='bbox 322 4800 411 4847; x_wconf 72' lang='lat' dir='ltr'><strong>est</strong></span> <span class='ocrx_word' id='word_1_529' title='bbox 443 4790 497 4845; x_wconf 89' lang='lat' dir='ltr'><strong>in</strong></span> <span class='ocrx_word' id='word_1_530' title='bbox 528 4806 626 4857; x_wconf 87' lang='lat' dir='ltr'><strong>ea,</strong></span> <span class='ocrx_word' id='word_1_531' title='bbox 664 4790 908 4848; x_wconf 81' lang='lat' dir='ltr'><strong>fundavit</strong></span> <span class='ocrx_word' id='word_1_532' title='bbox 947 4808 1062 4846; x_wconf 86' lang='lat' dir='ltr'><strong>eam</strong></span> <span class='ocrx_word' id='word_1_533' title='bbox 1101 4806 1197 4846; x_wconf 90' lang='lat' dir='ltr'><strong>ens</strong></span> <span class='ocrx_word' id='word_1_534' title='bbox 1236 4790 1550 4847; x_wconf 85' lang='lat' dir='ltr'><strong>altissimus.</strong></span> <span class='ocrx_word' id='word_1_535' title='bbox 1590 4792 1729 4848; x_wconf 90' lang='lat' dir='ltr'><strong>Nota</strong></span> 
     </span>
    </p>
   </div>
   <div class='ocr_carea' id='block_1_65' title="bbox 120 4884 1733 4957">
    <p class='ocr_par' dir='ltr' id='par_1_65' title="bbox 120 4884 1733 4957">
     <span class='ocr_line' id='line_1_65' title="bbox 120 4884 1733 4957; baseline 0.001 -17"><span class='ocrx_word' id='word_1_536' title='bbox 120 4886 245 4957; x_wconf 89' lang='lat' dir='ltr'><strong>quia</strong></span> <span class='ocrx_word' id='word_1_537' title='bbox 288 4886 442 4941; x_wconf 91' lang='lat' dir='ltr'><strong>idem</strong></span> <span class='ocrx_word' id='word_1_538' title='bbox 480 4884 571 4955; x_wconf 92' lang='lat' dir='ltr'><strong>qui</strong></span> <span class='ocrx_word' id='word_1_539' title='bbox 625 4885 869 4941; x_wconf 90' lang='lat' dir='ltr'><strong>nascitur</strong></span> <span class='ocrx_word' id='word_1_540' title='bbox 915 4884 969 4939; x_wconf 93' lang='lat' dir='ltr'><strong>in</strong></span> <span class='ocrx_word' id='word_1_541' title='bbox 1021 4885 1276 4953; x_wconf 90' lang='lat' dir='ltr'><strong>civitate,</strong></span> <span class='ocrx_word' id='word_1_542' title='bbox 1328 4887 1435 4943; x_wconf 87' lang='lat' dir='ltr'><strong>erit</strong></span> <span class='ocrx_word' id='word_1_543' title='bbox 1479 4885 1733 4943; x_wconf 88' lang='lat' dir='ltr'><strong>fundator</strong></span> 
     </span>
    </p>
   </div>
   <div class='ocr_carea' id='block_1_66' title="bbox 118 4978 1727 5049">
    <p class='ocr_par' dir='ltr' id='par_1_66' title="bbox 118 4978 1727 5049">
     <span class='ocr_line' id='line_1_66' title="bbox 118 4978 1727 5049; baseline 0.001 -15"><span class='ocrx_word' id='word_1_544' title='bbox 118 4979 365 5034; x_wconf 85' lang='lat' dir='ltr'><strong>civitatis</strong></span> <span class='ocrx_word' id='word_1_545' title='bbox 399 4996 413 5034; x_wconf 88' lang='lat'><strong>:</strong></span> <span class='ocrx_word' id='word_1_546' title='bbox 449 4978 575 5049; x_wconf 90' lang='lat' dir='ltr'><strong>quia</strong></span> <span class='ocrx_word' id='word_1_547' title='bbox 611 4986 866 5034; x_wconf 86' lang='lat' dir='ltr'><strong>nascetur</strong></span> <span class='ocrx_word' id='word_1_548' title='bbox 904 4978 957 5032; x_wconf 90' lang='lat' dir='ltr'><strong>in</strong></span> <span class='ocrx_word' id='word_1_549' title='bbox 992 4994 1056 5033; x_wconf 90' lang='lat' dir='ltr'><strong>ea</strong></span> <span class='ocrx_word' id='word_1_550' title='bbox 1094 4978 1391 5034; x_wconf 87' lang='lat' dir='ltr'><strong>secundum</strong></span> <span class='ocrx_word' id='word_1_551' title='bbox 1419 4978 1727 5048; x_wconf 89' lang='lat' dir='ltr'><strong>hominem,</strong></span> 
     </span>
    </p>
   </div>
   <div class='ocr_carea' id='block_1_67' title="bbox 120 5071 1728 5145">
    <p class='ocr_par' dir='ltr' id='par_1_67' title="bbox 120 5071 1728 5145">
     <span class='ocr_line' id='line_1_67' title="bbox 120 5071 1728 5145; baseline 0.004 -22"><span class='ocrx_word' id='word_1_552' title='bbox 120 5071 379 5126; x_wconf 83' lang='lat' dir='ltr'><strong>fundavit</strong></span> <span class='ocrx_word' id='word_1_553' title='bbox 414 5086 538 5125; x_wconf 90' lang='lat' dir='ltr'><strong>eam</strong></span> <span class='ocrx_word' id='word_1_554' title='bbox 574 5071 870 5126; x_wconf 89' lang='lat' dir='ltr'><strong>secundum</strong></span> <span class='ocrx_word' id='word_1_555' title='bbox 911 5071 1265 5127; x_wconf 84' lang='lat' dir='ltr'><strong>divinitatem.</strong></span> <span class='ocrx_word' id='word_1_556' title='bbox 1305 5073 1373 5128; x_wconf 90' lang='lat' dir='ltr'><strong>Et</strong></span> <span class='ocrx_word' id='word_1_557' title='bbox 1401 5074 1671 5145; x_wconf 88' lang='lat' dir='ltr'><strong>nunquid,</strong></span> <span class='ocrx_word' id='word_1_558' title='bbox 1698 5090 1728 5129; x_wconf 88' lang='grc' dir='ltr'><em>ο</em></span> 
     </span>
    </p>
   </div>
   <div class='ocr_carea' id='block_1_68' title="bbox 116 5162 1727 5235">
    <p class='ocr_par' dir='ltr' id='par_1_68' title="bbox 116 5162 1727 5235">
     <span class='ocr_line' id='line_1_68' title="bbox 116 5162 1727 5235; baseline 0.002 -18"><span class='ocrx_word' id='word_1_559' title='bbox 116 5162 249 5218; x_wconf 83' lang='lat' dir='ltr'><strong>Sion</strong></span> <span class='ocrx_word' id='word_1_560' title='bbox 271 5206 289 5229; x_wconf 94' lang='lat'><strong>,</strong></span> <span class='ocrx_word' id='word_1_561' title='bbox 321 5162 464 5217; x_wconf 88' lang='lat' dir='ltr'><strong>dicet</strong></span> <span class='ocrx_word' id='word_1_562' title='bbox 498 5163 602 5218; x_wconf 90' lang='lat' dir='ltr'><strong>hoc</strong></span> <span class='ocrx_word' id='word_1_563' title='bbox 630 5164 783 5218; x_wconf 83' lang='lat' dir='ltr'><strong>homo</strong></span> <span class='ocrx_word' id='word_1_564' title='bbox 804 5204 817 5229; x_wconf 90' lang='lat'><strong>,</strong></span> <span class='ocrx_word' id='word_1_565' title='bbox 855 5163 909 5217; x_wconf 91' lang='lat' dir='ltr'><strong>id</strong></span> <span class='ocrx_word' id='word_1_566' title='bbox 939 5172 1021 5219; x_wconf 90' lang='lat' dir='ltr'><strong>est</strong></span> <span class='ocrx_word' id='word_1_567' title='bbox 1060 5164 1299 5235; x_wconf 91' lang='lat' dir='ltr'><strong>nunquid</strong></span> <span class='ocrx_word' id='word_1_568' title='bbox 1336 5164 1606 5221; x_wconf 86' lang='lat' dir='ltr'><strong>humanus</strong></span> <span class='ocrx_word' id='word_1_569' title='bbox 1639 5167 1727 5221; x_wconf 91' lang='lat' dir='ltr'><strong>in-</strong></span> 
     </span>
    </p>
   </div>
   <div class='ocr_carea' id='block_1_69' title="bbox 117 5254 1728 5327">
    <p class='ocr_par' dir='ltr' id='par_1_69' title="bbox 117 5254 1728 5327">
     <span class='ocr_line' id='line_1_69' title="bbox 117 5254 1728 5327; baseline 0.004 -20"><span class='ocrx_word' id='word_1_570' title='bbox 117 5254 381 5310; x_wconf 87' lang='lat' dir='ltr'><strong>tellectus</strong></span> <span class='ocrx_word' id='word_1_571' title='bbox 406 5268 472 5307; x_wconf 87' lang='lat' dir='ltr'><strong>ea</strong></span> <span class='ocrx_word' id='word_1_572' title='bbox 498 5255 788 5325; x_wconf 81' lang='lat' dir='ltr'><strong>expediet?</strong></span> <span class='ocrx_word' id='word_1_573' title='bbox 815 5271 941 5321; x_wconf 91' lang='lat' dir='ltr'><strong>non,</strong></span> <span class='ocrx_word' id='word_1_574' title='bbox 972 5256 1095 5326; x_wconf 85' lang='lat' dir='ltr'><strong>quia</strong></span> <span class='ocrx_word' id='word_1_575' title='bbox 1118 5257 1259 5327; x_wconf 89' lang='lat' dir='ltr'><strong>quod</strong></span> <span class='ocrx_word' id='word_1_576' title='bbox 1286 5257 1504 5313; x_wconf 88' lang='lat' dir='ltr'><strong>stultum</strong></span> <span class='ocrx_word' id='word_1_577' title='bbox 1532 5267 1605 5314; x_wconf 86' lang='lat' dir='ltr'><strong>est</strong></span> <span class='ocrx_word' id='word_1_578' title='bbox 1630 5258 1728 5315; x_wconf 88' lang='lat' dir='ltr'><strong>Dei</strong></span> 
     </span>
    </p>
   </div>
   <div class='ocr_carea' id='block_1_70' title="bbox 112 5346 1727 5423">
    <p class='ocr_par' dir='ltr' id='par_1_70' title="bbox 112 5346 1727 5423">
     <span class='ocr_line' id='line_1_70' title="bbox 112 5346 1727 5423; baseline 0.004 -24"><span class='ocrx_word' id='word_1_579' title='bbox 112 5346 425 5417; x_wconf 83' lang='lat' dir='ltr'><strong>sapientius</strong></span> <span class='ocrx_word' id='word_1_580' title='bbox 458 5357 534 5400; x_wconf 87' lang='lat' dir='ltr'><strong>est</strong></span> <span class='ocrx_word' id='word_1_581' title='bbox 562 5346 858 5401; x_wconf 83' lang='lat' dir='ltr'><strong>hominibus</strong></span> <span class='ocrx_word' id='word_1_582' title='bbox 887 5346 954 5417; x_wconf 93' lang='lat' dir='ltr'><strong>(I</strong></span> <span class='ocrx_word' id='word_1_583' title='bbox 982 5347 1104 5402; x_wconf 90' lang='lat' dir='ltr'><strong>Cor.</strong></span> <span class='ocrx_word' id='word_1_584' title='bbox 1134 5347 1238 5417; x_wconf 83' lang='grc' dir='ltr'><strong>ιι).</strong></span> <span class='ocrx_word' id='word_1_585' title='bbox 1274 5349 1406 5417; x_wconf 84' lang='lat' dir='ltr'><strong>Quis</strong></span> <span class='ocrx_word' id='word_1_586' title='bbox 1436 5366 1563 5423; x_wconf 87' lang='lat' dir='ltr'><strong>ergo</strong></span> <span class='ocrx_word' id='word_1_587' title='bbox 1596 5358 1727 5406; x_wconf 87' lang='lat' dir='ltr'><strong>tunc</strong></span> 
     </span>
    </p>
   </div>
   <div class='ocr_carea' id='block_1_71' title="bbox 112 5437 1724 5514">
    <p class='ocr_par' dir='ltr' id='par_1_71' title="bbox 112 5437 1724 5514">
     <span class='ocr_line' id='line_1_71' title="bbox 112 5437 1724 5514; baseline 0.004 -23"><span class='ocrx_word' id='word_1_588' title='bbox 112 5437 313 5493; x_wconf 86' lang='lat' dir='ltr'><strong>dicet?</strong></span> <span class='ocrx_word' id='word_1_589' title='bbox 359 5437 624 5493; x_wconf 86' lang='lat' dir='ltr'><strong>Dominus</strong></span> <span class='ocrx_word' id='word_1_590' title='bbox 673 5439 913 5493; x_wconf 85' lang='lat' dir='ltr'><strong>narrabit</strong></span> <span class='ocrx_word' id='word_1_591' title='bbox 954 5440 1009 5494; x_wconf 88' lang='lat' dir='ltr'><strong>in</strong></span> <span class='ocrx_word' id='word_1_592' title='bbox 1057 5440 1331 5511; x_wconf 84' lang='lat' dir='ltr'><strong>scripturis</strong></span> <span class='ocrx_word' id='word_1_593' title='bbox 1375 5442 1724 5514; x_wconf 85' lang='lat' dir='ltr'><strong>populorum,</strong></span> 
     </span>
    </p>
   </div>
   <div class='ocr_carea' id='block_1_72' title="bbox 110 5531 1727 5609">
    <p class='ocr_par' dir='ltr' id='par_1_72' title="bbox 110 5531 1727 5609">
     <span class='ocr_line' id='line_1_72' title="bbox 110 5531 1727 5609; baseline 0.005 -24"><span class='ocrx_word' id='word_1_594' title='bbox 110 5531 169 5588; x_wconf 86' lang='lat' dir='ltr'><strong>id</strong></span> <span class='ocrx_word' id='word_1_595' title='bbox 197 5542 295 5588; x_wconf 79' lang='lat' dir='ltr'><strong>est</strong></span> <span class='ocrx_word' id='word_1_596' title='bbox 322 5532 376 5587; x_wconf 91' lang='lat' dir='ltr'><strong>in</strong></span> <span class='ocrx_word' id='word_1_597' title='bbox 408 5532 693 5603; x_wconf 89' lang='lat' dir='ltr'><strong>scripturis</strong></span> <span class='ocrx_word' id='word_1_598' title='bbox 721 5532 883 5589; x_wconf 89' lang='lat' dir='ltr'><strong>factis</strong></span> <span class='ocrx_word' id='word_1_599' title='bbox 910 5534 975 5588; x_wconf 90' lang='lat' dir='ltr'><strong>ad</strong></span> <span class='ocrx_word' id='word_1_600' title='bbox 1002 5534 1347 5591; x_wconf 89' lang='lat' dir='ltr'><strong>instruendos</strong></span> <span class='ocrx_word' id='word_1_601' title='bbox 1376 5537 1604 5609; x_wconf 91' lang='lat' dir='ltr'><strong>populos</strong></span> <span class='ocrx_word' id='word_1_602' title='bbox 1628 5554 1641 5591; x_wconf 88' lang='lat'><strong>:</strong></span> <span class='ocrx_word' id='word_1_603' title='bbox 1672 5547 1727 5593; x_wconf 88' lang='lat' dir='ltr'><strong>et</strong></span> 
     </span>
    </p>
   </div>
   <div class='ocr_carea' id='block_1_73' title="bbox 111 5623 1722 5698">
    <p class='ocr_par' dir='ltr' id='par_1_73' title="bbox 111 5623 1722 5698">
     <span class='ocr_line' id='line_1_73' title="bbox 111 5623 1722 5698; baseline 0.004 -20"><span class='ocrx_word' id='word_1_604' title='bbox 111 5630 169 5678; x_wconf 87' lang='lat' dir='ltr'><strong>in</strong></span> <span class='ocrx_word' id='word_1_605' title='bbox 222 5623 526 5694; x_wconf 85' lang='lat' dir='ltr'><strong>scripturis</strong></span> <span class='ocrx_word' id='word_1_606' title='bbox 570 5626 866 5696; x_wconf 86' lang='lat' dir='ltr'><strong>principum</strong></span> <span class='ocrx_word' id='word_1_607' title='bbox 913 5626 1101 5681; x_wconf 83' lang='lat' dir='ltr'><strong>horum</strong></span> <span class='ocrx_word' id='word_1_608' title='bbox 1145 5627 1236 5698; x_wconf 89' lang='lat' dir='ltr'><strong>qui</strong></span> <span class='ocrx_word' id='word_1_609' title='bbox 1282 5627 1494 5697; x_wconf 79' lang='lat' dir='ltr'><strong>fuerunt</strong></span> <span class='ocrx_word' id='word_1_610' title='bbox 1543 5629 1599 5685; x_wconf 89' lang='lat' dir='ltr'><strong>in</strong></span> <span class='ocrx_word' id='word_1_611' title='bbox 1629 5646 1722 5697; x_wconf 89' lang='lat' dir='ltr'><strong>ea,</strong></span> 
     </span>
    </p>
   </div>
   <div class='ocr_carea' id='block_1_74' title="bbox 108 5716 1726 5792">
    <p class='ocr_par' dir='ltr' id='par_1_74' title="bbox 108 5716 1726 5792">
     <span class='ocr_line' id='line_1_74' title="bbox 108 5716 1726 5792; baseline 0.002 -19"><span class='ocrx_word' id='word_1_612' title='bbox 108 5716 164 5773; x_wconf 88' lang='lat' dir='ltr'><strong>id</strong></span> <span class='ocrx_word' id='word_1_613' title='bbox 196 5728 297 5773; x_wconf 76' lang='lat' dir='ltr'><strong>est</strong></span> <span class='ocrx_word' id='word_1_614' title='bbox 328 5717 382 5771; x_wconf 91' lang='lat' dir='ltr'><strong>in</strong></span> <span class='ocrx_word' id='word_1_615' title='bbox 415 5717 699 5788; x_wconf 89' lang='lat' dir='ltr'><strong>scripturis</strong></span> <span class='ocrx_word' id='word_1_616' title='bbox 733 5734 853 5790; x_wconf 82' lang='lat' dir='ltr'><strong>quae</strong></span> <span class='ocrx_word' id='word_1_617' title='bbox 905 5720 972 5774; x_wconf 88' lang='lat' dir='ltr'><strong>ab</strong></span> <span class='ocrx_word' id='word_1_618' title='bbox 1018 5719 1150 5790; x_wconf 90' lang='lat' dir='ltr'><strong>ipsis</strong></span> <span class='ocrx_word' id='word_1_619' title='bbox 1205 5721 1542 5792; x_wconf 89' lang='lat' dir='ltr'><strong>principibus</strong></span> <span class='ocrx_word' id='word_1_620' title='bbox 1589 5739 1726 5777; x_wconf 89' lang='lat' dir='ltr'><strong>nun-</strong></span> 
     </span>
    </p>
   </div>
   <div class='ocr_carea' id='block_1_75' title="bbox 110 5809 1725 5885">
    <p class='ocr_par' dir='ltr' id='par_1_75' title="bbox 110 5809 1725 5885">
     <span class='ocr_line' id='line_1_75' title="bbox 110 5809 1725 5885; baseline 0.003 -20"><span class='ocrx_word' id='word_1_621' title='bbox 110 5810 333 5865; x_wconf 70' lang='lat' dir='ltr'><strong>tianda:</strong></span> <span class='ocrx_word' id='word_1_622' title='bbox 362 5818 491 5864; x_wconf 91' lang='lat' dir='ltr'><strong>sunt</strong></span> <span class='ocrx_word' id='word_1_623' title='bbox 532 5810 669 5865; x_wconf 88' lang='lat' dir='ltr'><strong>aliis.</strong></span> <span class='ocrx_word' id='word_1_624' title='bbox 722 5809 858 5866; x_wconf 89' lang='lat' dir='ltr'><strong>Nota</strong></span> <span class='ocrx_word' id='word_1_625' title='bbox 904 5813 1132 5885; x_wconf 60' lang='lat' dir='ltr'><strong>aenigma</strong></span> <span class='ocrx_word' id='word_1_626' title='bbox 1176 5811 1491 5880; x_wconf 87' lang='lat' dir='ltr'><strong>insolubile,</strong></span> <span class='ocrx_word' id='word_1_627' title='bbox 1533 5814 1578 5871; x_wconf 93' lang='lat' dir='ltr'><strong>si</strong></span> <span class='ocrx_word' id='word_1_628' title='bbox 1616 5830 1725 5870; x_wconf 92' lang='lat' dir='ltr'><strong>non</strong></span> 
     </span>
    </p>
   </div>
   <div class='ocr_carea' id='block_1_76' title="bbox 105 5903 1727 5982">
    <p class='ocr_par' dir='ltr' id='par_1_76' title="bbox 105 5903 1727 5982">
     <span class='ocr_line' id='line_1_76' title="bbox 105 5903 1727 5982; baseline 0.002 -20"><span class='ocrx_word' id='word_1_629' title='bbox 105 5905 396 5963; x_wconf 71' lang='lat' dir='ltr'><strong>cinxisset</strong></span> <span class='ocrx_word' id='word_1_630' title='bbox 423 5903 739 5965; x_wconf 88' lang='lat' dir='ltr'><strong>intenebris</strong></span> <span class='ocrx_word' id='word_1_631' title='bbox 766 5905 949 5965; x_wconf 86' lang='lat' dir='ltr'><strong>lumen</strong></span> <span class='ocrx_word' id='word_1_632' title='bbox 973 5907 1152 5966; x_wconf 87' lang='lat' dir='ltr'><strong>cordis</strong></span> <span class='ocrx_word' id='word_1_633' title='bbox 1181 5926 1195 5964; x_wconf 92' lang='lat'><strong>:</strong></span> <span class='ocrx_word' id='word_1_634' title='bbox 1222 5909 1349 5982; x_wconf 87' lang='lat' dir='ltr'><strong>quia</strong></span> <span class='ocrx_word' id='word_1_635' title='bbox 1370 5909 1541 5981; x_wconf 83' lang='lat' dir='ltr'><strong>dixit,</strong></span> <span class='ocrx_word' id='word_1_636' title='bbox 1570 5907 1727 5966; x_wconf 88' lang='lat' dir='ltr'><strong>Nun-</strong></span> 
     </span>
    </p>
   </div>
   <div class='ocr_carea' id='block_1_77' title="bbox 1848 2006 3440 2078">
    <p class='ocr_par' dir='ltr' id='par_1_77' title="bbox 1848 2006 3440 2078">
     <span class='ocr_line' id='line_1_77' title="bbox 1848 2006 3440 2078; baseline 0.004 -18"><span class='ocrx_word' id='word_1_637' title='bbox 1848 2016 1993 2062; x_wconf 86' lang='lat' dir='ltr'><strong>reret</strong></span> <span class='ocrx_word' id='word_1_638' title='bbox 2022 2006 2492 2074; x_wconf 86' lang='lat' dir='ltr'><strong>talisjucuuditas,</strong></span> <span class='ocrx_word' id='word_1_639' title='bbox 2527 2008 2738 2078; x_wconf 88' lang='lat' dir='ltr'><strong>qualem</strong></span> <span class='ocrx_word' id='word_1_640' title='bbox 2770 2010 2971 2064; x_wconf 89' lang='lat' dir='ltr'><strong>habere</strong></span> <span class='ocrx_word' id='word_1_641' title='bbox 2994 2009 3170 2064; x_wconf 90' lang='lat' dir='ltr'><strong>solent</strong></span> <span class='ocrx_word' id='word_1_642' title='bbox 3191 2010 3440 2066; x_wconf 86' lang='lat' dir='ltr'><strong>homines</strong></span> 
     </span>
    </p>
   </div>
   <div class='ocr_carea' id='block_1_78' title="bbox 1848 2100 3436 2172">
    <p class='ocr_par' dir='ltr' id='par_1_78' title="bbox 1848 2100 3436 2172">
     <span class='ocr_line' id='line_1_78' title="bbox 1848 2100 3436 2172; baseline 0.001 -18"><span class='ocrx_word' id='word_1_643' title='bbox 1848 2100 1901 2154; x_wconf 92' lang='lat' dir='ltr'><strong>in</strong></span> <span class='ocrx_word' id='word_1_644' title='bbox 1933 2100 2137 2171; x_wconf 82' lang='lat' dir='ltr'><strong>poculis</strong></span> <span class='ocrx_word' id='word_1_645' title='bbox 2161 2142 2175 2167; x_wconf 95' lang='lat'><strong>,</strong></span> <span class='ocrx_word' id='word_1_646' title='bbox 2209 2101 2261 2155; x_wconf 92' lang='lat' dir='ltr'><strong>in</strong></span> <span class='ocrx_word' id='word_1_647' title='bbox 2293 2101 2567 2172; x_wconf 88' lang='lat' dir='ltr'><strong>prandiis,</strong></span> <span class='ocrx_word' id='word_1_648' title='bbox 2596 2102 2649 2156; x_wconf 92' lang='lat' dir='ltr'><strong>in</strong></span> <span class='ocrx_word' id='word_1_649' title='bbox 2682 2102 2981 2157; x_wconf 91' lang='lat' dir='ltr'><strong>honoribus</strong></span> <span class='ocrx_word' id='word_1_650' title='bbox 3012 2102 3215 2157; x_wconf 62' lang='lat' dir='ltr'><strong>smeuli.</strong></span> <span class='ocrx_word' id='word_1_651' title='bbox 3245 2101 3436 2157; x_wconf 79' lang='lat' dir='ltr'><strong>Extol-</strong></span> 
     </span>
    </p>
   </div>
   <div class='ocr_carea' id='block_1_79' title="bbox 1847 2191 3438 2263">
    <p class='ocr_par' dir='ltr' id='par_1_79' title="bbox 1847 2191 3438 2263">
     <span class='ocr_line' id='line_1_79' title="bbox 1847 2191 3438 2263; baseline 0.001 -18"><span class='ocrx_word' id='word_1_652' title='bbox 1847 2191 2036 2246; x_wconf 89' lang='lat' dir='ltr'><strong>luntur</strong></span> <span class='ocrx_word' id='word_1_653' title='bbox 2064 2192 2208 2247; x_wconf 88' lang='lat' dir='ltr'><strong>enim</strong></span> <span class='ocrx_word' id='word_1_654' title='bbox 2239 2193 2485 2247; x_wconf 91' lang='lat' dir='ltr'><strong>homines</strong></span> <span class='ocrx_word' id='word_1_655' title='bbox 2523 2201 2580 2247; x_wconf 86' lang='lat' dir='ltr'><strong>et</strong></span> <span class='ocrx_word' id='word_1_656' title='bbox 2619 2192 2803 2247; x_wconf 61' lang='lat' dir='ltr'><strong>laetitia</strong></span> <span class='ocrx_word' id='word_1_657' title='bbox 2845 2195 3079 2263; x_wconf 91' lang='lat' dir='ltr'><strong>quadam</strong></span> <span class='ocrx_word' id='word_1_658' title='bbox 3122 2194 3438 2248; x_wconf 89' lang='lat' dir='ltr'><strong>insaniunt:</strong></span> 
     </span>
    </p>
   </div>
   <div class='ocr_carea' id='block_1_80' title="bbox 1846 2281 3440 2355">
    <p class='ocr_par' dir='ltr' id='par_1_80' title="bbox 1846 2281 3440 2355">
     <span class='ocr_line' id='line_1_80' title="bbox 1846 2281 3440 2355; baseline 0.002 -19"><span class='ocrx_word' id='word_1_659' title='bbox 1846 2282 1901 2336; x_wconf 93' lang='lat' dir='ltr'><strong>in</strong></span> <span class='ocrx_word' id='word_1_660' title='bbox 1945 2281 2035 2337; x_wconf 85' lang='lat' dir='ltr'><strong>illa</strong></span> <span class='ocrx_word' id='word_1_661' title='bbox 2083 2292 2265 2337; x_wconf 90' lang='lat' dir='ltr'><strong>autem</strong></span> <span class='ocrx_word' id='word_1_662' title='bbox 2305 2283 2642 2339; x_wconf 88' lang='lat' dir='ltr'><strong>habitatione</strong></span> <span class='ocrx_word' id='word_1_663' title='bbox 2684 2293 2767 2339; x_wconf 91' lang='lat' dir='ltr'><strong>est</strong></span> <span class='ocrx_word' id='word_1_664' title='bbox 2814 2285 3059 2355; x_wconf 83' lang='lat' dir='ltr'><strong>quaedam</strong></span> <span class='ocrx_word' id='word_1_665' title='bbox 3092 2283 3440 2353; x_wconf 86' lang='lat' dir='ltr'><strong>jucunditas,</strong></span> 
     </span>
    </p>
   </div>
   <div class='ocr_carea' id='block_1_81' title="bbox 1846 2374 3441 2446">
    <p class='ocr_par' dir='ltr' id='par_1_81' title="bbox 1846 2374 3441 2446">
     <span class='ocr_line' id='line_1_81' title="bbox 1846 2374 3441 2446; baseline 0.003 -18"><span class='ocrx_word' id='word_1_666' title='bbox 1846 2389 2008 2444; x_wconf 91' lang='lat' dir='ltr'><strong>quam</strong></span> <span class='ocrx_word' id='word_1_667' title='bbox 2031 2390 2133 2431; x_wconf 89' lang='lat' dir='ltr'><strong>nec</strong></span> <span class='ocrx_word' id='word_1_668' title='bbox 2156 2374 2341 2430; x_wconf 82' lang='lat' dir='ltr'><strong>oculus</strong></span> <span class='ocrx_word' id='word_1_669' title='bbox 2370 2377 2495 2431; x_wconf 81' lang='lat' dir='ltr'><strong>vidit</strong></span> <span class='ocrx_word' id='word_1_670' title='bbox 2519 2419 2532 2442; x_wconf 92' lang='lat'><strong>,</strong></span> <span class='ocrx_word' id='word_1_671' title='bbox 2564 2393 2657 2432; x_wconf 88' lang='lat' dir='ltr'><strong>nec</strong></span> <span class='ocrx_word' id='word_1_672' title='bbox 2685 2378 2831 2432; x_wconf 88' lang='lat' dir='ltr'><strong>auris</strong></span> <span class='ocrx_word' id='word_1_673' title='bbox 2862 2378 3097 2446; x_wconf 82' lang='lat' dir='ltr'><strong>audivit,</strong></span> <span class='ocrx_word' id='word_1_674' title='bbox 3132 2395 3224 2434; x_wconf 87' lang='lat' dir='ltr'><strong>nec</strong></span> <span class='ocrx_word' id='word_1_675' title='bbox 3252 2380 3309 2434; x_wconf 90' lang='lat' dir='ltr'><strong>in</strong></span> <span class='ocrx_word' id='word_1_676' title='bbox 3354 2393 3441 2433; x_wconf 78' lang='lat' dir='ltr'><strong>cor</strong></span> 
     </span>
    </p>
   </div>
   <div class='ocr_carea' id='block_1_82' title="bbox 1846 2468 2725 2543">
    <p class='ocr_par' dir='ltr' id='par_1_82' title="bbox 1846 2468 2725 2543">
     <span class='ocr_line' id='line_1_82' title="bbox 1846 2468 2725 2543; baseline 0.005 -21"><span class='ocrx_word' id='word_1_677' title='bbox 1846 2468 2073 2524; x_wconf 79' lang='lat' dir='ltr'><strong>hominis</strong></span> <span class='ocrx_word' id='word_1_678' title='bbox 2103 2470 2339 2526; x_wconf 78' lang='lat' dir='ltr'><strong>ascendit</strong></span> <span class='ocrx_word' id='word_1_679' title='bbox 2369 2470 2442 2543; x_wconf 91' lang='grc' dir='ltr'><strong>(Ι</strong></span> <span class='ocrx_word' id='word_1_680' title='bbox 2470 2470 2592 2526; x_wconf 88' lang='lat' dir='ltr'><strong>Cor.</strong></span> <span class='ocrx_word' id='word_1_681' title='bbox 2624 2470 2725 2543; x_wconf 87' lang='grc'><strong>11).</strong></span> 
     </span>
    </p>
   </div>
   <div class='ocr_carea' id='block_1_83' title="bbox 2312 2627 2984 2687">
    <p class='ocr_par' dir='ltr' id='par_1_83' title="bbox 2312 2627 2984 2687">
     <span class='ocr_line' id='line_1_83' title="bbox 2312 2627 2984 2687; baseline 0.001 -2"><span class='ocrx_word' id='word_1_682' title='bbox 2312 2629 2633 2687; x_wconf 84' lang='lat' dir='ltr'><strong>PSALMUS</strong></span> <span class='ocrx_word' id='word_1_683' title='bbox 2670 2627 2984 2686; x_wconf 70' lang='lat' dir='ltr'><strong>LXXXVII;</strong></span> 
     </span>
    </p>
   </div>
   <div class='ocr_carea' id='block_1_84' title="bbox 1844 2734 3441 2779">
    <p class='ocr_par' dir='ltr' id='par_1_84' title="bbox 1844 2734 3441 2779">
     <span class='ocr_line' id='line_1_84' title="bbox 1844 2734 3441 2779; baseline 0 -2"><span class='ocrx_word' id='word_1_684' title='bbox 1844 2734 2114 2778; x_wconf 69' lang='lat' dir='ltr'><strong>CANTICUI</strong></span> <span class='ocrx_word' id='word_1_685' title='bbox 2163 2736 2349 2778; x_wconf 71' lang='lat' dir='ltr'><strong>PSALII</strong></span> <span class='ocrx_word' id='word_1_686' title='bbox 2400 2738 2560 2778; x_wconf 71' lang='lat' dir='ltr'><strong>PILIIS</strong></span> <span class='ocrx_word' id='word_1_687' title='bbox 2594 2738 2727 2779; x_wconf 77' lang='lat' dir='ltr'><strong><em>CORE</em></strong></span> <span class='ocrx_word' id='word_1_688' title='bbox 2764 2737 2817 2777; x_wconf 83' lang='lat' dir='ltr'><strong>IN</strong></span> <span class='ocrx_word' id='word_1_689' title='bbox 2857 2738 3017 2777; x_wconf 72' lang='lat' dir='ltr'><strong>FINEM</strong></span> <span class='ocrx_word' id='word_1_690' title='bbox 3052 2736 3154 2776; x_wconf 74' lang='lat' dir='ltr'><strong>PRO</strong></span> <span class='ocrx_word' id='word_1_691' title='bbox 3189 2735 3441 2777; x_wconf 72' lang='lat' dir='ltr'><strong>MAELE&#39;I&#39;I</strong></span> 
     </span>
    </p>
   </div>
   <div class='ocr_carea' id='block_1_85' title="bbox 1895 2807 3382 2860">
    <p class='ocr_par' dir='ltr' id='par_1_85' title="bbox 1895 2807 3382 2860">
     <span class='ocr_line' id='line_1_85' title="bbox 1895 2807 3382 2860; baseline 0 -13"><span class='ocrx_word' id='word_1_692' title='bbox 1895 2810 1962 2847; x_wconf 73' lang='lat' dir='ltr'><strong>AD</strong></span> <span class='ocrx_word' id='word_1_693' title='bbox 1991 2807 2411 2849; x_wconf 70' lang='lat' dir='ltr'><strong>BESPONDENDUI</strong></span> <span class='ocrx_word' id='word_1_694' title='bbox 2430 2834 2446 2860; x_wconf 82' lang='lat'><strong>,</strong></span> <span class='ocrx_word' id='word_1_695' title='bbox 2476 2808 2842 2849; x_wconf 76' lang='lat' dir='ltr'><strong>INTELLECTUS</strong></span> <span class='ocrx_word' id='word_1_696' title='bbox 2866 2808 3047 2848; x_wconf 71' lang='lat' dir='ltr'><strong>BEIAN</strong></span> <span class='ocrx_word' id='word_1_697' title='bbox 3073 2808 3382 2849; x_wconf 63' lang='lat' dir='ltr'><strong>EZRABI&#39;I&#39;E.</strong></span> 
     </span>
    </p>
   </div>
   <div class='ocr_carea' id='block_1_86' title="bbox 1980 2905 3439 2972">
    <p class='ocr_par' dir='ltr' id='par_1_86' title="bbox 1980 2905 3439 2972">
     <span class='ocr_line' id='line_1_86' title="bbox 1980 2905 3439 2972; baseline 0.001 -12"><span class='ocrx_word' id='word_1_698' title='bbox 1980 2905 2208 2960; x_wconf 91' lang='lat' dir='ltr'><strong>Domine</strong></span> <span class='ocrx_word' id='word_1_699' title='bbox 2251 2906 2394 2961; x_wconf 89' lang='lat' dir='ltr'><strong>Deus</strong></span> <span class='ocrx_word' id='word_1_700' title='bbox 2434 2905 2625 2962; x_wconf 90' lang='lat' dir='ltr'><strong>salutis</strong></span> <span class='ocrx_word' id='word_1_701' title='bbox 2661 2920 2828 2972; x_wconf 64' lang='lat' dir='ltr'><strong>meai,</strong></span> <span class='ocrx_word' id='word_1_702' title='bbox 2876 2906 2930 2961; x_wconf 93' lang='lat' dir='ltr'><strong>in</strong></span> <span class='ocrx_word' id='word_1_703' title='bbox 2973 2906 3061 2962; x_wconf 91' lang='lat' dir='ltr'><strong>die</strong></span> <span class='ocrx_word' id='word_1_704' title='bbox 3101 2906 3331 2961; x_wconf 85' lang='lat' dir='ltr'><strong>clamavi</strong></span> <span class='ocrx_word' id='word_1_705' title='bbox 3383 2914 3439 2961; x_wconf 91' lang='lat' dir='ltr'><strong>et</strong></span> 
     </span>
    </p>
   </div>
   <div class='ocr_carea' id='block_1_87' title="bbox 1848 2996 3438 3069">
    <p class='ocr_par' dir='ltr' id='par_1_87' title="bbox 1848 2996 3438 3069">
     <span class='ocr_line' id='line_1_87' title="bbox 1848 2996 3438 3069; baseline 0.002 -20"><span class='ocrx_word' id='word_1_706' title='bbox 1848 3014 1867 3048; x_wconf 83' lang='grc'><em>‹</em></span> <span class='ocrx_word' id='word_1_707' title='bbox 1904 3004 2063 3052; x_wconf 90' lang='lat' dir='ltr'><strong>nocte</strong></span> <span class='ocrx_word' id='word_1_708' title='bbox 2111 3011 2294 3051; x_wconf 90' lang='lat' dir='ltr'><strong>coram</strong></span> <span class='ocrx_word' id='word_1_709' title='bbox 2345 3005 2419 3053; x_wconf 87' lang='lat' dir='ltr'><strong>te.</strong></span> <span class='ocrx_word' id='word_1_710' title='bbox 2467 2996 2637 3053; x_wconf 90' lang='lat' dir='ltr'><strong>Intret</strong></span> <span class='ocrx_word' id='word_1_711' title='bbox 2684 2997 2739 3052; x_wconf 93' lang='lat' dir='ltr'><strong>in</strong></span> <span class='ocrx_word' id='word_1_712' title='bbox 2788 3005 3080 3069; x_wconf 81' lang='lat' dir='ltr'><strong>conspectu</strong></span> <span class='ocrx_word' id='word_1_713' title='bbox 3131 3006 3223 3051; x_wconf 86' lang='lat' dir='ltr'><strong>tuo</strong></span> <span class='ocrx_word' id='word_1_714' title='bbox 3257 2996 3438 3052; x_wconf 87' lang='lat' dir='ltr'><strong>oratio</strong></span> 
     </span>
    </p>
   </div>
   <div class='ocr_carea' id='block_1_88' title="bbox 1849 3086 3437 3160">
    <p class='ocr_par' dir='ltr' id='par_1_88' title="bbox 1849 3086 3437 3160">
     <span class='ocr_line' id='line_1_88' title="bbox 1849 3086 3437 3160; baseline 0.001 -21"><span class='ocrx_word' id='word_1_715' title='bbox 1849 3105 1865 3138; x_wconf 76' lang='grc' dir='ltr'>ι</span> <span class='ocrx_word' id='word_1_716' title='bbox 1906 3101 2057 3152; x_wconf 91' lang='lat' dir='ltr'><strong>mea,</strong></span> <span class='ocrx_word' id='word_1_717' title='bbox 2094 3086 2293 3142; x_wconf 89' lang='lat' dir='ltr'><strong>inclina</strong></span> <span class='ocrx_word' id='word_1_718' title='bbox 2325 3101 2512 3143; x_wconf 88' lang='lat' dir='ltr'><strong>aurem</strong></span> <span class='ocrx_word' id='word_1_719' title='bbox 2542 3095 2690 3143; x_wconf 89' lang='lat' dir='ltr'><strong>tuam</strong></span> <span class='ocrx_word' id='word_1_720' title='bbox 2722 3088 2790 3144; x_wconf 89' lang='lat' dir='ltr'><strong>ad</strong></span> <span class='ocrx_word' id='word_1_721' title='bbox 2820 3103 3041 3160; x_wconf 84' lang='lat' dir='ltr'><strong>precem</strong></span> <span class='ocrx_word' id='word_1_722' title='bbox 3071 3102 3269 3143; x_wconf 88' lang='lat' dir='ltr'><strong>meam.</strong></span> <span class='ocrx_word' id='word_1_723' title='bbox 3299 3086 3437 3155; x_wconf 88' lang='lat' dir='ltr'><strong>Quia</strong></span> 
     </span>
    </p>
   </div>
   <div class='ocr_carea' id='block_1_89' title="bbox 1845 3179 3438 3250">
    <p class='ocr_par' dir='ltr' id='par_1_89' title="bbox 1845 3179 3438 3250">
     <span class='ocr_line' id='line_1_89' title="bbox 1845 3179 3438 3250; baseline 0.001 -17"><span class='ocrx_word' id='word_1_724' title='bbox 1845 3199 1865 3233; x_wconf 76' lang='grc' dir='ltr'><strong><em>ι</em></strong></span> <span class='ocrx_word' id='word_1_725' title='bbox 1905 3180 2108 3250; x_wconf 87' lang='lat' dir='ltr'><strong>repleta</strong></span> <span class='ocrx_word' id='word_1_726' title='bbox 2139 3189 2224 3237; x_wconf 90' lang='lat' dir='ltr'><strong>est</strong></span> <span class='ocrx_word' id='word_1_727' title='bbox 2254 3181 2412 3237; x_wconf 91' lang='lat' dir='ltr'><strong>malis</strong></span> <span class='ocrx_word' id='word_1_728' title='bbox 2443 3182 2618 3236; x_wconf 92' lang='lat' dir='ltr'><strong>anima</strong></span> <span class='ocrx_word' id='word_1_729' title='bbox 2652 3197 2801 3249; x_wconf 90' lang='lat' dir='ltr'><strong>mea,</strong></span> <span class='ocrx_word' id='word_1_730' title='bbox 2834 3191 2889 3237; x_wconf 92' lang='lat' dir='ltr'><strong>et</strong></span> <span class='ocrx_word' id='word_1_731' title='bbox 2920 3182 3031 3238; x_wconf 89' lang='lat' dir='ltr'><strong>vita</strong></span> <span class='ocrx_word' id='word_1_732' title='bbox 3065 3197 3186 3238; x_wconf 90' lang='lat' dir='ltr'><strong>mea</strong></span> <span class='ocrx_word' id='word_1_733' title='bbox 3221 3179 3438 3236; x_wconf 72' lang='lat' dir='ltr'><strong>inferno</strong></span> 
     </span>
    </p>
   </div>
   <div class='ocr_carea' id='block_1_90' title="bbox 1762 3271 3439 3344">
    <p class='ocr_par' dir='ltr' id='par_1_90' title="bbox 1762 3271 3439 3344">
     <span class='ocr_line' id='line_1_90' title="bbox 1762 3271 3439 3344; baseline 0.002 -19"><span class='ocrx_word' id='word_1_734' title='bbox 1762 3271 1810 3337; x_wconf 86' lang='lat' dir='ltr'><strong><em>C</em></strong></span> <span class='ocrx_word' id='word_1_735' title='bbox 1846 3291 1865 3325; x_wconf 83' lang='grc'><strong>‹</strong></span> <span class='ocrx_word' id='word_1_736' title='bbox 1899 3274 2367 3344; x_wconf 86' lang='lat' dir='ltr'><strong>appropinquavit.</strong></span> <span class='ocrx_word' id='word_1_737' title='bbox 2402 3273 2734 3330; x_wconf 69' lang='lat' dir='ltr'><strong>Estimatus</strong></span> <span class='ocrx_word' id='word_1_738' title='bbox 2781 3291 2899 3331; x_wconf 89' lang='lat' dir='ltr'><strong>sum</strong></span> <span class='ocrx_word' id='word_1_739' title='bbox 2940 3292 3063 3331; x_wconf 91' lang='lat' dir='ltr'><strong>cum</strong></span> <span class='ocrx_word' id='word_1_740' title='bbox 3101 3276 3439 3331; x_wconf 87' lang='lat' dir='ltr'><strong>descenden-</strong></span> 
     </span>
    </p>
   </div>
   <div class='ocr_carea' id='block_1_91' title="bbox 1852 3364 3440 3437">
    <p class='ocr_par' dir='ltr' id='par_1_91' title="bbox 1852 3364 3440 3437">
     <span class='ocr_line' id='line_1_91' title="bbox 1852 3364 3440 3437; baseline 0.001 -19"><span class='ocrx_word' id='word_1_741' title='bbox 1852 3384 1871 3417; x_wconf 72' lang='grc' dir='ltr'><em>ι</em></span> <span class='ocrx_word' id='word_1_742' title='bbox 1914 3364 2057 3419; x_wconf 88' lang='lat' dir='ltr'><strong>tibus</strong></span> <span class='ocrx_word' id='word_1_743' title='bbox 2085 3364 2139 3419; x_wconf 93' lang='lat' dir='ltr'><strong>in</strong></span> <span class='ocrx_word' id='word_1_744' title='bbox 2182 3365 2358 3420; x_wconf 91' lang='lat' dir='ltr'><strong>lacum</strong></span> <span class='ocrx_word' id='word_1_745' title='bbox 2381 3406 2397 3429; x_wconf 86' lang='lat'><strong>,</strong></span> <span class='ocrx_word' id='word_1_746' title='bbox 2427 3365 2602 3421; x_wconf 87' lang='lat' dir='ltr'><strong>factus</strong></span> <span class='ocrx_word' id='word_1_747' title='bbox 2630 3382 2750 3421; x_wconf 91' lang='lat' dir='ltr'><strong>sum</strong></span> <span class='ocrx_word' id='word_1_748' title='bbox 2781 3368 2924 3423; x_wconf 89' lang='lat' dir='ltr'><strong>sicut</strong></span> <span class='ocrx_word' id='word_1_749' title='bbox 2951 3366 3117 3423; x_wconf 91' lang='lat' dir='ltr'><strong>homo</strong></span> <span class='ocrx_word' id='word_1_750' title='bbox 3145 3368 3262 3423; x_wconf 92' lang='lat' dir='ltr'><strong>sine</strong></span> <span class='ocrx_word' id='word_1_751' title='bbox 3290 3366 3440 3437; x_wconf 84' lang='lat' dir='ltr'><strong>adju-</strong></span> 
     </span>
    </p>
   </div>
   <div class='ocr_carea' id='block_1_92' title="bbox 1849 3458 3438 3522">
    <p class='ocr_par' dir='ltr' id='par_1_92' title="bbox 1849 3458 3438 3522">
     <span class='ocr_line' id='line_1_92' title="bbox 1849 3458 3438 3522; baseline 0.003 -12"><span class='ocrx_word' id='word_1_752' title='bbox 1849 3476 1868 3510; x_wconf 87' lang='grc'><strong><em>‹</em></strong></span> <span class='ocrx_word' id='word_1_753' title='bbox 1906 3458 2078 3522; x_wconf 88' lang='lat' dir='ltr'><strong>torio,</strong></span> <span class='ocrx_word' id='word_1_754' title='bbox 2117 3458 2260 3512; x_wconf 88' lang='lat' dir='ltr'><strong>inter</strong></span> <span class='ocrx_word' id='word_1_755' title='bbox 2303 3468 2550 3516; x_wconf 90' lang='lat' dir='ltr'><strong>mortuos</strong></span> <span class='ocrx_word' id='word_1_756' title='bbox 2596 3459 2756 3516; x_wconf 91' lang='lat' dir='ltr'><strong>liber.</strong></span> <span class='ocrx_word' id='word_1_757' title='bbox 2804 3460 2956 3516; x_wconf 89' lang='lat' dir='ltr'><strong>Sicut</strong></span> <span class='ocrx_word' id='word_1_758' title='bbox 2994 3461 3267 3516; x_wconf 89' lang='lat' dir='ltr'><strong>vulnerati</strong></span> <span class='ocrx_word' id='word_1_759' title='bbox 3309 3462 3438 3515; x_wconf 90' lang='lat' dir='ltr'><strong>dor-</strong></span> 
     </span>
    </p>
   </div>
   <div class='ocr_carea' id='block_1_93' title="bbox 1847 3551 3437 3624">
    <p class='ocr_par' dir='ltr' id='par_1_93' title="bbox 1847 3551 3437 3624">
     <span class='ocr_line' id='line_1_93' title="bbox 1847 3551 3437 3624; baseline 0.004 -21"><span class='ocrx_word' id='word_1_760' title='bbox 1847 3568 1870 3603; x_wconf 71' lang='grc' dir='ltr'><strong><em>ι</em></strong></span> <span class='ocrx_word' id='word_1_761' title='bbox 1907 3551 2136 3606; x_wconf 84' lang='lat' dir='ltr'><strong>mientes</strong></span> <span class='ocrx_word' id='word_1_762' title='bbox 2169 3551 2222 3606; x_wconf 91' lang='lat' dir='ltr'><strong>in</strong></span> <span class='ocrx_word' id='word_1_763' title='bbox 2254 3552 2523 3623; x_wconf 88' lang='lat' dir='ltr'><strong>sepulcris</strong></span> <span class='ocrx_word' id='word_1_764' title='bbox 2543 3594 2557 3620; x_wconf 93' lang='lat'><strong>,</strong></span> <span class='ocrx_word' id='word_1_765' title='bbox 2588 3568 2818 3624; x_wconf 88' lang='lat' dir='ltr'><strong>quorum</strong></span> <span class='ocrx_word' id='word_1_766' title='bbox 2847 3571 2955 3611; x_wconf 91' lang='lat' dir='ltr'><strong>non</strong></span> <span class='ocrx_word' id='word_1_767' title='bbox 2994 3570 3055 3612; x_wconf 91' lang='lat' dir='ltr'><strong>es</strong></span> <span class='ocrx_word' id='word_1_768' title='bbox 3082 3571 3291 3611; x_wconf 90' lang='lat' dir='ltr'><strong>memor</strong></span> <span class='ocrx_word' id='word_1_769' title='bbox 3318 3571 3437 3609; x_wconf 89' lang='lat' dir='ltr'><strong>am-</strong></span> 
     </span>
    </p>
   </div>
   <div class='ocr_carea' id='block_1_94' title="bbox 1850 3643 3441 3720">
    <p class='ocr_par' dir='ltr' id='par_1_94' title="bbox 1850 3643 3441 3720">
     <span class='ocr_line' id='line_1_94' title="bbox 1850 3643 3441 3720; baseline 0.006 -24"><span class='ocrx_word' id='word_1_770' title='bbox 1850 3660 1869 3695; x_wconf 77' lang='lat' dir='ltr'><strong>t</strong></span> <span class='ocrx_word' id='word_1_771' title='bbox 1906 3643 2046 3715; x_wconf 88' lang='lat' dir='ltr'><strong>plius</strong></span> <span class='ocrx_word' id='word_1_772' title='bbox 2066 3686 2080 3709; x_wconf 92' lang='lat'><strong>,</strong></span> <span class='ocrx_word' id='word_1_773' title='bbox 2110 3653 2165 3699; x_wconf 89' lang='lat' dir='ltr'><strong>et</strong></span> <span class='ocrx_word' id='word_1_774' title='bbox 2196 3645 2294 3716; x_wconf 90' lang='lat' dir='ltr'><strong>ipsi</strong></span> <span class='ocrx_word' id='word_1_775' title='bbox 2328 3646 2393 3701; x_wconf 92' lang='lat' dir='ltr'><strong>de</strong></span> <span class='ocrx_word' id='word_1_776' title='bbox 2422 3662 2584 3702; x_wconf 90' lang='lat' dir='ltr'><strong>manu</strong></span> <span class='ocrx_word' id='word_1_777' title='bbox 2613 3657 2701 3703; x_wconf 89' lang='lat' dir='ltr'><strong>tua</strong></span> <span class='ocrx_word' id='word_1_778' title='bbox 2730 3649 2931 3720; x_wconf 87' lang='lat' dir='ltr'><strong>repulsi</strong></span> <span class='ocrx_word' id='word_1_779' title='bbox 2958 3658 3105 3705; x_wconf 89' lang='lat' dir='ltr'><strong>sunt.</strong></span> <span class='ocrx_word' id='word_1_780' title='bbox 3134 3649 3441 3705; x_wconf 86' lang='lat' dir='ltr'><strong>Posuerunt</strong></span> 
     </span>
    </p>
   </div>
   <div class='ocr_carea' id='block_1_95' title="bbox 1850 3737 3440 3808">
    <p class='ocr_par' dir='ltr' id='par_1_95' title="bbox 1850 3737 3440 3808">
     <span class='ocr_line' id='line_1_95' title="bbox 1850 3737 3440 3808; baseline 0.006 -19"><span class='ocrx_word' id='word_1_781' title='bbox 1850 3753 1869 3789; x_wconf 88' lang='grc'><strong><em>‹</em></strong></span> <span class='ocrx_word' id='word_1_782' title='bbox 1908 3752 1994 3792; x_wconf 89' lang='lat' dir='ltr'><strong>me</strong></span> <span class='ocrx_word' id='word_1_783' title='bbox 2025 3737 2077 3792; x_wconf 92' lang='lat' dir='ltr'><strong>in</strong></span> <span class='ocrx_word' id='word_1_784' title='bbox 2106 3737 2227 3793; x_wconf 89' lang='lat' dir='ltr'><strong>lacu</strong></span> <span class='ocrx_word' id='word_1_785' title='bbox 2275 3738 2554 3808; x_wconf 85' lang='lat' dir='ltr'><strong>inferiori,</strong></span> <span class='ocrx_word' id='word_1_786' title='bbox 2596 3742 2648 3796; x_wconf 92' lang='lat' dir='ltr'><strong>in</strong></span> <span class='ocrx_word' id='word_1_787' title='bbox 2698 3743 3000 3799; x_wconf 90' lang='lat' dir='ltr'><strong>tenebrosis</strong></span> <span class='ocrx_word' id='word_1_788' title='bbox 3047 3752 3102 3799; x_wconf 90' lang='lat' dir='ltr'><strong>et</strong></span> <span class='ocrx_word' id='word_1_789' title='bbox 3142 3743 3196 3798; x_wconf 93' lang='lat' dir='ltr'><strong>in</strong></span> <span class='ocrx_word' id='word_1_790' title='bbox 3247 3744 3440 3799; x_wconf 87' lang='lat' dir='ltr'><strong>umbra</strong></span> 
     </span>
    </p>
   </div>
   <div class='ocr_carea' id='block_1_96' title="bbox 1850 3832 3441 3905">
    <p class='ocr_par' dir='ltr' id='par_1_96' title="bbox 1850 3832 3441 3905">
     <span class='ocr_line' id='line_1_96' title="bbox 1850 3832 3441 3905; baseline 0.006 -22"><span class='ocrx_word' id='word_1_791' title='bbox 1850 3849 1869 3883; x_wconf 74' lang='grc' dir='ltr'>ι</span> <span class='ocrx_word' id='word_1_792' title='bbox 1908 3833 2120 3888; x_wconf 89' lang='lat' dir='ltr'><strong>mortis.</strong></span> <span class='ocrx_word' id='word_1_793' title='bbox 2156 3832 2332 3904; x_wconf 91' lang='lat' dir='ltr'><strong>Super</strong></span> <span class='ocrx_word' id='word_1_794' title='bbox 2368 3851 2454 3891; x_wconf 93' lang='lat' dir='ltr'><strong>me</strong></span> <span class='ocrx_word' id='word_1_795' title='bbox 2492 3836 2845 3892; x_wconf 88' lang='lat' dir='ltr'><strong>conﬁrmatus</strong></span> <span class='ocrx_word' id='word_1_796' title='bbox 2882 3846 2967 3893; x_wconf 89' lang='lat' dir='ltr'><strong>est</strong></span> <span class='ocrx_word' id='word_1_797' title='bbox 3001 3836 3154 3893; x_wconf 84' lang='lat' dir='ltr'><strong>furor</strong></span> <span class='ocrx_word' id='word_1_798' title='bbox 3190 3846 3343 3905; x_wconf 90' lang='lat' dir='ltr'><strong>tuus,</strong></span> <span class='ocrx_word' id='word_1_799' title='bbox 3386 3846 3441 3893; x_wconf 90' lang='lat' dir='ltr'><strong>et</strong></span> 
     </span>
    </p>
   </div>
   <div class='ocr_carea' id='block_1_97' title="bbox 1846 3923 3441 4001">
    <p class='ocr_par' dir='ltr' id='par_1_97' title="bbox 1846 3923 3441 4001">
     <span class='ocr_line' id='line_1_97' title="bbox 1846 3923 3441 4001; baseline 0.006 -25"><span class='ocrx_word' id='word_1_800' title='bbox 1846 3939 1867 3975; x_wconf 71' lang='grc' dir='ltr'><strong><em>ι</em></strong></span> <span class='ocrx_word' id='word_1_801' title='bbox 1904 3938 2095 3979; x_wconf 91' lang='lat' dir='ltr'><strong>omnes</strong></span> <span class='ocrx_word' id='word_1_802' title='bbox 2121 3923 2318 3980; x_wconf 80' lang='lat' dir='ltr'><strong>fluctus</strong></span> <span class='ocrx_word' id='word_1_803' title='bbox 2348 3934 2469 3983; x_wconf 91' lang='lat' dir='ltr'><strong>tuos</strong></span> <span class='ocrx_word' id='word_1_804' title='bbox 2496 3928 2757 3984; x_wconf 84' lang='lat' dir='ltr'><strong>induxisti</strong></span> <span class='ocrx_word' id='word_1_805' title='bbox 2797 3944 2960 3999; x_wconf 89' lang='lat' dir='ltr'><strong>super</strong></span> <span class='ocrx_word' id='word_1_806' title='bbox 2997 3945 3106 3985; x_wconf 90' lang='lat' dir='ltr'><strong>me.</strong></span> <span class='ocrx_word' id='word_1_807' title='bbox 3142 3928 3325 4001; x_wconf 85' lang='lat' dir='ltr'><strong>Longe</strong></span> <span class='ocrx_word' id='word_1_808' title='bbox 3362 3929 3441 3985; x_wconf 87' lang='lat' dir='ltr'><strong>fe-</strong></span> 
     </span>
    </p>
   </div>
   <div class='ocr_carea' id='block_1_98' title="bbox 1848 4015 3439 4092">
    <p class='ocr_par' dir='ltr' id='par_1_98' title="bbox 1848 4015 3439 4092">
     <span class='ocr_line' id='line_1_98' title="bbox 1848 4015 3439 4092; baseline 0.007 -24"><span class='ocrx_word' id='word_1_809' title='bbox 1848 4031 1869 4066; x_wconf 74' lang='grc' dir='ltr'><strong><em>ι</em></strong></span> <span class='ocrx_word' id='word_1_810' title='bbox 1908 4015 2033 4070; x_wconf 90' lang='lat' dir='ltr'><strong>cisti</strong></span> <span class='ocrx_word' id='word_1_811' title='bbox 2077 4026 2234 4073; x_wconf 92' lang='lat' dir='ltr'><strong>notos</strong></span> <span class='ocrx_word' id='word_1_812' title='bbox 2265 4034 2417 4074; x_wconf 90' lang='lat' dir='ltr'><strong>meos</strong></span> <span class='ocrx_word' id='word_1_813' title='bbox 2446 4035 2475 4074; x_wconf 91' lang='lat' dir='ltr'><strong>a</strong></span> <span class='ocrx_word' id='word_1_814' title='bbox 2506 4036 2636 4077; x_wconf 88' lang='lat' dir='ltr'><strong>me:</strong></span> <span class='ocrx_word' id='word_1_815' title='bbox 2685 4029 2983 4092; x_wconf 90' lang='lat' dir='ltr'><strong>posuerunt</strong></span> <span class='ocrx_word' id='word_1_816' title='bbox 3026 4038 3115 4078; x_wconf 89' lang='lat' dir='ltr'><strong>me</strong></span> <span class='ocrx_word' id='word_1_817' title='bbox 3157 4022 3439 4079; x_wconf 62' lang='lat' dir='ltr'><strong>abominao</strong></span> 
     </span>
    </p>
   </div>
   <div class='ocr_carea' id='block_1_99' title="bbox 1848 4110 3437 4189">
    <p class='ocr_par' dir='ltr' id='par_1_99' title="bbox 1848 4110 3437 4189">
     <span class='ocr_line' id='line_1_99' title="bbox 1848 4110 3437 4189; baseline 0.007 -28"><span class='ocrx_word' id='word_1_818' title='bbox 1848 4127 1868 4161; x_wconf 71' lang='grc' dir='ltr'>ι</span> <span class='ocrx_word' id='word_1_819' title='bbox 1910 4110 2111 4165; x_wconf 90' lang='lat' dir='ltr'><strong>tionem</strong></span> <span class='ocrx_word' id='word_1_820' title='bbox 2145 4112 2270 4167; x_wconf 90' lang='lat' dir='ltr'><strong>sibi.</strong></span> <span class='ocrx_word' id='word_1_821' title='bbox 2316 4112 2575 4171; x_wconf 90' lang='lat' dir='ltr'><strong>Traditus</strong></span> <span class='ocrx_word' id='word_1_822' title='bbox 2620 4131 2772 4183; x_wconf 92' lang='lat' dir='ltr'><strong>sum,</strong></span> <span class='ocrx_word' id='word_1_823' title='bbox 2820 4125 2877 4172; x_wconf 90' lang='lat' dir='ltr'><strong>et</strong></span> <span class='ocrx_word' id='word_1_824' title='bbox 2918 4131 3027 4172; x_wconf 90' lang='lat' dir='ltr'><strong>non</strong></span> <span class='ocrx_word' id='word_1_825' title='bbox 3071 4117 3437 4189; x_wconf 85' lang='lat' dir='ltr'><strong>egrediebar:</strong></span> 
     </span>
    </p>
   </div>
   <div class='ocr_carea' id='block_1_100' title="bbox 1845 4209 3436 4283">
    <p class='ocr_par' dir='ltr' id='par_1_100' title="bbox 1845 4209 3436 4283">
     <span class='ocr_line' id='line_1_100' title="bbox 1845 4209 3436 4283; baseline 0.004 -23"><span class='ocrx_word' id='word_1_826' title='bbox 1845 4225 1864 4260; x_wconf 71' lang='grc' dir='ltr'><strong>ε</strong></span> <span class='ocrx_word' id='word_1_827' title='bbox 1902 4209 2044 4264; x_wconf 93' lang='lat' dir='ltr'><strong>oculi</strong></span> <span class='ocrx_word' id='word_1_828' title='bbox 2075 4209 2181 4264; x_wconf 91' lang='lat' dir='ltr'><strong>mei</strong></span> <span class='ocrx_word' id='word_1_829' title='bbox 2213 4209 2539 4282; x_wconf 85' lang='lat' dir='ltr'><strong>languerunt</strong></span> <span class='ocrx_word' id='word_1_830' title='bbox 2564 4228 2676 4282; x_wconf 64' lang='lat' dir='ltr'><strong>prae</strong></span> <span class='ocrx_word' id='word_1_831' title='bbox 2706 4213 2907 4283; x_wconf 85' lang='lat' dir='ltr'><strong>inopia.</strong></span> <span class='ocrx_word' id='word_1_832' title='bbox 2944 4210 3186 4268; x_wconf 85' lang='lat' dir='ltr'><strong>Clamavi</strong></span> <span class='ocrx_word' id='word_1_833' title='bbox 3230 4212 3297 4267; x_wconf 87' lang='lat' dir='ltr'><strong>ad</strong></span> <span class='ocrx_word' id='word_1_834' title='bbox 3346 4221 3399 4267; x_wconf 88' lang='lat' dir='ltr'><strong>te</strong></span> <span class='ocrx_word' id='word_1_835' title='bbox 3421 4253 3436 4277; x_wconf 93' lang='lat'><strong>,</strong></span> 
     </span>
    </p>
   </div>
   <div class='ocr_carea' id='block_1_101' title="bbox 1844 4304 3429 4376">
    <p class='ocr_par' dir='ltr' id='par_1_101' title="bbox 1844 4304 3429 4376">
     <span class='ocr_line' id='line_1_101' title="bbox 1844 4304 3429 4376; baseline 0 -19"><span class='ocrx_word' id='word_1_836' title='bbox 1844 4322 1863 4356; x_wconf 86' lang='grc'><strong>‹</strong></span> <span class='ocrx_word' id='word_1_837' title='bbox 1897 4304 2162 4370; x_wconf 91' lang='lat' dir='ltr'><strong>Domine,</strong></span> <span class='ocrx_word' id='word_1_838' title='bbox 2213 4313 2327 4359; x_wconf 90' lang='lat' dir='ltr'><strong>tota</strong></span> <span class='ocrx_word' id='word_1_839' title='bbox 2377 4304 2464 4360; x_wconf 92' lang='lat' dir='ltr'><strong>die</strong></span> <span class='ocrx_word' id='word_1_840' title='bbox 2513 4305 2746 4376; x_wconf 85' lang='lat' dir='ltr'><strong>expandi</strong></span> <span class='ocrx_word' id='word_1_841' title='bbox 2799 4304 2867 4359; x_wconf 91' lang='lat' dir='ltr'><strong>ad</strong></span> <span class='ocrx_word' id='word_1_842' title='bbox 2916 4313 2971 4359; x_wconf 90' lang='lat' dir='ltr'><strong>te</strong></span> <span class='ocrx_word' id='word_1_843' title='bbox 3016 4320 3211 4359; x_wconf 88' lang='lat' dir='ltr'><strong>manus</strong></span> <span class='ocrx_word' id='word_1_844' title='bbox 3258 4319 3429 4358; x_wconf 90' lang='lat' dir='ltr'><strong>meas.</strong></span> 
     </span>
    </p>
   </div>
   <div class='ocr_carea' id='block_1_102' title="bbox 1845 4392 3436 4467">
    <p class='ocr_par' dir='ltr' id='par_1_102' title="bbox 1845 4392 3436 4467">
     <span class='ocr_line' id='line_1_102' title="bbox 1845 4392 3436 4467; baseline -0.001 -18"><span class='ocrx_word' id='word_1_845' title='bbox 1845 4416 1862 4449; x_wconf 80' lang='grc' dir='ltr'>ι</span> <span class='ocrx_word' id='word_1_846' title='bbox 1900 4396 2155 4467; x_wconf 82' lang='lat' dir='ltr'><strong>Nunquid</strong></span> <span class='ocrx_word' id='word_1_847' title='bbox 2216 4396 2447 4452; x_wconf 88' lang='lat' dir='ltr'><strong>mortuis</strong></span> <span class='ocrx_word' id='word_1_848' title='bbox 2504 4396 2670 4451; x_wconf 91' lang='lat' dir='ltr'><strong>facies</strong></span> <span class='ocrx_word' id='word_1_849' title='bbox 2723 4395 3034 4461; x_wconf 89' lang='lat' dir='ltr'><strong>mirabilia,</strong></span> <span class='ocrx_word' id='word_1_850' title='bbox 3095 4402 3190 4447; x_wconf 91' lang='lat' dir='ltr'><strong>aut</strong></span> <span class='ocrx_word' id='word_1_851' title='bbox 3239 4392 3436 4447; x_wconf 91' lang='lat' dir='ltr'><strong>medici</strong></span> 
     </span>
    </p>
   </div>
   <div class='ocr_carea' id='block_1_103' title="bbox 1843 4485 3432 4555">
    <p class='ocr_par' dir='ltr' id='par_1_103' title="bbox 1843 4485 3432 4555">
     <span class='ocr_line' id='line_1_103' title="bbox 1843 4485 3432 4555; baseline -0.001 -15"><span class='ocrx_word' id='word_1_852' title='bbox 1843 4507 1861 4540; x_wconf 84' lang='grc'><strong><em>‹</em></strong></span> <span class='ocrx_word' id='word_1_853' title='bbox 1902 4489 2245 4544; x_wconf 85' lang='lat' dir='ltr'><strong>suscitabunt</strong></span> <span class='ocrx_word' id='word_1_854' title='bbox 2273 4500 2327 4543; x_wconf 88' lang='lat' dir='ltr'><strong>et</strong></span> <span class='ocrx_word' id='word_1_855' title='bbox 2369 4487 2777 4543; x_wconf 86' lang='lat' dir='ltr'><strong>conﬁtebuntur</strong></span> <span class='ocrx_word' id='word_1_856' title='bbox 2816 4486 2957 4541; x_wconf 89' lang='lat' dir='ltr'><strong>tibi?</strong></span> <span class='ocrx_word' id='word_1_857' title='bbox 3004 4485 3257 4555; x_wconf 88' lang='lat' dir='ltr'><strong>Nunquid</strong></span> <span class='ocrx_word' id='word_1_858' title='bbox 3306 4494 3432 4538; x_wconf 90' lang='lat' dir='ltr'><strong>nar-</strong></span> 
     </span>
    </p>
   </div>
   <div class='ocr_carea' id='block_1_104' title="bbox 1846 4576 3439 4651">
    <p class='ocr_par' dir='ltr' id='par_1_104' title="bbox 1846 4576 3439 4651">
     <span class='ocr_line' id='line_1_104' title="bbox 1846 4576 3439 4651; baseline -0.001 -18"><span class='ocrx_word' id='word_1_859' title='bbox 1846 4600 1864 4633; x_wconf 82' lang='grc'><strong><em>‹</em></strong></span> <span class='ocrx_word' id='word_1_860' title='bbox 1901 4582 2045 4636; x_wconf 89' lang='lat' dir='ltr'><strong>rabit</strong></span> <span class='ocrx_word' id='word_1_861' title='bbox 2082 4581 2285 4651; x_wconf 91' lang='lat' dir='ltr'><strong>aliquis</strong></span> <span class='ocrx_word' id='word_1_862' title='bbox 2323 4581 2377 4635; x_wconf 91' lang='lat' dir='ltr'><strong>in</strong></span> <span class='ocrx_word' id='word_1_863' title='bbox 2419 4580 2667 4651; x_wconf 89' lang='lat' dir='ltr'><strong>sepulcro</strong></span> <span class='ocrx_word' id='word_1_864' title='bbox 2697 4576 3132 4633; x_wconf 85' lang='lat' dir='ltr'><strong>misericordiam</strong></span> <span class='ocrx_word' id='word_1_865' title='bbox 3164 4584 3310 4632; x_wconf 90' lang='lat' dir='ltr'><strong>tuam</strong></span> <span class='ocrx_word' id='word_1_866' title='bbox 3338 4618 3351 4641; x_wconf 88' lang='lat'><strong>,</strong></span> <span class='ocrx_word' id='word_1_867' title='bbox 3382 4585 3439 4632; x_wconf 91' lang='lat' dir='ltr'><strong>et</strong></span> 
     </span>
    </p>
   </div>
   <div class='ocr_carea' id='block_1_105' title="bbox 1760 4659 3437 4743">
    <p class='ocr_par' dir='ltr' id='par_1_105' title="bbox 1760 4659 3437 4743">
     <span class='ocr_line' id='line_1_105' title="bbox 1760 4659 3437 4743; baseline -0.002 -16"><span class='ocrx_word' id='word_1_868' title='bbox 1760 4659 1811 4721; x_wconf 83' lang='grc' dir='ltr'><strong>Ι)</strong></span> <span class='ocrx_word' id='word_1_869' title='bbox 1842 4692 1861 4727; x_wconf 74' lang='grc' dir='ltr'><strong><em>ι</em></strong></span> <span class='ocrx_word' id='word_1_870' title='bbox 1896 4674 2181 4729; x_wconf 87' lang='lat' dir='ltr'><strong>veritatem</strong></span> <span class='ocrx_word' id='word_1_871' title='bbox 2212 4684 2359 4728; x_wconf 89' lang='lat' dir='ltr'><strong>tuam</strong></span> <span class='ocrx_word' id='word_1_872' title='bbox 2389 4673 2441 4727; x_wconf 91' lang='lat' dir='ltr'><strong>in</strong></span> <span class='ocrx_word' id='word_1_873' title='bbox 2466 4672 2804 4743; x_wconf 91' lang='lat' dir='ltr'><strong>perditione?</strong></span> <span class='ocrx_word' id='word_1_874' title='bbox 2830 4670 3083 4740; x_wconf 89' lang='lat' dir='ltr'><strong>Nunquid</strong></span> <span class='ocrx_word' id='word_1_875' title='bbox 3107 4685 3437 4741; x_wconf 85' lang='lat' dir='ltr'><strong>cognoscen-</strong></span> 
     </span>
    </p>
   </div>
   <div class='ocr_carea' id='block_1_106' title="bbox 1843 4761 3430 4834">
    <p class='ocr_par' dir='ltr' id='par_1_106' title="bbox 1843 4761 3430 4834">
     <span class='ocr_line' id='line_1_106' title="bbox 1843 4761 3430 4834; baseline -0.001 -15"><span class='ocrx_word' id='word_1_876' title='bbox 1843 4786 1861 4819; x_wconf 86' lang='grc'><strong><em>‹</em></strong></span> <span class='ocrx_word' id='word_1_877' title='bbox 1901 4775 1988 4820; x_wconf 90' lang='lat' dir='ltr'><strong>tur</strong></span> <span class='ocrx_word' id='word_1_878' title='bbox 2017 4766 2071 4820; x_wconf 91' lang='lat' dir='ltr'><strong>in</strong></span> <span class='ocrx_word' id='word_1_879' title='bbox 2106 4765 2343 4821; x_wconf 89' lang='lat' dir='ltr'><strong>tenebris</strong></span> <span class='ocrx_word' id='word_1_880' title='bbox 2370 4764 2642 4819; x_wconf 88' lang='lat' dir='ltr'><strong>mirabilia</strong></span> <span class='ocrx_word' id='word_1_881' title='bbox 2691 4772 2813 4830; x_wconf 89' lang='lat' dir='ltr'><strong>tua,</strong></span> <span class='ocrx_word' id='word_1_882' title='bbox 2866 4772 2922 4818; x_wconf 92' lang='lat' dir='ltr'><strong>et</strong></span> <span class='ocrx_word' id='word_1_883' title='bbox 2967 4761 3179 4834; x_wconf 90' lang='lat' dir='ltr'><strong>justitia</strong></span> <span class='ocrx_word' id='word_1_884' title='bbox 3237 4772 3325 4817; x_wconf 91' lang='lat' dir='ltr'><strong>tua</strong></span> <span class='ocrx_word' id='word_1_885' title='bbox 3379 4764 3430 4817; x_wconf 90' lang='lat' dir='ltr'><strong>in</strong></span> 
     </span>
    </p>
   </div>
   <div class='ocr_carea' id='block_1_107' title="bbox 1844 4857 3432 4930">
    <p class='ocr_par' dir='ltr' id='par_1_107' title="bbox 1844 4857 3432 4930">
     <span class='ocr_line' id='line_1_107' title="bbox 1844 4857 3432 4930; baseline 0 -18"><span class='ocrx_word' id='word_1_886' title='bbox 1844 4878 1865 4912; x_wconf 70' lang='grc' dir='ltr'><strong><em>ι</em></strong></span> <span class='ocrx_word' id='word_1_887' title='bbox 1903 4869 2050 4915; x_wconf 89' lang='lat' dir='ltr'><strong>terra</strong></span> <span class='ocrx_word' id='word_1_888' title='bbox 2078 4858 2413 4915; x_wconf 87' lang='lat' dir='ltr'><strong>oblivionis?</strong></span> <span class='ocrx_word' id='word_1_889' title='bbox 2442 4858 2507 4913; x_wconf 89' lang='lat' dir='ltr'><strong>Et</strong></span> <span class='ocrx_word' id='word_1_890' title='bbox 2533 4872 2634 4930; x_wconf 84' lang='lat' dir='ltr'><strong>ego</strong></span> <span class='ocrx_word' id='word_1_891' title='bbox 2664 4858 2731 4913; x_wconf 91' lang='lat' dir='ltr'><strong>ad</strong></span> <span class='ocrx_word' id='word_1_892' title='bbox 2764 4867 2838 4923; x_wconf 90' lang='lat' dir='ltr'><strong>te,</strong></span> <span class='ocrx_word' id='word_1_893' title='bbox 2873 4857 3133 4924; x_wconf 91' lang='lat' dir='ltr'><strong>Domine,</strong></span> <span class='ocrx_word' id='word_1_894' title='bbox 3166 4857 3432 4925; x_wconf 84' lang='lat' dir='ltr'><strong>clamavi,</strong></span> 
     </span>
    </p>
   </div>
   <div class='ocr_carea' id='block_1_108' title="bbox 1842 4948 3439 5021">
    <p class='ocr_par' dir='ltr' id='par_1_108' title="bbox 1842 4948 3439 5021">
     <span class='ocr_line' id='line_1_108' title="bbox 1842 4948 3439 5021; baseline -0.003 -14"><span class='ocrx_word' id='word_1_895' title='bbox 1842 4974 1861 5007; x_wconf 73' lang='grc' dir='ltr'><strong><em>ι</em></strong></span> <span class='ocrx_word' id='word_1_896' title='bbox 1898 4961 1955 5010; x_wconf 91' lang='lat' dir='ltr'><strong>et</strong></span> <span class='ocrx_word' id='word_1_897' title='bbox 1982 4968 2142 5008; x_wconf 90' lang='lat' dir='ltr'><strong>mane</strong></span> <span class='ocrx_word' id='word_1_898' title='bbox 2172 4952 2347 5008; x_wconf 89' lang='lat' dir='ltr'><strong>oratio</strong></span> <span class='ocrx_word' id='word_1_899' title='bbox 2378 4966 2496 5007; x_wconf 91' lang='lat' dir='ltr'><strong>mea</strong></span> <span class='ocrx_word' id='word_1_900' title='bbox 2534 4951 2831 5021; x_wconf 63' lang='lat' dir='ltr'><strong>praeveniet</strong></span> <span class='ocrx_word' id='word_1_901' title='bbox 2869 4958 2941 5006; x_wconf 89' lang='lat' dir='ltr'><strong>te.</strong></span> <span class='ocrx_word' id='word_1_902' title='bbox 2986 4948 3185 5019; x_wconf 89' lang='lat' dir='ltr'><strong>thuid</strong></span> <span class='ocrx_word' id='word_1_903' title='bbox 3206 4990 3221 5016; x_wconf 94' lang='lat'><strong>,</strong></span> <span class='ocrx_word' id='word_1_904' title='bbox 3252 4949 3439 5004; x_wconf 78' lang='lat' dir='ltr'><strong>Domi—</strong></span> 
     </span>
    </p>
   </div>
   <div class='ocr_carea' id='block_1_109' title="bbox 1843 5039 3429 5115">
    <p class='ocr_par' dir='ltr' id='par_1_109' title="bbox 1843 5039 3429 5115">
     <span class='ocr_line' id='line_1_109' title="bbox 1843 5039 3429 5115; baseline -0.005 -16"><span class='ocrx_word' id='word_1_905' title='bbox 1843 5065 1863 5099; x_wconf 83' lang='grc'><strong>‹</strong></span> <span class='ocrx_word' id='word_1_906' title='bbox 1901 5061 1995 5111; x_wconf 85' lang='lat' dir='ltr'><strong>ne,</strong></span> <span class='ocrx_word' id='word_1_907' title='bbox 2022 5044 2241 5115; x_wconf 86' lang='lat' dir='ltr'><strong>repellis</strong></span> <span class='ocrx_word' id='word_1_908' title='bbox 2265 5044 2566 5100; x_wconf 89' lang='lat' dir='ltr'><strong>oralionem</strong></span> <span class='ocrx_word' id='word_1_909' title='bbox 2597 5058 2803 5108; x_wconf 89' lang='lat' dir='ltr'><strong>meam,</strong></span> <span class='ocrx_word' id='word_1_910' title='bbox 2835 5041 3035 5097; x_wconf 89' lang='lat' dir='ltr'><strong>avertis</strong></span> <span class='ocrx_word' id='word_1_911' title='bbox 3062 5039 3253 5095; x_wconf 83' lang='lat' dir='ltr'><strong>faciem</strong></span> <span class='ocrx_word' id='word_1_912' title='bbox 3284 5047 3429 5093; x_wconf 87' lang='lat' dir='ltr'><strong>tuam</strong></span> 
     </span>
    </p>
   </div>
   <div class='ocr_carea' id='block_1_110' title="bbox 1840 5130 3432 5208">
    <p class='ocr_par' dir='ltr' id='par_1_110' title="bbox 1840 5130 3432 5208">
     <span class='ocr_line' id='line_1_110' title="bbox 1840 5130 3432 5208; baseline -0.006 -16"><span class='ocrx_word' id='word_1_913' title='bbox 1840 5159 1859 5192; x_wconf 75' lang='grc' dir='ltr'><strong><em>ι</em></strong></span> <span class='ocrx_word' id='word_1_914' title='bbox 1894 5154 1923 5193; x_wconf 90' lang='lat' dir='ltr'><strong>a</strong></span> <span class='ocrx_word' id='word_1_915' title='bbox 1951 5137 2081 5194; x_wconf 91' lang='lat' dir='ltr'><strong>me?</strong></span> <span class='ocrx_word' id='word_1_916' title='bbox 2111 5138 2327 5208; x_wconf 87' lang='lat' dir='ltr'><strong>Pauper</strong></span> <span class='ocrx_word' id='word_1_917' title='bbox 2354 5150 2472 5191; x_wconf 93' lang='lat' dir='ltr'><strong>sum</strong></span> <span class='ocrx_word' id='word_1_918' title='bbox 2501 5149 2601 5206; x_wconf 87' lang='lat' dir='ltr'><strong>ego</strong></span> <span class='ocrx_word' id='word_1_919' title='bbox 2628 5142 2683 5188; x_wconf 90' lang='lat' dir='ltr'><strong>et</strong></span> <span class='ocrx_word' id='word_1_920' title='bbox 2710 5135 2762 5188; x_wconf 91' lang='lat' dir='ltr'><strong>in</strong></span> <span class='ocrx_word' id='word_1_921' title='bbox 2791 5134 3068 5189; x_wconf 85' lang='lat' dir='ltr'><strong>laboribus</strong></span> <span class='ocrx_word' id='word_1_922' title='bbox 3094 5147 3123 5186; x_wconf 92' lang='lat' dir='ltr'><strong>a</strong></span> <span class='ocrx_word' id='word_1_923' title='bbox 3150 5130 3432 5201; x_wconf 78' lang='lat' dir='ltr'><strong>iuventute</strong></span> 
     </span>
    </p>
   </div>
   <div class='ocr_carea' id='block_1_111' title="bbox 1837 5228 3431 5295">
    <p class='ocr_par' dir='ltr' id='par_1_111' title="bbox 1837 5228 3431 5295">
     <span class='ocr_line' id='line_1_111' title="bbox 1837 5228 3431 5295; baseline -0.005 -10"><span class='ocrx_word' id='word_1_924' title='bbox 1837 5252 1855 5285; x_wconf 73' lang='grc' dir='ltr'>ί</span> <span class='ocrx_word' id='word_1_925' title='bbox 1898 5248 2018 5287; x_wconf 89' lang='lat' dir='ltr'><strong>mea</strong></span> <span class='ocrx_word' id='word_1_926' title='bbox 2049 5250 2061 5287; x_wconf 93' lang='lat'>:</span> <span class='ocrx_word' id='word_1_927' title='bbox 2091 5231 2361 5286; x_wconf 89' lang='lat' dir='ltr'><strong>exaltatus</strong></span> <span class='ocrx_word' id='word_1_928' title='bbox 2391 5240 2603 5295; x_wconf 90' lang='lat' dir='ltr'><strong>autem,</strong></span> <span class='ocrx_word' id='word_1_929' title='bbox 2633 5228 2945 5283; x_wconf 84' lang='lat' dir='ltr'><strong>humiliatus</strong></span> <span class='ocrx_word' id='word_1_930' title='bbox 2975 5243 3095 5283; x_wconf 90' lang='lat' dir='ltr'><strong>sum</strong></span> <span class='ocrx_word' id='word_1_931' title='bbox 3125 5235 3181 5281; x_wconf 93' lang='lat' dir='ltr'><strong>et</strong></span> <span class='ocrx_word' id='word_1_932' title='bbox 3209 5233 3431 5280; x_wconf 82' lang='lat' dir='ltr'><strong>contur-</strong></span> 
     </span>
    </p>
   </div>
   <div class='ocr_carea' id='block_1_112' title="bbox 1837 5316 3427 5386">
    <p class='ocr_par' dir='ltr' id='par_1_112' title="bbox 1837 5316 3427 5386">
     <span class='ocr_line' id='line_1_112' title="bbox 1837 5316 3427 5386; baseline -0.006 -7"><span class='ocrx_word' id='word_1_933' title='bbox 1837 5345 1856 5379; x_wconf 88' lang='grc'><strong>‹</strong></span> <span class='ocrx_word' id='word_1_934' title='bbox 1892 5328 2075 5382; x_wconf 90' lang='lat' dir='ltr'><strong>batus.</strong></span> <span class='ocrx_word' id='word_1_935' title='bbox 2108 5325 2163 5380; x_wconf 92' lang='lat' dir='ltr'><strong>In</strong></span> <span class='ocrx_word' id='word_1_936' title='bbox 2193 5340 2279 5380; x_wconf 91' lang='lat' dir='ltr'><strong>me</strong></span> <span class='ocrx_word' id='word_1_937' title='bbox 2320 5322 2660 5378; x_wconf 86' lang='lat' dir='ltr'><strong>transierunt</strong></span> <span class='ocrx_word' id='word_1_938' title='bbox 2698 5322 2791 5377; x_wconf 68' lang='lat' dir='ltr'><strong>ira:</strong></span> <span class='ocrx_word' id='word_1_939' title='bbox 2827 5330 2965 5386; x_wconf 69' lang='lat' dir='ltr'><strong>tuae,</strong></span> <span class='ocrx_word' id='word_1_940' title='bbox 2994 5331 3049 5376; x_wconf 89' lang='lat' dir='ltr'><strong>et</strong></span> <span class='ocrx_word' id='word_1_941' title='bbox 3077 5329 3315 5375; x_wconf 88' lang='lat' dir='ltr'><strong>terrores</strong></span> <span class='ocrx_word' id='word_1_942' title='bbox 3352 5316 3427 5370; x_wconf 88' lang='lat' dir='ltr'><strong>tui</strong></span> 
     </span>
    </p>
   </div>
   <div class='ocr_carea' id='block_1_113' title="bbox 1836 5410 3429 5476">
    <p class='ocr_par' dir='ltr' id='par_1_113' title="bbox 1836 5410 3429 5476">
     <span class='ocr_line' id='line_1_113' title="bbox 1836 5410 3429 5476; baseline -0.006 -3"><span class='ocrx_word' id='word_1_943' title='bbox 1836 5440 1854 5473; x_wconf 76' lang='grc' dir='ltr'>ι</span> <span class='ocrx_word' id='word_1_944' title='bbox 1892 5420 2358 5476; x_wconf 88' lang='lat' dir='ltr'><strong>conturbaverunt</strong></span> <span class='ocrx_word' id='word_1_945' title='bbox 2416 5433 2523 5473; x_wconf 91' lang='lat' dir='ltr'><strong>me.</strong></span> <span class='ocrx_word' id='word_1_946' title='bbox 2591 5412 3079 5472; x_wconf 87' lang='lat' dir='ltr'><strong>Circumdederunt</strong></span> <span class='ocrx_word' id='word_1_947' title='bbox 3146 5426 3234 5467; x_wconf 90' lang='lat' dir='ltr'><strong>me</strong></span> <span class='ocrx_word' id='word_1_948' title='bbox 3288 5410 3429 5465; x_wconf 91' lang='lat' dir='ltr'><strong>sicut</strong></span> 
     </span>
    </p>
   </div>
   <div class='ocr_carea' id='block_1_114' title="bbox 1836 5501 3427 5582">
    <p class='ocr_par' dir='ltr' id='par_1_114' title="bbox 1836 5501 3427 5582">
     <span class='ocr_line' id='line_1_114' title="bbox 1836 5501 3427 5582; baseline -0.005 -18"><span class='ocrx_word' id='word_1_949' title='bbox 1836 5530 1856 5563; x_wconf 85' lang='grc'><strong>‹</strong></span> <span class='ocrx_word' id='word_1_950' title='bbox 1894 5526 2035 5582; x_wconf 88' lang='lat' dir='ltr'><strong>aqua</strong></span> <span class='ocrx_word' id='word_1_951' title='bbox 2070 5518 2180 5567; x_wconf 86' lang='lat' dir='ltr'><strong>tota</strong></span> <span class='ocrx_word' id='word_1_952' title='bbox 2212 5510 2301 5565; x_wconf 88' lang='lat' dir='ltr'><strong>die</strong></span> <span class='ocrx_word' id='word_1_953' title='bbox 2335 5527 2348 5563; x_wconf 89' lang='lat'>:</span> <span class='ocrx_word' id='word_1_954' title='bbox 2397 5507 2873 5565; x_wconf 90' lang='lat' dir='ltr'><strong>circumdederunt</strong></span> <span class='ocrx_word' id='word_1_955' title='bbox 2902 5519 2990 5560; x_wconf 88' lang='lat' dir='ltr'><strong>me</strong></span> <span class='ocrx_word' id='word_1_956' title='bbox 3035 5503 3213 5560; x_wconf 90' lang='lat' dir='ltr'><strong>simul.</strong></span> <span class='ocrx_word' id='word_1_957' title='bbox 3268 5501 3427 5557; x_wconf 86' lang='lat' dir='ltr'><strong>Elon-</strong></span> 
     </span>
    </p>
   </div>
   <div class='ocr_carea' id='block_1_115' title="bbox 1835 5599 3425 5676">
    <p class='ocr_par' dir='ltr' id='par_1_115' title="bbox 1835 5599 3425 5676">
     <span class='ocr_line' id='line_1_115' title="bbox 1835 5599 3425 5676; baseline -0.002 -18"><span class='ocrx_word' id='word_1_958' title='bbox 1835 5624 1855 5658; x_wconf 85' lang='grc'><strong><em>‹</em></strong></span> <span class='ocrx_word' id='word_1_959' title='bbox 1892 5605 2033 5676; x_wconf 91' lang='lat' dir='ltr'><strong>gasti</strong></span> <span class='ocrx_word' id='word_1_960' title='bbox 2065 5620 2094 5659; x_wconf 91' lang='lat' dir='ltr'><strong>a</strong></span> <span class='ocrx_word' id='word_1_961' title='bbox 2128 5618 2216 5659; x_wconf 89' lang='lat' dir='ltr'><strong>me</strong></span> <span class='ocrx_word' id='word_1_962' title='bbox 2245 5603 2482 5661; x_wconf 89' lang='lat' dir='ltr'><strong>amicum</strong></span> <span class='ocrx_word' id='word_1_963' title='bbox 2512 5610 2570 5659; x_wconf 88' lang='lat' dir='ltr'><strong>et</strong></span> <span class='ocrx_word' id='word_1_964' title='bbox 2611 5599 2919 5673; x_wconf 82' lang='lat' dir='ltr'><strong>proximum</strong></span> <span class='ocrx_word' id='word_1_965' title='bbox 2942 5638 2957 5665; x_wconf 93' lang='lat'><strong>,</strong></span> <span class='ocrx_word' id='word_1_966' title='bbox 2998 5606 3053 5654; x_wconf 90' lang='lat' dir='ltr'><strong>et</strong></span> <span class='ocrx_word' id='word_1_967' title='bbox 3090 5605 3246 5654; x_wconf 89' lang='lat' dir='ltr'><strong>notos</strong></span> <span class='ocrx_word' id='word_1_968' title='bbox 3276 5612 3425 5655; x_wconf 86' lang='lat' dir='ltr'><strong>meos</strong></span> 
     </span>
    </p>
   </div>
   <div class='ocr_carea' id='block_1_116' title="bbox 1835 5697 2249 5753">
    <p class='ocr_par' dir='ltr' id='par_1_116' title="bbox 1835 5697 2249 5753">
     <span class='ocr_line' id='line_1_116' title="bbox 1835 5697 2249 5753; baseline -0.002 -2"><span class='ocrx_word' id='word_1_969' title='bbox 1835 5715 1855 5751; x_wconf 83' lang='grc'><strong>‹</strong></span> <span class='ocrx_word' id='word_1_970' title='bbox 1892 5714 1921 5753; x_wconf 89' lang='lat' dir='ltr'><strong>a</strong></span> <span class='ocrx_word' id='word_1_971' title='bbox 1950 5697 2192 5753; x_wconf 89' lang='lat' dir='ltr'><strong>miseria.</strong></span> <span class='ocrx_word' id='word_1_972' title='bbox 2231 5717 2249 5750; x_wconf 76' lang='grc' dir='ltr'><strong><em>ι</em></strong></span> 
     </span>
    </p>
   </div>
   <div class='ocr_carea' id='block_1_117' title="bbox 2395 5805 2855 5865">
    <p class='ocr_par' dir='ltr' id='par_1_117' title="bbox 2395 5805 2855 5865">
     <span class='ocr_line' id='line_1_117' title="bbox 2395 5805 2855 5865; baseline -0.009 0"><span class='ocrx_word' id='word_1_973' title='bbox 2395 5805 2855 5865; x_wconf 80' lang='lat' dir='ltr'><strong>ENARRATIO.</strong></span> 
     </span>
    </p>
   </div>
   <div class='ocr_carea' id='block_1_118' title="bbox 1903 5900 3422 5983">
    <p class='ocr_par' dir='ltr' id='par_1_118' title="bbox 1903 5900 3422 5983">
     <span class='ocr_line' id='line_1_118' title="bbox 1903 5900 3422 5983; baseline -0.006 -16"><span class='ocrx_word' id='word_1_974' title='bbox 1903 5910 2174 5980; x_wconf 87' lang='lat' dir='ltr'><strong>Quoniam</strong></span> <span class='ocrx_word' id='word_1_975' title='bbox 2211 5908 2343 5983; x_wconf 88' lang='lat' dir='ltr'><strong>quid</strong></span> <span class='ocrx_word' id='word_1_976' title='bbox 2377 5908 2449 5967; x_wconf 91' lang='lat' dir='ltr'><strong>sit</strong></span> <span class='ocrx_word' id='word_1_977' title='bbox 2483 5908 2745 5965; x_wconf 86' lang='lat' dir='ltr'><strong>canticum</strong></span> <span class='ocrx_word' id='word_1_978' title='bbox 2780 5904 3013 5981; x_wconf 81' lang='lat' dir='ltr'><strong>psalmi,</strong></span> <span class='ocrx_word' id='word_1_979' title='bbox 3050 5903 3146 5979; x_wconf 88' lang='lat' dir='ltr'><strong>qui</strong></span> <span class='ocrx_word' id='word_1_980' title='bbox 3178 5902 3289 5963; x_wconf 90' lang='lat' dir='ltr'><strong>sint</strong></span> <span class='ocrx_word' id='word_1_981' title='bbox 3324 5900 3422 5959; x_wconf 82' lang='lat' dir='ltr'><strong>filii</strong></span> 
     </span>
    </p>
   </div>
  </div>
