  <div class='ocr_page' id='page_1' title='image "/cluster/home/n/w/nwhite01/storage/ocr_20150623/131/hvd.32044015471725/308.png"; bbox 0 0 4034 6424; ppageno 0'>
   <div class='ocr_carea' id='block_1_1' title="bbox 113 497 234 552">
    <p class='ocr_par' dir='ltr' id='par_1_1' title="bbox 113 497 234 552">
     <span class='ocr_line' id='line_1_1' title="bbox 113 497 234 552; baseline -0.008 0"><span class='ocrx_word' id='word_1_1' title='bbox 113 497 234 552; x_wconf 86' lang='lat'><strong>605</strong></span> 
     </span>
    </p>
   </div>
   <div class='ocr_carea' id='block_1_2' title="bbox 1267 468 2283 538">
    <p class='ocr_par' dir='ltr' id='par_1_2' title="bbox 1267 468 2283 538">
     <span class='ocr_line' id='line_1_2' title="bbox 1267 468 2283 538; baseline -0.005 0"><span class='ocrx_word' id='word_1_2' title='bbox 1267 468 1807 538; x_wconf 70' lang='lat' dir='ltr'><strong>ENABR&#39;ATIONES</strong></span> <span class='ocrx_word' id='word_1_3' title='bbox 1841 469 1910 528; x_wconf 81' lang='lat' dir='ltr'><strong>IN</strong></span> <span class='ocrx_word' id='word_1_4' title='bbox 1947 471 2283 533; x_wconf 65' lang='lat' dir='ltr'><strong>PSALHOS.</strong></span> 
     </span>
    </p>
   </div>
   <div class='ocr_carea' id='block_1_3' title="bbox 3277 489 3381 547">
    <p class='ocr_par' dir='ltr' id='par_1_3' title="bbox 3277 489 3381 547">
     <span class='ocr_line' id='line_1_3' title="bbox 3277 489 3381 547; baseline -0.019 0"><span class='ocrx_word' id='word_1_5' title='bbox 3277 489 3381 547; x_wconf 77' lang='lat'><strong>006</strong></span> 
     </span>
    </p>
   </div>
   <div class='ocr_carea' id='block_1_4' title="bbox 109 586 3384 683">
    <p class='ocr_par' dir='ltr' id='par_1_4' title="bbox 109 586 3384 683">
     <span class='ocr_line' id='line_1_4' title="bbox 109 586 3384 683; baseline 0.005 -25"><span class='ocrx_word' id='word_1_6' title='bbox 109 605 358 680; x_wconf 75' lang='lat' dir='ltr'><strong>ponendi</strong></span> <span class='ocrx_word' id='word_1_7' title='bbox 418 603 648 660; x_wconf 79' lang='lat' dir='ltr'><strong>animam</strong></span> <span class='ocrx_word' id='word_1_8' title='bbox 693 615 903 669; x_wconf 83' lang='lat' dir='ltr'><strong>meam,</strong></span> <span class='ocrx_word' id='word_1_9' title='bbox 963 608 1012 654; x_wconf 86' lang='lat' dir='ltr'><strong>et</strong></span> <span class='ocrx_word' id='word_1_10' title='bbox 1056 599 1245 653; x_wconf 86' lang='lat' dir='ltr'><strong>iterum</strong></span> <span class='ocrx_word' id='word_1_11' title='bbox 1297 593 1535 651; x_wconf 77' lang='lat' dir='ltr'><strong>sumendi</strong></span> <span class='ocrx_word' id='word_1_12' title='bbox 1589 586 1884 651; x_wconf 72' lang='lat' dir='ltr'><strong>eamAita</strong></span> <span class='ocrx_word' id='word_1_13' title='bbox 1916 602 1968 649; x_wconf 88' lang='lat' dir='ltr'><strong>et</strong></span> <span class='ocrx_word' id='word_1_14' title='bbox 1997 598 2218 665; x_wconf 81' lang='lat' dir='ltr'><strong>apostoli</strong></span> <span class='ocrx_word' id='word_1_15' title='bbox 2246 597 2571 672; x_wconf 81' lang='lat' dir='ltr'><strong>languebant</strong></span> <span class='ocrx_word' id='word_1_16' title='bbox 2595 619 2707 676; x_wconf 84' lang='lat' dir='ltr'><strong>prae</strong></span> <span class='ocrx_word' id='word_1_17' title='bbox 2735 603 2912 680; x_wconf 79' lang='lat' dir='ltr'><strong>inopia</strong></span> <span class='ocrx_word' id='word_1_18' title='bbox 2941 612 3157 683; x_wconf 83' lang='lat' dir='ltr'><strong>quando</strong></span> <span class='ocrx_word' id='word_1_19' title='bbox 3195 628 3384 673; x_wconf 88' lang='lat' dir='ltr'><strong>eorum</strong></span> 
     </span>
    </p>
   </div>
   <div class='ocr_carea' id='block_1_5' title="bbox 111 684 1710 770">
    <p class='ocr_par' dir='ltr' id='par_1_5' title="bbox 111 684 1710 770">
     <span class='ocr_line' id='line_1_5' title="bbox 111 684 1710 770; baseline -0.009 -18"><span class='ocrx_word' id='word_1_20' title='bbox 111 699 315 770; x_wconf 80' lang='lat' dir='ltr'><strong>(Joan.</strong></span> <span class='ocrx_word' id='word_1_21' title='bbox 348 693 616 769; x_wconf 70' lang='lat' dir='ltr'><strong>1:):un</strong></span> <span class='ocrx_word' id='word_1_22' title='bbox 657 692 809 761; x_wconf 79' lang='lat' dir='ltr'><strong>dicit,</strong></span> <span class='ocrx_word' id='word_1_23' title='bbox 860 692 1032 763; x_wconf 79' lang='lat' dir='ltr'><strong>factus</strong></span> <span class='ocrx_word' id='word_1_24' title='bbox 1063 706 1177 746; x_wconf 90' lang='lat' dir='ltr'><strong>sum</strong></span> <span class='ocrx_word' id='word_1_25' title='bbox 1218 689 1351 744; x_wconf 89' lang='lat' dir='ltr'><strong>sicut</strong></span> <span class='ocrx_word' id='word_1_26' title='bbox 1403 687 1556 740; x_wconf 77' lang='lat' dir='ltr'><strong>homo</strong></span> <span class='ocrx_word' id='word_1_27' title='bbox 1599 684 1710 738; x_wconf 87' lang='lat' dir='ltr'><strong>sine</strong></span> 
     </span>
    </p>
   </div>
   <div class='ocr_carea' id='block_1_6' title="bbox 115 776 1718 863">
    <p class='ocr_par' dir='ltr' id='par_1_6' title="bbox 115 776 1718 863">
     <span class='ocr_line' id='line_1_6' title="bbox 115 776 1718 863; baseline -0.01 -17"><span class='ocrx_word' id='word_1_28' title='bbox 115 790 429 863; x_wconf 83' lang='lat' dir='ltr'><strong>adjutorio,</strong></span> <span class='ocrx_word' id='word_1_29' title='bbox 464 789 602 843; x_wconf 87' lang='lat' dir='ltr'><strong>inter</strong></span> <span class='ocrx_word' id='word_1_30' title='bbox 631 797 862 842; x_wconf 89' lang='lat' dir='ltr'><strong>mortuos</strong></span> <span class='ocrx_word' id='word_1_31' title='bbox 899 785 1068 839; x_wconf 84' lang='lat' dir='ltr'><strong>liber:</strong></span> <span class='ocrx_word' id='word_1_32' title='bbox 1100 791 1156 851; x_wconf 86' lang='lat' dir='ltr'><strong>et</strong></span> <span class='ocrx_word' id='word_1_33' title='bbox 1189 791 1373 837; x_wconf 86' lang='lat' dir='ltr'><strong>tamen</strong></span> <span class='ocrx_word' id='word_1_34' title='bbox 1412 776 1718 833; x_wconf 71' lang='lat' dir='ltr'><strong>aestimatus</strong></span> 
     </span>
    </p>
   </div>
   <div class='ocr_carea' id='block_1_7' title="bbox 113 864 1707 942">
    <p class='ocr_par' dir='ltr' id='par_1_7' title="bbox 113 864 1707 942">
     <span class='ocr_line' id='line_1_7' title="bbox 113 864 1707 942; baseline -0.013 -2"><span class='ocrx_word' id='word_1_35' title='bbox 113 898 247 940; x_wconf 80' lang='lat' dir='ltr'><strong>sum</strong></span> <span class='ocrx_word' id='word_1_36' title='bbox 276 883 348 938; x_wconf 86' lang='lat' dir='ltr'><strong>ab</strong></span> <span class='ocrx_word' id='word_1_37' title='bbox 391 880 498 937; x_wconf 84' lang='lat' dir='ltr'><strong>illis</strong></span> <span class='ocrx_word' id='word_1_38' title='bbox 523 880 657 935; x_wconf 87' lang='lat' dir='ltr'><strong>sicut</strong></span> <span class='ocrx_word' id='word_1_39' title='bbox 681 878 960 942; x_wconf 77' lang='lat' dir='ltr'><strong>vulnerati,</strong></span> <span class='ocrx_word' id='word_1_40' title='bbox 1003 875 1058 932; x_wconf 78' lang='lat' dir='ltr'><strong>id</strong></span> <span class='ocrx_word' id='word_1_41' title='bbox 1082 881 1184 940; x_wconf 77' lang='lat' dir='ltr'><strong>est,</strong></span> <span class='ocrx_word' id='word_1_42' title='bbox 1215 873 1352 928; x_wconf 82' lang='lat' dir='ltr'><strong>sicut</strong></span> <span class='ocrx_word' id='word_1_43' title='bbox 1394 869 1573 925; x_wconf 68' lang='lat' dir='ltr'><strong>caateri</strong></span> <span class='ocrx_word' id='word_1_44' title='bbox 1615 864 1707 935; x_wconf 90' lang='lat' dir='ltr'><strong>qui</strong></span> 
     </span>
    </p>
   </div>
   <div class='ocr_carea' id='block_1_8' title="bbox 116 959 1709 1043">
    <p class='ocr_par' dir='ltr' id='par_1_8' title="bbox 116 959 1709 1043">
     <span class='ocr_line' id='line_1_8' title="bbox 116 959 1709 1043; baseline -0.012 -13"><span class='ocrx_word' id='word_1_45' title='bbox 116 975 568 1031; x_wconf 75' lang='lat' dir='ltr'><strong>vulnerati-sunt</strong></span> <span class='ocrx_word' id='word_1_46' title='bbox 593 970 804 1043; x_wconf 77' lang='lat' dir='ltr'><strong>sagittis</strong></span> <span class='ocrx_word' id='word_1_47' title='bbox 835 968 1068 1034; x_wconf 85' lang='lat' dir='ltr'><strong>Domini,</strong></span> <span class='ocrx_word' id='word_1_48' title='bbox 1099 964 1432 1022; x_wconf 68' lang='lat' dir='ltr'><strong>mortalitate</strong></span> <span class='ocrx_word' id='word_1_49' title='bbox 1458 959 1709 1016; x_wconf 87' lang='lat' dir='ltr'><strong>videlicet</strong></span> 
     </span>
    </p>
   </div>
   <div class='ocr_carea' id='block_1_9' title="bbox 115 1047 1716 1140">
    <p class='ocr_par' dir='ltr' id='par_1_9' title="bbox 115 1047 1716 1140">
     <span class='ocr_line' id='line_1_9' title="bbox 115 1047 1716 1140; baseline -0.013 -14"><span class='ocrx_word' id='word_1_50' title='bbox 115 1078 174 1126; x_wconf 87' lang='lat' dir='ltr'><strong>et</strong></span> <span class='ocrx_word' id='word_1_51' title='bbox 207 1067 596 1140; x_wconf 81' lang='lat' dir='ltr'><strong>passibilitate.</strong></span> <span class='ocrx_word' id='word_1_52' title='bbox 636 1061 790 1120; x_wconf 86' lang='lat' dir='ltr'><strong>Unde</strong></span> <span class='ocrx_word' id='word_1_53' title='bbox 817 1061 944 1117; x_wconf 89' lang='lat' dir='ltr'><strong>illud</strong></span> <span class='ocrx_word' id='word_1_54' title='bbox 973 1080 984 1116; x_wconf 92' lang='lat'><strong>:</strong></span> <span class='ocrx_word' id='word_1_55' title='bbox 1013 1060 1232 1130; x_wconf 77' lang='lat' dir='ltr'><strong>Sagitta:</strong></span> <span class='ocrx_word' id='word_1_56' title='bbox 1253 1067 1359 1112; x_wconf 76' lang='lat' dir='ltr'><strong>ture</strong></span> <span class='ocrx_word' id='word_1_57' title='bbox 1386 1052 1564 1125; x_wconf 70' lang='lat' dir='ltr'><strong>inﬁxae</strong></span> <span class='ocrx_word' id='word_1_58' title='bbox 1587 1047 1716 1107; x_wconf 49' lang='lat' dir='ltr'><strong>sunt&quot;</strong></span> 
     </span>
    </p>
   </div>
   <div class='ocr_carea' id='block_1_10' title="bbox 115 1144 1709 1228">
    <p class='ocr_par' dir='ltr' id='par_1_10' title="bbox 115 1144 1709 1228">
     <span class='ocr_line' id='line_1_10' title="bbox 115 1144 1709 1228; baseline -0.01 -15"><span class='ocrx_word' id='word_1_59' title='bbox 115 1159 255 1213; x_wconf 73' lang='lat' dir='ltr'><strong>mihi</strong></span> <span class='ocrx_word' id='word_1_60' title='bbox 283 1157 460 1228; x_wconf 80' lang='lat' dir='ltr'><strong>(Psal.</strong></span> <span class='ocrx_word' id='word_1_61' title='bbox 503 1153 733 1226; x_wconf 72' lang='lat' dir='ltr'><strong>xxx’vn).</strong></span> <span class='ocrx_word' id='word_1_62' title='bbox 760 1153 829 1208; x_wconf 82' lang='lat' dir='ltr'><strong>Et</strong></span> <span class='ocrx_word' id='word_1_63' title='bbox 854 1151 1151 1208; x_wconf 56' lang='lat' dir='ltr'><strong>aestimatus</strong></span> <span class='ocrx_word' id='word_1_64' title='bbox 1179 1165 1295 1206; x_wconf 89' lang='lat' dir='ltr'><strong>sum</strong></span> <span class='ocrx_word' id='word_1_65' title='bbox 1326 1148 1393 1202; x_wconf 88' lang='lat' dir='ltr'><strong>ab</strong></span> <span class='ocrx_word' id='word_1_66' title='bbox 1418 1146 1546 1211; x_wconf 90' lang='lat' dir='ltr'><strong>illis,</strong></span> <span class='ocrx_word' id='word_1_67' title='bbox 1570 1144 1709 1201; x_wconf 82' lang='lat' dir='ltr'><strong>sicut</strong></span> 
     </span>
    </p>
   </div>
   <div class='ocr_carea' id='block_1_11' title="bbox 115 1238 1714 1321">
    <p class='ocr_par' dir='ltr' id='par_1_11' title="bbox 115 1238 1714 1321">
     <span class='ocr_line' id='line_1_11' title="bbox 115 1238 1714 1321; baseline -0.01 -17"><span class='ocrx_word' id='word_1_68' title='bbox 115 1250 198 1304; x_wconf 89' lang='lat' dir='ltr'><strong>illi</strong></span> <span class='ocrx_word' id='word_1_69' title='bbox 227 1250 327 1321; x_wconf 85' lang='lat' dir='ltr'><strong>qui</strong></span> <span class='ocrx_word' id='word_1_70' title='bbox 359 1247 632 1302; x_wconf 84' lang='lat' dir='ltr'><strong>dormiunt</strong></span> <span class='ocrx_word' id='word_1_71' title='bbox 667 1245 723 1299; x_wconf 86' lang='lat' dir='ltr'><strong>in</strong></span> <span class='ocrx_word' id='word_1_72' title='bbox 751 1243 1021 1316; x_wconf 74' lang='lat' dir='ltr'><strong>sepulcris,</strong></span> <span class='ocrx_word' id='word_1_73' title='bbox 1047 1256 1268 1312; x_wconf 87' lang='lat' dir='ltr'><strong>quorum</strong></span> <span class='ocrx_word' id='word_1_74' title='bbox 1310 1238 1454 1294; x_wconf 82' lang='lat' dir='ltr'><strong>Deus</strong></span> <span class='ocrx_word' id='word_1_75' title='bbox 1498 1254 1601 1291; x_wconf 92' lang='lat' dir='ltr'><strong>non</strong></span> <span class='ocrx_word' id='word_1_76' title='bbox 1627 1239 1714 1290; x_wconf 76' lang='lat' dir='ltr'><strong>est</strong></span> 
     </span>
    </p>
   </div>
   <div class='ocr_carea' id='block_1_12' title="bbox 115 1331 1707 1410">
    <p class='ocr_par' dir='ltr' id='par_1_12' title="bbox 115 1331 1707 1410">
     <span class='ocr_line' id='line_1_12' title="bbox 115 1331 1707 1410; baseline -0.006 -14"><span class='ocrx_word' id='word_1_77' title='bbox 115 1357 330 1397; x_wconf 81' lang='lat' dir='ltr'><strong>memor</strong></span> <span class='ocrx_word' id='word_1_78' title='bbox 348 1339 592 1410; x_wconf 76' lang='lat' dir='ltr'><strong>amplius,</strong></span> <span class='ocrx_word' id='word_1_79' title='bbox 619 1345 877 1408; x_wconf 89' lang='lat' dir='ltr'><strong>quantum</strong></span> <span class='ocrx_word' id='word_1_80' title='bbox 913 1337 980 1391; x_wconf 89' lang='lat' dir='ltr'><strong>ad</strong></span> <span class='ocrx_word' id='word_1_81' title='bbox 1000 1336 1144 1390; x_wconf 88' lang='lat' dir='ltr'><strong>hanc</strong></span> <span class='ocrx_word' id='word_1_82' title='bbox 1181 1334 1374 1397; x_wconf 86' lang='lat' dir='ltr'><strong>vitam,</strong></span> <span class='ocrx_word' id='word_1_83' title='bbox 1398 1346 1536 1404; x_wconf 87' lang='lat' dir='ltr'><strong>quos</strong></span> <span class='ocrx_word' id='word_1_84' title='bbox 1559 1331 1707 1386; x_wconf 84' lang='lat' dir='ltr'><strong>vide-</strong></span> 
     </span>
    </p>
   </div>
   <div class='ocr_carea' id='block_1_13' title="bbox 117 1423 1706 1504">
    <p class='ocr_par' dir='ltr' id='par_1_13' title="bbox 117 1423 1706 1504">
     <span class='ocr_line' id='line_1_13' title="bbox 117 1423 1706 1504; baseline -0.008 -14"><span class='ocrx_word' id='word_1_85' title='bbox 117 1437 249 1490; x_wconf 85' lang='lat' dir='ltr'><strong>licet</strong></span> <span class='ocrx_word' id='word_1_86' title='bbox 275 1435 333 1489; x_wconf 90' lang='lat' dir='ltr'><strong>in</strong></span> <span class='ocrx_word' id='word_1_87' title='bbox 355 1431 604 1504; x_wconf 87' lang='lat' dir='ltr'><strong>sepulcro</strong></span> <span class='ocrx_word' id='word_1_88' title='bbox 627 1431 831 1502; x_wconf 89' lang='lat' dir='ltr'><strong>positos</strong></span> <span class='ocrx_word' id='word_1_89' title='bbox 861 1436 1175 1498; x_wconf 80' lang='lat' dir='ltr'><strong>exspectare</strong></span> <span class='ocrx_word' id='word_1_90' title='bbox 1200 1434 1413 1501; x_wconf 85' lang='lat' dir='ltr'><strong>oportet</strong></span> <span class='ocrx_word' id='word_1_91' title='bbox 1438 1439 1610 1498; x_wconf 86' lang='lat' dir='ltr'><strong>usque</strong></span> <span class='ocrx_word' id='word_1_92' title='bbox 1641 1423 1706 1477; x_wconf 93' lang='lat' dir='ltr'><strong>ad</strong></span> 
     </span>
    </p>
   </div>
   <div class='ocr_carea' id='block_1_14' title="bbox 117 1517 1709 1590">
    <p class='ocr_par' dir='ltr' id='par_1_14' title="bbox 117 1517 1709 1590">
     <span class='ocr_line' id='line_1_14' title="bbox 117 1517 1709 1590; baseline -0.01 -5"><span class='ocrx_word' id='word_1_93' title='bbox 117 1541 474 1585; x_wconf 86' lang='lat' dir='ltr'><strong>communem</strong></span> <span class='ocrx_word' id='word_1_94' title='bbox 524 1523 995 1581; x_wconf 86' lang='lat' dir='ltr'><strong>resurrectionem.</strong></span> <span class='ocrx_word' id='word_1_95' title='bbox 1047 1517 1115 1572; x_wconf 86' lang='lat' dir='ltr'><strong>Et</strong></span> <span class='ocrx_word' id='word_1_96' title='bbox 1157 1519 1258 1590; x_wconf 88' lang='lat' dir='ltr'><strong>ipsi</strong></span> <span class='ocrx_word' id='word_1_97' title='bbox 1305 1520 1370 1572; x_wconf 84' lang='lat' dir='ltr'><strong>de</strong></span> <span class='ocrx_word' id='word_1_98' title='bbox 1417 1533 1576 1572; x_wconf 87' lang='lat' dir='ltr'><strong>manu</strong></span> <span class='ocrx_word' id='word_1_99' title='bbox 1617 1527 1709 1570; x_wconf 88' lang='lat' dir='ltr'><strong>tua</strong></span> 
     </span>
    </p>
   </div>
   <div class='ocr_carea' id='block_1_15' title="bbox 120 1609 1711 1690">
    <p class='ocr_par' dir='ltr' id='par_1_15' title="bbox 120 1609 1711 1690">
     <span class='ocr_line' id='line_1_15' title="bbox 120 1609 1711 1690; baseline -0.006 -18"><span class='ocrx_word' id='word_1_100' title='bbox 120 1619 327 1690; x_wconf 82' lang='lat' dir='ltr'><strong>repulsi</strong></span> <span class='ocrx_word' id='word_1_101' title='bbox 370 1627 517 1684; x_wconf 83' lang='lat' dir='ltr'><strong>sunt,</strong></span> <span class='ocrx_word' id='word_1_102' title='bbox 567 1617 624 1671; x_wconf 89' lang='lat' dir='ltr'><strong>id</strong></span> <span class='ocrx_word' id='word_1_103' title='bbox 665 1625 767 1681; x_wconf 90' lang='lat' dir='ltr'><strong>est,</strong></span> <span class='ocrx_word' id='word_1_104' title='bbox 811 1613 932 1668; x_wconf 90' lang='lat' dir='ltr'><strong>illos</strong></span> <span class='ocrx_word' id='word_1_105' title='bbox 978 1611 1068 1681; x_wconf 85' lang='lat' dir='ltr'><strong>qui</strong></span> <span class='ocrx_word' id='word_1_106' title='bbox 1106 1625 1194 1665; x_wconf 91' lang='lat' dir='ltr'><strong>me</strong></span> <span class='ocrx_word' id='word_1_107' title='bbox 1225 1609 1386 1664; x_wconf 85' lang='lat' dir='ltr'><strong>talem</strong></span> <span class='ocrx_word' id='word_1_108' title='bbox 1432 1609 1711 1663; x_wconf 86' lang='lat' dir='ltr'><strong>existima-</strong></span> 
     </span>
    </p>
   </div>
   <div class='ocr_carea' id='block_1_16' title="bbox 117 1703 1706 1781">
    <p class='ocr_par' dir='ltr' id='par_1_16' title="bbox 117 1703 1706 1781">
     <span class='ocr_line' id='line_1_16' title="bbox 117 1703 1706 1781; baseline -0.007 -13"><span class='ocrx_word' id='word_1_109' title='bbox 117 1717 278 1778; x_wconf 87' lang='lat' dir='ltr'><strong>bant,</strong></span> <span class='ocrx_word' id='word_1_110' title='bbox 323 1713 397 1767; x_wconf 88' lang='lat' dir='ltr'><strong>ita</strong></span> <span class='ocrx_word' id='word_1_111' title='bbox 443 1727 476 1766; x_wconf 84' lang='lat' dir='ltr'><strong>a</strong></span> <span class='ocrx_word' id='word_1_112' title='bbox 517 1719 568 1766; x_wconf 89' lang='lat' dir='ltr'><strong>te</strong></span> <span class='ocrx_word' id='word_1_113' title='bbox 607 1709 864 1781; x_wconf 88' lang='lat' dir='ltr'><strong>rejecisti,</strong></span> <span class='ocrx_word' id='word_1_114' title='bbox 909 1715 968 1761; x_wconf 92' lang='lat' dir='ltr'><strong>ut</strong></span> <span class='ocrx_word' id='word_1_115' title='bbox 1003 1704 1233 1776; x_wconf 85' lang='lat' dir='ltr'><strong>amplius</strong></span> <span class='ocrx_word' id='word_1_116' title='bbox 1262 1719 1356 1759; x_wconf 89' lang='lat' dir='ltr'><strong>eos</strong></span> <span class='ocrx_word' id='word_1_117' title='bbox 1385 1703 1706 1767; x_wconf 90' lang='lat' dir='ltr'><strong>revocando,</strong></span> 
     </span>
    </p>
   </div>
   <div class='ocr_carea' id='block_1_17' title="bbox 119 1785 1715 1876">
    <p class='ocr_par' dir='ltr' id='par_1_17' title="bbox 119 1785 1715 1876">
     <span class='ocr_line' id='line_1_17' title="bbox 119 1785 1715 1876; baseline -0.007 -17"><span class='ocrx_word' id='word_1_118' title='bbox 119 1821 228 1859; x_wconf 89' lang='lat' dir='ltr'><strong>non</strong></span> <span class='ocrx_word' id='word_1_119' title='bbox 276 1818 552 1876; x_wconf 84' lang='lat' dir='ltr'><strong>supponas</strong></span> <span class='ocrx_word' id='word_1_120' title='bbox 599 1802 680 1857; x_wconf 88' lang='lat' dir='ltr'><strong>eis</strong></span> <span class='ocrx_word' id='word_1_121' title='bbox 721 1815 938 1856; x_wconf 90' lang='lat' dir='ltr'><strong>manum</strong></span> <span class='ocrx_word' id='word_1_122' title='bbox 993 1795 1566 1864; x_wconf 72' lang='lat' dir='ltr'><strong>misericordize:quia</strong></span> <span class='ocrx_word' id='word_1_123' title='bbox 1607 1785 1715 1865; x_wconf 82' lang='lat' dir='ltr'><strong>ipsi</strong></span> 
     </span>
    </p>
   </div>
   <div class='ocr_carea' id='block_1_18' title="bbox 119 1884 1702 1963">
    <p class='ocr_par' dir='ltr' id='par_1_18' title="bbox 119 1884 1702 1963">
     <span class='ocr_line' id='line_1_18' title="bbox 119 1884 1702 1963; baseline -0.008 -14"><span class='ocrx_word' id='word_1_124' title='bbox 119 1896 424 1950; x_wconf 68' lang='lat' dir='ltr'><strong>existentes</strong></span> <span class='ocrx_word' id='word_1_125' title='bbox 451 1893 503 1947; x_wconf 91' lang='lat' dir='ltr'><strong>in</strong></span> <span class='ocrx_word' id='word_1_126' title='bbox 526 1890 792 1963; x_wconf 81' lang='lat' dir='ltr'><strong>profundo</strong></span> <span class='ocrx_word' id='word_1_127' title='bbox 818 1888 1141 1959; x_wconf 83' lang='lat' dir='ltr'><strong>iniquitatis,</strong></span> <span class='ocrx_word' id='word_1_128' title='bbox 1173 1893 1562 1942; x_wconf 86' lang='lat' dir='ltr'><strong>contemnunt:</strong></span> <span class='ocrx_word' id='word_1_129' title='bbox 1597 1884 1702 1948; x_wconf 85' lang='lat' dir='ltr'><strong>vel,</strong></span> 
     </span>
    </p>
   </div>
   <div class='ocr_carea' id='block_1_19' title="bbox 119 1977 1710 2050">
    <p class='ocr_par' dir='ltr' id='par_1_19' title="bbox 119 1977 1710 2050">
     <span class='ocr_line' id='line_1_19' title="bbox 119 1977 1710 2050; baseline -0.004 -11"><span class='ocrx_word' id='word_1_130' title='bbox 119 1988 185 2039; x_wconf 82' lang='lat' dir='ltr'><strong>de</strong></span> <span class='ocrx_word' id='word_1_131' title='bbox 217 2001 384 2039; x_wconf 86' lang='lat' dir='ltr'><strong>manu</strong></span> <span class='ocrx_word' id='word_1_132' title='bbox 416 1995 532 2049; x_wconf 83' lang='lat' dir='ltr'><strong>tua,</strong></span> <span class='ocrx_word' id='word_1_133' title='bbox 561 1983 616 2037; x_wconf 89' lang='lat' dir='ltr'><strong>id</strong></span> <span class='ocrx_word' id='word_1_134' title='bbox 660 1992 763 2048; x_wconf 87' lang='lat' dir='ltr'><strong>est,</strong></span> <span class='ocrx_word' id='word_1_135' title='bbox 806 1980 872 2035; x_wconf 89' lang='lat' dir='ltr'><strong>de</strong></span> <span class='ocrx_word' id='word_1_136' title='bbox 906 1979 1145 2050; x_wconf 88' lang='lat' dir='ltr'><strong>potentia</strong></span> <span class='ocrx_word' id='word_1_137' title='bbox 1191 1988 1284 2033; x_wconf 88' lang='lat' dir='ltr'><strong>tua</strong></span> <span class='ocrx_word' id='word_1_138' title='bbox 1311 1977 1564 2032; x_wconf 86' lang='lat' dir='ltr'><strong>videntur</strong></span> <span class='ocrx_word' id='word_1_139' title='bbox 1590 1991 1710 2033; x_wconf 88' lang='lat' dir='ltr'><strong>esse</strong></span> 
     </span>
    </p>
   </div>
   <div class='ocr_carea' id='block_1_20' title="bbox 117 2069 1709 2152">
    <p class='ocr_par' dir='ltr' id='par_1_20' title="bbox 117 2069 1709 2152">
     <span class='ocr_line' id='line_1_20' title="bbox 117 2069 1709 2152; baseline -0.006 -19"><span class='ocrx_word' id='word_1_140' title='bbox 117 2079 350 2152; x_wconf 81' lang='lat' dir='ltr'><strong>repulsi,</strong></span> <span class='ocrx_word' id='word_1_141' title='bbox 378 2075 505 2148; x_wconf 87' lang='lat' dir='ltr'><strong>quia</strong></span> <span class='ocrx_word' id='word_1_142' title='bbox 530 2075 678 2132; x_wconf 89' lang='lat' dir='ltr'><strong>licite</strong></span> <span class='ocrx_word' id='word_1_143' title='bbox 710 2083 1001 2145; x_wconf 89' lang='lat' dir='ltr'><strong>operantur</strong></span> <span class='ocrx_word' id='word_1_144' title='bbox 1023 2073 1164 2143; x_wconf 87' lang='lat' dir='ltr'><strong>quod</strong></span> <span class='ocrx_word' id='word_1_145' title='bbox 1187 2071 1392 2138; x_wconf 87' lang='lat' dir='ltr'><strong>volunt,</strong></span> <span class='ocrx_word' id='word_1_146' title='bbox 1424 2086 1486 2126; x_wconf 90' lang='lat' dir='ltr'><strong>ac</strong></span> <span class='ocrx_word' id='word_1_147' title='bbox 1514 2070 1556 2125; x_wconf 89' lang='lat' dir='ltr'><strong>si</strong></span> <span class='ocrx_word' id='word_1_148' title='bbox 1589 2069 1709 2125; x_wconf 87' lang='lat' dir='ltr'><strong>nul-</strong></span> 
     </span>
    </p>
   </div>
   <div class='ocr_carea' id='block_1_21' title="bbox 119 2161 1706 2241">
    <p class='ocr_par' dir='ltr' id='par_1_21' title="bbox 119 2161 1706 2241">
     <span class='ocr_line' id='line_1_21' title="bbox 119 2161 1706 2241; baseline -0.006 -17"><span class='ocrx_word' id='word_1_149' title='bbox 119 2171 224 2224; x_wconf 87' lang='lat' dir='ltr'><strong>iam</strong></span> <span class='ocrx_word' id='word_1_150' title='bbox 253 2169 555 2241; x_wconf 85' lang='lat' dir='ltr'><strong>potentiam</strong></span> <span class='ocrx_word' id='word_1_151' title='bbox 578 2181 739 2236; x_wconf 85' lang='lat' dir='ltr'><strong>super</strong></span> <span class='ocrx_word' id='word_1_152' title='bbox 759 2179 853 2222; x_wconf 89' lang='lat' dir='ltr'><strong>eos</strong></span> <span class='ocrx_word' id='word_1_153' title='bbox 881 2166 1112 2220; x_wconf 81' lang='lat' dir='ltr'><strong>haberes</strong></span> <span class='ocrx_word' id='word_1_154' title='bbox 1139 2181 1151 2216; x_wconf 92' lang='lat'><strong>:</strong></span> <span class='ocrx_word' id='word_1_155' title='bbox 1177 2162 1283 2230; x_wconf 88' lang='lat' dir='ltr'><strong>vel,</strong></span> <span class='ocrx_word' id='word_1_156' title='bbox 1307 2162 1622 2216; x_wconf 80' lang='lat' dir='ltr'><strong>dormientes</strong></span> <span class='ocrx_word' id='word_1_157' title='bbox 1653 2161 1706 2216; x_wconf 92' lang='lat' dir='ltr'><strong>in</strong></span> 
     </span>
    </p>
   </div>
   <div class='ocr_carea' id='block_1_22' title="bbox 120 2252 1706 2333">
    <p class='ocr_par' dir='ltr' id='par_1_22' title="bbox 120 2252 1706 2333">
     <span class='ocr_line' id='line_1_22' title="bbox 120 2252 1706 2333; baseline -0.007 -16"><span class='ocrx_word' id='word_1_158' title='bbox 120 2261 392 2333; x_wconf 80' lang='lat' dir='ltr'><strong>sepulcris</strong></span> <span class='ocrx_word' id='word_1_159' title='bbox 421 2260 756 2331; x_wconf 87' lang='lat' dir='ltr'><strong>accipiuntur</strong></span> <span class='ocrx_word' id='word_1_160' title='bbox 785 2257 883 2323; x_wconf 89' lang='lat' dir='ltr'><strong>illi,</strong></span> <span class='ocrx_word' id='word_1_161' title='bbox 906 2256 994 2327; x_wconf 86' lang='lat' dir='ltr'><strong>qui</strong></span> <span class='ocrx_word' id='word_1_162' title='bbox 1025 2258 1079 2310; x_wconf 85' lang='lat' dir='ltr'><strong>in</strong></span> <span class='ocrx_word' id='word_1_163' title='bbox 1113 2255 1388 2326; x_wconf 85' lang='lat' dir='ltr'><strong>sepulcris,</strong></span> <span class='ocrx_word' id='word_1_164' title='bbox 1419 2254 1472 2308; x_wconf 90' lang='lat' dir='ltr'><strong>id</strong></span> <span class='ocrx_word' id='word_1_165' title='bbox 1499 2262 1615 2318; x_wconf 77' lang='lat' dir='ltr'><strong>&#39;est,</strong></span> <span class='ocrx_word' id='word_1_166' title='bbox 1651 2252 1706 2306; x_wconf 89' lang='lat' dir='ltr'><strong>in</strong></span> 
     </span>
    </p>
   </div>
   <div class='ocr_carea' id='block_1_23' title="bbox 122 2349 1709 2424">
    <p class='ocr_par' dir='ltr' id='par_1_23' title="bbox 122 2349 1709 2424">
     <span class='ocr_line' id='line_1_23' title="bbox 122 2349 1709 2424; baseline -0.005 -14"><span class='ocrx_word' id='word_1_167' title='bbox 122 2369 354 2424; x_wconf 86' lang='lat' dir='ltr'><strong>corpore</strong></span> <span class='ocrx_word' id='word_1_168' title='bbox 401 2353 492 2408; x_wconf 89' lang='lat' dir='ltr'><strong>illo</strong></span> <span class='ocrx_word' id='word_1_169' title='bbox 527 2360 582 2408; x_wconf 89' lang='lat' dir='ltr'><strong>et</strong></span> <span class='ocrx_word' id='word_1_170' title='bbox 607 2352 663 2408; x_wconf 89' lang='lat' dir='ltr'><strong>in</strong></span> <span class='ocrx_word' id='word_1_171' title='bbox 689 2352 980 2408; x_wconf 73' lang='lat' dir='ltr'><strong>desideriis</strong></span> <span class='ocrx_word' id='word_1_172' title='bbox 1009 2349 1400 2422; x_wconf 74' lang='lat' dir='ltr'><strong>corporalibus,</strong></span> <span class='ocrx_word' id='word_1_173' title='bbox 1429 2364 1548 2419; x_wconf 68' lang='lat' dir='ltr'><strong>qua:</strong></span> <span class='ocrx_word' id='word_1_174' title='bbox 1583 2357 1709 2404; x_wconf 89' lang='lat' dir='ltr'><strong>sunt</strong></span> 
     </span>
    </p>
   </div>
   <div class='ocr_carea' id='block_1_24' title="bbox 121 2439 1710 2520">
    <p class='ocr_par' dir='ltr' id='par_1_24' title="bbox 121 2439 1710 2520">
     <span class='ocr_line' id='line_1_24' title="bbox 121 2439 1710 2520; baseline -0.005 -18"><span class='ocrx_word' id='word_1_175' title='bbox 121 2447 279 2518; x_wconf 90' lang='lat' dir='ltr'><strong>quasi</strong></span> <span class='ocrx_word' id='word_1_176' title='bbox 320 2445 630 2520; x_wconf 65' lang='lat' dir='ltr'><strong>sepulcrum</strong></span> <span class='ocrx_word' id='word_1_177' title='bbox 655 2445 872 2514; x_wconf 60' lang='lat' dir='ltr'><strong>anime,</strong></span> <span class='ocrx_word' id='word_1_178' title='bbox 912 2451 1118 2512; x_wconf 63' lang='grc' dir='ltr'><strong>ιριιωω</strong></span> <span class='ocrx_word' id='word_1_179' title='bbox 1155 2442 1377 2504; x_wconf 67' lang='lat' dir='ltr'><strong>habuit.</strong></span> <span class='ocrx_word' id='word_1_180' title='bbox 1402 2439 1710 2496; x_wconf 86' lang='lat' dir='ltr'><strong>delectatio-</strong></span> 
     </span>
    </p>
   </div>
   <div class='ocr_carea' id='block_1_25' title="bbox 123 2535 1706 2616">
    <p class='ocr_par' dir='ltr' id='par_1_25' title="bbox 123 2535 1706 2616">
     <span class='ocr_line' id='line_1_25' title="bbox 123 2535 1706 2616; baseline -0.005 -22"><span class='ocrx_word' id='word_1_181' title='bbox 123 2556 243 2598; x_wconf 90' lang='lat' dir='ltr'><strong>nem</strong></span> <span class='ocrx_word' id='word_1_182' title='bbox 263 2580 286 2610; x_wconf 87' lang='lat'><strong>_,</strong></span> <span class='ocrx_word' id='word_1_183' title='bbox 352 2546 613 2616; x_wconf 82' lang='lat' dir='ltr'><strong>quantam</strong></span> <span class='ocrx_word' id='word_1_184' title='bbox 659 2537 927 2593; x_wconf 89' lang='lat' dir='ltr'><strong>haberent</strong></span> <span class='ocrx_word' id='word_1_185' title='bbox 976 2537 1027 2590; x_wconf 90' lang='lat' dir='ltr'><strong>in</strong></span> <span class='ocrx_word' id='word_1_186' title='bbox 1069 2535 1396 2606; x_wconf 81' lang='lat' dir='ltr'><strong>dormitione</strong></span> <span class='ocrx_word' id='word_1_187' title='bbox 1439 2549 1706 2605; x_wconf 82' lang='lat' dir='ltr'><strong>:quorum</strong></span> 
     </span>
    </p>
   </div>
   <div class='ocr_carea' id='block_1_26' title="bbox 122 2625 1707 2704">
    <p class='ocr_par' dir='ltr' id='par_1_26' title="bbox 122 2625 1707 2704">
     <span class='ocr_line' id='line_1_26' title="bbox 122 2625 1707 2704; baseline -0.006 -17"><span class='ocrx_word' id='word_1_188' title='bbox 122 2652 223 2687; x_wconf 88' lang='lat' dir='ltr'><strong>non</strong></span> <span class='ocrx_word' id='word_1_189' title='bbox 257 2640 344 2688; x_wconf 84' lang='lat' dir='ltr'><strong>est</strong></span> <span class='ocrx_word' id='word_1_190' title='bbox 396 2647 595 2704; x_wconf 85' lang='lat' dir='ltr'><strong>memor</strong></span> <span class='ocrx_word' id='word_1_191' title='bbox 622 2629 848 2701; x_wconf 86' lang='lat' dir='ltr'><strong>amplius</strong></span> <span class='ocrx_word' id='word_1_192' title='bbox 891 2630 1052 2696; x_wconf 88' lang='lat' dir='ltr'><strong>Deus,</strong></span> <span class='ocrx_word' id='word_1_193' title='bbox 1080 2637 1138 2682; x_wconf 89' lang='lat' dir='ltr'><strong>ut</strong></span> <span class='ocrx_word' id='word_1_194' title='bbox 1173 2642 1267 2683; x_wconf 91' lang='lat' dir='ltr'><strong>eos</strong></span> <span class='ocrx_word' id='word_1_195' title='bbox 1315 2634 1549 2692; x_wconf 83' lang='lat' dir='ltr'><strong>revocet,</strong></span> <span class='ocrx_word' id='word_1_196' title='bbox 1582 2625 1707 2695; x_wconf 85' lang='lat' dir='ltr'><strong>quia</strong></span> 
     </span>
    </p>
   </div>
   <div class='ocr_carea' id='block_1_27' title="bbox 115 2717 1710 2797">
    <p class='ocr_par' dir='ltr' id='par_1_27' title="bbox 115 2717 1710 2797">
     <span class='ocr_line' id='line_1_27' title="bbox 115 2717 1710 2797; baseline -0.006 -20"><span class='ocrx_word' id='word_1_197' title='bbox 115 2725 223 2793; x_wconf 85' lang='lat' dir='ltr'><strong>jam</strong></span> <span class='ocrx_word' id='word_1_198' title='bbox 266 2723 494 2797; x_wconf 82' lang='lat' dir='ltr'><strong>tradidit</strong></span> <span class='ocrx_word' id='word_1_199' title='bbox 531 2738 625 2788; x_wconf 87' lang='lat' dir='ltr'><strong>eos</strong></span> <span class='ocrx_word' id='word_1_200' title='bbox 654 2722 708 2777; x_wconf 93' lang='lat' dir='ltr'><strong>in</strong></span> <span class='ocrx_word' id='word_1_201' title='bbox 736 2722 1025 2794; x_wconf 87' lang='lat' dir='ltr'><strong>reprobum</strong></span> <span class='ocrx_word' id='word_1_202' title='bbox 1071 2735 1287 2776; x_wconf 91' lang='lat' dir='ltr'><strong>sensum</strong></span> <span class='ocrx_word' id='word_1_203' title='bbox 1317 2734 1331 2772; x_wconf 91' lang='lat'><strong>:</strong></span> <span class='ocrx_word' id='word_1_204' title='bbox 1357 2717 1459 2783; x_wconf 87' lang='lat' dir='ltr'><strong>vel,</strong></span> <span class='ocrx_word' id='word_1_205' title='bbox 1493 2733 1596 2771; x_wconf 88' lang='lat' dir='ltr'><strong>non</strong></span> <span class='ocrx_word' id='word_1_206' title='bbox 1627 2723 1710 2769; x_wconf 90' lang='lat' dir='ltr'><strong>est</strong></span> 
     </span>
    </p>
   </div>
   <div class='ocr_carea' id='block_1_28' title="bbox 118 2807 1704 2886">
    <p class='ocr_par' dir='ltr' id='par_1_28' title="bbox 118 2807 1704 2886">
     <span class='ocr_line' id='line_1_28' title="bbox 118 2807 1704 2886; baseline -0.005 -18"><span class='ocrx_word' id='word_1_207' title='bbox 118 2832 322 2868; x_wconf 88' lang='lat' dir='ltr'><strong>memor</strong></span> <span class='ocrx_word' id='word_1_208' title='bbox 345 2812 569 2886; x_wconf 85' lang='lat' dir='ltr'><strong>amplius</strong></span> <span class='ocrx_word' id='word_1_209' title='bbox 598 2827 804 2876; x_wconf 90' lang='lat' dir='ltr'><strong>eorum,</strong></span> <span class='ocrx_word' id='word_1_210' title='bbox 833 2820 1094 2882; x_wconf 90' lang='lat' dir='ltr'><strong>quantum</strong></span> <span class='ocrx_word' id='word_1_211' title='bbox 1119 2810 1185 2866; x_wconf 86' lang='lat' dir='ltr'><strong>ad</strong></span> <span class='ocrx_word' id='word_1_212' title='bbox 1215 2807 1668 2865; x_wconf 84' lang='lat' dir='ltr'><strong>existimationem</strong></span> <span class='ocrx_word' id='word_1_213' title='bbox 1692 2824 1704 2860; x_wconf 92' lang='lat'>:</span> 
     </span>
    </p>
   </div>
   <div class='ocr_carea' id='block_1_29' title="bbox 119 2899 1708 2980">
    <p class='ocr_par' dir='ltr' id='par_1_29' title="bbox 119 2899 1708 2980">
     <span class='ocr_line' id='line_1_29' title="bbox 119 2899 1708 2980; baseline -0.004 -22"><span class='ocrx_word' id='word_1_214' title='bbox 119 2905 247 2980; x_wconf 83' lang='lat' dir='ltr'><strong>quia</strong></span> <span class='ocrx_word' id='word_1_215' title='bbox 267 2905 344 2960; x_wconf 85' lang='lat' dir='ltr'><strong>ita</strong></span> <span class='ocrx_word' id='word_1_216' title='bbox 370 2904 536 2958; x_wconf 89' lang='lat' dir='ltr'><strong>libere</strong></span> <span class='ocrx_word' id='word_1_217' title='bbox 559 2911 788 2978; x_wconf 86' lang='lat' dir='ltr'><strong>peccant</strong></span> <span class='ocrx_word' id='word_1_218' title='bbox 815 2902 968 2976; x_wconf 89' lang='lat' dir='ltr'><strong>quasi</strong></span> <span class='ocrx_word' id='word_1_219' title='bbox 997 2902 1260 2956; x_wconf 81' lang='lat' dir='ltr'><strong>Dominus</strong></span> <span class='ocrx_word' id='word_1_220' title='bbox 1280 2899 1460 2954; x_wconf 87' lang='lat' dir='ltr'><strong>omnia</strong></span> <span class='ocrx_word' id='word_1_221' title='bbox 1487 2907 1708 2969; x_wconf 84' lang='lat' dir='ltr'><strong>peccata</strong></span> 
     </span>
    </p>
   </div>
   <div class='ocr_carea' id='block_1_30' title="bbox 120 2987 1712 3066">
    <p class='ocr_par' dir='ltr' id='par_1_30' title="bbox 120 2987 1712 3066">
     <span class='ocr_line' id='line_1_30' title="bbox 120 2987 1712 3066; baseline -0.006 -15"><span class='ocrx_word' id='word_1_222' title='bbox 120 3012 313 3052; x_wconf 87' lang='lat' dir='ltr'><strong>eorum</strong></span> <span class='ocrx_word' id='word_1_223' title='bbox 339 3003 486 3050; x_wconf 86' lang='lat' dir='ltr'><strong>esset</strong></span> <span class='ocrx_word' id='word_1_224' title='bbox 515 2995 736 3062; x_wconf 89' lang='lat' dir='ltr'><strong>oblitus,</strong></span> <span class='ocrx_word' id='word_1_225' title='bbox 761 3002 820 3050; x_wconf 93' lang='lat' dir='ltr'><strong>ut</strong></span> <span class='ocrx_word' id='word_1_226' title='bbox 848 2993 1076 3066; x_wconf 86' lang='lat' dir='ltr'><strong>amplius</strong></span> <span class='ocrx_word' id='word_1_227' title='bbox 1099 3009 1201 3049; x_wconf 85' lang='lat' dir='ltr'><strong>non</strong></span> <span class='ocrx_word' id='word_1_228' title='bbox 1229 2991 1444 3066; x_wconf 87' lang='lat' dir='ltr'><strong>puniret</strong></span> <span class='ocrx_word' id='word_1_229' title='bbox 1464 3006 1577 3045; x_wconf 87' lang='lat' dir='ltr'><strong>eos.</strong></span> <span class='ocrx_word' id='word_1_230' title='bbox 1604 2987 1712 3042; x_wconf 72' lang='grc' dir='ltr'><strong>Ρο-</strong></span> 
     </span>
    </p>
   </div>
   <div class='ocr_carea' id='block_1_31' title="bbox 119 3081 1707 3153">
    <p class='ocr_par' dir='ltr' id='par_1_31' title="bbox 119 3081 1707 3153">
     <span class='ocr_line' id='line_1_31' title="bbox 119 3081 1707 3153; baseline -0.006 -9"><span class='ocrx_word' id='word_1_231' title='bbox 119 3101 342 3145; x_wconf 86' lang='lat' dir='ltr'><strong>suerunt</strong></span> <span class='ocrx_word' id='word_1_232' title='bbox 370 3089 531 3148; x_wconf 78' lang='lat' dir='ltr'><strong>etiam</strong></span> <span class='ocrx_word' id='word_1_233' title='bbox 554 3105 635 3144; x_wconf 88' lang='lat' dir='ltr'><strong>me</strong></span> <span class='ocrx_word' id='word_1_234' title='bbox 659 3087 1057 3143; x_wconf 84' lang='lat' dir='ltr'><strong>existimatione</strong></span> <span class='ocrx_word' id='word_1_235' title='bbox 1079 3101 1174 3140; x_wconf 87' lang='lat' dir='ltr'><strong>sua</strong></span> <span class='ocrx_word' id='word_1_236' title='bbox 1205 3086 1261 3138; x_wconf 90' lang='lat' dir='ltr'><strong>in</strong></span> <span class='ocrx_word' id='word_1_237' title='bbox 1287 3084 1407 3138; x_wconf 90' lang='lat' dir='ltr'><strong>lacu</strong></span> <span class='ocrx_word' id='word_1_238' title='bbox 1445 3081 1707 3153; x_wconf 80' lang='lat' dir='ltr'><strong>inferiori,</strong></span> 
     </span>
    </p>
   </div>
   <div class='ocr_carea' id='block_1_32' title="bbox 119 3175 1709 3260">
    <p class='ocr_par' dir='ltr' id='par_1_32' title="bbox 119 3175 1709 3260">
     <span class='ocr_line' id='line_1_32' title="bbox 119 3175 1709 3260; baseline -0.006 -24"><span class='ocrx_word' id='word_1_239' title='bbox 119 3183 170 3236; x_wconf 90' lang='lat' dir='ltr'><strong>id</strong></span> <span class='ocrx_word' id='word_1_240' title='bbox 190 3190 302 3260; x_wconf 77' lang='lat' dir='ltr'><strong>est,</strong></span> <span class='ocrx_word' id='word_1_241' title='bbox 329 3181 473 3236; x_wconf 88' lang='lat' dir='ltr'><strong>inter</strong></span> <span class='ocrx_word' id='word_1_242' title='bbox 494 3180 614 3235; x_wconf 92' lang='lat' dir='ltr'><strong>illos</strong></span> <span class='ocrx_word' id='word_1_243' title='bbox 633 3194 722 3249; x_wconf 77' lang='lat' dir='ltr'><strong>qui</strong></span> <span class='ocrx_word' id='word_1_244' title='bbox 750 3180 800 3233; x_wconf 90' lang='lat' dir='ltr'><strong>iu</strong></span> <span class='ocrx_word' id='word_1_245' title='bbox 820 3177 1143 3250; x_wconf 79' lang='lat' dir='ltr'><strong>profundum</strong></span> <span class='ocrx_word' id='word_1_246' title='bbox 1175 3175 1477 3246; x_wconf 86' lang='lat' dir='ltr'><strong>iniquitatis</strong></span> <span class='ocrx_word' id='word_1_247' title='bbox 1497 3175 1709 3230; x_wconf 88' lang='lat' dir='ltr'><strong>cecide-</strong></span> 
     </span>
    </p>
   </div>
   <div class='ocr_carea' id='block_1_33' title="bbox 121 3261 1720 3338">
    <p class='ocr_par' dir='ltr' id='par_1_33' title="bbox 121 3261 1720 3338">
     <span class='ocr_line' id='line_1_33' title="bbox 121 3261 1720 3338; baseline -0.006 -9"><span class='ocrx_word' id='word_1_248' title='bbox 121 3282 249 3330; x_wconf 86' lang='lat' dir='ltr'><strong>runt</strong></span> <span class='ocrx_word' id='word_1_249' title='bbox 275 3282 363 3329; x_wconf 90' lang='lat' dir='ltr'><strong>:et</strong></span> <span class='ocrx_word' id='word_1_250' title='bbox 379 3274 432 3326; x_wconf 78' lang='lat' dir='ltr'><strong>in</strong></span> <span class='ocrx_word' id='word_1_251' title='bbox 455 3266 757 3337; x_wconf 75' lang='lat' dir='ltr'><strong>tenebrosis,</strong></span> <span class='ocrx_word' id='word_1_252' title='bbox 783 3271 832 3326; x_wconf 87' lang='lat' dir='ltr'><strong>id</strong></span> <span class='ocrx_word' id='word_1_253' title='bbox 854 3281 954 3334; x_wconf 89' lang='lat' dir='ltr'><strong>est,</strong></span> <span class='ocrx_word' id='word_1_254' title='bbox 975 3287 1080 3325; x_wconf 92' lang='lat' dir='ltr'><strong>non</strong></span> <span class='ocrx_word' id='word_1_255' title='bbox 1105 3269 1276 3325; x_wconf 90' lang='lat' dir='ltr'><strong>solum</strong></span> <span class='ocrx_word' id='word_1_256' title='bbox 1309 3275 1606 3338; x_wconf 78' lang='lat' dir='ltr'><strong>posuerunt</strong></span> <span class='ocrx_word' id='word_1_257' title='bbox 1623 3261 1720 3320; x_wconf 84' lang='lat' dir='ltr'><strong>me</strong></span> 
     </span>
    </p>
   </div>
   <div class='ocr_carea' id='block_1_34' title="bbox 121 3361 1703 3441">
    <p class='ocr_par' dir='ltr' id='par_1_34' title="bbox 121 3361 1703 3441">
     <span class='ocr_line' id='line_1_34' title="bbox 121 3361 1703 3441; baseline -0.008 -19"><span class='ocrx_word' id='word_1_258' title='bbox 121 3369 169 3422; x_wconf 90' lang='lat' dir='ltr'><strong>in</strong></span> <span class='ocrx_word' id='word_1_259' title='bbox 191 3369 321 3428; x_wconf 85' lang='lat' dir='ltr'><strong>lacu</strong></span> <span class='ocrx_word' id='word_1_260' title='bbox 354 3365 620 3441; x_wconf 75' lang='lat' dir='ltr'><strong>inferiori,</strong></span> <span class='ocrx_word' id='word_1_261' title='bbox 643 3363 736 3420; x_wconf 88' lang='lat' dir='ltr'><strong>sed</strong></span> <span class='ocrx_word' id='word_1_262' title='bbox 763 3365 925 3420; x_wconf 85' lang='lat' dir='ltr'><strong>etiam</strong></span> <span class='ocrx_word' id='word_1_263' title='bbox 951 3361 1251 3419; x_wconf 85' lang='lat' dir='ltr'><strong>tenebrosis</strong></span> <span class='ocrx_word' id='word_1_264' title='bbox 1267 3372 1703 3428; x_wconf 82' lang='lat' dir='ltr'><strong>mecomparave-</strong></span> 
     </span>
    </p>
   </div>
   <div class='ocr_carea' id='block_1_35' title="bbox 125 3449 1714 3527">
    <p class='ocr_par' dir='ltr' id='par_1_35' title="bbox 125 3449 1714 3527">
     <span class='ocr_line' id='line_1_35' title="bbox 125 3449 1714 3527; baseline -0.008 -14"><span class='ocrx_word' id='word_1_265' title='bbox 125 3467 275 3524; x_wconf 89' lang='lat' dir='ltr'><strong>runt,</strong></span> <span class='ocrx_word' id='word_1_266' title='bbox 301 3456 360 3510; x_wconf 89' lang='lat' dir='ltr'><strong>id</strong></span> <span class='ocrx_word' id='word_1_267' title='bbox 387 3464 490 3521; x_wconf 89' lang='lat' dir='ltr'><strong>est,</strong></span> <span class='ocrx_word' id='word_1_268' title='bbox 508 3455 559 3509; x_wconf 91' lang='lat' dir='ltr'><strong>in</strong></span> <span class='ocrx_word' id='word_1_269' title='bbox 583 3454 687 3527; x_wconf 87' lang='lat' dir='ltr'><strong>illis</strong></span> <span class='ocrx_word' id='word_1_270' title='bbox 717 3455 804 3524; x_wconf 87' lang='lat' dir='ltr'><strong>qui</strong></span> <span class='ocrx_word' id='word_1_271' title='bbox 831 3462 958 3510; x_wconf 87' lang='lat' dir='ltr'><strong>sunt</strong></span> <span class='ocrx_word' id='word_1_272' title='bbox 984 3454 1035 3508; x_wconf 93' lang='lat' dir='ltr'><strong>in</strong></span> <span class='ocrx_word' id='word_1_273' title='bbox 1056 3450 1301 3525; x_wconf 82' lang='lat' dir='ltr'><strong>interiori</strong></span> <span class='ocrx_word' id='word_1_274' title='bbox 1332 3449 1546 3505; x_wconf 87' lang='lat' dir='ltr'><strong>homine</strong></span> <span class='ocrx_word' id='word_1_275' title='bbox 1574 3463 1714 3503; x_wconf 93' lang='lat' dir='ltr'><strong>mor-</strong></span> 
     </span>
    </p>
   </div>
   <div class='ocr_carea' id='block_1_36' title="bbox 1805 687 3386 779">
    <p class='ocr_par' dir='ltr' id='par_1_36' title="bbox 1805 687 3386 779">
     <span class='ocr_line' id='line_1_36' title="bbox 1805 687 3386 779; baseline 0.016 -38"><span class='ocrx_word' id='word_1_276' title='bbox 1805 687 1943 742; x_wconf 85' lang='lat' dir='ltr'><strong>visui</strong></span> <span class='ocrx_word' id='word_1_277' title='bbox 1977 688 2231 746; x_wconf 88' lang='lat' dir='ltr'><strong>Dominus</strong></span> <span class='ocrx_word' id='word_1_278' title='bbox 2274 693 2690 755; x_wconf 86' lang='lat' dir='ltr'><strong>subtrahebatur</strong></span> <span class='ocrx_word' id='word_1_279' title='bbox 2718 741 2734 767; x_wconf 90' lang='lat'><strong>,</strong></span> <span class='ocrx_word' id='word_1_280' title='bbox 2766 715 2795 754; x_wconf 87' lang='lat' dir='ltr'><strong>a</strong></span> <span class='ocrx_word' id='word_1_281' title='bbox 2820 717 2928 772; x_wconf 89' lang='lat' dir='ltr'><strong>quo</strong></span> <span class='ocrx_word' id='word_1_282' title='bbox 2974 705 3187 762; x_wconf 89' lang='lat' dir='ltr'><strong>assidue</strong></span> <span class='ocrx_word' id='word_1_283' title='bbox 3229 709 3386 779; x_wconf 81' lang='lat' dir='ltr'><strong>spiri-</strong></span> 
     </span>
    </p>
   </div>
   <div class='ocr_carea' id='block_1_37' title="bbox 1807 781 3386 871">
    <p class='ocr_par' dir='ltr' id='par_1_37' title="bbox 1807 781 3386 871">
     <span class='ocr_line' id='line_1_37' title="bbox 1807 781 3386 871; baseline 0.011 -34"><span class='ocrx_word' id='word_1_284' title='bbox 1807 781 2029 837; x_wconf 89' lang='lat' dir='ltr'><strong>tualiter</strong></span> <span class='ocrx_word' id='word_1_285' title='bbox 2054 782 2454 843; x_wconf 81' lang='lat' dir='ltr'><strong>reﬁciebantur.</strong></span> <span class='ocrx_word' id='word_1_286' title='bbox 2501 787 2620 859; x_wconf 87' lang='lat' dir='ltr'><strong>Ipse</strong></span> <span class='ocrx_word' id='word_1_287' title='bbox 2660 791 2804 850; x_wconf 84' lang='lat' dir='ltr'><strong>enim</strong></span> <span class='ocrx_word' id='word_1_288' title='bbox 2851 793 2917 848; x_wconf 90' lang='lat' dir='ltr'><strong>de</strong></span> <span class='ocrx_word' id='word_1_289' title='bbox 2965 810 3022 851; x_wconf 91' lang='lat' dir='ltr'><strong>se</strong></span> <span class='ocrx_word' id='word_1_290' title='bbox 3064 796 3241 854; x_wconf 82' lang='lat' dir='ltr'><strong>dixit:</strong></span> <span class='ocrx_word' id='word_1_291' title='bbox 3276 798 3386 871; x_wconf 88' lang='lat' dir='ltr'><strong>Ego</strong></span> 
     </span>
    </p>
   </div>
   <div class='ocr_carea' id='block_1_38' title="bbox 1805 877 3384 958">
    <p class='ocr_par' dir='ltr' id='par_1_38' title="bbox 1805 877 3384 958">
     <span class='ocr_line' id='line_1_38' title="bbox 1805 877 3384 958; baseline 0.011 -30"><span class='ocrx_word' id='word_1_292' title='bbox 1805 891 1921 929; x_wconf 89' lang='lat' dir='ltr'><strong>sum</strong></span> <span class='ocrx_word' id='word_1_293' title='bbox 1965 877 2115 945; x_wconf 87' lang='lat' dir='ltr'><strong>panis</strong></span> <span class='ocrx_word' id='word_1_294' title='bbox 2158 878 2299 932; x_wconf 85' lang='lat' dir='ltr'><strong>vivus</strong></span> <span class='ocrx_word' id='word_1_295' title='bbox 2344 879 2434 951; x_wconf 87' lang='lat' dir='ltr'><strong>qui</strong></span> <span class='ocrx_word' id='word_1_296' title='bbox 2481 881 2546 935; x_wconf 87' lang='lat' dir='ltr'><strong>de</strong></span> <span class='ocrx_word' id='word_1_297' title='bbox 2595 881 2720 936; x_wconf 72' lang='lat' dir='ltr'><strong>caelo</strong></span> <span class='ocrx_word' id='word_1_298' title='bbox 2768 883 3008 941; x_wconf 83' lang='lat' dir='ltr'><strong>descendi</strong></span> <span class='ocrx_word' id='word_1_299' title='bbox 3054 888 3234 958; x_wconf 80' lang='lat' dir='ltr'><strong>(Joan.</strong></span> <span class='ocrx_word' id='word_1_300' title='bbox 3289 891 3384 957; x_wconf 75' lang='lat' dir='ltr'><strong>v1).</strong></span> 
     </span>
    </p>
   </div>
   <div class='ocr_carea' id='block_1_39' title="bbox 1808 963 3389 1047">
    <p class='ocr_par' dir='ltr' id='par_1_39' title="bbox 1808 963 3389 1047">
     <span class='ocr_line' id='line_1_39' title="bbox 1808 963 3389 1047; baseline 0.011 -27"><span class='ocrx_word' id='word_1_301' title='bbox 1808 963 1962 1020; x_wconf 86' lang='lat' dir='ltr'><strong>Oculi</strong></span> <span class='ocrx_word' id='word_1_302' title='bbox 1988 967 2087 1019; x_wconf 89' lang='lat' dir='ltr'><strong>mei</strong></span> <span class='ocrx_word' id='word_1_303' title='bbox 2129 966 2440 1038; x_wconf 83' lang='lat' dir='ltr'><strong>languerunt</strong></span> <span class='ocrx_word' id='word_1_304' title='bbox 2467 988 2576 1040; x_wconf 78' lang='lat' dir='ltr'><strong>pra:</strong></span> <span class='ocrx_word' id='word_1_305' title='bbox 2624 974 2800 1045; x_wconf 85' lang='lat' dir='ltr'><strong>inopia</strong></span> <span class='ocrx_word' id='word_1_306' title='bbox 2829 991 2847 1030; x_wconf 92' lang='lat'><em>:</em></span> <span class='ocrx_word' id='word_1_307' title='bbox 2875 992 2973 1047; x_wconf 77' lang='lat' dir='ltr'><strong>ego</strong></span> <span class='ocrx_word' id='word_1_308' title='bbox 3001 986 3177 1034; x_wconf 85' lang='lat' dir='ltr'><strong>tamen</strong></span> <span class='ocrx_word' id='word_1_309' title='bbox 3209 981 3389 1036; x_wconf 76' lang='lat' dir='ltr'><strong>inube-</strong></span> 
     </span>
    </p>
   </div>
   <div class='ocr_carea' id='block_1_40' title="bbox 1807 1053 3386 1134">
    <p class='ocr_par' dir='ltr' id='par_1_40' title="bbox 1807 1053 3386 1134">
     <span class='ocr_line' id='line_1_40' title="bbox 1807 1053 3386 1134; baseline 0.011 -25"><span class='ocrx_word' id='word_1_310' title='bbox 1807 1053 2008 1109; x_wconf 86' lang='lat' dir='ltr'><strong>dientla</strong></span> <span class='ocrx_word' id='word_1_311' title='bbox 2035 1071 2139 1112; x_wconf 92' lang='lat' dir='ltr'><strong>non</strong></span> <span class='ocrx_word' id='word_1_312' title='bbox 2172 1057 2374 1122; x_wconf 86' lang='lat' dir='ltr'><strong>destiti,</strong></span> <span class='ocrx_word' id='word_1_313' title='bbox 2407 1061 2498 1116; x_wconf 84' lang='lat' dir='ltr'><strong>sed</strong></span> <span class='ocrx_word' id='word_1_314' title='bbox 2538 1075 2751 1134; x_wconf 88' lang='lat' dir='ltr'><strong>semper</strong></span> <span class='ocrx_word' id='word_1_315' title='bbox 2777 1065 2997 1132; x_wconf 83' lang='lat' dir='ltr'><strong>clamavi</strong></span> <span class='ocrx_word' id='word_1_316' title='bbox 3041 1069 3112 1122; x_wconf 88' lang='lat' dir='ltr'><strong>ad</strong></span> <span class='ocrx_word' id='word_1_317' title='bbox 3141 1079 3188 1125; x_wconf 85' lang='lat' dir='ltr'><strong>te</strong></span> <span class='ocrx_word' id='word_1_318' title='bbox 3220 1071 3386 1126; x_wconf 88' lang='lat' dir='ltr'><strong>Deum</strong></span> 
     </span>
    </p>
   </div>
   <div class='ocr_carea' id='block_1_41' title="bbox 1805 1146 3386 1226">
    <p class='ocr_par' dir='ltr' id='par_1_41' title="bbox 1805 1146 3386 1226">
     <span class='ocr_line' id='line_1_41' title="bbox 1805 1146 3386 1226; baseline 0.012 -29"><span class='ocrx_word' id='word_1_319' title='bbox 1805 1146 2258 1216; x_wconf 86' lang='lat' dir='ltr'><strong>promerendum:</strong></span> <span class='ocrx_word' id='word_1_320' title='bbox 2297 1158 2406 1203; x_wconf 86' lang='lat' dir='ltr'><strong>tota</strong></span> <span class='ocrx_word' id='word_1_321' title='bbox 2449 1151 2532 1205; x_wconf 88' lang='lat' dir='ltr'><strong>die</strong></span> <span class='ocrx_word' id='word_1_322' title='bbox 2576 1155 2801 1226; x_wconf 76' lang='lat' dir='ltr'><strong>expendi</strong></span> <span class='ocrx_word' id='word_1_323' title='bbox 2839 1158 2908 1210; x_wconf 87' lang='lat' dir='ltr'><strong>ad</strong></span> <span class='ocrx_word' id='word_1_324' title='bbox 2933 1169 2979 1213; x_wconf 80' lang='lat' dir='ltr'><strong>te</strong></span> <span class='ocrx_word' id='word_1_325' title='bbox 3010 1177 3194 1216; x_wconf 86' lang='lat' dir='ltr'><strong>manus</strong></span> <span class='ocrx_word' id='word_1_326' title='bbox 3225 1179 3386 1216; x_wconf 83' lang='lat' dir='ltr'><strong>meus.</strong></span> 
     </span>
    </p>
   </div>
   <div class='ocr_carea' id='block_1_42' title="bbox 1808 1235 3387 1318">
    <p class='ocr_par' dir='ltr' id='par_1_42' title="bbox 1808 1235 3387 1318">
     <span class='ocr_line' id='line_1_42' title="bbox 1808 1235 3387 1318; baseline 0.012 -28"><span class='ocrx_word' id='word_1_327' title='bbox 1808 1235 1865 1292; x_wconf 87' lang='lat' dir='ltr'><strong>Si</strong></span> <span class='ocrx_word' id='word_1_328' title='bbox 1891 1236 2184 1308; x_wconf 85' lang='lat' dir='ltr'><strong>accipimus</strong></span> <span class='ocrx_word' id='word_1_329' title='bbox 2217 1241 2598 1309; x_wconf 83' lang='lat' dir='ltr'><strong>expansionem</strong></span> <span class='ocrx_word' id='word_1_330' title='bbox 2645 1263 2898 1303; x_wconf 89' lang='lat' dir='ltr'><strong>manuum</strong></span> <span class='ocrx_word' id='word_1_331' title='bbox 2952 1250 3006 1305; x_wconf 92' lang='lat' dir='ltr'><strong>in</strong></span> <span class='ocrx_word' id='word_1_332' title='bbox 3053 1267 3234 1318; x_wconf 89' lang='lat' dir='ltr'><strong>cruce,</strong></span> <span class='ocrx_word' id='word_1_333' title='bbox 3281 1270 3387 1309; x_wconf 81' lang='lat' dir='ltr'><strong>non</strong></span> 
     </span>
    </p>
   </div>
   <div class='ocr_carea' id='block_1_43' title="bbox 1805 1331 3388 1414">
    <p class='ocr_par' dir='ltr' id='par_1_43' title="bbox 1805 1331 3388 1414">
     <span class='ocr_line' id='line_1_43' title="bbox 1805 1331 3388 1414; baseline 0.008 -29"><span class='ocrx_word' id='word_1_334' title='bbox 1805 1338 1984 1401; x_wconf 84' lang='lat' dir='ltr'><strong>petest</strong></span> <span class='ocrx_word' id='word_1_335' title='bbox 2009 1331 2112 1387; x_wconf 89' lang='lat' dir='ltr'><strong>dici</strong></span> <span class='ocrx_word' id='word_1_336' title='bbox 2146 1332 2288 1402; x_wconf 92' lang='lat' dir='ltr'><strong>quod</strong></span> <span class='ocrx_word' id='word_1_337' title='bbox 2327 1342 2437 1390; x_wconf 88' lang='lat' dir='ltr'><strong>tota</strong></span> <span class='ocrx_word' id='word_1_338' title='bbox 2467 1335 2553 1391; x_wconf 90' lang='lat' dir='ltr'><strong>die</strong></span> <span class='ocrx_word' id='word_1_339' title='bbox 2583 1341 2960 1410; x_wconf 88' lang='lat' dir='ltr'><strong>expandisset;</strong></span> <span class='ocrx_word' id='word_1_340' title='bbox 3001 1343 3126 1414; x_wconf 85' lang='lat' dir='ltr'><strong>quia</strong></span> <span class='ocrx_word' id='word_1_341' title='bbox 3154 1345 3208 1399; x_wconf 90' lang='lat' dir='ltr'><strong>in</strong></span> <span class='ocrx_word' id='word_1_342' title='bbox 3241 1356 3388 1401; x_wconf 82' lang='lat' dir='ltr'><strong>sexta</strong></span> 
     </span>
    </p>
   </div>
   <div class='ocr_carea' id='block_1_44' title="bbox 1808 1419 3391 1504">
    <p class='ocr_par' dir='ltr' id='par_1_44' title="bbox 1808 1419 3391 1504">
     <span class='ocr_line' id='line_1_44' title="bbox 1808 1419 3391 1504; baseline 0.008 -31"><span class='ocrx_word' id='word_1_343' title='bbox 1808 1419 1938 1474; x_wconf 88' lang='lat' dir='ltr'><strong>hora</strong></span> <span class='ocrx_word' id='word_1_344' title='bbox 1989 1420 2087 1475; x_wconf 83' lang='lat' dir='ltr'><strong>fuit</strong></span> <span class='ocrx_word' id='word_1_345' title='bbox 2131 1423 2440 1489; x_wconf 78' lang='lat' dir='ltr'><strong>cruciﬁxus,</strong></span> <span class='ocrx_word' id='word_1_346' title='bbox 2476 1435 2529 1480; x_wconf 91' lang='lat' dir='ltr'><strong>et</strong></span> <span class='ocrx_word' id='word_1_347' title='bbox 2577 1426 2628 1480; x_wconf 91' lang='lat' dir='ltr'><strong>in</strong></span> <span class='ocrx_word' id='word_1_348' title='bbox 2660 1444 2884 1500; x_wconf 87' lang='lat' dir='ltr'><strong>vespere</strong></span> <span class='ocrx_word' id='word_1_349' title='bbox 2909 1431 3147 1504; x_wconf 89' lang='lat' dir='ltr'><strong>sepultus</strong></span> <span class='ocrx_word' id='word_1_350' title='bbox 3191 1422 3391 1488; x_wconf 54' lang='lat' dir='ltr'><strong>{unde</strong></span> 
     </span>
    </p>
   </div>
   <div class='ocr_carea' id='block_1_45' title="bbox 1807 1512 3393 1596">
    <p class='ocr_par' dir='ltr' id='par_1_45' title="bbox 1807 1512 3393 1596">
     <span class='ocr_line' id='line_1_45' title="bbox 1807 1512 3393 1596; baseline 0.009 -28"><span class='ocrx_word' id='word_1_351' title='bbox 1807 1512 2022 1568; x_wconf 89' lang='lat' dir='ltr'><strong>videtur</strong></span> <span class='ocrx_word' id='word_1_352' title='bbox 2066 1517 2514 1584; x_wconf 89' lang='lat' dir='ltr'><strong>convenientius,</strong></span> <span class='ocrx_word' id='word_1_353' title='bbox 2566 1528 2626 1574; x_wconf 92' lang='lat' dir='ltr'><strong>ut</strong></span> <span class='ocrx_word' id='word_1_354' title='bbox 2684 1535 2782 1592; x_wconf 90' lang='lat' dir='ltr'><strong>per</strong></span> <span class='ocrx_word' id='word_1_355' title='bbox 2829 1538 3020 1580; x_wconf 89' lang='lat' dir='ltr'><strong>manus</strong></span> <span class='ocrx_word' id='word_1_356' title='bbox 3067 1524 3393 1596; x_wconf 83' lang='lat' dir='ltr'><strong>accipiamus</strong></span> 
     </span>
    </p>
   </div>
   <div class='ocr_carea' id='block_1_46' title="bbox 1806 1604 3389 1686">
    <p class='ocr_par' dir='ltr' id='par_1_46' title="bbox 1806 1604 3389 1686">
     <span class='ocr_line' id='line_1_46' title="bbox 1806 1604 3389 1686; baseline 0.004 -25"><span class='ocrx_word' id='word_1_357' title='bbox 1806 1604 1944 1661; x_wconf 84' lang='lat' dir='ltr'><strong>bona</strong></span> <span class='ocrx_word' id='word_1_358' title='bbox 1967 1620 2148 1675; x_wconf 89' lang='lat' dir='ltr'><strong>opera,</strong></span> <span class='ocrx_word' id='word_1_359' title='bbox 2165 1622 2282 1677; x_wconf 74' lang='lat' dir='ltr'><strong>qua:</strong></span> <span class='ocrx_word' id='word_1_360' title='bbox 2308 1609 2420 1679; x_wconf 92' lang='lat' dir='ltr'><strong>ipse</strong></span> <span class='ocrx_word' id='word_1_361' title='bbox 2443 1624 2656 1680; x_wconf 88' lang='lat' dir='ltr'><strong>semper</strong></span> <span class='ocrx_word' id='word_1_362' title='bbox 2677 1614 2950 1684; x_wconf 77' lang='lat' dir='ltr'><strong>expandit,</strong></span> <span class='ocrx_word' id='word_1_363' title='bbox 2973 1615 3095 1684; x_wconf 85' lang='lat' dir='ltr'><strong>quia</strong></span> <span class='ocrx_word' id='word_1_364' title='bbox 3122 1631 3389 1686; x_wconf 87' lang='lat' dir='ltr'><strong>nunquam</strong></span> 
     </span>
    </p>
   </div>
   <div class='ocr_carea' id='block_1_47' title="bbox 1810 1697 3392 1782">
    <p class='ocr_par' dir='ltr' id='par_1_47' title="bbox 1810 1697 3392 1782">
     <span class='ocr_line' id='line_1_47' title="bbox 1810 1697 3392 1782; baseline 0.005 -28"><span class='ocrx_word' id='word_1_365' title='bbox 1810 1697 1843 1754; x_wconf 84' lang='lat' dir='ltr'><strong>a</strong></span> <span class='ocrx_word' id='word_1_366' title='bbox 1885 1699 2024 1755; x_wconf 82' lang='lat' dir='ltr'><strong>bene</strong></span> <span class='ocrx_word' id='word_1_367' title='bbox 2071 1702 2345 1772; x_wconf 87' lang='lat' dir='ltr'><strong>operando</strong></span> <span class='ocrx_word' id='word_1_368' title='bbox 2389 1705 2640 1770; x_wconf 87' lang='lat' dir='ltr'><strong>cessavit,</strong></span> <span class='ocrx_word' id='word_1_369' title='bbox 2674 1707 2766 1760; x_wconf 87' lang='lat' dir='ltr'><strong>sed</strong></span> <span class='ocrx_word' id='word_1_370' title='bbox 2795 1721 3009 1780; x_wconf 87' lang='lat' dir='ltr'><strong>semper</strong></span> <span class='ocrx_word' id='word_1_371' title='bbox 3034 1723 3166 1782; x_wconf 89' lang='lat' dir='ltr'><strong>opus</strong></span> <span class='ocrx_word' id='word_1_372' title='bbox 3195 1708 3392 1764; x_wconf 87' lang='lat' dir='ltr'><strong>bonum</strong></span> 
     </span>
    </p>
   </div>
   <div class='ocr_carea' id='block_1_48' title="bbox 1810 1793 3394 1873">
    <p class='ocr_par' dir='ltr' id='par_1_48' title="bbox 1810 1793 3394 1873">
     <span class='ocr_line' id='line_1_48' title="bbox 1810 1793 3394 1873; baseline 0.005 -25"><span class='ocrx_word' id='word_1_373' title='bbox 1810 1807 1974 1864; x_wconf 91' lang='lat' dir='ltr'><strong>opere</strong></span> <span class='ocrx_word' id='word_1_374' title='bbox 2001 1793 2142 1849; x_wconf 87' lang='lat' dir='ltr'><strong>bono</strong></span> <span class='ocrx_word' id='word_1_375' title='bbox 2187 1797 2549 1862; x_wconf 86' lang='lat' dir='ltr'><strong>continuavit;</strong></span> <span class='ocrx_word' id='word_1_376' title='bbox 2605 1801 2747 1868; x_wconf 88' lang='lat' dir='ltr'><strong>quod</strong></span> <span class='ocrx_word' id='word_1_377' title='bbox 2779 1802 2930 1866; x_wconf 91' lang='lat' dir='ltr'><strong>dicit,</strong></span> <span class='ocrx_word' id='word_1_378' title='bbox 2972 1803 3198 1873; x_wconf 72' lang='lat' dir='ltr'><strong>expendi</strong></span> <span class='ocrx_word' id='word_1_379' title='bbox 3231 1803 3298 1856; x_wconf 87' lang='lat' dir='ltr'><strong>ad</strong></span> <span class='ocrx_word' id='word_1_380' title='bbox 3346 1814 3394 1856; x_wconf 81' lang='lat' dir='ltr'><strong>te</strong></span> 
     </span>
    </p>
   </div>
   <div class='ocr_carea' id='block_1_49' title="bbox 1813 1889 3390 1963">
    <p class='ocr_par' dir='ltr' id='par_1_49' title="bbox 1813 1889 3390 1963">
     <span class='ocr_line' id='line_1_49' title="bbox 1813 1889 3390 1963; baseline 0.004 -24"><span class='ocrx_word' id='word_1_381' title='bbox 1813 1901 1999 1940; x_wconf 87' lang='lat' dir='ltr'><strong>manus</strong></span> <span class='ocrx_word' id='word_1_382' title='bbox 2031 1903 2174 1942; x_wconf 90' lang='lat' dir='ltr'><strong>meas</strong></span> <span class='ocrx_word' id='word_1_383' title='bbox 2202 1900 2221 1940; x_wconf 91' lang='lat'><strong><em>:</em></strong></span> <span class='ocrx_word' id='word_1_384' title='bbox 2250 1897 2304 1943; x_wconf 89' lang='lat' dir='ltr'><strong>et</strong></span> <span class='ocrx_word' id='word_1_385' title='bbox 2341 1889 2442 1943; x_wconf 90' lang='lat' dir='ltr'><strong>hoc</strong></span> <span class='ocrx_word' id='word_1_386' title='bbox 2489 1899 2665 1945; x_wconf 88' lang='lat' dir='ltr'><strong>tamen</strong></span> <span class='ocrx_word' id='word_1_387' title='bbox 2711 1908 2816 1947; x_wconf 90' lang='lat' dir='ltr'><strong>non</strong></span> <span class='ocrx_word' id='word_1_388' title='bbox 2861 1893 3077 1963; x_wconf 89' lang='lat' dir='ltr'><strong>prodest</strong></span> <span class='ocrx_word' id='word_1_389' title='bbox 3123 1893 3390 1956; x_wconf 88' lang='lat' dir='ltr'><strong>omnibus,</strong></span> 
     </span>
    </p>
   </div>
   <div class='ocr_carea' id='block_1_50' title="bbox 1812 1976 3393 2054">
    <p class='ocr_par' dir='ltr' id='par_1_50' title="bbox 1812 1976 3393 2054">
     <span class='ocr_line' id='line_1_50' title="bbox 1812 1976 3393 2054; baseline 0.004 -26"><span class='ocrx_word' id='word_1_390' title='bbox 1812 1976 1937 2046; x_wconf 84' lang='lat' dir='ltr'><strong>quia</strong></span> <span class='ocrx_word' id='word_1_391' title='bbox 1983 1977 2211 2032; x_wconf 81' lang='lat' dir='ltr'><strong>mortuis</strong></span> <span class='ocrx_word' id='word_1_392' title='bbox 2263 1978 2317 2032; x_wconf 89' lang='lat' dir='ltr'><strong>in</strong></span> <span class='ocrx_word' id='word_1_393' title='bbox 2368 1979 2547 2034; x_wconf 89' lang='lat' dir='ltr'><strong>anima</strong></span> <span class='ocrx_word' id='word_1_394' title='bbox 2593 1997 2697 2035; x_wconf 86' lang='lat' dir='ltr'><strong>non</strong></span> <span class='ocrx_word' id='word_1_395' title='bbox 2746 1981 2994 2054; x_wconf 89' lang='lat' dir='ltr'><strong>prodest;</strong></span> <span class='ocrx_word' id='word_1_396' title='bbox 3040 1983 3180 2051; x_wconf 88' lang='lat' dir='ltr'><strong>quod</strong></span> <span class='ocrx_word' id='word_1_397' title='bbox 3223 1983 3393 2047; x_wconf 87' lang='lat' dir='ltr'><strong>dicit,</strong></span> 
     </span>
    </p>
   </div>
   <div class='ocr_carea' id='block_1_51' title="bbox 1811 2066 3391 2139">
    <p class='ocr_par' dir='ltr' id='par_1_51' title="bbox 1811 2066 3391 2139">
     <span class='ocr_line' id='line_1_51' title="bbox 1811 2066 3391 2139; baseline 0.003 -18"><span class='ocrx_word' id='word_1_398' title='bbox 1811 2066 2071 2139; x_wconf 80' lang='lat' dir='ltr'><strong>Nunquid</strong></span> <span class='ocrx_word' id='word_1_399' title='bbox 2121 2070 2338 2122; x_wconf 85' lang='lat' dir='ltr'><strong>mortuis</strong></span> <span class='ocrx_word' id='word_1_400' title='bbox 2393 2069 2553 2139; x_wconf 77' lang='lat' dir='ltr'><strong>facies</strong></span> <span class='ocrx_word' id='word_1_401' title='bbox 2598 2071 2883 2138; x_wconf 86' lang='lat' dir='ltr'><strong>mirabilia,</strong></span> <span class='ocrx_word' id='word_1_402' title='bbox 2937 2072 3140 2127; x_wconf 85' lang='lat' dir='ltr'><strong>scilicet</strong></span> <span class='ocrx_word' id='word_1_403' title='bbox 3195 2073 3391 2138; x_wconf 84' lang='lat' dir='ltr'><strong>valere,</strong></span> 
     </span>
    </p>
   </div>
   <div class='ocr_carea' id='block_1_52' title="bbox 1811 2158 3395 2230">
    <p class='ocr_par' dir='ltr' id='par_1_52' title="bbox 1811 2158 3395 2230">
     <span class='ocr_line' id='line_1_52' title="bbox 1811 2158 3395 2230; baseline 0.006 -20"><span class='ocrx_word' id='word_1_404' title='bbox 1811 2167 1900 2210; x_wconf 76' lang='lat' dir='ltr'><strong>aut</strong></span> <span class='ocrx_word' id='word_1_405' title='bbox 1924 2158 2168 2228; x_wconf 80' lang='lat' dir='ltr'><strong>nunquid</strong></span> <span class='ocrx_word' id='word_1_406' title='bbox 2195 2160 2381 2214; x_wconf 85' lang='lat' dir='ltr'><strong>medici</strong></span> <span class='ocrx_word' id='word_1_407' title='bbox 2407 2161 2732 2215; x_wconf 84' lang='lat' dir='ltr'><strong>suscitabant</strong></span> <span class='ocrx_word' id='word_1_408' title='bbox 2761 2162 2899 2230; x_wconf 90' lang='lat' dir='ltr'><strong>illos,</strong></span> <span class='ocrx_word' id='word_1_409' title='bbox 2933 2162 2984 2216; x_wconf 91' lang='lat' dir='ltr'><strong>id</strong></span> <span class='ocrx_word' id='word_1_410' title='bbox 3014 2172 3116 2230; x_wconf 91' lang='lat' dir='ltr'><strong>est,</strong></span> <span class='ocrx_word' id='word_1_411' title='bbox 3146 2163 3395 2220; x_wconf 86' lang='lat' dir='ltr'><strong>doctores</strong></span> 
     </span>
    </p>
   </div>
   <div class='ocr_carea' id='block_1_53' title="bbox 1809 2248 3397 2324">
    <p class='ocr_par' dir='ltr' id='par_1_53' title="bbox 1809 2248 3397 2324">
     <span class='ocr_line' id='line_1_53' title="bbox 1809 2248 3397 2324; baseline 0.005 -22"><span class='ocrx_word' id='word_1_412' title='bbox 1809 2248 1895 2304; x_wconf 86' lang='lat' dir='ltr'><strong>vel</strong></span> <span class='ocrx_word' id='word_1_413' title='bbox 1944 2250 2328 2320; x_wconf 61' lang='lat' dir='ltr'><strong>praedicatores</strong></span> <span class='ocrx_word' id='word_1_414' title='bbox 2383 2253 2512 2318; x_wconf 91' lang='lat' dir='ltr'><strong>mei,</strong></span> <span class='ocrx_word' id='word_1_415' title='bbox 2571 2269 2798 2324; x_wconf 88' lang='lat' dir='ltr'><strong>quorum</strong></span> <span class='ocrx_word' id='word_1_416' title='bbox 2847 2255 3091 2312; x_wconf 85' lang='lat' dir='ltr'><strong>doctrina</strong></span> <span class='ocrx_word' id='word_1_417' title='bbox 3138 2266 3397 2312; x_wconf 89' lang='lat' dir='ltr'><strong>sanantur</strong></span> 
     </span>
    </p>
   </div>
   <div class='ocr_carea' id='block_1_54' title="bbox 1808 2341 3396 2420">
    <p class='ocr_par' dir='ltr' id='par_1_54' title="bbox 1808 2341 3396 2420">
     <span class='ocr_line' id='line_1_54' title="bbox 1808 2341 3396 2420; baseline 0.006 -26"><span class='ocrx_word' id='word_1_418' title='bbox 1808 2341 2031 2397; x_wconf 78' lang='lat' dir='ltr'><strong>vulnera</strong></span> <span class='ocrx_word' id='word_1_419' title='bbox 2071 2345 2263 2400; x_wconf 85' lang='lat' dir='ltr'><strong>mentis</strong></span> <span class='ocrx_word' id='word_1_420' title='bbox 2317 2359 2334 2398; x_wconf 88' lang='lat'><strong>:</strong></span> <span class='ocrx_word' id='word_1_421' title='bbox 2381 2357 2428 2400; x_wconf 86' lang='lat' dir='ltr'><strong>et</strong></span> <span class='ocrx_word' id='word_1_422' title='bbox 2459 2347 2840 2416; x_wconf 75' lang='lat' dir='ltr'><strong>conﬁtebuntur</strong></span> <span class='ocrx_word' id='word_1_423' title='bbox 2863 2348 2999 2402; x_wconf 84' lang='lat' dir='ltr'><strong>tibi?</strong></span> <span class='ocrx_word' id='word_1_424' title='bbox 3043 2347 3180 2416; x_wconf 86' lang='lat' dir='ltr'><strong>Non,</strong></span> <span class='ocrx_word' id='word_1_425' title='bbox 3211 2349 3331 2420; x_wconf 92' lang='lat' dir='ltr'><strong>quia</strong></span> <span class='ocrx_word' id='word_1_426' title='bbox 3365 2367 3396 2403; x_wconf 91' lang='lat' dir='ltr'><strong>a</strong></span> 
     </span>
    </p>
   </div>
   <div class='ocr_carea' id='block_1_55' title="bbox 1809 2438 3394 2512">
    <p class='ocr_par' dir='ltr' id='par_1_55' title="bbox 1809 2438 3394 2512">
     <span class='ocr_line' id='line_1_55' title="bbox 1809 2438 3394 2512; baseline 0.003 -25"><span class='ocrx_word' id='word_1_427' title='bbox 1809 2445 2012 2488; x_wconf 81' lang='lat' dir='ltr'><strong>mortuo</strong></span> <span class='ocrx_word' id='word_1_428' title='bbox 2045 2438 2177 2506; x_wconf 86' lang='lat' dir='ltr'><strong>perit</strong></span> <span class='ocrx_word' id='word_1_429' title='bbox 2205 2438 2457 2508; x_wconf 81' lang='lat' dir='ltr'><strong>confessio</strong></span> <span class='ocrx_word' id='word_1_430' title='bbox 2487 2446 2739 2508; x_wconf 87' lang='lat' dir='ltr'><strong>tanquam</strong></span> <span class='ocrx_word' id='word_1_431' title='bbox 2765 2455 2869 2494; x_wconf 89' lang='lat' dir='ltr'><strong>non</strong></span> <span class='ocrx_word' id='word_1_432' title='bbox 2901 2440 2972 2495; x_wconf 86' lang='lat' dir='ltr'><strong>sit</strong></span> <span class='ocrx_word' id='word_1_433' title='bbox 3019 2439 3205 2512; x_wconf 86' lang='lat' dir='ltr'><strong>(Eccli.</strong></span> <span class='ocrx_word' id='word_1_434' title='bbox 3241 2442 3394 2507; x_wconf 84' lang='lat' dir='ltr'><strong>xvn).</strong></span> 
     </span>
    </p>
   </div>
   <div class='ocr_carea' id='block_1_56' title="bbox 1813 2524 3398 2602">
    <p class='ocr_par' dir='ltr' id='par_1_56' title="bbox 1813 2524 3398 2602">
     <span class='ocr_line' id='line_1_56' title="bbox 1813 2524 3398 2602; baseline 0.004 -22"><span class='ocrx_word' id='word_1_435' title='bbox 1813 2524 2069 2597; x_wconf 81' lang='lat' dir='ltr'><strong>Nunquid</strong></span> <span class='ocrx_word' id='word_1_436' title='bbox 2112 2529 2347 2583; x_wconf 84' lang='lat' dir='ltr'><strong>narrabit</strong></span> <span class='ocrx_word' id='word_1_437' title='bbox 2385 2529 2576 2600; x_wconf 86' lang='lat' dir='ltr'><strong>aliquis</strong></span> <span class='ocrx_word' id='word_1_438' title='bbox 2610 2531 2663 2584; x_wconf 87' lang='lat' dir='ltr'><strong>in</strong></span> <span class='ocrx_word' id='word_1_439' title='bbox 2708 2531 2983 2602; x_wconf 87' lang='lat' dir='ltr'><strong>sepulcro,</strong></span> <span class='ocrx_word' id='word_1_440' title='bbox 3030 2532 3081 2586; x_wconf 91' lang='lat' dir='ltr'><strong>id</strong></span> <span class='ocrx_word' id='word_1_441' title='bbox 3128 2541 3248 2602; x_wconf 87' lang='lat' dir='ltr'><strong>est,</strong></span> <span class='ocrx_word' id='word_1_442' title='bbox 3295 2532 3398 2586; x_wconf 87' lang='lat' dir='ltr'><strong>illis</strong></span> 
     </span>
    </p>
   </div>
   <div class='ocr_carea' id='block_1_57' title="bbox 1810 2621 3396 2694">
    <p class='ocr_par' dir='ltr' id='par_1_57' title="bbox 1810 2621 3396 2694">
     <span class='ocr_line' id='line_1_57' title="bbox 1810 2621 3396 2694; baseline 0.002 -21"><span class='ocrx_word' id='word_1_443' title='bbox 1810 2636 1945 2691; x_wconf 85' lang='lat' dir='ltr'><strong>quos</strong></span> <span class='ocrx_word' id='word_1_444' title='bbox 1993 2622 2102 2692; x_wconf 89' lang='lat' dir='ltr'><strong>jam</strong></span> <span class='ocrx_word' id='word_1_445' title='bbox 2161 2623 2214 2676; x_wconf 92' lang='lat' dir='ltr'><strong>in</strong></span> <span class='ocrx_word' id='word_1_446' title='bbox 2265 2637 2324 2677; x_wconf 92' lang='lat' dir='ltr'><strong>se</strong></span> <span class='ocrx_word' id='word_1_447' title='bbox 2367 2623 2563 2678; x_wconf 89' lang='lat' dir='ltr'><strong>clausit</strong></span> <span class='ocrx_word' id='word_1_448' title='bbox 2607 2621 2948 2693; x_wconf 82' lang='lat' dir='ltr'><strong>profunditas</strong></span> <span class='ocrx_word' id='word_1_449' title='bbox 2999 2633 3344 2694; x_wconf 79' lang='lat' dir='ltr'><strong>peccatorum</strong></span> <span class='ocrx_word' id='word_1_450' title='bbox 3383 2665 3396 2688; x_wconf 94' lang='lat'><strong>,</strong></span> 
     </span>
    </p>
   </div>
   <div class='ocr_carea' id='block_1_58' title="bbox 1809 2712 3398 2783">
    <p class='ocr_par' dir='ltr' id='par_1_58' title="bbox 1809 2712 3398 2783">
     <span class='ocr_line' id='line_1_58' title="bbox 1809 2712 3398 2783; baseline 0.001 -19"><span class='ocrx_word' id='word_1_451' title='bbox 1809 2712 2223 2766; x_wconf 81' lang='lat' dir='ltr'><strong>misericordiam</strong></span> <span class='ocrx_word' id='word_1_452' title='bbox 2268 2724 2413 2766; x_wconf 83' lang='lat' dir='ltr'><strong>(nam</strong></span> <span class='ocrx_word' id='word_1_453' title='bbox 2465 2727 2560 2783; x_wconf 90' lang='lat' dir='ltr'><strong>per</strong></span> <span class='ocrx_word' id='word_1_454' title='bbox 2585 2726 2670 2766; x_wconf 89' lang='lat' dir='ltr'><strong>me</strong></span> <span class='ocrx_word' id='word_1_455' title='bbox 2709 2715 2906 2767; x_wconf 86' lang='lat' dir='ltr'><strong>mundo</strong></span> <span class='ocrx_word' id='word_1_456' title='bbox 2948 2714 3286 2769; x_wconf 77' lang='lat' dir='ltr'><strong>exbibitam?</strong></span> <span class='ocrx_word' id='word_1_457' title='bbox 3335 2713 3398 2767; x_wconf 75' lang='lat' dir='ltr'><strong>Et</strong></span> 
     </span>
    </p>
   </div>
   <div class='ocr_carea' id='block_1_59' title="bbox 1812 2803 3396 2874">
    <p class='ocr_par' dir='ltr' id='par_1_59' title="bbox 1812 2803 3396 2874">
     <span class='ocr_line' id='line_1_59' title="bbox 1812 2803 3396 2874; baseline -0.002 -16"><span class='ocrx_word' id='word_1_458' title='bbox 1812 2803 2052 2873; x_wconf 85' lang='lat' dir='ltr'><strong>nunquid</strong></span> <span class='ocrx_word' id='word_1_459' title='bbox 2100 2803 2344 2858; x_wconf 81' lang='lat' dir='ltr'><strong>narrabit</strong></span> <span class='ocrx_word' id='word_1_460' title='bbox 2393 2803 2588 2873; x_wconf 83' lang='lat' dir='ltr'><strong>aliquis</strong></span> <span class='ocrx_word' id='word_1_461' title='bbox 2617 2804 2883 2857; x_wconf 84' lang='lat' dir='ltr'><strong>veritatem</strong></span> <span class='ocrx_word' id='word_1_462' title='bbox 2913 2814 3075 2866; x_wconf 85' lang='lat' dir='ltr'><strong>luam,</strong></span> <span class='ocrx_word' id='word_1_463' title='bbox 3126 2805 3176 2856; x_wconf 86' lang='lat' dir='ltr'><strong>in</strong></span> <span class='ocrx_word' id='word_1_464' title='bbox 3219 2805 3366 2874; x_wconf 84' lang='lat' dir='ltr'><strong>perdi</strong></span> <span class='ocrx_word' id='word_1_465' title='bbox 3383 2833 3396 2842; x_wconf 85' lang='lat'><strong>-</strong></span> 
     </span>
    </p>
   </div>
   <div class='ocr_carea' id='block_1_60' title="bbox 1812 2893 3397 2966">
    <p class='ocr_par' dir='ltr' id='par_1_60' title="bbox 1812 2893 3397 2966">
     <span class='ocr_line' id='line_1_60' title="bbox 1812 2893 3397 2966; baseline 0 -18"><span class='ocrx_word' id='word_1_466' title='bbox 1812 2894 1966 2958; x_wconf 81' lang='lat' dir='ltr'><strong>tione,</strong></span> <span class='ocrx_word' id='word_1_467' title='bbox 2001 2894 2053 2948; x_wconf 90' lang='lat' dir='ltr'><strong>id</strong></span> <span class='ocrx_word' id='word_1_468' title='bbox 2079 2903 2197 2959; x_wconf 89' lang='lat' dir='ltr'><strong>est,</strong></span> <span class='ocrx_word' id='word_1_469' title='bbox 2247 2894 2351 2949; x_wconf 90' lang='lat' dir='ltr'><strong>illis</strong></span> <span class='ocrx_word' id='word_1_470' title='bbox 2392 2895 2482 2964; x_wconf 87' lang='lat' dir='ltr'><strong>qui</strong></span> <span class='ocrx_word' id='word_1_471' title='bbox 2523 2893 2634 2965; x_wconf 86' lang='lat' dir='ltr'><strong>jam</strong></span> <span class='ocrx_word' id='word_1_472' title='bbox 2690 2893 2902 2948; x_wconf 80' lang='lat' dir='ltr'><strong>ivernnt</strong></span> <span class='ocrx_word' id='word_1_473' title='bbox 2941 2893 2992 2947; x_wconf 89' lang='lat' dir='ltr'><strong>in</strong></span> <span class='ocrx_word' id='word_1_474' title='bbox 3044 2893 3397 2966; x_wconf 82' lang='lat' dir='ltr'><strong>perditionmn</strong></span> 
     </span>
    </p>
   </div>
   <div class='ocr_carea' id='block_1_61' title="bbox 1811 2984 3397 3057">
    <p class='ocr_par' dir='ltr' id='par_1_61' title="bbox 1811 2984 3397 3057">
     <span class='ocr_line' id='line_1_61' title="bbox 1811 2984 3397 3057; baseline -0.001 -16"><span class='ocrx_word' id='word_1_475' title='bbox 1811 2986 2195 3056; x_wconf 81' lang='lat' dir='ltr'><strong>peccatorum?</strong></span> <span class='ocrx_word' id='word_1_476' title='bbox 2252 2984 2320 3041; x_wconf 83' lang='lat' dir='ltr'><strong>Et</strong></span> <span class='ocrx_word' id='word_1_477' title='bbox 2387 2985 2512 3057; x_wconf 87' lang='lat' dir='ltr'><strong>quia</strong></span> <span class='ocrx_word' id='word_1_478' title='bbox 2577 2995 2807 3056; x_wconf 87' lang='lat' dir='ltr'><strong>possunt</strong></span> <span class='ocrx_word' id='word_1_479' title='bbox 2855 2987 3064 3040; x_wconf 86' lang='lat' dir='ltr'><strong>narrari</strong></span> <span class='ocrx_word' id='word_1_480' title='bbox 3134 2984 3397 3039; x_wconf 84' lang='lat' dir='ltr'><strong>mirabilia</strong></span> 
     </span>
    </p>
   </div>
   <div class='ocr_carea' id='block_1_62' title="bbox 1812 3078 3399 3151">
    <p class='ocr_par' dir='ltr' id='par_1_62' title="bbox 1812 3078 3399 3151">
     <span class='ocr_line' id='line_1_62' title="bbox 1812 3078 3399 3151; baseline -0.003 -17"><span class='ocrx_word' id='word_1_481' title='bbox 1812 3079 2021 3134; x_wconf 81' lang='lat' dir='ltr'><strong>Domini</strong></span> <span class='ocrx_word' id='word_1_482' title='bbox 2052 3079 2194 3134; x_wconf 86' lang='lat' dir='ltr'><strong>inter</strong></span> <span class='ocrx_word' id='word_1_483' title='bbox 2218 3088 2554 3151; x_wconf 85' lang='lat' dir='ltr'><strong>peccatores,</strong></span> <span class='ocrx_word' id='word_1_484' title='bbox 2583 3080 2676 3135; x_wconf 89' lang='lat' dir='ltr'><strong>sed</strong></span> <span class='ocrx_word' id='word_1_485' title='bbox 2706 3078 2966 3134; x_wconf 80' lang='lat' dir='ltr'><strong>inutiliter</strong></span> <span class='ocrx_word' id='word_1_486' title='bbox 2996 3079 3096 3142; x_wconf 88' lang='lat' dir='ltr'><strong>eis,</strong></span> <span class='ocrx_word' id='word_1_487' title='bbox 3138 3080 3260 3148; x_wconf 88' lang='lat' dir='ltr'><strong>quia</strong></span> <span class='ocrx_word' id='word_1_488' title='bbox 3294 3092 3399 3132; x_wconf 89' lang='lat' dir='ltr'><strong>non</strong></span> 
     </span>
    </p>
   </div>
   <div class='ocr_carea' id='block_1_63' title="bbox 1813 3169 3398 3244">
    <p class='ocr_par' dir='ltr' id='par_1_63' title="bbox 1813 3169 3398 3244">
     <span class='ocr_line' id='line_1_63' title="bbox 1813 3169 3398 3244; baseline -0.001 -17"><span class='ocrx_word' id='word_1_489' title='bbox 1813 3188 1944 3227; x_wconf 86' lang='lat' dir='ltr'><strong>aure</strong></span> <span class='ocrx_word' id='word_1_490' title='bbox 1978 3173 2226 3228; x_wconf 88' lang='lat' dir='ltr'><strong>audiendi</strong></span> <span class='ocrx_word' id='word_1_491' title='bbox 2266 3172 2518 3238; x_wconf 86' lang='lat' dir='ltr'><strong>audiunt,</strong></span> <span class='ocrx_word' id='word_1_492' title='bbox 2551 3171 2827 3244; x_wconf 82' lang='lat' dir='ltr'><strong>subjungit</strong></span> <span class='ocrx_word' id='word_1_493' title='bbox 2871 3185 2886 3226; x_wconf 90' lang='lat'><strong>:</strong></span> <span class='ocrx_word' id='word_1_494' title='bbox 2921 3169 3177 3243; x_wconf 85' lang='lat' dir='ltr'><strong>Nunquid</strong></span> <span class='ocrx_word' id='word_1_495' title='bbox 3206 3188 3398 3242; x_wconf 82' lang='lat' dir='ltr'><strong>cogno-</strong></span> 
     </span>
    </p>
   </div>
   <div class='ocr_carea' id='block_1_64' title="bbox 1811 3261 3395 3329">
    <p class='ocr_par' dir='ltr' id='par_1_64' title="bbox 1811 3261 3395 3329">
     <span class='ocr_line' id='line_1_64' title="bbox 1811 3261 3395 3329; baseline -0.003 -10"><span class='ocrx_word' id='word_1_496' title='bbox 1811 3272 2021 3319; x_wconf 84' lang='lat' dir='ltr'><strong>scentur</strong></span> <span class='ocrx_word' id='word_1_497' title='bbox 2045 3264 2102 3318; x_wconf 89' lang='lat' dir='ltr'><strong>in</strong></span> <span class='ocrx_word' id='word_1_498' title='bbox 2149 3264 2393 3329; x_wconf 82' lang='lat' dir='ltr'><strong>tenebris,</strong></span> <span class='ocrx_word' id='word_1_499' title='bbox 2444 3263 2494 3317; x_wconf 88' lang='lat' dir='ltr'><strong>id</strong></span> <span class='ocrx_word' id='word_1_500' title='bbox 2525 3272 2628 3329; x_wconf 86' lang='lat' dir='ltr'><strong>est,</strong></span> <span class='ocrx_word' id='word_1_501' title='bbox 2659 3264 2710 3317; x_wconf 90' lang='lat' dir='ltr'><strong>in</strong></span> <span class='ocrx_word' id='word_1_502' title='bbox 2745 3263 3043 3318; x_wconf 87' lang='lat' dir='ltr'><strong>tenebrosis</strong></span> <span class='ocrx_word' id='word_1_503' title='bbox 3066 3261 3395 3326; x_wconf 82' lang='lat' dir='ltr'><strong>hominibus,</strong></span> 
     </span>
    </p>
   </div>
   <div class='ocr_carea' id='block_1_65' title="bbox 1735 3307 3401 3428">
    <p class='ocr_par' dir='ltr' id='par_1_65' title="bbox 1735 3307 3401 3428">
     <span class='ocr_line' id='line_1_65' title="bbox 1811 3307 3395 3329; baseline -0.001 -13"><span class='ocrx_word' id='word_1_504' title='bbox 1811 3307 2007 3319; x_wconf 57' lang='lat' dir='ltr'><strong>ww.-.</strong></span> <span class='ocrx_word' id='word_1_505' title='bbox 2149 3307 2393 3329; x_wconf 63' lang='grc' dir='ltr'><strong>,νηννηη</strong></span> <span class='ocrx_word' id='word_1_506' title='bbox 2527 3307 2628 3329; x_wconf 50' lang='grc' dir='ltr'><strong>ιω,</strong></span> <span class='ocrx_word' id='word_1_507' title='bbox 2745 3307 3043 3318; x_wconf 61' lang='grc' dir='ltr'><strong>..ηηηηηηυ</strong></span> 
     </span>
     <span class='ocr_line' id='line_1_66' title="bbox 1735 3307 3401 3428; baseline -0.004 -16"><span class='ocrx_word' id='word_1_508' title='bbox 1735 3307 1785 3386; x_wconf 63' lang='lat' dir='ltr'>c</span> <span class='ocrx_word' id='word_1_509' title='bbox 1814 3358 1934 3414; x_wconf 88' lang='lat' dir='ltr'><strong>luce</strong></span> <span class='ocrx_word' id='word_1_510' title='bbox 1969 3357 2246 3428; x_wconf 71' lang='lat' dir='ltr'><strong>sapientiae</strong></span> <span class='ocrx_word' id='word_1_511' title='bbox 2276 3357 2605 3420; x_wconf 87' lang='lat' dir='ltr'><strong>carentibus,</strong></span> <span class='ocrx_word' id='word_1_512' title='bbox 2630 3355 2894 3421; x_wconf 83' lang='lat' dir='ltr'><strong>mirabilia</strong></span> <span class='ocrx_word' id='word_1_513' title='bbox 2923 3365 3013 3409; x_wconf 86' lang='lat' dir='ltr'><strong>tua</strong></span> <span class='ocrx_word' id='word_1_514' title='bbox 3048 3369 3165 3423; x_wconf 83' lang='lat' dir='ltr'><strong>quae</strong></span> <span class='ocrx_word' id='word_1_515' title='bbox 3193 3367 3288 3423; x_wconf 90' lang='lat' dir='ltr'><strong>per</strong></span> <span class='ocrx_word' id='word_1_516' title='bbox 3315 3367 3401 3407; x_wconf 91' lang='lat' dir='ltr'><strong>me</strong></span> 
     </span>
    </p>
   </div>
   <div class='ocr_carea' id='block_1_66' title="bbox 1815 3450 3399 3522">
    <p class='ocr_par' dir='ltr' id='par_1_66' title="bbox 1815 3450 3399 3522">
     <span class='ocr_line' id='line_1_67' title="bbox 1815 3450 3399 3522; baseline -0.005 -13"><span class='ocrx_word' id='word_1_517' title='bbox 1815 3455 1958 3510; x_wconf 84' lang='lat' dir='ltr'><strong>facta</strong></span> <span class='ocrx_word' id='word_1_518' title='bbox 1989 3461 2145 3520; x_wconf 90' lang='lat' dir='ltr'><strong>sunt;</strong></span> <span class='ocrx_word' id='word_1_519' title='bbox 2189 3459 2242 3507; x_wconf 93' lang='lat' dir='ltr'><strong>et</strong></span> <span class='ocrx_word' id='word_1_520' title='bbox 2270 3452 2512 3521; x_wconf 87' lang='lat' dir='ltr'><strong>nunquid</strong></span> <span class='ocrx_word' id='word_1_521' title='bbox 2557 3458 2908 3522; x_wconf 80' lang='lat' dir='ltr'><strong>cognoscetur</strong></span> <span class='ocrx_word' id='word_1_522' title='bbox 2941 3450 3150 3520; x_wconf 82' lang='lat' dir='ltr'><strong>justitia</strong></span> <span class='ocrx_word' id='word_1_523' title='bbox 3177 3458 3267 3503; x_wconf 89' lang='lat' dir='ltr'><strong>tua</strong></span> <span class='ocrx_word' id='word_1_524' title='bbox 3295 3462 3399 3518; x_wconf 85' lang='lat' dir='ltr'><strong>qua</strong></span> 
     </span>
    </p>
   </div>
   <div class='ocr_carea' id='block_1_67' title="bbox 122 3538 3400 3618">
    <p class='ocr_par' dir='ltr' id='par_1_67' title="bbox 122 3538 3400 3618">
     <span class='ocr_line' id='line_1_68' title="bbox 122 3538 3400 3618; baseline -0.005 -16"><span class='ocrx_word' id='word_1_525' title='bbox 122 3551 192 3602; x_wconf 90' lang='lat' dir='ltr'><strong>tui</strong></span> <span class='ocrx_word' id='word_1_526' title='bbox 212 3558 293 3602; x_wconf 88' lang='lat' dir='ltr'><strong>:et</strong></span> <span class='ocrx_word' id='word_1_527' title='bbox 320 3547 376 3600; x_wconf 89' lang='lat' dir='ltr'><strong>in</strong></span> <span class='ocrx_word' id='word_1_528' title='bbox 399 3545 584 3599; x_wconf 89' lang='lat' dir='ltr'><strong>umbra</strong></span> <span class='ocrx_word' id='word_1_529' title='bbox 612 3544 816 3610; x_wconf 85' lang='lat' dir='ltr'><strong>mortis,</strong></span> <span class='ocrx_word' id='word_1_530' title='bbox 845 3544 896 3598; x_wconf 87' lang='lat' dir='ltr'><strong>id</strong></span> <span class='ocrx_word' id='word_1_531' title='bbox 917 3551 1022 3609; x_wconf 92' lang='lat' dir='ltr'><strong>est,</strong></span> <span class='ocrx_word' id='word_1_532' title='bbox 1051 3543 1105 3598; x_wconf 89' lang='lat' dir='ltr'><strong>in</strong></span> <span class='ocrx_word' id='word_1_533' title='bbox 1129 3539 1429 3614; x_wconf 78' lang='lat' dir='ltr'><strong>ignorantia</strong></span> <span class='ocrx_word' id='word_1_534' title='bbox 1445 3538 1711 3610; x_wconf 81' lang='lat' dir='ltr'><strong>veritatis,</strong></span> <span class='ocrx_word' id='word_1_535' title='bbox 1808 3547 2075 3618; x_wconf 69' lang='lat' dir='ltr'><strong>iustiﬁcas</strong></span> <span class='ocrx_word' id='word_1_536' title='bbox 2103 3545 2345 3617; x_wconf 65' lang='lat' dir='ltr'><strong>impium,</strong></span> <span class='ocrx_word' id='word_1_537' title='bbox 2373 3545 2428 3599; x_wconf 75' lang='grc' dir='ltr'><strong>ξη</strong></span> <span class='ocrx_word' id='word_1_538' title='bbox 2454 3553 2594 3599; x_wconf 68' lang='lat' dir='ltr'><strong>rem;</strong></span> <span class='ocrx_word' id='word_1_539' title='bbox 2625 3543 2914 3610; x_wconf 69' lang='grc' dir='ltr'><strong>οωίυῑοηίε,</strong></span> <span class='ocrx_word' id='word_1_540' title='bbox 2962 3543 3014 3598; x_wconf 74' lang='lat' dir='ltr'><strong>id</strong></span> <span class='ocrx_word' id='word_1_541' title='bbox 3059 3551 3142 3598; x_wconf 59' lang='lat' dir='ltr'><strong>est</strong></span> <span class='ocrx_word' id='word_1_542' title='bbox 3169 3585 3183 3609; x_wconf 49' lang='grc' dir='ltr'><strong>ν</strong></span> <span class='ocrx_word' id='word_1_543' title='bbox 3212 3543 3265 3600; x_wconf 79' lang='lat' dir='ltr'><strong>in</strong></span> <span class='ocrx_word' id='word_1_544' title='bbox 3294 3543 3400 3598; x_wconf 70' lang='lat' dir='ltr'><strong>illis</strong></span> 
     </span>
    </p>
   </div>
   <div class='ocr_carea' id='block_1_68' title="bbox 119 3629 1715 3711">
    <p class='ocr_par' dir='ltr' id='par_1_68' title="bbox 119 3629 1715 3711">
     <span class='ocr_line' id='line_1_69' title="bbox 119 3629 1715 3711; baseline -0.004 -19"><span class='ocrx_word' id='word_1_545' title='bbox 119 3656 234 3711; x_wconf 68' lang='lat' dir='ltr'><strong>qua!</strong></span> <span class='ocrx_word' id='word_1_546' title='bbox 287 3645 521 3693; x_wconf 89' lang='lat' dir='ltr'><strong>mortem</strong></span> <span class='ocrx_word' id='word_1_547' title='bbox 565 3634 726 3692; x_wconf 81' lang='lat' dir='ltr'><strong>infert</strong></span> <span class='ocrx_word' id='word_1_548' title='bbox 770 3650 786 3691; x_wconf 88' lang='lat'><strong>:</strong></span> <span class='ocrx_word' id='word_1_549' title='bbox 830 3644 884 3691; x_wconf 90' lang='lat' dir='ltr'><strong>et</strong></span> <span class='ocrx_word' id='word_1_550' title='bbox 936 3635 1040 3690; x_wconf 87' lang='lat' dir='ltr'><strong>hoc</strong></span> <span class='ocrx_word' id='word_1_551' title='bbox 1080 3649 1186 3689; x_wconf 91' lang='lat' dir='ltr'><strong>non</strong></span> <span class='ocrx_word' id='word_1_552' title='bbox 1235 3641 1496 3696; x_wconf 85' lang='lat' dir='ltr'><strong>merente,</strong></span> <span class='ocrx_word' id='word_1_553' title='bbox 1527 3629 1621 3686; x_wconf 91' lang='lat' dir='ltr'><strong>sed</strong></span> <span class='ocrx_word' id='word_1_554' title='bbox 1664 3640 1715 3686; x_wconf 88' lang='lat' dir='ltr'><strong>te</strong></span> 
     </span>
    </p>
   </div>
   <div class='ocr_carea' id='block_1_69' title="bbox 120 3723 1712 3796">
    <p class='ocr_par' dir='ltr' id='par_1_69' title="bbox 120 3723 1712 3796">
     <span class='ocr_line' id='line_1_70' title="bbox 120 3723 1712 3796; baseline -0.003 -14"><span class='ocrx_word' id='word_1_555' title='bbox 120 3731 371 3796; x_wconf 70' lang='lat' dir='ltr'><strong>volente;</strong></span> <span class='ocrx_word' id='word_1_556' title='bbox 402 3744 503 3784; x_wconf 91' lang='lat' dir='ltr'><strong>nec</strong></span> <span class='ocrx_word' id='word_1_557' title='bbox 528 3743 716 3784; x_wconf 88' lang='lat' dir='ltr'><strong>eorum</strong></span> <span class='ocrx_word' id='word_1_558' title='bbox 741 3727 1018 3782; x_wconf 83' lang='lat' dir='ltr'><strong>voluntate</strong></span> <span class='ocrx_word' id='word_1_559' title='bbox 1037 3766 1052 3792; x_wconf 94' lang='lat'><strong>,</strong></span> <span class='ocrx_word' id='word_1_560' title='bbox 1076 3725 1170 3782; x_wconf 88' lang='lat' dir='ltr'><strong>sed</strong></span> <span class='ocrx_word' id='word_1_561' title='bbox 1200 3733 1290 3780; x_wconf 90' lang='lat' dir='ltr'><strong>tua</strong></span> <span class='ocrx_word' id='word_1_562' title='bbox 1315 3723 1712 3795; x_wconf 86' lang='lat' dir='ltr'><strong>permissione;</strong></span> 
     </span>
    </p>
   </div>
   <div class='ocr_carea' id='block_1_70' title="bbox 121 3812 1714 3892">
    <p class='ocr_par' dir='ltr' id='par_1_70' title="bbox 121 3812 1714 3892">
     <span class='ocr_line' id='line_1_71' title="bbox 121 3812 1714 3892; baseline -0.004 -18"><span class='ocrx_word' id='word_1_563' title='bbox 121 3824 242 3892; x_wconf 85' lang='lat' dir='ltr'><strong>quia</strong></span> <span class='ocrx_word' id='word_1_564' title='bbox 281 3837 444 3892; x_wconf 85' lang='lat' dir='ltr'><strong>super</strong></span> <span class='ocrx_word' id='word_1_565' title='bbox 471 3836 552 3875; x_wconf 91' lang='lat' dir='ltr'><strong>me</strong></span> <span class='ocrx_word' id='word_1_566' title='bbox 580 3819 918 3889; x_wconf 82' lang='lat' dir='ltr'><strong>conﬁrmatus</strong></span> <span class='ocrx_word' id='word_1_567' title='bbox 942 3828 1016 3873; x_wconf 88' lang='lat' dir='ltr'><strong>est</strong></span> <span class='ocrx_word' id='word_1_568' title='bbox 1044 3817 1196 3888; x_wconf 77' lang='lat' dir='ltr'><strong>furor</strong></span> <span class='ocrx_word' id='word_1_569' title='bbox 1222 3824 1344 3870; x_wconf 89' lang='lat' dir='ltr'><strong>tuus</strong></span> <span class='ocrx_word' id='word_1_570' title='bbox 1369 3856 1383 3883; x_wconf 95' lang='lat'><strong>,</strong></span> <span class='ocrx_word' id='word_1_571' title='bbox 1414 3815 1467 3871; x_wconf 92' lang='lat' dir='ltr'><strong>id</strong></span> <span class='ocrx_word' id='word_1_572' title='bbox 1495 3823 1600 3883; x_wconf 89' lang='lat' dir='ltr'><strong>est,</strong></span> <span class='ocrx_word' id='word_1_573' title='bbox 1631 3812 1714 3868; x_wconf 85' lang='lat' dir='ltr'><strong>ira</strong></span> 
     </span>
    </p>
   </div>
   <div class='ocr_carea' id='block_1_71' title="bbox 122 3905 1712 3973">
    <p class='ocr_par' dir='ltr' id='par_1_71' title="bbox 122 3905 1712 3973">
     <span class='ocr_line' id='line_1_72' title="bbox 122 3905 1712 3973; baseline -0.005 -7"><span class='ocrx_word' id='word_1_574' title='bbox 122 3923 205 3966; x_wconf 89' lang='lat' dir='ltr'><strong>tua</strong></span> <span class='ocrx_word' id='word_1_575' title='bbox 253 3928 371 3968; x_wconf 90' lang='lat' dir='ltr'><strong>non</strong></span> <span class='ocrx_word' id='word_1_576' title='bbox 402 3919 607 3966; x_wconf 85' lang='lat' dir='ltr'><strong>tantum</strong></span> <span class='ocrx_word' id='word_1_577' title='bbox 644 3918 728 3966; x_wconf 88' lang='lat' dir='ltr'><strong>est</strong></span> <span class='ocrx_word' id='word_1_578' title='bbox 753 3918 1040 3973; x_wconf 89' lang='lat' dir='ltr'><strong>commota,</strong></span> <span class='ocrx_word' id='word_1_579' title='bbox 1078 3909 1174 3965; x_wconf 85' lang='lat' dir='ltr'><strong>sed</strong></span> <span class='ocrx_word' id='word_1_580' title='bbox 1206 3908 1370 3965; x_wconf 90' lang='lat' dir='ltr'><strong>etiam</strong></span> <span class='ocrx_word' id='word_1_581' title='bbox 1395 3905 1712 3962; x_wconf 82' lang='lat' dir='ltr'><strong>conﬁrmata</strong></span> 
     </span>
    </p>
   </div>
   <div class='ocr_carea' id='block_1_72' title="bbox 122 3996 1714 4072">
    <p class='ocr_par' dir='ltr' id='par_1_72' title="bbox 122 3996 1714 4072">
     <span class='ocr_line' id='line_1_73' title="bbox 122 3996 1714 4072; baseline -0.004 -16"><span class='ocrx_word' id='word_1_582' title='bbox 122 4018 285 4072; x_wconf 82' lang='lat' dir='ltr'><strong>super</strong></span> <span class='ocrx_word' id='word_1_583' title='bbox 336 4015 422 4055; x_wconf 88' lang='lat' dir='ltr'><strong>me</strong></span> <span class='ocrx_word' id='word_1_584' title='bbox 469 4019 484 4055; x_wconf 89' lang='lat'><strong>:</strong></span> <span class='ocrx_word' id='word_1_585' title='bbox 533 4001 659 4071; x_wconf 89' lang='lat' dir='ltr'><strong>quia</strong></span> <span class='ocrx_word' id='word_1_586' title='bbox 700 4000 928 4055; x_wconf 86' lang='lat' dir='ltr'><strong>ﬁrmiter</strong></span> <span class='ocrx_word' id='word_1_587' title='bbox 947 4002 1208 4070; x_wconf 90' lang='lat' dir='ltr'><strong>quosdam</strong></span> <span class='ocrx_word' id='word_1_588' title='bbox 1258 3997 1468 4070; x_wconf 89' lang='lat' dir='ltr'><strong>opinari</strong></span> <span class='ocrx_word' id='word_1_589' title='bbox 1513 3996 1714 4062; x_wconf 83' lang='lat' dir='ltr'><strong>fecisti,</strong></span> 
     </span>
    </p>
   </div>
   <div class='ocr_carea' id='block_1_73' title="bbox 123 4090 1716 4169">
    <p class='ocr_par' dir='ltr' id='par_1_73' title="bbox 123 4090 1716 4169">
     <span class='ocr_line' id='line_1_74' title="bbox 123 4090 1716 4169; baseline -0.002 -21"><span class='ocrx_word' id='word_1_590' title='bbox 123 4111 200 4150; x_wconf 90' lang='lat' dir='ltr'><strong>me</strong></span> <span class='ocrx_word' id='word_1_591' title='bbox 224 4109 358 4150; x_wconf 84' lang='lat' dir='ltr'><strong>esse</strong></span> <span class='ocrx_word' id='word_1_592' title='bbox 383 4093 692 4168; x_wconf 89' lang='lat' dir='ltr'><strong>derelictum</strong></span> <span class='ocrx_word' id='word_1_593' title='bbox 722 4108 752 4147; x_wconf 87' lang='lat' dir='ltr'><strong>a</strong></span> <span class='ocrx_word' id='word_1_594' title='bbox 785 4101 837 4169; x_wconf 87' lang='lat' dir='ltr'><strong>te</strong></span> <span class='ocrx_word' id='word_1_595' title='bbox 887 4113 900 4149; x_wconf 92' lang='lat'>:</span> <span class='ocrx_word' id='word_1_596' title='bbox 947 4104 995 4149; x_wconf 82' lang='lat' dir='ltr'><strong>et</strong></span> <span class='ocrx_word' id='word_1_597' title='bbox 1037 4110 1212 4150; x_wconf 85' lang='lat' dir='ltr'><strong>omnes</strong></span> <span class='ocrx_word' id='word_1_598' title='bbox 1258 4095 1450 4163; x_wconf 79' lang='lat' dir='ltr'><strong>ﬂuctus</strong></span> <span class='ocrx_word' id='word_1_599' title='bbox 1497 4100 1633 4158; x_wconf 88' lang='lat' dir='ltr'><strong>tuos,</strong></span> <span class='ocrx_word' id='word_1_600' title='bbox 1661 4090 1716 4145; x_wconf 90' lang='lat' dir='ltr'><strong>id</strong></span> 
     </span>
    </p>
   </div>
   <div class='ocr_carea' id='block_1_74' title="bbox 121 4184 1712 4256">
    <p class='ocr_par' dir='ltr' id='par_1_74' title="bbox 121 4184 1712 4256">
     <span class='ocr_line' id='line_1_75' title="bbox 121 4184 1712 4256; baseline -0.002 -15"><span class='ocrx_word' id='word_1_601' title='bbox 121 4197 229 4252; x_wconf 69' lang='lat' dir='ltr'><strong>est,</strong></span> <span class='ocrx_word' id='word_1_602' title='bbox 281 4185 470 4241; x_wconf 88' lang='lat' dir='ltr'><strong>omnia</strong></span> <span class='ocrx_word' id='word_1_603' title='bbox 515 4184 752 4255; x_wconf 85' lang='lat' dir='ltr'><strong>pericula</strong></span> <span class='ocrx_word' id='word_1_604' title='bbox 805 4200 924 4256; x_wconf 67' lang='lat' dir='ltr'><strong>quae</strong></span> <span class='ocrx_word' id='word_1_605' title='bbox 964 4195 1117 4241; x_wconf 80' lang='lat' dir='ltr'><strong>extra</strong></span> <span class='ocrx_word' id='word_1_606' title='bbox 1169 4185 1341 4240; x_wconf 90' lang='lat' dir='ltr'><strong>solent</strong></span> <span class='ocrx_word' id='word_1_607' title='bbox 1385 4184 1712 4254; x_wconf 83' lang='lat' dir='ltr'><strong>procedere,</strong></span> 
     </span>
    </p>
   </div>
   <div class='ocr_carea' id='block_1_75' title="bbox 119 4269 1714 4353">
    <p class='ocr_par' dir='ltr' id='par_1_75' title="bbox 119 4269 1714 4353">
     <span class='ocr_line' id='line_1_76' title="bbox 119 4269 1714 4353; baseline -0.001 -23"><span class='ocrx_word' id='word_1_608' title='bbox 119 4278 379 4333; x_wconf 71' lang='lat' dir='ltr'><strong>induxisti</strong></span> <span class='ocrx_word' id='word_1_609' title='bbox 405 4293 559 4348; x_wconf 83' lang='lat' dir='ltr'><strong>super</strong></span> <span class='ocrx_word' id='word_1_610' title='bbox 594 4293 693 4332; x_wconf 87' lang='lat' dir='ltr'><strong>me.</strong></span> <span class='ocrx_word' id='word_1_611' title='bbox 723 4269 878 4353; x_wconf 66' lang='lat' dir='ltr'><strong>Qudd</strong></span> <span class='ocrx_word' id='word_1_612' title='bbox 905 4276 1028 4332; x_wconf 89' lang='lat' dir='ltr'><strong>alibi</strong></span> <span class='ocrx_word' id='word_1_613' title='bbox 1057 4276 1275 4345; x_wconf 88' lang='lat' dir='ltr'><strong>dicitur,</strong></span> <span class='ocrx_word' id='word_1_614' title='bbox 1307 4277 1482 4331; x_wconf 87' lang='lat' dir='ltr'><strong>omnia</strong></span> <span class='ocrx_word' id='word_1_615' title='bbox 1510 4273 1714 4330; x_wconf 77' lang='lat' dir='ltr'><strong>excelsa</strong></span> 
     </span>
    </p>
   </div>
   <div class='ocr_carea' id='block_1_76' title="bbox 119 4365 1710 4444">
    <p class='ocr_par' dir='ltr' id='par_1_76' title="bbox 119 4365 1710 4444">
     <span class='ocr_line' id='line_1_77' title="bbox 119 4365 1710 4444; baseline -0.003 -20"><span class='ocrx_word' id='word_1_616' title='bbox 119 4383 203 4425; x_wconf 87' lang='lat' dir='ltr'><strong>tua</strong></span> <span class='ocrx_word' id='word_1_617' title='bbox 231 4380 289 4424; x_wconf 83' lang='lat' dir='ltr'><strong>et</strong></span> <span class='ocrx_word' id='word_1_618' title='bbox 328 4371 519 4442; x_wconf 77' lang='lat' dir='ltr'><strong>[luctus</strong></span> <span class='ocrx_word' id='word_1_619' title='bbox 560 4371 637 4424; x_wconf 82' lang='lat' dir='ltr'><strong>tui</strong></span> <span class='ocrx_word' id='word_1_620' title='bbox 681 4385 837 4444; x_wconf 84' lang='lat' dir='ltr'><strong>super</strong></span> <span class='ocrx_word' id='word_1_621' title='bbox 862 4384 944 4441; x_wconf 86' lang='lat' dir='ltr'><strong>me</strong></span> <span class='ocrx_word' id='word_1_622' title='bbox 988 4369 1307 4424; x_wconf 85' lang='lat' dir='ltr'><strong>transierunt</strong></span> <span class='ocrx_word' id='word_1_623' title='bbox 1353 4365 1526 4439; x_wconf 86' lang='lat' dir='ltr'><strong>(Psal.</strong></span> <span class='ocrx_word' id='word_1_624' title='bbox 1577 4366 1710 4438; x_wconf 79' lang='lat' dir='ltr'><strong>xu).</strong></span> 
     </span>
    </p>
   </div>
   <div class='ocr_carea' id='block_1_77' title="bbox 123 4459 1708 4529">
    <p class='ocr_par' dir='ltr' id='par_1_77' title="bbox 123 4459 1708 4529">
     <span class='ocr_line' id='line_1_78' title="bbox 123 4459 1708 4529; baseline -0.003 -14"><span class='ocrx_word' id='word_1_625' title='bbox 123 4462 181 4515; x_wconf 82' lang='lat' dir='ltr'><strong>Et</strong></span> <span class='ocrx_word' id='word_1_626' title='bbox 209 4460 460 4517; x_wconf 79' lang='lat' dir='ltr'><strong>ostendit</strong></span> <span class='ocrx_word' id='word_1_627' title='bbox 485 4460 714 4529; x_wconf 88' lang='lat' dir='ltr'><strong>qualiter</strong></span> <span class='ocrx_word' id='word_1_628' title='bbox 745 4460 958 4516; x_wconf 79' lang='lat' dir='ltr'><strong>induxit</strong></span> <span class='ocrx_word' id='word_1_629' title='bbox 985 4459 1182 4515; x_wconf 80' lang='lat' dir='ltr'><strong>ﬂuctus</strong></span> <span class='ocrx_word' id='word_1_630' title='bbox 1204 4459 1463 4516; x_wconf 90' lang='lat' dir='ltr'><strong>Dominus</strong></span> <span class='ocrx_word' id='word_1_631' title='bbox 1488 4459 1670 4513; x_wconf 87' lang='lat' dir='ltr'><strong>dicens</strong></span> <span class='ocrx_word' id='word_1_632' title='bbox 1695 4475 1708 4511; x_wconf 87' lang='lat'><strong>:</strong></span> 
     </span>
    </p>
   </div>
   <div class='ocr_carea' id='block_1_78' title="bbox 120 4554 1733 4628">
    <p class='ocr_par' dir='ltr' id='par_1_78' title="bbox 120 4554 1733 4628">
     <span class='ocr_line' id='line_1_79' title="bbox 120 4554 1733 4628; baseline -0.002 -19"><span class='ocrx_word' id='word_1_633' title='bbox 120 4555 297 4628; x_wconf 82' lang='lat' dir='ltr'><strong>Longe</strong></span> <span class='ocrx_word' id='word_1_634' title='bbox 321 4555 488 4624; x_wconf 79' lang='lat' dir='ltr'><strong>fecisti</strong></span> <span class='ocrx_word' id='word_1_635' title='bbox 513 4564 660 4608; x_wconf 84' lang='lat' dir='ltr'><strong>notas</strong></span> <span class='ocrx_word' id='word_1_636' title='bbox 690 4570 829 4608; x_wconf 88' lang='lat' dir='ltr'><strong>nteos</strong></span> <span class='ocrx_word' id='word_1_637' title='bbox 855 4569 886 4608; x_wconf 90' lang='lat' dir='ltr'><strong>a</strong></span> <span class='ocrx_word' id='word_1_638' title='bbox 913 4569 1014 4619; x_wconf 88' lang='lat' dir='ltr'><strong>me,</strong></span> <span class='ocrx_word' id='word_1_639' title='bbox 1057 4554 1110 4608; x_wconf 90' lang='lat' dir='ltr'><strong>id</strong></span> <span class='ocrx_word' id='word_1_640' title='bbox 1137 4561 1241 4618; x_wconf 85' lang='lat' dir='ltr'><strong>est,</strong></span> <span class='ocrx_word' id='word_1_641' title='bbox 1264 4561 1518 4624; x_wconf 88' lang='lat' dir='ltr'><strong>parentes</strong></span> <span class='ocrx_word' id='word_1_642' title='bbox 1540 4556 1733 4616; x_wconf 80' lang='lat' dir='ltr'><strong>meos,‘</strong></span> 
     </span>
    </p>
   </div>
   <div class='ocr_carea' id='block_1_79' title="bbox 1816 3634 3402 3712">
    <p class='ocr_par' dir='ltr' id='par_1_79' title="bbox 1816 3634 3402 3712">
     <span class='ocr_line' id='line_1_80' title="bbox 1816 3634 3402 3712; baseline -0.003 -18"><span class='ocrx_word' id='word_1_643' title='bbox 1816 3640 1906 3711; x_wconf 90' lang='lat' dir='ltr'><strong>qui</strong></span> <span class='ocrx_word' id='word_1_644' title='bbox 1933 3639 2042 3712; x_wconf 80' lang='lat' dir='ltr'><strong>jam</strong></span> <span class='ocrx_word' id='word_1_645' title='bbox 2073 3647 2216 3693; x_wconf 91' lang='lat' dir='ltr'><strong>terra</strong></span> <span class='ocrx_word' id='word_1_646' title='bbox 2244 3646 2390 3703; x_wconf 87' lang='lat' dir='ltr'><strong>sunt,</strong></span> <span class='ocrx_word' id='word_1_647' title='bbox 2413 3644 2469 3691; x_wconf 90' lang='lat' dir='ltr'><strong>et</strong></span> <span class='ocrx_word' id='word_1_648' title='bbox 2493 3636 2643 3693; x_wconf 83' lang='lat' dir='ltr'><strong>obliti</strong></span> <span class='ocrx_word' id='word_1_649' title='bbox 2673 3643 2799 3691; x_wconf 91' lang='lat' dir='ltr'><strong>sunt</strong></span> <span class='ocrx_word' id='word_1_650' title='bbox 2827 3652 2885 3692; x_wconf 90' lang='lat' dir='ltr'><strong>se</strong></span> <span class='ocrx_word' id='word_1_651' title='bbox 2915 3635 3083 3692; x_wconf 77' lang='lat' dir='ltr'><strong>fuisse</strong></span> <span class='ocrx_word' id='word_1_652' title='bbox 3107 3634 3402 3691; x_wconf 87' lang='lat' dir='ltr'><strong>rationabi-</strong></span> 
     </span>
    </p>
   </div>
   <div class='ocr_carea' id='block_1_80' title="bbox 1815 3722 3402 3798">
    <p class='ocr_par' dir='ltr' id='par_1_80' title="bbox 1815 3722 3402 3798">
     <span class='ocr_line' id='line_1_81' title="bbox 1815 3722 3402 3798; baseline -0.003 -12"><span class='ocrx_word' id='word_1_653' title='bbox 1815 3722 2476 3786; x_wconf 28' lang='lat' dir='ltr'><strong>lem&#39;creaturam?Non.</strong></span> <span class='ocrx_word' id='word_1_654' title='bbox 2519 3727 2587 3781; x_wconf 89' lang='lat' dir='ltr'><strong>Et</strong></span> <span class='ocrx_word' id='word_1_655' title='bbox 2637 3726 2762 3798; x_wconf 87' lang='lat' dir='ltr'><strong>quia</strong></span> <span class='ocrx_word' id='word_1_656' title='bbox 2791 3727 2948 3782; x_wconf 87' lang='lat' dir='ltr'><strong>video</strong></span> <span class='ocrx_word' id='word_1_657' title='bbox 2993 3742 3098 3782; x_wconf 92' lang='lat' dir='ltr'><strong>non</strong></span> <span class='ocrx_word' id='word_1_658' title='bbox 3146 3727 3402 3795; x_wconf 85' lang='lat' dir='ltr'><strong>prodesse</strong></span> 
     </span>
    </p>
   </div>
   <div class='ocr_carea' id='block_1_81' title="bbox 1816 3815 3402 3887">
    <p class='ocr_par' dir='ltr' id='par_1_81' title="bbox 1816 3815 3402 3887">
     <span class='ocr_line' id='line_1_82' title="bbox 1816 3815 3402 3887; baseline -0.006 -9"><span class='ocrx_word' id='word_1_659' title='bbox 1816 3822 2010 3879; x_wconf 86' lang='lat' dir='ltr'><strong>talibus</strong></span> <span class='ocrx_word' id='word_1_660' title='bbox 2049 3821 2317 3878; x_wconf 88' lang='lat' dir='ltr'><strong>mirabilia</strong></span> <span class='ocrx_word' id='word_1_661' title='bbox 2359 3830 2471 3887; x_wconf 90' lang='lat' dir='ltr'><strong>tua,</strong></span> <span class='ocrx_word' id='word_1_662' title='bbox 2517 3820 2638 3876; x_wconf 90' lang='lat' dir='ltr'><strong>ideo</strong></span> <span class='ocrx_word' id='word_1_663' title='bbox 2664 3818 2834 3874; x_wconf 85' lang='lat' dir='ltr'><strong>averti</strong></span> <span class='ocrx_word' id='word_1_664' title='bbox 2880 3833 2963 3874; x_wconf 90' lang='lat' dir='ltr'><strong>me</strong></span> <span class='ocrx_word' id='word_1_665' title='bbox 2992 3817 3060 3872; x_wconf 86' lang='lat' dir='ltr'><strong>ab</strong></span> <span class='ocrx_word' id='word_1_666' title='bbox 3105 3817 3224 3884; x_wconf 83' lang='lat' dir='ltr'><strong>illis,</strong></span> <span class='ocrx_word' id='word_1_667' title='bbox 3251 3826 3305 3870; x_wconf 84' lang='lat' dir='ltr'><strong>et</strong></span> <span class='ocrx_word' id='word_1_668' title='bbox 3333 3815 3402 3869; x_wconf 84' lang='lat' dir='ltr'><strong>ad</strong></span> 
     </span>
    </p>
   </div>
   <div class='ocr_carea' id='block_1_82' title="bbox 1815 3910 3403 3985">
    <p class='ocr_par' dir='ltr' id='par_1_82' title="bbox 1815 3910 3403 3985">
     <span class='ocr_line' id='line_1_83' title="bbox 1815 3910 3403 3985; baseline -0.006 -11"><span class='ocrx_word' id='word_1_669' title='bbox 1815 3931 1886 3985; x_wconf 86' lang='lat' dir='ltr'><strong>te,</strong></span> <span class='ocrx_word' id='word_1_670' title='bbox 1917 3917 2156 3984; x_wconf 80' lang='lat' dir='ltr'><strong>Domine,</strong></span> <span class='ocrx_word' id='word_1_671' title='bbox 2179 3922 2465 3972; x_wconf 87' lang='lat' dir='ltr'><strong>convertor</strong></span> <span class='ocrx_word' id='word_1_672' title='bbox 2491 3929 2590 3985; x_wconf 89' lang='lat' dir='ltr'><strong>pro</strong></span> <span class='ocrx_word' id='word_1_673' title='bbox 2617 3912 2858 3984; x_wconf 86' lang='lat' dir='ltr'><strong>reliquiis</strong></span> <span class='ocrx_word' id='word_1_674' title='bbox 2885 3910 3153 3966; x_wconf 85' lang='lat' dir='ltr'><strong>salvaudis</strong></span> <span class='ocrx_word' id='word_1_675' title='bbox 3184 3929 3194 3965; x_wconf 90' lang='lat'><strong>:</strong></span> <span class='ocrx_word' id='word_1_676' title='bbox 3226 3920 3271 3964; x_wconf 87' lang='lat' dir='ltr'><strong>et</strong></span> <span class='ocrx_word' id='word_1_677' title='bbox 3302 3911 3403 3964; x_wconf 89' lang='lat' dir='ltr'><strong>hoc</strong></span> 
     </span>
    </p>
   </div>
   <div class='ocr_carea' id='block_1_83' title="bbox 1814 4001 3404 4078">
    <p class='ocr_par' dir='ltr' id='par_1_83' title="bbox 1814 4001 3404 4078">
     <span class='ocr_line' id='line_1_84' title="bbox 1814 4001 3404 4078; baseline -0.008 -11"><span class='ocrx_word' id='word_1_678' title='bbox 1814 4026 1922 4067; x_wconf 89' lang='lat' dir='ltr'><strong>non</strong></span> <span class='ocrx_word' id='word_1_679' title='bbox 1951 4010 2168 4074; x_wconf 85' lang='lat' dir='ltr'><strong>frustra,</strong></span> <span class='ocrx_word' id='word_1_680' title='bbox 2209 4007 2335 4078; x_wconf 89' lang='lat' dir='ltr'><strong>quia</strong></span> <span class='ocrx_word' id='word_1_681' title='bbox 2359 4005 2526 4060; x_wconf 89' lang='lat' dir='ltr'><strong>oratio</strong></span> <span class='ocrx_word' id='word_1_682' title='bbox 2555 4015 2670 4074; x_wconf 85' lang='lat' dir='ltr'><strong>mea</strong></span> <span class='ocrx_word' id='word_1_683' title='bbox 2691 4004 2961 4077; x_wconf 74' lang='lat' dir='ltr'><strong>prreueuiet</strong></span> <span class='ocrx_word' id='word_1_684' title='bbox 2989 4013 3058 4067; x_wconf 86' lang='lat' dir='ltr'><strong>le,</strong></span> <span class='ocrx_word' id='word_1_685' title='bbox 3103 4001 3207 4056; x_wconf 90' lang='lat' dir='ltr'><strong>vim</strong></span> <span class='ocrx_word' id='word_1_686' title='bbox 3239 4015 3404 4056; x_wconf 86' lang='lat' dir='ltr'><strong>exau-</strong></span> 
     </span>
    </p>
   </div>
   <div class='ocr_carea' id='block_1_84' title="bbox 1817 4093 3403 4172">
    <p class='ocr_par' dir='ltr' id='par_1_84' title="bbox 1817 4093 3403 4172">
     <span class='ocr_line' id='line_1_85' title="bbox 1817 4093 3403 4172; baseline -0.008 -12"><span class='ocrx_word' id='word_1_687' title='bbox 1817 4102 2035 4160; x_wconf 91' lang='lat' dir='ltr'><strong>ditionis</strong></span> <span class='ocrx_word' id='word_1_688' title='bbox 2058 4101 2196 4172; x_wconf 84' lang='lat' dir='ltr'><strong>apud</strong></span> <span class='ocrx_word' id='word_1_689' title='bbox 2224 4110 2274 4156; x_wconf 88' lang='lat' dir='ltr'><strong>te</strong></span> <span class='ocrx_word' id='word_1_690' title='bbox 2304 4096 2568 4157; x_wconf 88' lang='lat' dir='ltr'><strong>obtinebit</strong></span> <span class='ocrx_word' id='word_1_691' title='bbox 2592 4117 2604 4154; x_wconf 90' lang='lat'><strong>:</strong></span> <span class='ocrx_word' id='word_1_692' title='bbox 2631 4098 2771 4168; x_wconf 87' lang='lat' dir='ltr'><strong>quod</strong></span> <span class='ocrx_word' id='word_1_693' title='bbox 2805 4095 3082 4170; x_wconf 88' lang='lat' dir='ltr'><strong>apparebit</strong></span> <span class='ocrx_word' id='word_1_694' title='bbox 3111 4112 3262 4150; x_wconf 86' lang='lat' dir='ltr'><strong>mane</strong></span> <span class='ocrx_word' id='word_1_695' title='bbox 3288 4137 3302 4161; x_wconf 94' lang='lat'><strong>,</strong></span> <span class='ocrx_word' id='word_1_696' title='bbox 3352 4093 3403 4150; x_wconf 87' lang='lat' dir='ltr'><strong>id</strong></span> 
     </span>
    </p>
   </div>
   <div class='ocr_carea' id='block_1_85' title="bbox 1817 4184 3406 4263">
    <p class='ocr_par' dir='ltr' id='par_1_85' title="bbox 1817 4184 3406 4263">
     <span class='ocr_line' id='line_1_86' title="bbox 1817 4184 3406 4263; baseline -0.009 -12"><span class='ocrx_word' id='word_1_697' title='bbox 1817 4203 1920 4262; x_wconf 89' lang='lat' dir='ltr'><strong>est,</strong></span> <span class='ocrx_word' id='word_1_698' title='bbox 1961 4194 2015 4249; x_wconf 90' lang='lat' dir='ltr'><strong>in</strong></span> <span class='ocrx_word' id='word_1_699' title='bbox 2043 4193 2391 4263; x_wconf 88' lang='lat' dir='ltr'><strong>reliquiarum</strong></span> <span class='ocrx_word' id='word_1_700' title='bbox 2423 4189 2741 4254; x_wconf 86' lang='lat' dir='ltr'><strong>salvatione,</strong></span> <span class='ocrx_word' id='word_1_701' title='bbox 2789 4188 2870 4242; x_wconf 80' lang='lat' dir='ltr'><strong>vel</strong></span> <span class='ocrx_word' id='word_1_702' title='bbox 2905 4188 2957 4242; x_wconf 93' lang='lat' dir='ltr'><strong>in</strong></span> <span class='ocrx_word' id='word_1_703' title='bbox 3004 4186 3274 4241; x_wconf 89' lang='lat' dir='ltr'><strong>communi</strong></span> <span class='ocrx_word' id='word_1_704' title='bbox 3300 4184 3406 4239; x_wconf 85' lang='lat' dir='ltr'><strong>sal-</strong></span> 
     </span>
    </p>
   </div>
   <div class='ocr_carea' id='block_1_86' title="bbox 1815 4279 3401 4351">
    <p class='ocr_par' dir='ltr' id='par_1_86' title="bbox 1815 4279 3401 4351">
     <span class='ocr_line' id='line_1_87' title="bbox 1815 4279 3401 4351; baseline -0.008 -8"><span class='ocrx_word' id='word_1_705' title='bbox 1815 4288 2051 4351; x_wconf 88' lang='lat' dir='ltr'><strong>vatione,</strong></span> <span class='ocrx_word' id='word_1_706' title='bbox 2102 4285 2344 4341; x_wconf 89' lang='lat' dir='ltr'><strong>omnium</strong></span> <span class='ocrx_word' id='word_1_707' title='bbox 2380 4283 2800 4350; x_wconf 88' lang='lat' dir='ltr'><strong>resurrectione,</strong></span> <span class='ocrx_word' id='word_1_708' title='bbox 2851 4279 3067 4349; x_wconf 88' lang='lat' dir='ltr'><strong>quando</strong></span> <span class='ocrx_word' id='word_1_709' title='bbox 3101 4279 3278 4334; x_wconf 90' lang='lat' dir='ltr'><strong>omnis</strong></span> <span class='ocrx_word' id='word_1_710' title='bbox 3308 4293 3401 4330; x_wconf 89' lang='lat' dir='ltr'><strong>ca-</strong></span> 
     </span>
    </p>
   </div>
   <div class='ocr_carea' id='block_1_87' title="bbox 1815 4364 3404 4449">
    <p class='ocr_par' dir='ltr' id='par_1_87' title="bbox 1815 4364 3404 4449">
     <span class='ocr_line' id='line_1_88' title="bbox 1815 4364 3404 4449; baseline -0.009 -16"><span class='ocrx_word' id='word_1_711' title='bbox 1815 4379 1922 4449; x_wconf 79' lang='lat' dir='ltr'><strong>ligo</strong></span> <span class='ocrx_word' id='word_1_712' title='bbox 1953 4377 2129 4432; x_wconf 87' lang='lat' dir='ltr'><strong>noctis</strong></span> <span class='ocrx_word' id='word_1_713' title='bbox 2159 4374 2435 4440; x_wconf 88' lang='lat' dir='ltr'><strong>discedet,</strong></span> <span class='ocrx_word' id='word_1_714' title='bbox 2473 4382 2525 4428; x_wconf 89' lang='lat' dir='ltr'><strong>et</strong></span> <span class='ocrx_word' id='word_1_715' title='bbox 2551 4385 2737 4427; x_wconf 90' lang='lat' dir='ltr'><strong>verum</strong></span> <span class='ocrx_word' id='word_1_716' title='bbox 2787 4385 2946 4425; x_wconf 89' lang='lat' dir='ltr'><strong>mane</strong></span> <span class='ocrx_word' id='word_1_717' title='bbox 2976 4369 3181 4424; x_wconf 86' lang='lat' dir='ltr'><strong>orietur</strong></span> <span class='ocrx_word' id='word_1_718' title='bbox 3209 4385 3221 4421; x_wconf 92' lang='lat'><strong>:</strong></span> <span class='ocrx_word' id='word_1_719' title='bbox 3263 4364 3404 4434; x_wconf 91' lang='lat' dir='ltr'><strong>quod</strong></span> 
     </span>
    </p>
   </div>
   <div class='ocr_carea' id='block_1_88' title="bbox 1814 4457 3405 4535">
    <p class='ocr_par' dir='ltr' id='par_1_88' title="bbox 1814 4457 3405 4535">
     <span class='ocr_line' id='line_1_89' title="bbox 1814 4457 3405 4535; baseline -0.009 -11"><span class='ocrx_word' id='word_1_720' title='bbox 1814 4470 1971 4535; x_wconf 81' lang='lat' dir='ltr'><strong>dixit,</strong></span> <span class='ocrx_word' id='word_1_721' title='bbox 1999 4478 2045 4522; x_wconf 90' lang='lat' dir='ltr'><strong>et</strong></span> <span class='ocrx_word' id='word_1_722' title='bbox 2075 4483 2226 4521; x_wconf 91' lang='lat' dir='ltr'><strong>mane</strong></span> <span class='ocrx_word' id='word_1_723' title='bbox 2250 4468 2417 4520; x_wconf 88' lang='lat' dir='ltr'><strong>oratio</strong></span> <span class='ocrx_word' id='word_1_724' title='bbox 2447 4479 2561 4518; x_wconf 88' lang='lat' dir='ltr'><strong>mea</strong></span> <span class='ocrx_word' id='word_1_725' title='bbox 2586 4464 2858 4533; x_wconf 65' lang='lat' dir='ltr'><strong>praeveniet</strong></span> <span class='ocrx_word' id='word_1_726' title='bbox 2889 4459 3038 4515; x_wconf 87' lang='lat' dir='ltr'><strong>te.Et</strong></span> <span class='ocrx_word' id='word_1_727' title='bbox 3062 4457 3405 4530; x_wconf 86' lang='lat' dir='ltr'><strong>quandoqui-</strong></span> 
     </span>
    </p>
   </div>
   <div class='ocr_carea' id='block_1_89' title="bbox 1814 4547 3403 4620">
    <p class='ocr_par' dir='ltr' id='par_1_89' title="bbox 1814 4547 3403 4620">
     <span class='ocr_line' id='line_1_90' title="bbox 1814 4547 3403 4620; baseline -0.011 -4"><span class='ocrx_word' id='word_1_728' title='bbox 1814 4563 1936 4616; x_wconf 86' lang='lat' dir='ltr'><strong>dem</strong></span> <span class='ocrx_word' id='word_1_729' title='bbox 1967 4568 2091 4614; x_wconf 90' lang='lat' dir='ltr'><strong>ante</strong></span> <span class='ocrx_word' id='word_1_730' title='bbox 2121 4566 2177 4612; x_wconf 91' lang='lat' dir='ltr'><strong>te</strong></span> <span class='ocrx_word' id='word_1_731' title='bbox 2219 4555 2400 4611; x_wconf 89' lang='lat' dir='ltr'><strong>veniet</strong></span> <span class='ocrx_word' id='word_1_732' title='bbox 2428 4554 2603 4610; x_wconf 86' lang='lat' dir='ltr'><strong>oratio</strong></span> <span class='ocrx_word' id='word_1_733' title='bbox 2648 4568 2788 4616; x_wconf 86' lang='lat' dir='ltr'><strong>mea,</strong></span> <span class='ocrx_word' id='word_1_734' title='bbox 2824 4559 2880 4604; x_wconf 89' lang='lat' dir='ltr'><strong>ut</strong></span> <span class='ocrx_word' id='word_1_735' title='bbox 2925 4549 3052 4620; x_wconf 87' lang='lat' dir='ltr'><strong>quid</strong></span> <span class='ocrx_word' id='word_1_736' title='bbox 3076 4591 3091 4614; x_wconf 92' lang='lat'><strong>,</strong></span> <span class='ocrx_word' id='word_1_737' title='bbox 3139 4547 3361 4602; x_wconf 84' lang='lat' dir='ltr'><strong>Domine</strong></span> <span class='ocrx_word' id='word_1_738' title='bbox 3389 4588 3403 4614; x_wconf 86' lang='lat'><strong>,</strong></span> 
     </span>
    </p>
   </div>
   <div class='ocr_carea' id='block_1_90' title="bbox 120 4642 1711 4731">
    <p class='ocr_par' dir='ltr' id='par_1_90' title="bbox 120 4642 1709 4730">
     <span class='ocr_line' id='line_1_91' title="bbox 120 4642 1709 4730; baseline -0.002 -31"><span class='ocrx_word' id='word_1_739' title='bbox 120 4644 378 4730; x_wconf 89' lang='lat' dir='ltr'><strong>aquibus</strong></span> <span class='ocrx_word' id='word_1_740' title='bbox 409 4652 564 4700; x_wconf 89' lang='lat' dir='ltr'><strong>natus</strong></span> <span class='ocrx_word' id='word_1_741' title='bbox 605 4644 728 4710; x_wconf 85' lang='lat' dir='ltr'><strong>sui,</strong></span> <span class='ocrx_word' id='word_1_742' title='bbox 775 4645 932 4716; x_wconf 77' lang='lat' dir='ltr'><strong>longe</strong></span> <span class='ocrx_word' id='word_1_743' title='bbox 971 4661 1001 4699; x_wconf 88' lang='lat' dir='ltr'><strong>a</strong></span> <span class='ocrx_word' id='word_1_744' title='bbox 1030 4659 1116 4699; x_wconf 90' lang='lat' dir='ltr'><strong>me</strong></span> <span class='ocrx_word' id='word_1_745' title='bbox 1142 4643 1360 4700; x_wconf 85' lang='lat' dir='ltr'><strong>fuerunt</strong></span> <span class='ocrx_word' id='word_1_746' title='bbox 1405 4642 1709 4707; x_wconf 74' lang='lat' dir='ltr'><strong>affectione,</strong></span> 
     </span>
    </p>
   </div>
   <div class='ocr_carea' id='block_1_91' title="bbox 1811 4642 3403 4731">
    <p class='ocr_par' dir='ltr' id='par_1_91' title="bbox 1815 4643 3403 4722">
     <span class='ocr_line' id='line_1_92' title="bbox 1815 4643 3403 4722; baseline -0.009 -14"><span class='ocrx_word' id='word_1_747' title='bbox 1815 4652 2043 4722; x_wconf 87' lang='lat' dir='ltr'><strong>repellis,</strong></span> <span class='ocrx_word' id='word_1_748' title='bbox 2086 4651 2139 4706; x_wconf 92' lang='lat' dir='ltr'><strong>id</strong></span> <span class='ocrx_word' id='word_1_749' title='bbox 2177 4657 2279 4714; x_wconf 89' lang='lat' dir='ltr'><strong>est,</strong></span> <span class='ocrx_word' id='word_1_750' title='bbox 2312 4647 2572 4718; x_wconf 87' lang='lat' dir='ltr'><strong>repellere</strong></span> <span class='ocrx_word' id='word_1_751' title='bbox 2617 4645 2841 4710; x_wconf 85' lang='lat' dir='ltr'><strong>videris,</strong></span> <span class='ocrx_word' id='word_1_752' title='bbox 2880 4643 3167 4697; x_wconf 86' lang='lat' dir='ltr'><strong>orationem</strong></span> <span class='ocrx_word' id='word_1_753' title='bbox 3211 4657 3403 4708; x_wconf 84' lang='lat' dir='ltr'><strong>meum,</strong></span> 
     </span>
    </p>
   </div>
   <div class='ocr_carea' id='block_1_92' title="bbox 119 4736 1709 4810">
    <p class='ocr_par' dir='ltr' id='par_1_92' title="bbox 119 4736 1709 4810">
     <span class='ocr_line' id='line_1_93' title="bbox 119 4736 1709 4810; baseline -0.002 -18"><span class='ocrx_word' id='word_1_754' title='bbox 119 4741 240 4794; x_wconf 81' lang='lat' dir='ltr'><strong>licet</strong></span> <span class='ocrx_word' id='word_1_755' title='bbox 267 4755 380 4794; x_wconf 85' lang='lat' dir='ltr'><strong>non</strong></span> <span class='ocrx_word' id='word_1_756' title='bbox 414 4755 658 4810; x_wconf 90' lang='lat' dir='ltr'><strong>corpore.</strong></span> <span class='ocrx_word' id='word_1_757' title='bbox 692 4736 985 4795; x_wconf 81' lang='lat' dir='ltr'><strong>Posuerunt</strong></span> <span class='ocrx_word' id='word_1_758' title='bbox 1012 4755 1093 4792; x_wconf 91' lang='lat' dir='ltr'><strong>me</strong></span> <span class='ocrx_word' id='word_1_759' title='bbox 1121 4736 1562 4792; x_wconf 84' lang='lat' dir='ltr'><strong>abominationem</strong></span> <span class='ocrx_word' id='word_1_760' title='bbox 1592 4736 1709 4802; x_wconf 90' lang='lat' dir='ltr'><strong>sibi,</strong></span> 
     </span>
    </p>
   </div>
   <div class='ocr_carea' id='block_1_93' title="bbox 119 4830 1714 4904">
    <p class='ocr_par' dir='ltr' id='par_1_93' title="bbox 119 4830 1714 4904">
     <span class='ocr_line' id='line_1_94' title="bbox 119 4830 1714 4904; baseline 0 -20"><span class='ocrx_word' id='word_1_761' title='bbox 119 4836 240 4902; x_wconf 82' lang='lat' dir='ltr'><strong>quia</strong></span> <span class='ocrx_word' id='word_1_762' title='bbox 306 4833 666 4888; x_wconf 85' lang='lat' dir='ltr'><strong>abominando</strong></span> <span class='ocrx_word' id='word_1_763' title='bbox 719 4849 802 4888; x_wconf 92' lang='lat' dir='ltr'><strong>me</strong></span> <span class='ocrx_word' id='word_1_764' title='bbox 846 4833 1098 4904; x_wconf 83' lang='lat' dir='ltr'><strong>dixerunt</strong></span> <span class='ocrx_word' id='word_1_765' title='bbox 1124 4845 1266 4887; x_wconf 72' lang='lat' dir='ltr'><strong>caeco</strong></span> <span class='ocrx_word' id='word_1_766' title='bbox 1312 4847 1342 4886; x_wconf 89' lang='lat' dir='ltr'><strong>a</strong></span> <span class='ocrx_word' id='word_1_767' title='bbox 1392 4845 1477 4885; x_wconf 92' lang='lat' dir='ltr'><strong>me</strong></span> <span class='ocrx_word' id='word_1_768' title='bbox 1516 4830 1714 4884; x_wconf 88' lang='lat' dir='ltr'><strong>illumi-</strong></span> 
     </span>
    </p>
   </div>
   <div class='ocr_carea' id='block_1_94' title="bbox 120 4921 1710 4995">
    <p class='ocr_par' dir='ltr' id='par_1_94' title="bbox 120 4921 1710 4995">
     <span class='ocr_line' id='line_1_95' title="bbox 120 4921 1710 4995; baseline -0.003 -16"><span class='ocrx_word' id='word_1_769' title='bbox 120 4940 247 4983; x_wconf 76' lang='lat' dir='ltr'><strong>nato</strong></span> <span class='ocrx_word' id='word_1_770' title='bbox 279 4941 302 4978; x_wconf 69' lang='grc' dir='ltr'><strong><em>τ</em></strong></span> <span class='ocrx_word' id='word_1_771' title='bbox 335 4925 412 4978; x_wconf 84' lang='lat' dir='ltr'><strong>Tu</strong></span> <span class='ocrx_word' id='word_1_772' title='bbox 441 4924 726 4995; x_wconf 86' lang='lat' dir='ltr'><strong>discipulus</strong></span> <span class='ocrx_word' id='word_1_773' title='bbox 770 4925 911 4979; x_wconf 87' lang='lat' dir='ltr'><strong>illius</strong></span> <span class='ocrx_word' id='word_1_774' title='bbox 941 4926 1012 4980; x_wconf 84' lang='lat' dir='ltr'><strong>sis</strong></span> <span class='ocrx_word' id='word_1_775' title='bbox 1036 4923 1220 4995; x_wconf 79' lang='lat' dir='ltr'><strong>(Joan.</strong></span> <span class='ocrx_word' id='word_1_776' title='bbox 1247 4924 1321 4995; x_wconf 80' lang='lat' dir='ltr'><strong>Ix)</strong></span> <span class='ocrx_word' id='word_1_777' title='bbox 1358 4940 1371 4977; x_wconf 94' lang='lat'><strong>:</strong></span> <span class='ocrx_word' id='word_1_778' title='bbox 1412 4931 1464 4978; x_wconf 88' lang='lat' dir='ltr'><strong>et</strong></span> <span class='ocrx_word' id='word_1_779' title='bbox 1497 4921 1710 4976; x_wconf 89' lang='lat' dir='ltr'><strong>tandem</strong></span> 
     </span>
    </p>
   </div>
   <div class='ocr_carea' id='block_1_95' title="bbox 117 5013 1711 5088">
    <p class='ocr_par' dir='ltr' id='par_1_95' title="bbox 117 5013 1711 5088">
     <span class='ocr_line' id='line_1_96' title="bbox 117 5013 1711 5088; baseline -0.001 -18"><span class='ocrx_word' id='word_1_780' title='bbox 117 5021 349 5072; x_wconf 81' lang='lat' dir='ltr'><strong>traditus</strong></span> <span class='ocrx_word' id='word_1_781' title='bbox 375 5033 492 5072; x_wconf 87' lang='lat' dir='ltr'><strong>sum</strong></span> <span class='ocrx_word' id='word_1_782' title='bbox 523 5034 552 5071; x_wconf 91' lang='lat' dir='ltr'><strong>a</strong></span> <span class='ocrx_word' id='word_1_783' title='bbox 580 5017 839 5087; x_wconf 89' lang='lat' dir='ltr'><strong>discipulo</strong></span> <span class='ocrx_word' id='word_1_784' title='bbox 881 5033 1020 5084; x_wconf 90' lang='lat' dir='ltr'><strong>meo,</strong></span> <span class='ocrx_word' id='word_1_785' title='bbox 1066 5029 1114 5072; x_wconf 85' lang='lat' dir='ltr'><strong>et</strong></span> <span class='ocrx_word' id='word_1_786' title='bbox 1162 5033 1265 5071; x_wconf 92' lang='lat' dir='ltr'><strong>non</strong></span> <span class='ocrx_word' id='word_1_787' title='bbox 1297 5015 1616 5088; x_wconf 85' lang='lat' dir='ltr'><strong>egrediebar,</strong></span> <span class='ocrx_word' id='word_1_788' title='bbox 1659 5013 1711 5068; x_wconf 90' lang='lat' dir='ltr'><strong>id</strong></span> 
     </span>
    </p>
   </div>
   <div class='ocr_carea' id='block_1_96' title="bbox 118 5105 1714 5175">
    <p class='ocr_par' dir='ltr' id='par_1_96' title="bbox 118 5105 1714 5175">
     <span class='ocr_line' id='line_1_97' title="bbox 118 5105 1714 5175; baseline -0.002 -13"><span class='ocrx_word' id='word_1_789' title='bbox 118 5120 214 5175; x_wconf 84' lang='lat' dir='ltr'><strong>cst,</strong></span> <span class='ocrx_word' id='word_1_790' title='bbox 251 5124 363 5162; x_wconf 85' lang='lat' dir='ltr'><strong>non</strong></span> <span class='ocrx_word' id='word_1_791' title='bbox 402 5107 738 5162; x_wconf 81' lang='lat' dir='ltr'><strong>manifestavi</strong></span> <span class='ocrx_word' id='word_1_792' title='bbox 771 5107 1105 5163; x_wconf 88' lang='lat' dir='ltr'><strong>divinitatem</strong></span> <span class='ocrx_word' id='word_1_793' title='bbox 1141 5122 1336 5173; x_wconf 89' lang='lat' dir='ltr'><strong>meam,</strong></span> <span class='ocrx_word' id='word_1_794' title='bbox 1385 5107 1477 5162; x_wconf 89' lang='lat' dir='ltr'><strong>sed</strong></span> <span class='ocrx_word' id='word_1_795' title='bbox 1508 5105 1714 5175; x_wconf 88' lang='lat' dir='ltr'><strong>patien-</strong></span> 
     </span>
    </p>
   </div>
   <div class='ocr_carea' id='block_1_97' title="bbox 121 5196 1712 5264">
    <p class='ocr_par' dir='ltr' id='par_1_97' title="bbox 121 5196 1712 5264">
     <span class='ocr_line' id='line_1_98' title="bbox 121 5196 1712 5264; baseline -0.002 -12"><span class='ocrx_word' id='word_1_796' title='bbox 121 5210 199 5254; x_wconf 84' lang='lat' dir='ltr'><strong>ter</strong></span> <span class='ocrx_word' id='word_1_797' title='bbox 231 5200 332 5254; x_wconf 88' lang='lat' dir='ltr'><strong>tuli</strong></span> <span class='ocrx_word' id='word_1_798' title='bbox 356 5212 451 5253; x_wconf 90' lang='lat' dir='ltr'><strong>cos</strong></span> <span class='ocrx_word' id='word_1_799' title='bbox 479 5200 532 5253; x_wconf 92' lang='lat' dir='ltr'><strong>in</strong></span> <span class='ocrx_word' id='word_1_800' title='bbox 561 5213 724 5254; x_wconf 89' lang='lat' dir='ltr'><strong>carne</strong></span> <span class='ocrx_word' id='word_1_801' title='bbox 753 5213 871 5253; x_wconf 87' lang='lat' dir='ltr'><strong>mea</strong></span> <span class='ocrx_word' id='word_1_802' title='bbox 898 5197 1106 5253; x_wconf 71' lang='lat' dir='ltr'><strong>sazvire.</strong></span> <span class='ocrx_word' id='word_1_803' title='bbox 1138 5197 1288 5264; x_wconf 83' lang='lat' dir='ltr'><strong>Quod</strong></span> <span class='ocrx_word' id='word_1_804' title='bbox 1319 5196 1444 5250; x_wconf 87' lang='lat' dir='ltr'><strong>alibi</strong></span> <span class='ocrx_word' id='word_1_805' title='bbox 1475 5196 1671 5251; x_wconf 89' lang='lat' dir='ltr'><strong>dicitur</strong></span> <span class='ocrx_word' id='word_1_806' title='bbox 1697 5211 1712 5249; x_wconf 85' lang='lat'><strong>:</strong></span> 
     </span>
    </p>
   </div>
   <div class='ocr_carea' id='block_1_98' title="bbox 125 5285 1715 5361">
    <p class='ocr_par' dir='ltr' id='par_1_98' title="bbox 125 5285 1715 5361">
     <span class='ocr_line' id='line_1_99' title="bbox 125 5285 1715 5361; baseline -0.002 -19"><span class='ocrx_word' id='word_1_807' title='bbox 125 5289 398 5344; x_wconf 84' lang='lat' dir='ltr'><strong>lnduebar</strong></span> <span class='ocrx_word' id='word_1_808' title='bbox 436 5288 604 5343; x_wconf 86' lang='lat' dir='ltr'><strong>cilicio</strong></span> <span class='ocrx_word' id='word_1_809' title='bbox 635 5287 807 5361; x_wconf 84' lang='lat' dir='ltr'><strong>(Psal.</strong></span> <span class='ocrx_word' id='word_1_810' title='bbox 860 5287 1068 5358; x_wconf 71' lang='lat' dir='ltr'><strong>xxxrv).</strong></span> <span class='ocrx_word' id='word_1_811' title='bbox 1102 5285 1255 5340; x_wconf 86' lang='lat' dir='ltr'><strong>Oculi</strong></span> <span class='ocrx_word' id='word_1_812' title='bbox 1283 5287 1384 5339; x_wconf 89' lang='lat' dir='ltr'><strong>mei</strong></span> <span class='ocrx_word' id='word_1_813' title='bbox 1412 5286 1715 5340; x_wconf 81' lang='lat' dir='ltr'><strong>exteriores</strong></span> 
     </span>
    </p>
   </div>
   <div class='ocr_carea' id='block_1_99' title="bbox 122 5378 1716 5452">
    <p class='ocr_par' dir='ltr' id='par_1_99' title="bbox 122 5378 1716 5452">
     <span class='ocr_line' id='line_1_100' title="bbox 122 5378 1716 5452; baseline 0.001 -21"><span class='ocrx_word' id='word_1_814' title='bbox 122 5381 469 5452; x_wconf 82' lang='lat' dir='ltr'><strong>languerunt,</strong></span> <span class='ocrx_word' id='word_1_815' title='bbox 517 5380 568 5434; x_wconf 90' lang='lat' dir='ltr'><strong>id</strong></span> <span class='ocrx_word' id='word_1_816' title='bbox 596 5390 700 5444; x_wconf 86' lang='lat' dir='ltr'><strong>est,</strong></span> <span class='ocrx_word' id='word_1_817' title='bbox 742 5380 794 5434; x_wconf 93' lang='lat' dir='ltr'><strong>in</strong></span> <span class='ocrx_word' id='word_1_818' title='bbox 823 5388 996 5435; x_wconf 88' lang='lat' dir='ltr'><strong>morte</strong></span> <span class='ocrx_word' id='word_1_819' title='bbox 1038 5378 1427 5432; x_wconf 84' lang='lat' dir='ltr'><strong>claudebantur</strong></span> <span class='ocrx_word' id='word_1_820' title='bbox 1472 5397 1485 5432; x_wconf 91' lang='lat'><strong>:</strong></span> <span class='ocrx_word' id='word_1_821' title='bbox 1527 5380 1716 5434; x_wconf 89' lang='lat' dir='ltr'><strong>ethoc</strong></span> 
     </span>
    </p>
   </div>
   <div class='ocr_carea' id='block_1_100' title="bbox 124 5470 1716 5542">
    <p class='ocr_par' dir='ltr' id='par_1_100' title="bbox 124 5470 1716 5542">
     <span class='ocr_line' id='line_1_101' title="bbox 124 5470 1716 5542; baseline -0.001 -17"><span class='ocrx_word' id='word_1_822' title='bbox 124 5490 229 5541; x_wconf 76' lang='lat' dir='ltr'><strong>pne</strong></span> <span class='ocrx_word' id='word_1_823' title='bbox 261 5473 468 5542; x_wconf 88' lang='lat' dir='ltr'><strong>inopia,</strong></span> <span class='ocrx_word' id='word_1_824' title='bbox 515 5473 567 5526; x_wconf 92' lang='lat' dir='ltr'><strong>id</strong></span> <span class='ocrx_word' id='word_1_825' title='bbox 598 5483 680 5527; x_wconf 90' lang='lat' dir='ltr'><strong>est</strong></span> <span class='ocrx_word' id='word_1_826' title='bbox 702 5513 716 5536; x_wconf 94' lang='lat'><strong>,</strong></span> <span class='ocrx_word' id='word_1_827' title='bbox 743 5473 974 5526; x_wconf 89' lang='lat' dir='ltr'><strong>humana</strong></span> <span class='ocrx_word' id='word_1_828' title='bbox 1004 5471 1370 5525; x_wconf 87' lang='lat' dir='ltr'><strong>imbecillitate</strong></span> <span class='ocrx_word' id='word_1_829' title='bbox 1400 5487 1520 5540; x_wconf 70' lang='lat' dir='ltr'><strong>quin</strong></span> <span class='ocrx_word' id='word_1_830' title='bbox 1549 5480 1630 5526; x_wconf 90' lang='lat' dir='ltr'><strong>est</strong></span> <span class='ocrx_word' id='word_1_831' title='bbox 1664 5470 1716 5524; x_wconf 91' lang='lat' dir='ltr'><strong>in</strong></span> 
     </span>
    </p>
   </div>
   <div class='ocr_carea' id='block_1_101' title="bbox 126 5561 1718 5634">
    <p class='ocr_par' dir='ltr' id='par_1_101' title="bbox 126 5561 1718 5634">
     <span class='ocr_line' id='line_1_102' title="bbox 126 5561 1718 5634; baseline 0 -18"><span class='ocrx_word' id='word_1_832' title='bbox 126 5579 207 5618; x_wconf 86' lang='lat' dir='ltr'><strong>me</strong></span> <span class='ocrx_word' id='word_1_833' title='bbox 241 5581 255 5618; x_wconf 89' lang='lat'><strong>:</strong></span> <span class='ocrx_word' id='word_1_834' title='bbox 292 5563 407 5630; x_wconf 85' lang='lat' dir='ltr'><strong>vel,</strong></span> <span class='ocrx_word' id='word_1_835' title='bbox 435 5563 572 5620; x_wconf 88' lang='lat' dir='ltr'><strong>oculi</strong></span> <span class='ocrx_word' id='word_1_836' title='bbox 600 5565 718 5630; x_wconf 90' lang='lat' dir='ltr'><strong>mei,</strong></span> <span class='ocrx_word' id='word_1_837' title='bbox 749 5564 799 5618; x_wconf 90' lang='lat' dir='ltr'><strong>id</strong></span> <span class='ocrx_word' id='word_1_838' title='bbox 823 5572 906 5618; x_wconf 90' lang='lat' dir='ltr'><strong>est</strong></span> <span class='ocrx_word' id='word_1_839' title='bbox 931 5561 1158 5634; x_wconf 89' lang='lat' dir='ltr'><strong>apostoli</strong></span> <span class='ocrx_word' id='word_1_840' title='bbox 1186 5563 1310 5628; x_wconf 88' lang='lat' dir='ltr'><strong>mei,</strong></span> <span class='ocrx_word' id='word_1_841' title='bbox 1341 5563 1428 5631; x_wconf 90' lang='lat' dir='ltr'><strong>qui</strong></span> <span class='ocrx_word' id='word_1_842' title='bbox 1461 5563 1718 5634; x_wconf 71' lang='lat' dir='ltr'><strong>prmcipui</strong></span> 
     </span>
    </p>
   </div>
   <div class='ocr_carea' id='block_1_102' title="bbox 127 5657 1720 5731">
    <p class='ocr_par' dir='ltr' id='par_1_102' title="bbox 127 5657 1720 5731">
     <span class='ocr_line' id='line_1_103' title="bbox 127 5657 1720 5731; baseline -0.001 -17"><span class='ocrx_word' id='word_1_843' title='bbox 127 5660 346 5716; x_wconf 84' lang='lat' dir='ltr'><strong>luerunt</strong></span> <span class='ocrx_word' id='word_1_844' title='bbox 389 5661 445 5717; x_wconf 87' lang='lat' dir='ltr'><strong>iu</strong></span> <span class='ocrx_word' id='word_1_845' title='bbox 473 5675 700 5731; x_wconf 88' lang='lat' dir='ltr'><strong>corpore</strong></span> <span class='ocrx_word' id='word_1_846' title='bbox 725 5674 865 5723; x_wconf 82' lang='lat' dir='ltr'><strong>meo,</strong></span> <span class='ocrx_word' id='word_1_847' title='bbox 899 5657 1231 5728; x_wconf 85' lang='lat' dir='ltr'><strong>languerunt,</strong></span> <span class='ocrx_word' id='word_1_848' title='bbox 1280 5657 1330 5711; x_wconf 84' lang='lat' dir='ltr'><strong>id</strong></span> <span class='ocrx_word' id='word_1_849' title='bbox 1374 5666 1474 5721; x_wconf 90' lang='lat' dir='ltr'><strong>est,</strong></span> <span class='ocrx_word' id='word_1_850' title='bbox 1516 5657 1720 5712; x_wconf 86' lang='lat' dir='ltr'><strong>debiles</strong></span> 
     </span>
    </p>
   </div>
   <div class='ocr_carea' id='block_1_103' title="bbox 129 5751 1718 5824">
    <p class='ocr_par' dir='ltr' id='par_1_103' title="bbox 129 5751 1718 5824">
     <span class='ocr_line' id='line_1_104' title="bbox 129 5751 1718 5824; baseline -0.002 -17"><span class='ocrx_word' id='word_1_851' title='bbox 129 5754 254 5811; x_wconf 86' lang='lat' dir='ltr'><strong>lacti</strong></span> <span class='ocrx_word' id='word_1_852' title='bbox 286 5764 411 5810; x_wconf 88' lang='lat' dir='ltr'><strong>sunt</strong></span> <span class='ocrx_word' id='word_1_853' title='bbox 463 5774 472 5807; x_wconf 94' lang='lat'>:</span> <span class='ocrx_word' id='word_1_854' title='bbox 516 5770 625 5824; x_wconf 73' lang='lat' dir='ltr'><strong>pro!</strong></span> <span class='ocrx_word' id='word_1_855' title='bbox 653 5753 831 5823; x_wconf 84' lang='lat' dir='ltr'><strong>inepia</strong></span> <span class='ocrx_word' id='word_1_856' title='bbox 880 5752 1139 5807; x_wconf 87' lang='lat' dir='ltr'><strong>subaudis</strong></span> <span class='ocrx_word' id='word_1_857' title='bbox 1180 5751 1314 5821; x_wconf 90' lang='lat' dir='ltr'><strong>spei,</strong></span> <span class='ocrx_word' id='word_1_858' title='bbox 1347 5751 1470 5821; x_wconf 88' lang='lat' dir='ltr'><strong>quia</strong></span> <span class='ocrx_word' id='word_1_859' title='bbox 1521 5751 1574 5804; x_wconf 92' lang='lat' dir='ltr'><strong>in</strong></span> <span class='ocrx_word' id='word_1_860' title='bbox 1625 5765 1718 5819; x_wconf 88' lang='lat' dir='ltr'><strong>spe</strong></span> 
     </span>
    </p>
   </div>
   <div class='ocr_carea' id='block_1_104' title="bbox 130 5842 1718 5904">
    <p class='ocr_par' dir='ltr' id='par_1_104' title="bbox 130 5842 1718 5904">
     <span class='ocr_line' id='line_1_105' title="bbox 130 5842 1718 5904; baseline -0.002 -4"><span class='ocrx_word' id='word_1_861' title='bbox 130 5847 444 5904; x_wconf 77' lang='lat' dir='ltr'><strong>defecerunt</strong></span> <span class='ocrx_word' id='word_1_862' title='bbox 487 5861 608 5902; x_wconf 91' lang='lat' dir='ltr'><strong>cum</strong></span> <span class='ocrx_word' id='word_1_863' title='bbox 652 5861 739 5902; x_wconf 88' lang='lat' dir='ltr'><strong>me</strong></span> <span class='ocrx_word' id='word_1_864' title='bbox 787 5844 924 5900; x_wconf 88' lang='lat' dir='ltr'><strong>mori</strong></span> <span class='ocrx_word' id='word_1_865' title='bbox 971 5844 1026 5898; x_wconf 92' lang='lat' dir='ltr'><strong>in</strong></span> <span class='ocrx_word' id='word_1_866' title='bbox 1069 5858 1228 5899; x_wconf 89' lang='lat' dir='ltr'><strong>cruce</strong></span> <span class='ocrx_word' id='word_1_867' title='bbox 1278 5843 1547 5898; x_wconf 86' lang='lat' dir='ltr'><strong>viderunt.</strong></span> <span class='ocrx_word' id='word_1_868' title='bbox 1585 5842 1718 5897; x_wconf 80' lang='lat' dir='ltr'><strong>Nota</strong></span> 
     </span>
    </p>
   </div>
   <div class='ocr_carea' id='block_1_105' title="bbox 127 5932 1730 6012">
    <p class='ocr_par' dir='ltr' id='par_1_105' title="bbox 127 5932 1730 6012">
     <span class='ocr_line' id='line_1_106' title="bbox 127 5932 1730 6012; baseline -0.003 -15"><span class='ocrx_word' id='word_1_869' title='bbox 127 5943 255 6012; x_wconf 83' lang='lat' dir='ltr'><strong>quia</strong></span> <span class='ocrx_word' id='word_1_870' title='bbox 281 5941 456 6001; x_wconf 86' lang='lat' dir='ltr'><strong>solent</strong></span> <span class='ocrx_word' id='word_1_871' title='bbox 483 5939 783 6001; x_wconf 80' lang='lat' dir='ltr'><strong>exteriores</strong></span> <span class='ocrx_word' id='word_1_872' title='bbox 806 5938 945 5999; x_wconf 87' lang='lat' dir='ltr'><strong>oculi</strong></span> <span class='ocrx_word' id='word_1_873' title='bbox 977 5939 1232 6010; x_wconf 76' lang='lat' dir='ltr'><strong>languere</strong></span> <span class='ocrx_word' id='word_1_874' title='bbox 1255 5932 1531 5995; x_wconf 82' lang='lat' dir='ltr'><strong>subtracto</strong></span> <span class='ocrx_word' id='word_1_875' title='bbox 1554 5935 1673 5994; x_wconf 84' lang='lat' dir='ltr'><strong>cibo</strong></span> <span class='ocrx_word' id='word_1_876' title='bbox 1704 5955 1730 5992; x_wconf 90' lang='lat'><strong>:-</strong></span> 
     </span>
    </p>
   </div>
   <div class='ocr_carea' id='block_1_106' title="bbox 1817 4734 3402 4807">
    <p class='ocr_par' dir='ltr' id='par_1_106' title="bbox 1817 4734 3402 4807">
     <span class='ocr_line' id='line_1_107' title="bbox 1817 4734 3402 4807; baseline -0.007 -9"><span class='ocrx_word' id='word_1_877' title='bbox 1817 4744 1872 4798; x_wconf 90' lang='lat' dir='ltr'><strong>id</strong></span> <span class='ocrx_word' id='word_1_878' title='bbox 1907 4751 1990 4799; x_wconf 87' lang='lat' dir='ltr'><strong>est</strong></span> <span class='ocrx_word' id='word_1_879' title='bbox 2018 4757 2282 4806; x_wconf 88' lang='lat' dir='ltr'><strong>meorum,</strong></span> <span class='ocrx_word' id='word_1_880' title='bbox 2319 4749 2375 4795; x_wconf 91' lang='lat' dir='ltr'><strong>et</strong></span> <span class='ocrx_word' id='word_1_881' title='bbox 2403 4737 2590 4807; x_wconf 87' lang='lat' dir='ltr'><strong>utquid</strong></span> <span class='ocrx_word' id='word_1_882' title='bbox 2617 4737 2804 4791; x_wconf 86' lang='lat' dir='ltr'><strong>avertis</strong></span> <span class='ocrx_word' id='word_1_883' title='bbox 2847 4734 3031 4806; x_wconf 78' lang='lat' dir='ltr'><strong>faciem</strong></span> <span class='ocrx_word' id='word_1_884' title='bbox 3074 4745 3217 4788; x_wconf 79' lang='lat' dir='ltr'><strong>litant</strong></span> <span class='ocrx_word' id='word_1_885' title='bbox 3245 4753 3276 4789; x_wconf 91' lang='lat' dir='ltr'><strong>a</strong></span> <span class='ocrx_word' id='word_1_886' title='bbox 3304 4752 3402 4800; x_wconf 83' lang='lat' dir='ltr'><strong>me,</strong></span> 
     </span>
    </p>
   </div>
   <div class='ocr_carea' id='block_1_107' title="bbox 1818 4823 3402 4898">
    <p class='ocr_par' dir='ltr' id='par_1_107' title="bbox 1818 4823 3402 4898">
     <span class='ocr_line' id='line_1_108' title="bbox 1818 4823 3402 4898; baseline -0.007 -9"><span class='ocrx_word' id='word_1_887' title='bbox 1818 4834 1872 4889; x_wconf 92' lang='lat' dir='ltr'><strong>id</strong></span> <span class='ocrx_word' id='word_1_888' title='bbox 1920 4841 2038 4896; x_wconf 89' lang='lat' dir='ltr'><strong>est,</strong></span> <span class='ocrx_word' id='word_1_889' title='bbox 2092 4846 2125 4885; x_wconf 87' lang='lat' dir='ltr'><strong>a</strong></span> <span class='ocrx_word' id='word_1_890' title='bbox 2159 4830 2336 4894; x_wconf 88' lang='lat' dir='ltr'><strong>meis,</strong></span> <span class='ocrx_word' id='word_1_891' title='bbox 2379 4828 2532 4898; x_wconf 90' lang='lat' dir='ltr'><strong>quasi</strong></span> <span class='ocrx_word' id='word_1_892' title='bbox 2564 4827 2643 4883; x_wconf 89' lang='lat' dir='ltr'><strong>eis</strong></span> <span class='ocrx_word' id='word_1_893' title='bbox 2693 4825 2900 4881; x_wconf 77' lang='lat' dir='ltr'><strong>iratus?</strong></span> <span class='ocrx_word' id='word_1_894' title='bbox 2950 4823 3062 4881; x_wconf 78' lang='lat' dir='ltr'><strong>Non</strong></span> <span class='ocrx_word' id='word_1_895' title='bbox 3107 4825 3173 4880; x_wconf 89' lang='lat' dir='ltr'><strong>ad</strong></span> <span class='ocrx_word' id='word_1_896' title='bbox 3216 4841 3402 4880; x_wconf 86' lang='lat' dir='ltr'><strong>eorum</strong></span> 
     </span>
    </p>
   </div>
   <div class='ocr_carea' id='block_1_108' title="bbox 1819 4917 3402 4987">
    <p class='ocr_par' dir='ltr' id='par_1_108' title="bbox 1819 4917 3402 4987">
     <span class='ocr_line' id='line_1_109' title="bbox 1819 4917 3402 4987; baseline -0.007 -7"><span class='ocrx_word' id='word_1_897' title='bbox 1819 4923 2218 4980; x_wconf 89' lang='lat' dir='ltr'><strong>damnationem</strong></span> <span class='ocrx_word' id='word_1_898' title='bbox 2271 4921 2518 4987; x_wconf 81' lang='lat' dir='ltr'><strong>avertis,</strong></span> <span class='ocrx_word' id='word_1_899' title='bbox 2555 4920 2650 4976; x_wconf 89' lang='lat' dir='ltr'><strong>sed</strong></span> <span class='ocrx_word' id='word_1_900' title='bbox 2707 4920 2772 4974; x_wconf 88' lang='lat' dir='ltr'><strong>ad</strong></span> <span class='ocrx_word' id='word_1_901' title='bbox 2811 4917 3160 4974; x_wconf 88' lang='lat' dir='ltr'><strong>salvationem</strong></span> <span class='ocrx_word' id='word_1_902' title='bbox 3211 4932 3226 4970; x_wconf 88' lang='lat'><strong>:</strong></span> <span class='ocrx_word' id='word_1_903' title='bbox 3279 4917 3402 4986; x_wconf 89' lang='lat' dir='ltr'><strong>quia</strong></span> 
     </span>
    </p>
   </div>
   <div class='ocr_carea' id='block_1_109' title="bbox 1818 5006 3404 5089">
    <p class='ocr_par' dir='ltr' id='par_1_109' title="bbox 1818 5006 3404 5089">
     <span class='ocr_line' id='line_1_110' title="bbox 1818 5006 3404 5089; baseline -0.008 -16"><span class='ocrx_word' id='word_1_904' title='bbox 1818 5033 1916 5089; x_wconf 89' lang='lat' dir='ltr'><strong>per</strong></span> <span class='ocrx_word' id='word_1_905' title='bbox 1950 5017 2053 5072; x_wconf 86' lang='lat' dir='ltr'><strong>hoc</strong></span> <span class='ocrx_word' id='word_1_906' title='bbox 2086 5029 2283 5087; x_wconf 84' lang='lat' dir='ltr'><strong>pauper</strong></span> <span class='ocrx_word' id='word_1_907' title='bbox 2327 5030 2440 5068; x_wconf 90' lang='lat' dir='ltr'><strong>sum</strong></span> <span class='ocrx_word' id='word_1_908' title='bbox 2484 5029 2598 5084; x_wconf 83' lang='lat' dir='ltr'><strong>ego,</strong></span> <span class='ocrx_word' id='word_1_909' title='bbox 2645 5013 2697 5066; x_wconf 91' lang='lat' dir='ltr'><strong>id</strong></span> <span class='ocrx_word' id='word_1_910' title='bbox 2728 5020 2828 5076; x_wconf 89' lang='lat' dir='ltr'><strong>est,</strong></span> <span class='ocrx_word' id='word_1_911' title='bbox 2863 5011 2967 5065; x_wconf 91' lang='lat' dir='ltr'><strong>mei</strong></span> <span class='ocrx_word' id='word_1_912' title='bbox 3004 5023 3264 5080; x_wconf 88' lang='lat' dir='ltr'><strong>pauperes</strong></span> <span class='ocrx_word' id='word_1_913' title='bbox 3288 5006 3404 5060; x_wconf 78' lang='lat' dir='ltr'><strong>(-l‘li-</strong></span> 
     </span>
    </p>
   </div>
   <div class='ocr_carea' id='block_1_110' title="bbox 1819 5100 3404 5170">
    <p class='ocr_par' dir='ltr' id='par_1_110' title="bbox 1819 5100 3404 5170">
     <span class='ocr_line' id='line_1_111' title="bbox 1819 5100 3404 5170; baseline -0.01 -5"><span class='ocrx_word' id='word_1_914' title='bbox 1819 5109 2038 5165; x_wconf 87' lang='lat' dir='ltr'><strong>ciuntur</strong></span> <span class='ocrx_word' id='word_1_915' title='bbox 2083 5117 2138 5163; x_wconf 90' lang='lat' dir='ltr'><strong>et</strong></span> <span class='ocrx_word' id='word_1_916' title='bbox 2169 5105 2544 5170; x_wconf 88' lang='lat' dir='ltr'><strong>humiliantur,</strong></span> <span class='ocrx_word' id='word_1_917' title='bbox 2576 5113 2621 5158; x_wconf 89' lang='lat' dir='ltr'><strong>et</strong></span> <span class='ocrx_word' id='word_1_918' title='bbox 2661 5103 2718 5157; x_wconf 89' lang='lat' dir='ltr'><strong>in</strong></span> <span class='ocrx_word' id='word_1_919' title='bbox 2768 5101 3030 5155; x_wconf 85' lang='lat' dir='ltr'><strong>laboribus</strong></span> <span class='ocrx_word' id='word_1_920' title='bbox 3065 5117 3096 5153; x_wconf 89' lang='lat' dir='ltr'><strong>a</strong></span> <span class='ocrx_word' id='word_1_921' title='bbox 3135 5100 3404 5169; x_wconf 72' lang='lat' dir='ltr'><strong>iuventute</strong></span> 
     </span>
    </p>
   </div>
   <div class='ocr_carea' id='block_1_111' title="bbox 1814 5190 3403 5266">
    <p class='ocr_par' dir='ltr' id='par_1_111' title="bbox 1814 5190 3403 5266">
     <span class='ocr_line' id='line_1_112' title="bbox 1814 5190 3403 5266; baseline -0.009 -10"><span class='ocrx_word' id='word_1_922' title='bbox 1814 5219 1951 5266; x_wconf 84' lang='lat' dir='ltr'><strong>mea,</strong></span> <span class='ocrx_word' id='word_1_923' title='bbox 1993 5201 2043 5255; x_wconf 91' lang='lat' dir='ltr'><strong>id</strong></span> <span class='ocrx_word' id='word_1_924' title='bbox 2092 5207 2194 5264; x_wconf 86' lang='lat' dir='ltr'><strong>est,</strong></span> <span class='ocrx_word' id='word_1_925' title='bbox 2243 5199 2346 5253; x_wconf 91' lang='lat' dir='ltr'><strong>mei</strong></span> <span class='ocrx_word' id='word_1_926' title='bbox 2401 5196 2649 5250; x_wconf 88' lang='lat' dir='ltr'><strong>laborant</strong></span> <span class='ocrx_word' id='word_1_927' title='bbox 2691 5211 2720 5248; x_wconf 89' lang='lat' dir='ltr'><strong>a</strong></span> <span class='ocrx_word' id='word_1_928' title='bbox 2757 5204 2996 5262; x_wconf 87' lang='lat' dir='ltr'><strong>tempore</strong></span> <span class='ocrx_word' id='word_1_929' title='bbox 3045 5190 3403 5245; x_wconf 83' lang='lat' dir='ltr'><strong>innovationis</strong></span> 
     </span>
    </p>
   </div>
   <div class='ocr_carea' id='block_1_112' title="bbox 1817 5280 3403 5351">
    <p class='ocr_par' dir='ltr' id='par_1_112' title="bbox 1817 5280 3403 5351">
     <span class='ocr_line' id='line_1_113' title="bbox 1817 5280 3403 5351; baseline -0.012 -1"><span class='ocrx_word' id='word_1_930' title='bbox 1817 5309 2024 5350; x_wconf 90' lang='lat' dir='ltr'><strong>eorum.</strong></span> <span class='ocrx_word' id='word_1_931' title='bbox 2080 5290 2362 5346; x_wconf 81' lang='lat' dir='ltr'><strong>Exaltatus</strong></span> <span class='ocrx_word' id='word_1_932' title='bbox 2403 5299 2600 5351; x_wconf 85' lang='lat' dir='ltr'><strong>autem,</strong></span> <span class='ocrx_word' id='word_1_933' title='bbox 2629 5287 2678 5341; x_wconf 91' lang='lat' dir='ltr'><strong>id</strong></span> <span class='ocrx_word' id='word_1_934' title='bbox 2709 5294 2811 5346; x_wconf 87' lang='lat' dir='ltr'><strong>est,</strong></span> <span class='ocrx_word' id='word_1_935' title='bbox 2859 5285 2965 5338; x_wconf 89' lang='lat' dir='ltr'><strong>mei</strong></span> <span class='ocrx_word' id='word_1_936' title='bbox 3010 5280 3230 5335; x_wconf 83' lang='lat' dir='ltr'><strong>exaltati</strong></span> <span class='ocrx_word' id='word_1_937' title='bbox 3279 5286 3403 5334; x_wconf 89' lang='lat' dir='ltr'><strong>sunt</strong></span> 
     </span>
    </p>
   </div>
   <div class='ocr_carea' id='block_1_113' title="bbox 1817 5373 3402 5455">
    <p class='ocr_par' dir='ltr' id='par_1_113' title="bbox 1817 5373 3402 5455">
     <span class='ocr_line' id='line_1_114' title="bbox 1817 5373 3402 5455; baseline -0.012 -14"><span class='ocrx_word' id='word_1_938' title='bbox 1817 5387 1871 5441; x_wconf 90' lang='lat' dir='ltr'><strong>in</strong></span> <span class='ocrx_word' id='word_1_939' title='bbox 1924 5381 2378 5455; x_wconf 88' lang='lat' dir='ltr'><strong>prosperitatibus</strong></span> <span class='ocrx_word' id='word_1_940' title='bbox 2409 5421 2423 5446; x_wconf 94' lang='lat'><strong>,</strong></span> <span class='ocrx_word' id='word_1_941' title='bbox 2468 5394 2539 5434; x_wconf 90' lang='lat' dir='ltr'><strong>ne</strong></span> <span class='ocrx_word' id='word_1_942' title='bbox 2592 5377 2844 5433; x_wconf 74' lang='lat' dir='ltr'><strong>deficiant</strong></span> <span class='ocrx_word' id='word_1_943' title='bbox 2911 5375 2964 5428; x_wconf 90' lang='lat' dir='ltr'><strong>in</strong></span> <span class='ocrx_word' id='word_1_944' title='bbox 3041 5373 3223 5426; x_wconf 88' lang='lat' dir='ltr'><strong>labore</strong></span> <span class='ocrx_word' id='word_1_945' title='bbox 3278 5389 3290 5422; x_wconf 90' lang='lat'><strong>:</strong></span> <span class='ocrx_word' id='word_1_946' title='bbox 3347 5378 3402 5422; x_wconf 89' lang='lat' dir='ltr'><strong>et</strong></span> 
     </span>
    </p>
   </div>
   <div class='ocr_carea' id='block_1_114' title="bbox 1819 5463 3402 5536">
    <p class='ocr_par' dir='ltr' id='par_1_114' title="bbox 1819 5463 3402 5536">
     <span class='ocr_line' id='line_1_115' title="bbox 1819 5463 3402 5536; baseline -0.011 -3"><span class='ocrx_word' id='word_1_947' title='bbox 1819 5479 2013 5533; x_wconf 85' lang='lat' dir='ltr'><strong>iterum</strong></span> <span class='ocrx_word' id='word_1_948' title='bbox 2066 5473 2374 5530; x_wconf 81' lang='lat' dir='ltr'><strong>humiliatus</strong></span> <span class='ocrx_word' id='word_1_949' title='bbox 2446 5488 2610 5536; x_wconf 89' lang='lat' dir='ltr'><strong>sum,</strong></span> <span class='ocrx_word' id='word_1_950' title='bbox 2661 5469 2713 5522; x_wconf 89' lang='lat' dir='ltr'><strong>id</strong></span> <span class='ocrx_word' id='word_1_951' title='bbox 2767 5475 2894 5531; x_wconf 87' lang='lat' dir='ltr'><strong>est,</strong></span> <span class='ocrx_word' id='word_1_952' title='bbox 2958 5463 3221 5519; x_wconf 89' lang='lat' dir='ltr'><strong>humiliati</strong></span> <span class='ocrx_word' id='word_1_953' title='bbox 3277 5470 3402 5515; x_wconf 86' lang='lat' dir='ltr'><strong>sunt</strong></span> 
     </span>
    </p>
   </div>
   <div class='ocr_carea' id='block_1_115' title="bbox 1825 5555 3402 5641">
    <p class='ocr_par' dir='ltr' id='par_1_115' title="bbox 1825 5555 3402 5641">
     <span class='ocr_line' id='line_1_116' title="bbox 1825 5555 3402 5641; baseline -0.011 -16"><span class='ocrx_word' id='word_1_954' title='bbox 1825 5572 1926 5625; x_wconf 90' lang='lat' dir='ltr'><strong>mei</strong></span> <span class='ocrx_word' id='word_1_955' title='bbox 1991 5583 2088 5641; x_wconf 89' lang='lat' dir='ltr'><strong>per</strong></span> <span class='ocrx_word' id='word_1_956' title='bbox 2146 5569 2368 5622; x_wconf 85' lang='lat' dir='ltr'><strong>adversa</strong></span> <span class='ocrx_word' id='word_1_957' title='bbox 2423 5577 2490 5620; x_wconf 83' lang='lat' dir='ltr'><strong>ne</strong></span> <span class='ocrx_word' id='word_1_958' title='bbox 2560 5561 2901 5631; x_wconf 86' lang='lat' dir='ltr'><strong>superbirent</strong></span> <span class='ocrx_word' id='word_1_959' title='bbox 2961 5558 3014 5612; x_wconf 92' lang='lat' dir='ltr'><strong>in</strong></span> <span class='ocrx_word' id='word_1_960' title='bbox 3070 5555 3402 5626; x_wconf 85' lang='lat' dir='ltr'><strong>prosperita-</strong></span> 
     </span>
    </p>
   </div>
   <div class='ocr_carea' id='block_1_116' title="bbox 1823 5646 3398 5718">
    <p class='ocr_par' dir='ltr' id='par_1_116' title="bbox 1823 5646 3398 5718">
     <span class='ocr_line' id='line_1_117' title="bbox 1823 5646 3398 5718; baseline -0.012 0"><span class='ocrx_word' id='word_1_961' title='bbox 1823 5663 1968 5718; x_wconf 90' lang='lat' dir='ltr'><strong>tibus</strong></span> <span class='ocrx_word' id='word_1_962' title='bbox 2015 5675 2028 5715; x_wconf 93' lang='lat'><strong>:</strong></span> <span class='ocrx_word' id='word_1_963' title='bbox 2061 5672 2106 5714; x_wconf 82' lang='lat' dir='ltr'><strong>et</strong></span> <span class='ocrx_word' id='word_1_964' title='bbox 2139 5661 2215 5714; x_wconf 87' lang='lat' dir='ltr'><strong>sic</strong></span> <span class='ocrx_word' id='word_1_965' title='bbox 2248 5658 2582 5712; x_wconf 82' lang='lat' dir='ltr'><strong>conturbatus</strong></span> <span class='ocrx_word' id='word_1_966' title='bbox 2605 5666 2723 5708; x_wconf 87' lang='lat' dir='ltr'><strong>sum</strong></span> <span class='ocrx_word' id='word_1_967' title='bbox 2766 5651 2817 5704; x_wconf 91' lang='lat' dir='ltr'><strong>in</strong></span> <span class='ocrx_word' id='word_1_968' title='bbox 2845 5647 3105 5704; x_wconf 89' lang='lat' dir='ltr'><strong>membris</strong></span> <span class='ocrx_word' id='word_1_969' title='bbox 3135 5646 3289 5711; x_wconf 86' lang='lat' dir='ltr'><strong>meis,</strong></span> <span class='ocrx_word' id='word_1_970' title='bbox 3332 5647 3398 5700; x_wconf 85' lang='lat' dir='ltr'><strong>ad</strong></span> 
     </span>
    </p>
   </div>
   <div class='ocr_carea' id='block_1_117' title="bbox 1820 5739 3401 5813">
    <p class='ocr_par' dir='ltr' id='par_1_117' title="bbox 1820 5739 3401 5813">
     <span class='ocr_line' id='line_1_118' title="bbox 1820 5739 3401 5813; baseline -0.009 -6"><span class='ocrx_word' id='word_1_971' title='bbox 1820 5753 1922 5808; x_wconf 84' lang='lat' dir='ltr'><strong>hoc</strong></span> <span class='ocrx_word' id='word_1_972' title='bbox 1953 5751 2220 5813; x_wconf 85' lang='lat' dir='ltr'><strong>videlicet,</strong></span> <span class='ocrx_word' id='word_1_973' title='bbox 2271 5757 2328 5802; x_wconf 92' lang='lat' dir='ltr'><strong>ut</strong></span> <span class='ocrx_word' id='word_1_974' title='bbox 2359 5748 2413 5801; x_wconf 86' lang='lat' dir='ltr'><strong>in</strong></span> <span class='ocrx_word' id='word_1_975' title='bbox 2449 5761 2551 5810; x_wconf 86' lang='lat' dir='ltr'><strong>me,</strong></span> <span class='ocrx_word' id='word_1_976' title='bbox 2596 5745 2646 5798; x_wconf 88' lang='lat' dir='ltr'><strong>id</strong></span> <span class='ocrx_word' id='word_1_977' title='bbox 2680 5751 2782 5806; x_wconf 88' lang='lat' dir='ltr'><strong>est,</strong></span> <span class='ocrx_word' id='word_1_978' title='bbox 2835 5743 2886 5796; x_wconf 92' lang='lat' dir='ltr'><strong>in</strong></span> <span class='ocrx_word' id='word_1_979' title='bbox 2938 5741 3071 5795; x_wconf 84' lang='lat' dir='ltr'><strong>meis</strong></span> <span class='ocrx_word' id='word_1_980' title='bbox 3107 5739 3401 5794; x_wconf 85' lang='lat' dir='ltr'><strong>transirent</strong></span> 
     </span>
    </p>
   </div>
   <div class='ocr_carea' id='block_1_118' title="bbox 1820 5828 3398 5910">
    <p class='ocr_par' dir='ltr' id='par_1_118' title="bbox 1820 5828 3398 5910">
     <span class='ocr_line' id='line_1_119' title="bbox 1820 5828 3398 5910; baseline -0.009 -15"><span class='ocrx_word' id='word_1_981' title='bbox 1820 5845 1916 5897; x_wconf 75' lang='lat' dir='ltr'><strong>inc</strong></span> <span class='ocrx_word' id='word_1_982' title='bbox 1961 5853 2083 5905; x_wconf 75' lang='lat' dir='ltr'><strong>ture,</strong></span> <span class='ocrx_word' id='word_1_983' title='bbox 2115 5857 2234 5910; x_wconf 68' lang='lat' dir='ltr'><strong>quze</strong></span> <span class='ocrx_word' id='word_1_984' title='bbox 2282 5845 2501 5891; x_wconf 86' lang='lat' dir='ltr'><strong>manent</strong></span> <span class='ocrx_word' id='word_1_985' title='bbox 2552 5836 2603 5889; x_wconf 90' lang='lat' dir='ltr'><strong>in</strong></span> <span class='ocrx_word' id='word_1_986' title='bbox 2659 5833 2961 5891; x_wconf 80' lang='lat' dir='ltr'><strong>inﬁdelibus</strong></span> <span class='ocrx_word' id='word_1_987' title='bbox 2993 5839 3050 5887; x_wconf 83' lang='lat' dir='ltr'><strong>et</strong></span> <span class='ocrx_word' id='word_1_988' title='bbox 3081 5830 3135 5885; x_wconf 90' lang='lat' dir='ltr'><strong>in</strong></span> <span class='ocrx_word' id='word_1_989' title='bbox 3171 5829 3274 5884; x_wconf 88' lang='lat' dir='ltr'><strong>illis</strong></span> <span class='ocrx_word' id='word_1_990' title='bbox 3307 5828 3398 5899; x_wconf 90' lang='lat' dir='ltr'><strong>qui</strong></span> 
     </span>
    </p>
   </div>
   <div class='ocr_carea' id='block_1_119' title="bbox 1823 5921 3393 5999">
    <p class='ocr_par' dir='ltr' id='par_1_119' title="bbox 1823 5921 3393 5999">
     <span class='ocr_line' id='line_1_120' title="bbox 1823 5921 3393 5999; baseline -0.01 -7"><span class='ocrx_word' id='word_1_991' title='bbox 1823 5936 2011 5992; x_wconf 82' lang='lat' dir='ltr'><strong>nolunt</strong></span> <span class='ocrx_word' id='word_1_992' title='bbox 2038 5949 2098 5992; x_wconf 83' lang='lat' dir='ltr'><strong>se</strong></span> <span class='ocrx_word' id='word_1_993' title='bbox 2123 5931 2256 5988; x_wconf 87' lang='lat' dir='ltr'><strong>mihi</strong></span> <span class='ocrx_word' id='word_1_994' title='bbox 2297 5929 2674 5999; x_wconf 77' lang='lat' dir='ltr'><strong>ineorporarit</strong></span> <span class='ocrx_word' id='word_1_995' title='bbox 2712 5934 2761 5981; x_wconf 79' lang='lat' dir='ltr'><strong>et</strong></span> <span class='ocrx_word' id='word_1_996' title='bbox 2794 5935 3020 5983; x_wconf 78' lang='lat' dir='ltr'><strong>ternm</strong></span> <span class='ocrx_word' id='word_1_997' title='bbox 3051 5922 3151 5990; x_wconf 78' lang='lat' dir='ltr'><strong>uu&#39;,</strong></span> <span class='ocrx_word' id='word_1_998' title='bbox 3199 5921 3251 5978; x_wconf 90' lang='lat' dir='ltr'><strong>id</strong></span> <span class='ocrx_word' id='word_1_999' title='bbox 3289 5929 3393 5986; x_wconf 79' lang='lat' dir='ltr'><strong>ost,</strong></span> 
     </span>
    </p>
   </div>
  </div>
