4034 6424
613 424 716 483 607

1253 429 1516 490 REMIGII
1548 430 2209 491 ANTISSIOBORENSIS
2245 430 2397 488 OPP.
2437 430 2618 488 PARS
2670 431 2714 488 Ι.
2746 461 2819 475 -
2855 432 3268 496 EXEGETICA.

3787 446 3883 506 608

608 549 849 597 terrores
889 540 1056 598 futuri
1097 541 1286 614 judicii
1337 546 1776 602 conturbauerunt
1815 563 1919 614 me,
1977 547 2032 602 id
2090 554 2194 612 est,
2221 549 2276 611 Α
2301 563 2368 603 ex
2397 561 2465 604 eo
2499 557 2741 618 tempore
2785 564 2892 619 quo
2919 551 3149 623 quisque
3190 556 3416 626 pronior
3442 567 3528 616 est
3556 560 3625 617 ad
3661 561 3883 634 lapsum.

608 649 778 691 meos.
807 634 1272 695 Circumdederunt
1299 656 1376 694 me
1404 645 1539 694 sicut
1569 657 1707 712 aqua
1729 650 1836 696 tota
1864 641 1968 695 die.
1996 642 2077 696 Ad
2095 643 2198 698 hoc

609 728 958 784 continuatur
1002 731 1144 801 quod
1173 730 1328 796 dixit,
1364 731 1646 786 Exaltatus
1684 742 1858 786 autem
1893 732 2198 789 humiliatus

609 837 726 876 sum
751 813 799 876 et
824 823 1182 879 conturbatus.
1223 824 1290 880 Et
1328 825 1634 896 quomodo?
1671 825 1805 892 Quia
1845 826 2202 881 circumdede-

611 923 731 967 runt
768 931 871 978 me,
904 915 955 970 id
982 923 1063 970 est
1085 932 1257 983 meos,
1291 917 1556 982 inﬁdeles,
1582 919 1718 972 sicut
1747 934 1885 990 aqua
1907 933 2026 987 qua:
2045 918 2202 974 undi-

609 1019 714 1074 que
741 1005 988 1074 involvit,
1027 1015 1082 1062 et
1107 1010 1211 1064 hoc
1247 1019 1356 1064 tota
1381 1010 1483 1075 die,
1515 1011 1568 1066 id
1598 1021 1704 1076 est,
1733 1012 1950 1067 assidue
1976 1030 1990 1066 :
2015 1021 2070 1068 et
2101 1014 2196 1067 cir-

609 1097 982 1154 cumdederunt
1004 1116 1084 1155 me
1107 1101 1264 1156 simul
1297 1111 1405 1157 tam
1448 1103 1735 1160 interiores
1763 1105 1992 1167 inimici.
2039 1122 2202 1178 quam

607 1191 926 1254 exteriores,
950 1199 1004 1245 et
1032 1190 1284 1264 elongasti
1315 1211 1348 1247 a
1378 1212 1479 1260 me,
1511 1195 1562 1250 id
1588 1205 1696 1263 est,
1719 1212 1751 1251 a
1779 1199 2203 1267 meis,amicum,

607 1277 660 1331 id
685 1287 788 1345 est,
808 1282 1103 1351 quemlibet
1135 1285 1226 1354 qui
1251 1287 1471 1342 deberet
1494 1288 1574 1343 eis
1594 1303 1714 1345 esse
1739 1291 1978 1346 amicus:
2005 1301 2051 1344 et
2083 1308 2206 1362 pro-

604 1368 807 1424 ximum
839 1373 1134 1441 quemlibet
1173 1378 1470 1434 secundum
1507 1395 1750 1445 carnem,
1791 1391 1837 1436 et
1867 1393 2014 1437 notos
2039 1399 2200 1451 meos,

606 1455 658 1510 id
692 1468 794 1525 est,
829 1461 946 1517 illos
982 1465 1075 1533 qui
1120 1465 1382 1522 deberent
1433 1470 1546 1524 noti
1597 1486 1717 1527 esse
1751 1472 1907 1538 meis,
1957 1474 2204 1529 eamdem

606 1551 858 1608 videlicet
889 1555 1049 1612 ﬁdem
1081 1573 1204 1613 cum
1231 1561 1336 1616 illis
1362 1563 1774 1634 participantes,
1806 1567 2046 1640 elongari
2078 1584 2207 1640 per-

609 1645 810 1700 misisti
851 1664 882 1702 a
926 1651 1080 1717 meis,
1123 1661 1178 1707 et
1214 1653 1318 1708 hoc
1367 1673 1399 1710 a
1447 1658 1682 1724 miseria,
1733 1660 1786 1715 id
1821 1669 1923 1726 est,
1981 1672 2207 1734 propter

610 1738 885 1795 miseriam
915 1758 1076 1812 quam
1093 1745 1206 1814 ’ipsi
1237 1749 1380 1816 passi
1410 1761 1535 1806 sunt
1563 1751 1882 1811 abinimicis
1910 1756 2199 1814 Ecclesiae:

608 1826 863 1899 leguntur
886 1833 1000 1889 hmc
1028 1837 1216 1892 eadem
1263 1840 1316 1892 in
1364 1856 1595 1911 persona
1641 1847 1836 1916 capitis
1890 1864 2011 1918 qua:
2060 1851 2202 1906 dicta

2301 641 2584 697 Exaltatus
2597 653 2769 698 autem
2783 660 2900 701 sum
2917 646 3056 715 apud
3070 657 3141 714 te,
3156 649 3461 708 humiliatus
3471 655 3612 725 apud
3630 656 3885 725 homines,

2304 742 2353 788 et
2383 734 2723 790 conturbatus
2759 752 2948 794 eorum
2994 742 3386 809 persecutione.
3419 743 3500 799 Ad
3543 746 3679 816 quid
3718 757 3891 806 autem

2303 827 2374 883 sit
2397 829 2754 885 conturbatus
2777 828 3052 903 subjungit
3078 850 3091 886 :
3123 833 3192 888 In
3211 850 3291 888 me
3309 837 3636 892 transierunt
3661 837 3888 907 iratae:

2304 916 2359 973 id
2389 928 2492 986 est,
2522 919 2604 975 ira
2628 928 2720 976 tua
2758 935 2879 991 qua:
2923 937 3148 979 assensu
3175 923 3277 980 fuit
3311 935 3590 984 contracta
3621 929 3680 984 in
3718 931 3894 986 huma-

2304 1025 2435 1066 num
2463 1027 2630 1082 genus
2659 1020 2882 1086 propter
2906 1025 3188 1084 peccatum
3228 1018 3389 1088 primi
3437 1019 3703 1089 hominis,
3745 1022 3890 1091 juxta

2304 1105 2448 1176 quod
2477 1105 2734 1176 propheta
2766 1105 2897 1162 dicit
2922 1121 2937 1161 :
2964 1107 3188 1179 Propter
3204 1119 3426 1180 peccata
3450 1113 3634 1184 populi
3663 1115 3764 1168 mei
3783 1133 3894 1182 per—

2306 1198 2445 1252 cussi
2471 1214 2590 1252 eum
2615 1195 2750 1270 (Isa.
2775 1197 2918 1268 un).
2955 1197 3081 1254 Haec
3126 1201 3206 1256 ira
3238 1202 3291 1256 in
3325 1218 3414 1259 me
3447 1203 3631 1273 posita
3664 1206 3891 1273 transiit,

2306 1292 2434 1363 quia
2462 1306 2562 1362 per
2600 1307 2689 1348 me
2730 1293 2942 1362 placata
2972 1303 3076 1360 est,
3105 1305 3152 1350 et
3190 1305 3414 1353 terrores
3458 1299 3560 1364 tui,
3608 1313 3720 1354 non
3767 1316 3799 1354 a
3845 1308 3896 1356 te

2305 1381 2457 1447 facti,
2482 1381 2577 1438 sed
2607 1398 2638 1438 a
2666 1393 2720 1439 te
2742 1385 3013 1455 permissi,
3041 1388 3479 1446 conturbauerunt
3521 1407 3627 1446 me.
3671 1391 3741 1445 Et
3766 1407 3896 1461 quo-

2305 1474 2510 1529 modo?
2556 1474 2690 1542 Quia
2747 1476 3199 1533 circumdederunt
3248 1496 3328 1534 me
3376 1482 3513 1535 sicut
3563 1498 3729 1551 aqua,
3787 1498 3898 1552 qua

2306 1566 2545 1636 undique
2571 1567 2801 1622 involvit
2837 1579 2946 1623 tota
2975 1571 3082 1634 die,
3119 1572 3172 1628 id
3203 1580 3289 1628 est
3327 1574 3566 1640 assidue,
3598 1584 3656 1630 et
3686 1577 3899 1629 circuiu-

2307 1659 2558 1714 dederunt
2582 1677 2662 1715 me
2682 1661 2860 1728 simul,
2883 1663 3122 1720 minores
3143 1665 3395 1721 videlicet
3419 1675 3474 1722 et
3497 1666 3738 1736 majores
3765 1681 3783 1718 :
3808 1668 3898 1723 mi-

2307 1765 2486 1816 nores,
2517 1752 2658 1806 male
2679 1753 3096 1821 consentiendo;
3128 1756 3541 1826 majores,male
3563 1755 3896 1824 iudicando:

2308 1853 2363 1900 et
2390 1845 2512 1902 ideo
2533 1845 2788 1917 elongasti
2811 1865 2842 1901 a
2870 1865 2950 1902 me
2976 1849 3224 1916 amicum,
3255 1850 3306 1905 id
3339 1860 3444 1917 est,
3473 1852 3782 1923 quemlibet
3817 1852 3901 1921 qui

608 1928 734 1973 sunt
759 1924 1029 1990 superius,
1060 1927 1177 1982 sic:
1217 1928 1452 1987 Clamavi
1481 1933 1550 1986 ad
1575 1945 1646 2000 te,
1677 1935 1922 2006 Domine,
1950 1950 2058 1995 tota
2080 1942 2200 1999 die:
2230 1941 2280 2003 B
2309 1937 2532 1993 deberet
2559 1953 2682 1994 esse
2717 1939 2923 1994 amicus
2966 1955 3138 2006 meus,
3179 1951 3228 1995 et
3268 1943 3567 2012 proximum
3607 1944 3901 1998 secundum

610 2012 836 2079 expendi
869 2015 938 2067 ad
975 2025 1024 2070 te
1055 2035 1244 2073 manus
1270 2039 1412 2077 meas
1440 2037 1458 2075 :
1481 2041 1582 2096 pro
1611 2042 1717 2096 quo
1749 2029 1984 2086 clamore
2010 2041 2066 2088 et
2091 2048 2207 2088 ma-

608 2111 1147 2177 nnumexpansione,
1179 2116 1246 2168 de
1287 2125 1462 2172 morte
1509 2135 1595 2175 me
1643 2124 2020 2191 resuscitabis;
2078 2126 2207 2196 quia

607 2210 730 2251 cum
757 2205 1135 2273 constatquod
1166 2221 1263 2276 per
1306 2223 1392 2262 me
1421 2208 1666 2267 facturus
1707 2229 1768 2270 es
1801 2215 2090 2283 mirabilia,
2113 2226 2209 2274 aut

607 2302 705 2357 per
729 2305 815 2346 me
858 2303 1130 2351 mortuum
1164 2295 1334 2355 facies
1366 2301 1640 2360 mirabilia
1667 2309 1920 2374 mortuis,
1969 2319 2063 2366 aut
2111 2326 2208 2382 per

2309 2042 2548 2093 carnem,
2577 2037 2624 2083 et
2666 2039 2816 2084 notos
2856 2046 2996 2085 meos
3041 2032 3338 2088 secundum
3371 2034 3532 2089 ﬁdem
3564 2052 3578 2089 :
3624 2043 3681 2091 et
3726 2034 3833 2090 hoc
3872 2051 3902 2089 α

2307 2122 2542 2186 miseria,
2579 2121 2634 2178 id
2684 2133 2786 2189 est,
2836 2132 3058 2196 propter
3115 2125 3395 2181 miseriam
3440 2141 3470 2181 a
3519 2125 3729 2183 Judteis
3781 2125 3902 2182 mihi

2308 2213 2536 2270 illatam.

2768 2333 3089 2392 PSALMUS
3115 2335 3446 2393 LXXXVIII.

608 2394 694 2434 me
731 2382 915 2438 vivum
942 2385 1118 2452 vivis;
1153 2389 1249 2444 sed
1295 2405 1392 2460 per
1436 2408 1524 2449 me
1566 2405 1836 2452 mortuum
1891 2415 1999 2455 non
2039 2401 2206 2459 facies
2297 2451 2304 2464 λ

610 2471 899 2540 mirabilia,
943 2478 1218 2535 mortuis:
1251 2483 1397 2552 quod
1449 2484 1624 2540 dicit:
1673 2488 1931 2560 Nunquid
1983 2494 2205 2549 mortuis

609 2562 889 2632 (subaudis
908 2566 964 2622 in
995 2571 1242 2644 corpore)
1274 2573 1438 2643 facies
1477 2578 1765 2645 mirabilia,
1807 2583 1859 2637 id
1906 2592 2009 2649 est,
2054 2601 2208 2657 repa-

610 2657 877 2714 rationem
914 2660 1136 2718 humani
1166 2667 1421 2736 generis?
1472 2669 1579 2725 Aut
1622 2675 2103 2746 nunquid-medici,
2152 2681 2205 2737 id

610 2757 694 2803 est
725 2751 1107 2820 praedicatores
1136 2758 1264 2824 mei,
1300 2761 1626 2818 suscitabunt
1680 2765 1800 2822 illos
1847 2779 2108 2836 mortuos,
2159 2773 2204 2828 si

609 2841 713 2897 hoc
741 2852 825 2898 est
848 2845 992 2915 quod
1017 2863 1123 2902 non
1155 2865 1530 2920 resurrexero,
1564 2865 1614 2910 et
1655 2860 2042 2928 conﬁtebuntur
2067 2863 2207 2921 tibi?

611 2932 866 3007 Nunquid
896 2942 1135 2996 narrabit
1164 2942 1354 3015 aliquis
1377 2961 1564 3003 eorum
1593 2950 2011 3008 misericordiam
2034 2965 2200 3024 tuam,

609 3026 664 3084 id
698 3039 802 3096 est,
840 3035 1242 3103 reparationem
1267 3038 1494 3096 humani
1521 3045 1759 3114 generis,
1805 3045 1912 3103 illis
1946 3050 2038 3119 qui
2081 3059 2206 3107 sunt

609 3121 778 3177 clausi
820 3124 874 3180 in
904 3127 1165 3196 sepulcro,
1195 3139 1242 3184 et
1265 3133 1535 3188 ueritatem
1557 3144 1701 3190 tuam
1727 3139 1784 3192 in
1814 3139 2125 3208 perditione,
2149 3142 2203 3198 id

611 3214 838 3283 est,illis
859 3217 972 3286 qui,
997 3220 1237 3288 peccatis
1260 3223 1374 3278 suis
1399 3224 1762 3296 exigentibus,
1788 3229 1855 3284 ad
1880 3228 2056 3285 locum
2080 3247 2203 3303 per-

2647 2464 3014 2507 INTELLECTUS
3041 2467 3222 2508 ΕἸἮΛΝ
3253 2465 3560 2508 εΖΚΔΠΙτΒ.

2324 2539 2336 2556 ³
2387 2579 2408 2614 ι
2457 2561 2855 2620 Misericordias
2881 2565 3094 2621 Domini
3143 2567 3196 2621 in
3232 2576 3495 2623 aeternum
3541 2569 3806 2623 cantabo.
3852 2567 3901 2624 in

2314 2671 2332 2705 ‹
2378 2655 2728 2725 generatione
2751 2663 2807 2711 et
2826 2657 3228 2728 generationem
3252 2659 3585 2714 aununtiabo
3615 2661 3901 2714 veritatem

2313 2765 2332 2798 ‹
2381 2755 2526 2802 tuam
2560 2748 2616 2802 in
2644 2763 2741 2804 ore
2781 2765 2922 2805 meo.
2956 2749 3222 2816 Quoniam
3261 2749 3488 2807 dixisti:
3529 2751 3589 2806 In
3630 2761 3897 2807 veternum

2312 2860 2331 2894 ‹
2378 2842 2750 2898 misericordia
2773 2843 3129 2900 aediﬁcabi-tur
3173 2846 3226 2899 in
3276 2845 3447 2908 caelis,
3500 2846 3903 2916 prteparabitur

2311 2953 2332 2986 ‹
2377 2935 2580 2990 veritas
2609 2945 2697 2989 tua
2745 2935 2799 2990 in
2847 2936 2945 2990 eis.
2996 2936 3246 3008 Disposui
3277 2946 3661 2992 testamentum
3711 2936 3903 2992 electis

2311 3043 2331 3076 ‹
2376 3025 2532 3089 meis,
2550 3024 2727 3095 juravi
2751 3025 2919 3080 David
2955 3041 3113 3081 servo
3140 3042 3303 3083 meo:
3342 3027 3521 3096 Usque
3549 3027 3605 3081 in
3631 3038 3900 3082 :eternum

2311 3139 2329 3172 ι
2373 3123 2692 3194 praeparabo
2719 3137 2904 3178 semen
2941 3131 3113 3176 tuum.
3151 3121 3217 3177 Et
3247 3122 3525 3178 aediﬁcabo
3565 3123 3620 3177 in
3665 3138 3900 3193 genera-

2309 3233 2328 3265 ‹
2380 3214 2526 3270 tione
2559 3225 2612 3271 et
2647 3216 3054 3287 generationem
3079 3217 3261 3271 sedem
3293 3225 3460 3271 tuam.
3485 3215 3904 3271 Conﬁtebuntur

611 3305 833 3363 ditionis
860 3307 1232 3366 devenerunt?
1266 3311 1360 3367 Vel
1389 3314 1509 3370 sic:
1547 3315 1808 3390 Nunquid
1843 3320 2078 3375 narrabit
2103 3320 2199 3376 ali-

2308 3326 2328 3360 ‹
2374 3309 2499 3366 θεειί
2528 3309 2797 3365 mirabilia
2814 3318 2920 3374 tua,
2949 3311 3194 3375 Domine,
3220 3310 3422 3366 etenim
3438 3310 3728 3365 veritatem
3757 3319 3902 3365 tuam

607 3401 724 3470 quis
748 3401 801 3456 in
823 3401 1061 3472 sepulcro
1101 3405 1516 3463 misericordiam
1549 3419 1712 3478 luant,
1753 3412 1808 3468 id
1851 3422 1957 3480 est,
1986 3415 2039 3470 in
2070 3430 2200 3473 con-

610 3491 940 3548 sideratione
969 3495 1076 3550 mei
1107 3497 1303 3567 sepulti
1333 3506 1388 3553 et
1429 3515 1536 3555 non
1573 3502 1920 3559 resuscitati?
1963 3505 2032 3560 Et
2078 3507 2200 3578 quis

608 3585 853 3640 narrabit
880 3588 1150 3642 veritatem
1185 3598 1332 3644 tuam
1380 3591 1436 3645 in
1481 3594 1793 3663 perditione,
1831 3597 1884 3652 id
1915 3605 2014 3663 est,
2063 3614 2200 3671 prte-

608 3685 768 3747 cepta
796 3685 885 3732 tua
912 3693 1062 3745 vera,
1098 3680 1211 3736 sive
1253 3685 1746 3742 remunerationem
1777 3697 1946 3755 tuam,
1988 3691 2032 3746 si
2071 3706 2198 3761 per-
2239 3700 2244 3705 ’

608 3772 760 3828 iero?
791 3773 858 3828 Et
906 3777 1144 3848 nunquid
1175 3791 1552 3849 cognoscentur
1578 3799 1664 3839 me
1692 3797 1946 3842 manente
1974 3788 2029 3844 in
2059 3798 2200 3845 tene-

608 3863 712 3918 bris
741 3866 1006 3922 mirabilia
1029 3877 1121 3923 tua
1144 3880 1190 3924 et
1210 3871 1448 3941 justitia,
1494 3873 1547 3929 id
1579 3883 1682 3941 est,
1715 3875 1849 3934 ﬁdes
1869 3876 2195 3950 justiﬁcans,

611 3956 852 4025 nunquid
878 3967 1236 4029 cognoscetur
1272 3960 1327 4016 in
1372 3971 1511 4016 terra
1546 3963 1838 4033 oblivionis,
1888 3968 1941 4022 id
1986 3979 2088 4036 est,
2144 3972 2198 4026 in

609 4064 836 4118 corpore
884 4067 1004 4108 meo
1049 4051 1305 4109 oblivioni
1352 4056 1572 4122 tradito,
1603 4059 1649 4113 si
1706 4075 1812 4115 non
1845 4064 2199 4120 resuscitatus

608 4141 798 4196 fuero?
827 4142 922 4198 Vel
971 4142 1085 4199 sic:
1118 4143 1376 4217 Nunquid
1423 4161 1798 4219 cognoscentur
1844 4154 1899 4207 in
1953 4155 2196 4223 tenebris,

609 4231 661 4287 id
692 4243 796 4300 est,
833 4234 885 4288 in
927 4233 1033 4290 illis
1065 4242 1156 4307 qui
1178 4236 1292 4308 jam
1323 4247 1448 4294 sunt
1485 4240 1538 4295 in
1589 4240 1706 4299 loco
1748 4246 2115 4314 tenebrarum,
2149 4259 2197 4304 et

599 4326 809 4397 justitia
837 4339 930 4382 tua
953 4329 1007 4383 in
1035 4339 1177 4384 terra
1201 4329 1492 4398 oblivionis,
1518 4332 1571 4388 id
1604 4342 1706 4400 est,
1747 4335 1800 4390 in
1831 4337 1938 4392 illis
1966 4339 2058 4410 qui
2081 4341 2197 4408 jam

606 4428 734 4475 sunt
761 4420 814 4476 in
850 4421 938 4476 illo
964 4420 1102 4487 loco,
1138 4423 1228 4479 ubi
1258 4423 1418 4497 digne
1440 4425 1700 4482 deberent
1730 4428 1870 4482 tradi
1901 4429 2197 4488 oblivioni?

605 4523 654 4568 et
693 4532 785 4585 ego
824 4516 893 4572 ad
943 4525 1012 4584 te,
1052 4516 1297 4585 Domine,
1338 4517 1581 4574 clamavi.
1634 4519 1798 4587 Quasi
1858 4522 2043 4578 dicat:
2085 4524 2198 4598 Ego

603 4606 794 4662 videns
819 4607 944 4677 quia
991 4622 1088 4679 per
1136 4623 1222 4664 me
1272 4620 1543 4664 mortuum
1576 4611 1720 4666 nulla
1771 4624 1952 4669 essent
2012 4613 2193 4672 futura

2311 3422 2331 3456 ι
2374 3404 2429 3459 in
2454 3404 2696 3460 Ecclesia
2732 3413 3064 3460 sanctorum.
3093 3404 3361 3472 Quoniam
3399 3404 3520 3475 quis
3560 3403 3616 3458 in
3658 3402 3902 3459 nubibus

2309 3515 2328 3548 ς
2372 3497 2677 3567 aequabitur
2714 3495 2990 3552 Domino:
3029 3496 3222 3552 similis
3248 3497 3352 3551 erit
3397 3497 3624 3551 Domino
3667 3496 3730 3550 in
3781 3495 3904 3551 ﬁliis

2309 3606 2328 3640 ι
2375 3588 2506 3642 Dei?
2535 3588 2678 3644 Deus
2705 3589 2797 3657 qui
2830 3587 3164 3659 gloriﬁcatur
3202 3587 3257 3641 in
3284 3585 3514 3642 consilio
3555 3595 3898 3648 sanctorum,

2309 3699 2328 3732 ‹
2371 3695 2600 3749 magnus
2628 3687 2682 3734 et
2722 3680 2982 3736 terribilis
3023 3695 3184 3751 super
3224 3695 3415 3736 omnes
3457 3679 3549 3751 qui
3583 3679 3634 3734 in
3665 3680 3902 3735 circuitu

2309 3791 2330 3826 ι
2374 3775 2491 3845 ejus
2519 3781 2663 3850 sunt.
2689 3774 2915 3830 Domine
2943 3773 3086 3829 Deus
3106 3773 3526 3844 virtutum,quis
3546 3772 3748 3828 similis
3777 3773 3903 3828 tibi?

2308 3883 2327 3917 ι
2374 3873 2566 3936 potens
2592 3880 2668 3928 es,
2709 3865 2960 3931 Domine,
2993 3873 3050 3921 et
3076 3865 3277 3921 veritas
3304 3873 3390 3919 tua
3422 3865 3476 3919 in
3521 3864 3760 3920 circuitu
3793 3877 3898 3920 tuo.

2307 3976 2327 4010 σ
2374 3957 2454 4012 Tu
2514 3958 2813 4014 dominaris
2875 3958 3132 4028 potestati
3190 3957 3396 4023 maris,
3459 3966 3668 4012 motum
3720 3967 3900 4013 autem

2306 4073 2324 4107 ι
2370 4053 2630 4110 ﬂuctuum
2665 4053 2780 4122 ejus
2809 4062 2865 4108 tu
2901 4054 3142 4124 mitigas.
3170 4052 3251 4107 Tu
3282 4053 3580 4108 humiliasti
3610 4053 3760 4108 sicut
3790 4052 3901 4107 vul-

2306 4165 2324 4199 ι
2373 4155 2621 4202 neratum
2650 4147 2967 4216 superbum,
2997 4147 3050 4200 in
3075 4145 3301 4200 brachio
3323 4145 3543 4200 virtutis
3571 4153 3679 4199 tua:
3703 4146 3901 4216 disper-

2305 4257 2324 4292 (
2369 4239 2487 4293 sisti
2511 4239 2760 4293 inimicos
2793 4246 2932 4294 tuos.
2963 4236 3068 4292 Tui
3095 4245 3222 4293 sunt
3249 4237 3466 4303 cmli,et
3497 4245 3586 4291 tua
3605 4247 3690 4292 est
3715 4249 3857 4291 terra
3884 4257 3895 4290 :

2304 4346 2324 4381 ‹
2369 4329 2557 4384 orbem
2585 4335 2740 4384 terrae
2769 4337 2824 4383 et
2850 4327 3241 4399 plenitudinem
3259 4327 3375 4397 ejus
3393 4337 3448 4383 tu
3464 4327 3896 4399 fundasti,aqui-

2302 4438 2322 4473 ‹
2367 4420 2543 4476 lonem
2575 4428 2630 4476 et
2658 4435 2810 4476 mare
2850 4429 2906 4476 tu
2949 4421 3168 4476 creasti.
3199 4420 3420 4478 Thabor
3456 4431 3513 4475 et
3563 4419 3807 4476 Hermon
3845 4422 3898 4475 in

2301 4532 2322 4567 ι
2364 4515 2581 4570 nomine
2609 4524 2700 4570 tuo
2721 4514 3073 4570 exsultabunt
3102 4531 3115 4568 :
3159 4521 3309 4568 tuum
3332 4513 3618 4568 brachium
3649 4529 3778 4569 cum
3806 4528 3897 4583 po-

2303 4624 2322 4658 ‹
2372 4607 2559 4662 tentia.
2589 4607 2861 4663 Firmetur
2889 4622 3082 4663 manus
3109 4615 3217 4670 tua,
3249 4612 3304 4660 et
3332 4604 3641 4661 exsultetur
3679 4605 3896 4660 dextera

604 4699 895 4766 mirabilia,
928 4700 1048 4756 ideo
1085 4700 1312 4757 clamavi
1351 4703 1419 4758 ad
1457 4711 1528 4769 te,
1577 4703 1826 4771 Domine,
1857 4714 1918 4761 ut
1969 4723 2054 4762 me
2109 4724 2195 4764 re-

2305 4717 2320 4750 ι
2371 4706 2461 4752 tua
2491 4712 2506 4752 :
2532 4698 2740 4768 justitia
2766 4697 3102 4768 etjudicium
3124 4697 3448 4769 praeparatio
3476 4697 3626 4754 sedis
3652 4708 3780 4753 tuae.
3805 4697 3897 4752 lili-

605 4793 917 4859 suscitares,
950 4802 997 4846 et
1020 4793 1186 4848 oratio
1215 4809 1330 4848 mea
1369 4795 1644 4865 prteveniet
1672 4804 1741 4862 te,
1777 4796 1832 4852 id
1855 4804 1958 4865 est,
1991 4814 2192 4868 praece-

606 4883 716 4948 tlct,
757 4892 816 4938 ut
840 4885 1114 4941 exauditio
1155 4893 1245 4941 tua
1292 4887 1694 4958 subsequatur:
1728 4889 1871 4959 quod
1912 4893 2194 4962 apparebit

605 4993 777 5042 mane,
809 4977 860 5032 id
890 4986 988 5041 est,
1025 4979 1080 5033 in
1106 4981 1506 5036 resurrectione
1532 4996 1654 5038 mea
1677 4980 1820 5037 facta
1845 4997 2006 5037 mane
2031 5001 2045 5037 :
2083 4982 2189 5050 vel,

603 5073 771 5126 oratio
797 5089 910 5126 mea
936 5089 1107 5140 mane,
1136 5073 1188 5128 id
1215 5082 1320 5139 est,
1357 5074 1409 5128 in
1438 5074 1722 5129 sedulitate
1747 5073 1890 5129 facta
1915 5077 2191 5146 prreveniet

602 5172 675 5229 te,
715 5164 765 5219 id
797 5172 899 5230 est,
937 5164 1170 5235 placebit
1193 5165 1312 5221 tibi.
1364 5165 1430 5219 Et
1474 5166 1603 5236 quia
1633 5167 1910 5236 praeveniet
1941 5175 1989 5219 te
2019 5167 2188 5221 oratio

602 5274 739 5322 utea,
772 5267 828 5311 ut
854 5257 978 5328 quid
1021 5257 1247 5329 repellis,
1284 5257 1336 5312 id
1376 5267 1480 5324 est,
1515 5257 1775 5329 repellere
1822 5258 2043 5326 videris,
2071 5275 2191 5313 ora-

603 5350 796 5405 tionem
822 5367 1016 5419 meam,
1045 5367 1150 5422 qua
1178 5350 1234 5406 in
1265 5365 1425 5406 cruce
1463 5351 1531 5406 ad
1562 5360 1614 5407 te
1639 5351 1910 5417 clamabo,
1958 5350 2141 5406 dicens
2172 5368 2188 5406 :

605 5441 831 5500 Domine
865 5443 1005 5500 Deus
1045 5459 1218 5511 meus,
1243 5445 1452 5515 respice
1474 5443 1528 5499 in
1551 5459 1675 5501 me:
1708 5454 1763 5500 et
1788 5444 1972 5516 utquid
1998 5444 2190 5499 avertis

604 5535 796 5607 faciem
821 5547 966 5592 tuam
997 5553 1029 5590 a
1073 5537 1194 5592 me?
1242 5537 1368 5592 ldeo
1396 5536 1667 5604 videlicet,
1707 5539 1832 5608 quia
1883 5553 1982 5608 ego
2045 5537 2192 5592 solus

604 5625 794 5683 videor
814 5627 909 5686 tibi
933 5629 1157 5685 idoneus
1187 5629 1256 5685 ad
1283 5631 1683 5700 reparationem
1698 5629 1923 5684 humani
1950 5629 2192 5701 generis;

610 5718 754 5790 quod
790 5718 940 5786 dicit,
964 5718 1177 5793 Pauper
1198 5737 1315 5776 sum
1351 5738 1464 5793 ego,
1494 5721 1547 5778 id
1572 5732 1676 5787 est,
1695 5722 1915 5777 humilis
1937 5735 2193 5790 appareo,

609 5819 672 5864 ut
699 5825 795 5880 per
829 5825 915 5864 me
938 5811 1196 5866 humilem
1225 5813 1461 5867 humana
1485 5814 1736 5883 superbia
1778 5812 2003 5884 recipiat
2029 5812 2198 5867 medi-

608 5902 788 5964 cinam
810 5919 824 5960 :
849 5911 908 5960 et
932 5918 1051 5961 sum
1073 5905 1128 5963 in
1159 5904 1432 5964 laboribus
1462 5920 1493 5960 a
1531 5905 1813 5975 iuventute
1840 5920 1984 5974 mea,
2033 5903 2086 5962 id
2113 5913 2202 5962 est

2301 4808 2320 4841 ‹
2367 4789 2661 4845 sericordia
2691 4797 2748 4844 et
2769 4791 2974 4844 veritas
2999 4789 3307 4860 princedent
3327 4787 3524 4845 faciem
3551 4797 3743 4844 tuam:
3773 4788 3895 4844 bea-

2301 4901 2320 4936 ‹
2369 4890 2455 4938 tus
2482 4881 2712 4952 populus
2754 4881 2844 4951 qui
2877 4881 2979 4936 scit
3000 4880 3400 4952 jubilationem,
3429 4880 3686 4946 Domine,
3721 4882 3773 4937 in
3811 4881 3891 4935 lu-

2301 4994 2320 5028 (
2369 4975 2513 5029 mine
2541 4973 2719 5029 vultus
2748 4974 2821 5028 lui
2846 4972 3199 5029 ambulabunt
3217 4981 3273 5029 et
3295 4973 3350 5028 in
3373 4975 3599 5030 nomine
3616 4984 3709 5032 tuo
3723 4975 3894 5031 exsul.

2299 5087 2318 5121 ‹
2364 5068 2550 5122 tabunt
2576 5075 2685 5121 tota
2710 5067 2878 5130 die,et
2899 5067 2954 5121 in
2969 5066 3181 5135 justitia
3205 5075 3296 5121 tua
3317 5075 3730 5123 exaltabuntur.
3761 5070 3894 5136 Quo-

2303 5176 2322 5212 i
2368 5161 2514 5214 niam
2540 5158 2711 5230 gloria
2741 5158 2958 5213 virtutis
2988 5173 3175 5212 eorum
3201 5167 3256 5212 tu
3288 5173 3369 5226 es,
3393 5165 3450 5212 et
3480 5157 3535 5212 in
3559 5156 3894 5231 beneplarito

2301 5271 2321 5306 ι
2367 5262 2459 5307 tuo
2487 5251 2819 5308 exaltabitur
2850 5264 3018 5304 cornu
3067 5256 3335 5306 nostrum.
3378 5248 3517 5315 Quia
3557 5248 3780 5305 Domini
3820 5261 3894 5305 est

2303 5362 2322 5396 ι
2365 5343 2664 5413 assumptio
2688 5351 2892 5405 nostra,
2916 5353 2970 5396 et
2999 5341 3171 5396 sancti
3186 5340 3350 5395 Israel
3365 5341 3511 5411 regis
3533 5341 3892 5396 nostri.’l‘unc

2300 5455 2319 5490 ι
2369 5437 2580 5492 locutus
2605 5451 2665 5490 es
2690 5434 2742 5490 in
2769 5434 2979 5490 visione
3000 5435 3206 5490 sanctis
3235 5434 3339 5489 tuis
3365 5451 3378 5488 :
3411 5442 3467 5488 et
3490 5433 3683 5490 dixisti
3706 5455 3720 5489 :
3742 5433 3891 5490 Posui

2301 5549 2321 5581 ‹
2366 5528 2694 5598 adjutorium
2732 5527 2784 5580 in
2836 5535 3056 5596 potente
3086 5566 3102 5592 ,
3158 5534 3215 5581 et
3255 5525 3495 5581 exaltavi
3547 5526 3795 5582 electum
3837 5526 3892 5580 de

2299 5640 2317 5674 ι
2360 5619 2516 5692 plebe
2542 5635 2682 5674 mea.
2709 5619 2894 5674 Inveni
2925 5618 3094 5674 David
3124 5635 3341 5674 servum
3374 5634 3580 5684 meum,
3617 5619 3743 5675 oleo
3773 5635 3889 5675 san-

2301 5730 2320 5765 (
2365 5720 2456 5768 cto
2481 5726 2602 5767 meo
2627 5711 2757 5766 unxi
2785 5726 2932 5766 eum.
2983 5709 3171 5767 Manus
3199 5712 3343 5766 enim
3387 5727 3512 5768 mea
3543 5713 3888 5768 auxiliabitur

2300 5826 2320 5861 ι
2365 5808 2437 5874 ei,
2461 5815 2516 5863 et
2540 5807 2823 5863 brachium
2840 5820 3021 5862 meum
3053 5804 3398 5862 conﬁrmabit
3423 5821 3571 5862 eum.
3598 5805 3748 5862 Nihil
3775 5820 3887 5877 pro-

2302 5919 2322 5956 ‹
2371 5900 2518 5959 ﬁciet
2543 5899 2796 5959 inimicus
2821 5900 2876 5957 in
2895 5915 2980 5969 eo,
3005 5907 3062 5958 et
3102 5898 3245 5959 ﬁlius
3268 5899 3577 5974 iniquitatis
3604 5917 3714 5958 non
3740 5915 3883 5971 appo-
