4034 6414
128 453 257 508 CO9

1304 461 1840 524 ENARRATIONES
1875 466 1945 524 ΙΝ
1980 467 2312 528 PSALMOS.

3319 480 3423 533 610

132 584 159 618 e
216 572 316 655 net
346 580 540 622 nocere
570 568 640 623 ei.
664 567 731 622 Et
758 570 1038 625 concidam
1062 586 1093 625 a
1120 571 1258 629 facie
1290 573 1459 645 ipsius
1490 577 1735 631 inimicos
1765 585 1813 643 Α
1844 593 1967 647 quia
1996 582 2214 635 cantabo
2240 584 2625 641 misericordias
2664 586 2877 643 Domini
2906 630 2920 655 ,
2964 589 3017 643 in
3050 599 3301 645 internum
3330 606 3426 648 vos

129 674 156 708 α
214 654 363 725 ejus,
412 666 466 711 et
504 658 749 715 odientes
798 675 920 715 eum
959 660 1012 715 in
1057 661 1241 734 fugam
1283 674 1614 721 convertam.
1667 666 1736 722 Et

130 768 153 801 ι
213 751 428 807 veritas
465 767 584 808 mea
619 762 673 809 et
700 754 1070 811 misericordia
1111 773 1231 813 mea
1260 774 1383 815 cum
1422 760 1558 830 ipso,
1580 769 1635 816 et
1682 761 1737 816 in

131 858 155 891 ε
210 842 439 898 nomine
469 859 590 900 meo
612 845 939 903 exaltabitur
971 862 1137 903 cornu
1177 848 1314 919 ejus.
1347 850 1415 905 Et
1450 868 1646 923 ponam
1681 854 1737 909 in

130 949 155 983 ε
210 934 361 988 mari
393 950 612 991 manum
628 935 764 1005 ejus,
796 947 852 994 et
880 939 935 1001 in
959 937 1274 997 ﬂuminibus
1298 942 1579 998 dexteram
1598 944 1732 1015 ejus.

131 1043 153 1075 ι
209 1024 339 1096 Ipse
368 1026 637 1085 invocabit
666 1045 773 1097 me,
797 1029 959 1088 Pater
983 1048 1136 1089 meus
1166 1050 1226 1091 es
1259 1044 1316 1090 tu
1342 1052 1359 1091 :
1396 1037 1537 1091 Deus
1561 1053 1733 1106 meus,

129 1134 153 1167 ι
206 1128 266 1173 ει
314 1129 595 1190 susceptor
621 1122 810 1179 salutis
844 1139 998 1181 meae.
1052 1125 1121 1180 Et
1160 1141 1262 1198 ego
1308 1129 1731 1200 primogenitum

129 1228 151 1263 ι
202 1225 410 1281 ponam
436 1212 607 1280 illum,
631 1215 905 1272 excelsum
923 1232 1036 1287 pra:
1059 1219 1273 1290 regibus
1295 1226 1473 1277 terrae.
1498 1220 1553 1275 In
1578 1231 1735 1277 aeter-

131 1319 152 1354 ι
204 1318 345 1357 num
374 1306 602 1361 servabo
647 1306 723 1362 illi
769 1309 1197 1366 misericordiam
1244 1327 1418 1367 meam
1468 1322 1523 1367 et
1566 1322 1731 1369 testa.

128 1413 153 1447 ε
202 1404 454 1452 mentum
480 1414 660 1454 meum
696 1400 854 1457 fidele
898 1401 1021 1472 ipsi.
1069 1402 1137 1457 Et
1167 1418 1363 1474 ponam
1394 1404 1446 1458 in
1476 1404 1731 1460 saaculnm

131 1504 152 1537 ι
202 1489 393 1545 saeculi
419 1506 605 1548 semen
627 1493 763 1563 ejus,
793 1501 848 1549 et
872 1496 1127 1551 thronum
1153 1496 1269 1565 ejus
1291 1498 1430 1552 sicut
1453 1497 1566 1553 dies
1586 1498 1727 1552 caeli.

131 1579 263 1649 s‘Si
297 1592 482 1637 autem
499 1584 884 1656 dereliquerint
912 1586 1007 1641 ﬁlii
1030 1588 1144 1658 ejus
1174 1588 1343 1658 legem
1375 1604 1571 1655 meam,
1601 1598 1656 1643 et
1678 1588 1731 1643 in

131 1694 151 1728 ι
195 1675 429 1746 judiciis
455 1679 593 1736 meis
623 1696 729 1737 non
761 1682 1194 1739 ambulaverint:
1235 1684 1278 1739 si
1311 1684 1549 1754 justitias
1583 1697 1730 1738 meas

128 1789 149 1822 ι
198 1770 639 1841 profanaverint,
662 1783 718 1829 et
745 1777 1003 1832 mandata
1033 1791 1152 1832 mea
1189 1793 1294 1833 non
1326 1778 1724 1832 custodierint:

129 1879 151 1913 ι
200 1862 443 1918 visitabo
471 1864 528 1919 in
565 1865 715 1935 virga
751 1866 1067 1937 iniquitates
1113 1883 1324 1935 eorum,
1353 1876 1407 1924 et
1450 1869 1500 1922 in
1534 1868 1726 1923 verbe-

196 1955 354 2012 ribus
376 1966 601 2026 peccata
628 1973 837 2015 eorum.
868 1958 1295 2016 Misericordiam
1326 1969 1508 2015 autem
1548 1976 1722 2015 meam
1753 1956 1801 2018 B
1830 1980 1959 2017 meo.
1994 1965 2159 2031 Quasi
2211 1967 2375 2033 dicat,
2424 1969 2539 2024 Duo
2586 1979 2712 2025 sunt

128 2068 147 2099 ι
198 2064 307 2104 non
333 2049 643 2121 dispergam
673 2051 740 2105 ab
766 2065 852 2118 eo,
902 2068 1078 2122 neque
1130 2055 1338 2109 nocebo
1387 2054 1441 2108 in
1497 2053 1725 2109 veritate

129 2159 149 2191 ι
167 2156 343 2212 ,ωειλ
376 2140 563 2212 Neque
578 2141 875 2212 profanabo
903 2153 1282 2201 testamentum
1310 2162 1511 2211 meum,
1532 2154 1587 2201 et
1606 2161 1726 2217 qua:

128 2255 149 2288 ι
195 2238 509 2308 procedunt
532 2239 598 2294 de
621 2238 777 2294 labiis
798 2240 953 2305 meis,
974 2254 1079 2294 non
1112 2238 1307 2295 faciam
1338 2240 1515 2295 irrita.
1542 2238 1724 2295 Semel

128 2350 148 2383 ι
189 2334 379 2405 juravi
419 2334 475 2389 in
523 2343 709 2390 sancto
755 2349 900 2401 meo,
951 2335 997 2390 si
1034 2336 1203 2390 David
1234 2336 1485 2391 mentiar.
1524 2334 1723 2390 Semen

128 2444 147 2477 ι
196 2426 319 2496 ejus
351 2427 408 2481 in
452 2434 713 2482 aeternum
745 2428 1003 2482 manebit.
1050 2426 1119 2481 Et
1146 2428 1374 2482 thronus
1413 2428 1531 2496 ejus
1582 2428 1725 2482 sicut

127 2534 148 2569 ι
193 2517 278 2572 sol
308 2518 366 2573 in
396 2528 685 2588 conspectu
705 2534 845 2583 meo,
859 2525 913 2572 et
937 2518 1077 2573 sicut
1102 2518 1223 2573 luna
1240 2517 1477 2589 perfecta
1499 2518 1549 2572 in
1565 2526 1721 2572 aeter-

127 2628 145 2661 ι
198 2625 361 2675 num,
393 2618 447 2664 et
473 2610 623 2665 testis
652 2610 704 2665 in
728 2608 866 2665 caelo
894 2608 1083 2665 fidelis.
1127 2610 1204 2665 Tu
1229 2626 1357 2666 vero
1393 2610 1637 2680 repulisti
1668 2618 1722 2665 et

126 2721 144 2755 ι
192 2702 499 2772 despexisti
528 2742 543 2768 ,
604 2702 857 2758 distulisti
903 2702 1180 2758 Christum
1236 2713 1406 2758 tuum.
1456 2702 1718 2759 Avertisti
1756 2768 1763 2779 ι

124 2813 143 2846 ‹
192 2802 585 2851 testamentum
607 2796 748 2850 servi
776 2794 872 2861 tui,
891 2795 1191 2864 profanasti
1218 2796 1274 2850 in
1298 2804 1445 2851 terra
1471 2803 1720 2851 sanctua-

126 2904 143 2937 ‹
190 2888 343 2941 rium
376 2884 510 2955 ejus.
542 2887 866 2942 Destruxisti
893 2903 1082 2945 omnes
1123 2904 1278 2960 sepes
1318 2888 1456 2958 ejus,
1489 2889 1717 2959 posuisti

123 3000 141 3031 ι
191 2980 604 3035 firmamentum
652 2980 767 3051 ejus
801 2980 1165 3037 formidinem.
1210 2982 1561 3052 Diripuerunt
1594 2998 1718 3038 eum

124 3092 143 3123 ι
188 3087 394 3128 omnes
417 3072 975 3141 transeuntes.viam;
1018 3072 1192 3129 factus
1239 3081 1324 3129 est
1367 3072 1717 3145 opprobrium

125 3186 141 3217 ι
184 3164 396 3221 vicinis
448 3166 580 3221 suis.
642 3164 906 3221 Exaltasti
966 3166 1246 3223 dexteram
1301 3165 1717 3235 deprimentium

126 3279 144 3313 ι
187 3277 363 3328 eum,
411 3259 695 3317 laetificasti
740 3276 929 3317 omnes
978 3260 1226 3317 inimicos
1270 3257 1404 3328 ejus.
1456 3259 1717 3315 Avertisti

1837 664 2127 743 ducturas,_
2142 671 2223 726 vel
2248 673 2300 726 in
2321 684 2569 729 wternum
2599 692 2899 733 mansuras.
2929 677 3091 745 Quasi
3121 679 3265 734 dicat
3295 701 3310 735 :
3350 681 3424 736 ita

1837 756 1892 811 in
1914 759 2085 814 Adam
2119 765 2448 832 temporalis,
2474 766 2841 824 misericordia
2864 779 3041 826 autem
3067 770 3277 826 Domini
3305 788 3425 841 qua:

1835 852 2126 922 praecludet
2153 856 2311 924 iram,
2354 860 2459 914 erit
2502 862 2791 917 azternalis.
2818 863 2957 918 Nota
2996 863 3119 933 quia
3148 864 3427 935 pluraliter

1836 944 1988 1013 dicit,
2042 949 2428 1007 misericordias
2482 967 2501 1005 :
2556 954 2681 1024 quia
2724 971 2845 1011 cum
2892 955 3075 1011 multa:
3119 958 3429 1026 praecedant

1835 1036 2147 1107 iniquitates
2206 1053 2447 1109 nostrae,
2510 1062 2731 1102 necesse
2784 1056 2867 1103 est
2922 1057 2979 1103 ut
3028 1048 3429 1120 subsequantur

1833 1128 1951 1199 ejus
1991 1130 2171 1185 multa:
2198 1134 2621 1202 misericordiae;
2679 1137 2822 1207 quod
2857 1136 3008 1204 dicit,
3040 1139 3427 1193 misericordias

1834 1219 2065 1289 Domini,
2123 1225 2175 1279 id
2219 1236 2344 1293 est,
2396 1229 2793 1298 reparationem
2825 1232 3043 1286 humani
3087 1233 3337 1303 generis,
3372 1234 3427 1287 in

1834 1325 2087 1369 aeternum
2124 1319 2345 1373 cantabo
2390 1336 2411 1375 :
2455 1330 2508 1376 et
2543 1338 2648 1378 non
2689 1332 2897 1378 tantum
2934 1325 3164 1380 cantabo
3213 1326 3427 1381 miseri-

1833 1411 2070 1481 cordias,
2120 1412 2225 1467 sed
2258 1414 2422 1469 etiam
2464 1417 2787 1471 annuntiabo
2838 1418 3102 1474 veritatem
3152 1430 3317 1486 tuam,
3370 1419 3423 1473 id

1833 1513 1935 1569 est,
1983 1506 2395 1575 completionem
2448 1510 2836 1565 misericordiae
2865 1512 3166 1580 promissae,
3199 1512 3424 1565 duratu-

1833 1608 1949 1649 ram
1979 1596 2032 1649 in
2079 1598 2409 1665 generatione
2446 1609 2494 1655 et
2522 1602 2903 1671 generationem
2946 1620 2966 1657 :
3007 1614 3062 1658 et
3090 1606 3191 1659 hoc
3217 1619 3423 1658 annun-

1833 1686 1979 1743 tiabo
2009 1688 2064 1740 in
2116 1705 2205 1742 ore
2235 1706 2369 1755 meo,
2421 1691 2474 1745 id
2522 1700 2649 1758 est,
2698 1692 2751 1746 in
2799 1709 2895 1749 ore
2944 1696 3093 1750 cordi
3146 1710 3423 1751 consono:

1833 1778 1959 1847 quia
2032 1794 2138 1834 non
2194 1781 2542 1838 dissimulabo
2593 1800 2688 1839 ore
2732 1787 2875 1854 quod
2926 1787 3172 1857 concipio
3240 1788 3420 1843 corde.

1832 1870 1968 1927 Nota
1998 1875 2138 1943 quod
2182 1874 2332 1941 dicit,
2364 1877 2687 1932 annuntiabo
2732 1880 2999 1934 veritatem
3052 1891 3196 1935 tuam
3237 1882 3293 1936 in
3339 1898 3427 1935 ore

2762 1985 2777 2024 :
2833 1986 2998 2026 unum
3052 1980 3225 2039 tuum,
3277 1972 3423 2026 aliud

1828 2071 2028 2111 meum.
2059 2057 2173 2113 Tua
2221 2068 2305 2114 est
2332 2061 2554 2126 veritas,
2597 2078 2777 2117 meum
2822 2072 2906 2119 est
2952 2079 3014 2120 os
3048 2081 3061 2118 :
3096 2074 3149 2119 et
3175 2065 3297 2121 ideo
3327 2083 3421 2119 an-

1827 2147 2077 2201 nuntiabo
2127 2148 2393 2204 veritatem
2442 2160 2627 2217 tuam,
2680 2152 2828 2223 quia,
2860 2153 2965 2209 nisi
3006 2156 3419 2221 annuntiavero,

1826 2253 2019 2294 servus
2068 2256 2175 2295 non
2213 2256 2338 2307 ero;
2391 2242 2434 2297 si
2487 2252 2666 2298 autem
2716 2259 2783 2300 ex
2828 2260 2949 2301 meo
2989 2247 3420 2314 annuntiavero,

1828 2331 2061 2386 mendax
2106 2348 2201 2388 ero
2228 2373 2242 2399 ,
2293 2333 2421 2403 quia
2470 2349 2633 2389 omne
2676 2334 2877 2390 bonum
2918 2351 2949 2391 a
2989 2343 3041 2391 te
3085 2339 3351 2412 processit
3405 2355 3417 2391 :

1824 2422 1968 2491 quod
2013 2422 2165 2488 dicit,
2198 2425 2520 2480 annuntiabo
2550 2426 2813 2481 veritatem
2841 2438 2986 2482 tuam
3031 2429 3089 2483 in
3140 2446 3227 2483 ore
3257 2447 3368 2484 meo
3403 2447 3422 2496 ;

1824 2524 1879 2571 et
1918 2508 2021 2571 hoc
2050 2533 2241 2572 secure
2271 2517 2486 2583 faciam,
2514 2521 2763 2589 quoniam
2791 2529 2845 2575 tu
2871 2520 3053 2575 dixisti
3080 2535 3098 2573 :
3124 2521 3423 2576 Misericor-

1822 2610 1935 2674 dia,
1967 2609 2019 2664 id
2048 2618 2150 2675 est,
2179 2612 2451 2682 reparatio
2496 2612 2719 2667 humani
2767 2613 2981 2683 generis
3006 2656 3022 2680 ,
3071 2615 3421 2669 acditicabitur

1824 2701 1879 2755 in
1912 2710 2170 2757 aeternum
2205 2718 2482 2759 mansura.
2524 2702 2592 2757 Et
2640 2704 2743 2758 hoc
2782 2704 2856 2758 ita
2904 2705 3020 2771 ﬁet,
3049 2706 3175 2775 quia
3206 2707 3259 2759 in
3281 2707 3421 2761 caelis

1821 2793 2205 2865 prteparabitur
2230 2796 2416 2849 veritas
2444 2804 2534 2848 tua
2555 2796 2611 2848 in
2632 2796 2727 2859 eis,
2774 2796 2827 2850 id
2856 2804 2958 2863 est,
2990 2797 3191 2852 veritas
3219 2812 3419 2866 prince-

1821 2894 2037 2957 ptorum
2106 2903 2347 2942 meorum
2407 2888 2800 2958 praeparabitur
2862 2890 2917 2944 in
2979 2890 3160 2957 cwlis,
3215 2891 3267 2945 id
3315 2901 3418 2958 est,

1821 2977 1875 3033 in
1916 2979 2172 3049 apostolis
2213 2979 2336 3041 tuis,
2390 2978 2442 3032 in
2493 2978 2687 3049 quibus
2724 2978 3011 3048 promissio
3062 2990 3151 3035 tua
3187 2980 3419 3051 comple-

1823 3070 1990 3136 bitur,
2020 3070 2096 3125 ita
2125 3078 2185 3125 ut
2211 3070 2265 3123 in
2310 3070 2391 3125 eis
2417 3069 2487 3125 sit
2516 3087 2529 3123 :
2564 3070 2687 3140 quia
2722 3087 2827 3126 non
2858 3072 2961 3126 erit
2988 3072 3068 3127 eis
3092 3072 3420 3127 erubescen-

1824 3164 1901 3219 tia
1930 3164 2228 3234 praedicare
2263 3163 2548 3217 veritatem
2581 3171 2753 3229 tuam,
2781 3179 2940 3234 quam
2970 3173 3223 3234 poterunt
3252 3163 3421 3234 signis

1822 3267 1878 3312 et
1908 3257 2209 3313 rationibus
2234 3255 2540 3319 defendere,
2569 3254 2815 3337 Disposui
2850 3266 3214 3311 testamentum
3244 3258 3417 3312 electis

128 3371 147 3404 ι
190 3353 534 3424 adiutorium
560 3353 722 3424 gladii
747 3354 884 3425 ejus,
916 3364 971 3409 et
998 3370 1103 3409 non
1155 3369 1216 3409 es
1263 3352 1555 3407 auxiliatus
1584 3353 1632 3408 ei
1662 3352 1716 3407 in
1746 3326 1791 3389 C
1822 3350 1991 3416 meis,
2026 3348 2209 3418 juravi
2259 3346 2426 3401 David
2481 3364 2629 3402 servo
2673 3365 2805 3402 meo.
2858 3346 3032 3419 Usque
3072 3351 3129 3404 in
3169 3360 3418 3404 aeternum

126 3464 146 3497 ‹
189 3446 361 3501 bello.
388 3445 707 3503 Destruxisti
735 3462 860 3503 eum
903 3446 972 3502 ab
1015 3447 1416 3513 emundatione,
1447 3455 1502 3500 et
1536 3447 1717 3501 sedem

127 3556 146 3589 ι
186 3537 315 3609 ejus
353 3539 408 3594 in
442 3549 584 3595 terra
641 3538 910 3595 collisisti.
964 3539 1242 3595 Minorasti
1296 3538 1411 3593 dies
1460 3538 1721 3608 temporis

128 3647 147 3680 ί
193 3627 371 3698 ejus:
401 3627 684 3699 perfudisti
730 3645 852 3685 eum
884 3628 1219 3686 confusione.
1257 3628 1569 3699 Usquequo,
1614 3629 1720 3684 Do-

126 3739 146 3773 ‹
190 3722 371 3789 mine,
402 3722 603 3778 avertis
645 3722 701 3779 in
730 3721 911 3791 finem,
942 3724 1261 3780 exardescet
1293 3724 1433 3777 sicut
1474 3724 1611 3793 ignis
1641 3723 1719 3778 ira

129 3832 149 3866 ‹
189 3825 291 3869 tua
308 3815 333 3867 ?
353 3814 653 3871 Memorare
675 3832 794 3887 qua:
807 3832 927 3873 mea
949 3817 1249 3873 substantia
1276 3831 1290 3869 :
1319 3816 1560 3886 nunquid
1575 3817 1719 3872 enim

128 3925 148 3959 ι
190 3923 343 3963 vane
364 3909 689 3965 constituisti
722 3925 910 3966 omnes
941 3910 1079 3965 filios
1120 3911 1435 3965 hominum?
1461 3910 1595 3977 Quis
1637 3919 1720 3965 est

126 4017 147 4052 ‹
191 4000 368 4055 homo
406 4001 498 4069 qui
546 4000 715 4067 vivet,
762 4009 818 4056 et
861 4018 968 4057 non
1016 4002 1220 4057 videbit
1252 4003 1517 4057 mortem?
1568 4011 1722 4057 eruet

131 4110 148 4143 ι
191 4091 443 4147 animam
471 4107 623 4147 suam
655 4093 723 4148 de
758 4107 921 4147 manu
964 4091 1145 4148 inferi.
1198 4093 1300 4149 Ubi
1351 4102 1477 4148 sunt
1508 4094 1722 4149 miscri-

128 4202 147 4235 ι
191 4182 410 4240 cordia:
442 4191 546 4237 tua:
574 4182 832 4253 antiquae,
863 4183 1112 4250 Domine,
1152 4184 1293 4238 sicut
1322 4184 1519 4254 jurasti
1551 4184 1721 4239 David

130 4293 149 4328 r
191 4276 257 4332 in
306 4275 535 4332 veritate
564 4274 689 4331 tua?
724 4275 929 4331 Memor
962 4286 1101 4343 esto,
1153 4277 1399 4343 Domine,
1448 4279 1721 4349 opprobrii

127 4387 147 4421 ί
190 4383 485 4426 servorum
514 4378 726 4424 tuorum
749 4367 913 4438 (quod
934 4368 1176 4424 continui
1198 4369 1252 4423 in
1276 4369 1398 4423 sinu
1427 4370 1721 4439 meo)mul-

130 4477 147 4510 ι
193 4470 388 4515 tarum
422 4459 684 4531 gentium.
712 4457 865 4526 Quod
893 4460 1363 4531 exprobraverunt
1389 4460 1593 4516 inimici
1619 4461 1719 4528 tui,

130 4573 148 4607 ‹
195 4554 473 4619 Domine,
524 4553 669 4623 quod
718 4554 1183 4624 exprobraverunt
1244 4555 1721 4610 commutationem

132 4665 149 4699 ι
196 4645 413 4703 Christi
462 4644 561 4700 tui.
619 4642 943 4703 Benedictus
988 4644 1249 4702 Dominus
1296 4645 1353 4701 in
1407 4654 1718 4703 internum:

132 4756 150 4790 ι
194 4737 320 4803 ﬁat,
352 4736 465 4792 fiat.
497 4757 516 4791 ι

719 4827 1009 4885 ENARRA
1022 4827 1168 4886 T10.

196 4919 385 4978 Ethan
415 4920 807 4992 interpretatur
837 4922 1100 4977 robustus.
1146 4921 1449 4990 Iczraelita,
1492 4922 1723 4979 orienta-

127 5012 191 5067 lis
253 5013 474 5068 advena.
515 5012 617 5081 Qui
656 5021 832 5069 autem
870 5013 984 5069 vult
1030 5028 1151 5070 esse
1180 5017 1453 5082 robustus,
1500 5029 1723 5071 necesse

129 5117 216 5163 est
263 5115 324 5162 ut
354 5108 518 5163 robur
562 5123 717 5163 suum
767 5116 823 5163 et
868 5106 1237 5164 fortitudinem
1286 5125 1440 5165 suam
1472 5126 1579 5166 non
1618 5109 1722 5167 sibi

129 5198 259 5271 ipsi,
290 5200 387 5255 sed
429 5199 538 5254 Deo
566 5198 783 5255 tribuat.
832 5198 966 5254 Nam
997 5200 1089 5271 qui
1136 5200 1237 5257 sibi
1283 5201 1533 5257 attribuit
1579 5201 1723 5272 quod

132 5292 291 5349 fortis
343 5292 437 5357 sit,
486 5292 602 5363 ipse
649 5292 846 5348 amissa
890 5291 1208 5348 fortitudine
1250 5293 1444 5349 debilis
1471 5292 1720 5349 efﬁcitur.

131 5384 291 5452 Quod
320 5384 633 5439 attendebat
661 5382 748 5438 ille
777 5382 869 5453 qui
915 5382 1089 5439 dixit:
1122 5380 1509 5439 Fortitudinem
1553 5399 1725 5438 meam

132 5477 202 5530 ad
248 5486 302 5530 te
350 5476 641 5530 custodiam
683 5475 857 5548 (Psal.
898 5475 1071 5547 mn).
1113 5474 1213 5532 Hic
1254 5475 1437 5531 taliter
1476 5476 1728 5532 robustus

131 5566 379 5641 loquitur
409 5568 461 5622 in
503 5569 606 5624 hoc
634 5568 841 5641 psalmo
885 5570 1273 5624 commendans
1312 5569 1467 5625 nobis
1510 5568 1724 5624 miseri-

136 5662 379 5719 cordiam
411 5660 621 5716 Domini
664 5659 783 5727 Dei,
817 5678 934 5731 qua:
961 5662 1015 5717 in
1060 5663 1171 5718 suis
1200 5661 1445 5718 ﬁdelibus
1472 5660 1528 5716 in
1571 5672 1728 5717 aeter-

137 5768 270 5809 num
298 5767 554 5807 mansura
580 5760 681 5807 est.
714 5750 857 5807 Dicit
888 5762 1071 5808 autem
1099 5753 1181 5808 sic
1212 5770 1226 5807 :

212 5842 607 5899 Hisericordias
648 5843 858 5899 Domini
899 5846 954 5898 in
993 5853 1245 5899 aeternam
1290 5843 1529 5899 cantabo.
1562 5843 1728 5912 Quasi

147 5936 289 5992 dicat
338 5955 350 5991 :
395 5937 589 5994 Audite
620 5979 634 6003 ,
688 5936 950 5993 attendite
982 5977 995 6004 ,
1047 5938 1319 6008 patienter
1371 5946 1723 6008 exspectate:

1746 4695 1801 4756 D

1824 3442 2133 3513 prwparabo
2176 3456 2351 3494 semen
2401 3450 2567 3493 tuum.
2632 3438 2748 3495 Non
2805 3449 3011 3495 tantum
3061 3443 3419 3497 misericordia

1826 3534 2179 3603 ardi/icabitur
2207 3533 2261 3585 in
2285 3540 2559 3595 (cternum,
2594 3532 2685 3586 sed
2722 3533 2883 3586 etiam
2918 3533 3101 3588 dixisti
3134 3553 3145 3588 :
3174 3534 3418 3605 Disposui

1784 3610 2221 3692 testamentum,
2267 3640 2468 3680 novum
2514 3625 2765 3681 videlicet
2812 3642 2909 3695 per
2959 3627 3187 3697 gratiam
3234 3628 3416 3683 datum

1826 3721 1999 3777 electis
2031 3721 2194 3787 meis,
2243 3720 2294 3774 id
2333 3728 2417 3775 est
2454 3718 2580 3774 ﬁliis
2620 3720 2786 3783 meis,
2828 3719 2920 3788 qui
2972 3720 3225 3790 proposui
3261 3730 3417 3777 vetus

1826 3824 2202 3871 testamentum
2230 3818 2420 3873 servis.
2474 3818 2627 3874 Unde
2672 3817 2815 3872 istud
2855 3837 2869 3871 :
2904 3818 3049 3883 Quos
3074 3819 3416 3889 prwdestina-

1824 3908 1916 3973 vit,
1948 3909 2041 3962 Itos
2067 3919 2113 3962 et
2146 3912 2343 3965 vocavit
2372 3908 2544 3981 (Rom.
2572 3908 2690 3980 vm)
2723 3926 2737 3977 ;
2784 3909 2927 3979 quod
2967 3910 3098 3965 dicit
3129 3928 3141 3964 :
3170 3909 3419 3981 Disposui

1823 4010 2187 4055 testamentum
2232 4003 2408 4057 electis
2468 4004 2597 4057 meis
2644 4019 2663 4058 :
2702 4012 2749 4056 et
2797 4001 2981 4057 dixisti
3024 4002 3199 4067 etiam,
3231 4000 3419 4055 Juravi

1829 4092 2012 4149 Dat-id.
2046 4095 2170 4151 Fuit
2210 4107 2390 4153 certus
2419 4097 2587 4152 David
2636 4096 2850 4167 quando
2897 4095 3053 4161 dixit,
3107 4106 3163 4151 et
3219 4094 3421 4149 certior

1823 4185 1923 4241 fuit
1961 4189 2175 4258 quando
2206 4188 2409 4259 juravit
2449 4188 2575 4259 quia
2599 4186 2801 4257 juratio
2832 4188 3062 4243 Deitatis
3116 4194 3199 4242 est
3238 4188 3415 4240 firma-

1825 4278 1899 4332 tio
1940 4279 2335 4350 promissionis.
2368 4279 2670 4337 jEdificabo
2706 4281 2759 4335 in
2791 4280 3141 4352 generatione
3177 4287 3232 4334 et
3258 4293 3420 4349 gene-

1824 4371 2087 4426 rationem
2131 4373 2311 4428 sedem
2361 4380 2508 4427 tuam
2539 4412 2553 4438 ,
2605 4372 2655 4427 id
2704 4382 2821 4437 est,
2870 4372 2927 4426 in
2964 4380 3247 4426 aeternum.
3277 4368 3414 4424 Nota

1824 4473 2005 4516 semen
2037 4462 2204 4517 David
2247 4470 2609 4532 praeparatum
2655 4461 2708 4515 in
2739 4469 3004 4515 aeternum
3032 4478 3047 4515 :
3072 4459 3204 4531 quia
3225 4459 3408 4515 imita-

1825 4562 1971 4608 tores
2010 4553 2233 4619 Christi,
2262 4554 2353 4625 qui
2396 4553 2706 4609 nasciturus
2729 4560 2849 4608 erat
2884 4554 2950 4609 de
2986 4553 3194 4609 semine
3216 4552 3406 4617 David,

1826 4644 1880 4700 in
1909 4653 2172 4701 azternum
2218 4645 2535 4711 manebunt,
2589 4653 2644 4699 et
2685 4645 2802 4715 ejus
2831 4644 2987 4700 sedes
3026 4643 3289 4702 aedificata
3332 4653 3413 4699 est

1827 4738 1881 4793 in
1911 4738 2259 4809 generatione
2301 4748 2352 4793 et
2389 4738 2789 4808 generationem
2817 4755 2830 4790 ε
2863 4744 2919 4792 ει
2946 4736 3027 4794 sic
3052 4737 3197 4807 quod
3238 4737 3407 4792 David

1824 4826 2031 4883 carnali
2074 4826 2176 4883 fuit
2220 4828 2577 4898 promissum,
2612 4828 2666 4882 in
2713 4826 2879 4882 David
2904 4827 3197 4899 spirituali,
3225 4828 3317 4899 qui
3343 4844 3408 4883 ex

1825 4918 2032 4974 semine
2058 4916 2175 4987 ejus
2201 4916 2301 4971 fuit
2327 4957 2342 4985 ,
2369 4925 2453 4973 est
2497 4917 2843 4988 completum.
2875 4915 3273 4988 Conﬁtebuntur
3297 4919 3413 4973 caeli

1824 5010 2089 5067 mirabilia
2140 5020 2273 5077 tua,
2326 5010 2567 5066 Domine.
2607 5010 2771 5078 Quasi
2822 5011 3009 5067 dicat:
3065 5010 3269 5066 Veritas
3320 5021 3411 5065 tua

1824 5102 2208 5175 prwparabitur
2233 5104 2287 5157 in
2320 5102 2485 5171 caelis,
2526 5113 2581 5158 et
2606 5102 2726 5158 ideo
2752 5102 2854 5173 ipsi
2883 5102 2997 5158 ια’ιί
3030 5102 3413 5171 conﬁtebuntur

1823 5200 2085 5255 mirabilia
2111 5211 2223 5267 tua,
2264 5201 2315 5256 id
2344 5209 2447 5265 est,
2492 5200 2789 5257 laudabunt
2816 5201 3079 5257 mirabilia
3116 5210 3227 5256 tua.
3272 5198 3409 5268 Quid

1826 5292 2148 5357 mirabilius,
2178 5308 2337 5361 quam
2382 5292 2475 5363 qui
2520 5293 2639 5348 heri
2689 5292 2789 5347 fuit
2819 5292 3001 5347 ebrius
3029 5290 3190 5347 hodie
3216 5299 3298 5348 est
3322 5307 3408 5347 so-

1826 5382 2007 5451 brius;
2039 5385 2129 5453 qui
2155 5384 2273 5439 heri
2316 5383 2417 5439 fuit
2439 5384 2697 5450 incestus,
2733 5399 2875 5439 nunc
2902 5391 3120 5448 castus;
3159 5381 3251 5453 qui
3292 5379 3405 5436 heri

1826 5472 1930 5529 fuit
1958 5476 2260 5537 damnatus,
2294 5492 2438 5532 nunc
2482 5475 2537 5531 in
2585 5491 2809 5547 regnum
2840 5472 3183 5545 assumptus?
3220 5473 3277 5527 ln
3325 5472 3409 5527 his

1829 5567 2166 5623 mirabilibus
2198 5577 2253 5622 tu
2276 5568 2504 5638 quisque
2524 5566 2679 5623 lauda
2707 5565 2904 5633 Deum;
2930 5564 3087 5619 lauda
3107 5580 3252 5630 eum,
3281 5563 3406 5634 quia

1830 5660 2029 5714 mortui
2060 5668 2184 5715 sunt
2214 5658 2518 5715 resnscitati
2552 5672 2567 5711 :
2594 5658 2713 5727 plus
2755 5657 2912 5713 lauda
2936 5673 3086 5725 eum,
3133 5659 3259 5729 quia
3284 5676 3409 5731 per-

1831 5753 1928 5809 diti
1974 5762 2101 5809 sunt
2148 5752 2411 5821 redempti
2450 5751 2638 5821 :quod
2675 5750 2827 5817 dicit,
2872 5748 3270 5819 Conﬁtebuntur
3296 5751 3409 5809 caeli

1820 5840 2093 5900 mirabilia
2118 5854 2233 5912 tua,
2264 5842 2503 5897 Domine.
2535 5840 2699 5910 Quasi
2735 5842 2879 5897 dicat
2908 5857 2922 5895 :
2948 5841 3086 5909 Quid
3110 5844 3409 5898 mirabilius

1833 5953 1996 6010 quam
2041 5938 2186 6009 quod
2232 5935 2375 5992 Deus
2430 5936 2504 5991 sic
2528 5934 2712 5991 dilexit
2757 5935 3009 5990 mundum
3038 5974 3053 6003 ,
3100 5945 3154 5989 ut
3206 5934 3407 5992 Filium
