4034 6420
647 440 747 499 6H

1274 432 1533 500 REMIGH
1572 439 2237 510 ANTISSEODOBENSIS
2268 442 2420 502 OPP.
2459 432 2641 500 PARS
2674 444 2827 500 l."—
2863 436 3253 504 EXEGETICA

646 576 804 615 suum
875 556 1201 629 unigenitum
1238 557 1439 614 daret?
1492 557 1691 628 (toan.
1738 555 1866 628 nt.)
1929 557 2035 613 hoc
2099 571 2228 627 pro—
2252 558 2301 621 Α
2328 563 2512 624 aperte
2539 569 2647 611 non
2676 553 2863 611 saeviat
2901 553 3021 621 leo,
3055 554 3210 610 sevit
3253 561 3437 611 tamen
3464 552 3903 613 occulto-hee.

648 651 814 715 misit,
872 658 929 707 et
971 665 1079 706 non
1131 657 1217 706 est
1260 649 1536 704 mentitus.
1577 647 1721 704 Nihil
1782 648 2087 705 mirabilius
2142 646 2225 703 ei-

646 742 921 801 l‘ectuhoc
958 744 1025 799 de
1075 744 1176 800 hoc
1211 740 1375 799 facta.
1421 740 1635 797 Etenim
1672 743 1936 798 veritatem
1985 752 2134 796 tum
2167 741 2226 798 iu

649 832 887 890 Εεειωῦσ
906 843 1225 891 sanctorum.
1273 832 1439 901 Quasi
1464 833 1608 891 dicat
1636 852 1650 888 :
1680 834 1819 891 Vere
1845 833 2227 902 conﬁtebuntur

649 924 763 979 steti.
784 926 1049 981 mirabilia
1081 934 1195 991 tua,
1234 926 1491 996 quoidam
1520 926 1918 985 annuntiabunt
1938 924 2224 987 veritatem

647 1023 797 1069 tuam
818 1017 876 1069 in
901 1014 1141 1071 Ecclesia
1172 1026 1497 1084 sanctorum,
1522 1016 1575 1072 id
1607 1025 1693 1073 est
1721 1017 1781 1072 in
1803 1014 2225 1087 congregatione

644 1104 903 1161 ﬁdelium.
950 1106 1019 1163 Et
1063 1107 1255 1162 merito
1281 1115 1426 1162 tuam
1454 1108 1779 1169 annuntiant
1804 1108 2089 1165 veritatem
2113 1142 2139 1172 ,ρ
2167 1114 2224 1163 et

641 1211 746 1252 non
773 1211 926 1252 suam
960 1215 975 1252 :
1008 1198 1261 1267 quoniam
1292 1199 1473 1256 nullus
1495 1201 1591 1257 tibi
1617 1200 1923 1271 comparari
1951 1208 2131 1270 potest
2152 1212 2217 1255 ex

637 1288 887 1344 omnibus
904 1304 1040 1359 quos
1061 1298 1117 1345 tu
1143 1289 1325 1347 fecisti
1341 1300 1557 1348 sanctos
1579 1310 1592 1346 :
1616 1293 1759 1363 quod
1780 1292 1931 1360 dicit,
1957 1290 2221 1358 Quoniam

635 1380 751 1448 quis
796 1380 856 1434 in
896 1379 1117 1436 nubibus
1154 1382 1444 1450 tequabitur
1487 1382 1713 1438 Domino
1760 1383 2028 1438 nubium?
2080 1381 2218 1439 Nota

635 1470 765 1539 quia
786 1486 881 1528 eos
903 1471 1046 1529 Deus
1068 1483 1227 1530 vocat
1250 1475 1422 1532 nubes
1440 1514 1459 1540 ,
1501 1476 1595 1545 qui
1629 1476 1780 1546 prius
1810 1475 2062 1547 appellati
2091 1483 2220 1533 sunt

633 1561 778 1618 coeli.
805 1562 938 1620 ϐωιὶ
966 1566 1099 1635 dicti
1127 1574 1275 1633 sunt,
1302 1568 1426 1637 quia
1466 1568 1751 1639 splendoco
1775 1583 1891 1624 sua
1911 1569 2219 1626 sanctitatis

634 1671 734 1712 nos
764 1658 1023 1725 irradiant
1048 1679 1065 1715 :
1089 1660 1260 1718 nubes
1287 1662 1558 1729 dicuntur,
1582 1662 1711 1732 quia
1737 1664 2001 1719 sanctitas
2025 1678 2216 1721 eorum

631 1760 799 1817 carne
823 1749 979 1819 quasi
1025 1750 1166 1807 nube
1204 1751 1422 1822 tegitur,
1473 1766 1542 1811 ne
1582 1767 1682 1807 nos
1706 1751 1991 1808 videamus
2023 1768 2216 1809 eorum

632 1837 911 1895 interiora.
936 1834 1091 1910 Quod
1132 1843 1276 1897 enim
1324 1858 1355 1898 a
1384 1845 1526 1900 nube
1558 1844 1878 1912 descendit,
1920 1844 2211 1913 videmus;

2327 646 2615 714 Palenses,
2637 646 2884 713 Domine,
2906 657 2957 702 et
2983 647 3181 703 ueritas
3198 655 3315 712 tua,
3330 645 3385 704 id
3410 655 3496 709 est
3515 658 3791 719 precepts
3816 657 3903 704 tua

2326 750 2459 797 vera
2484 746 2642 794 erunt
2669 738 2724 794 in
2752 738 2982 794 circuitu
3011 745 3102 794 tuo
3130 756 3146 792 :
3171 737 3300 809 quia
3343 736 3475 795 licet
3521 738 3581 795 in
3616 747 3783 812 cale
3812 737 3906 797 Ju-

2324 830 2481 885 daica
2508 830 2657 886 nasci
2684 829 3049 896 roluisti,non
3073 831 3337 889 tamenin
3355 830 3607 905 gentibus
3634 847 3759 904 qua
3776 845 3907 893 sunt

2322 921 2381 988 in
2406 922 2643 978 circuitu
2661 930 2774 990 tuo,
2795 921 3067 979 notiﬁcari
3090 923 3327 980 tenuisti.
3347 941 3365 978 ε
3395 932 3453 981 et
3474 933 3635 991 tunc,
3655 925 3906 983 videlicet

2322 1012 2538 1083 quando
2564 1012 2769 1077 veritas
2812 1020 2903 1075 tua
2950 1012 3363 1069 annuntiabitus
3409 1016 3748 1071 ἰαί·θίηιιῆ-
3790 1025 3902 1079 tuo,

2323 1103 2421 1158 (iet
2441 1104 2591 1174 quod
2615 1103 2821 1160 dictum
2849 1113 2933 1161 est
2959 1119 2977 1167 ε
3003 1104 3167 1167 Venit
3184 1104 3279 1161 leo
3296 1105 3515 1161 obviam
3538 1106 3821 1172 Sami,
3838 1106 3905 1163 ad

2322 1195 2755 1265 desponsandam
2766 1196 2869 1253 sibi
2880 1196 3779 1255 uxoremchlilisthrcisvenienti
3788 1197 3905 1269 (Ju-

2319 1286 2423 1343 die.
2439 1285 2575 1358 xiv).
2593 1284 2745 1342 Tunc
2759 1284 2956 1355 tremet
2977 1286 3087 1355 leo,
3107 1287 3167 1344 id
3183 1296 3279 1346 est
3293 1302 3445 1343 mare
3459 1289 3906 1360 amaritudogen-

2320 1375 2457 1430 tium
2482 1390 2499 1431 :
2524 1376 2625 1432 sed
2650 1391 2772 1447 quae
2803 1377 2971 1434 cura?
3010 1377 3092 1437 Tu
3128 1379 3421 1435 demittat-is
3447 1381 3703 1451 potestati
3722 1382 3904 1447 assis,

2317 1476 2514 1533 motum
2541 1476 2721 1545 suum
2741 1462 3001 1538 ﬂuctuum
3027 1468 3147 1541 ejus
3172 1479 3233 1525 tu
3264 1470 3478 1543 mitigas
3507 1487 3529 1527 ι
3561 1478 3627 1527 et
3644 1480 3707 1525 tu
3731 1472 3905 1528 humi-

2317 1556 2498 1637 liatus,
2530 1559 2842 1615 humiliabis
2865 1560 3143 1631 superbum
3177 1561 3313 1616 sicut
3333 1560 3697 1629 uulneratum,
3716 1560 3780 1618 id
3806 1574 3904 1627 est,

2316 1651 2459 1709 sicut
2495 1652 2793 1723 quemlibet
2825 1654 2917 1729 qui
2951 1669 3050 1727 pro
3082 1655 3235 1727 gravi
3274 1653 3500 1731 vulnere
3540 1655 3771 1729 eodem
3812 1653 3903 1709 iti-

2315 1743 2478 1799 mico.
2507 1741 2640 1797 Nam
2667 1744 2810 1813 quis,
2834 1744 2962 1800 dato
2983 1753 3134 1801 tanto
3160 1745 3478 1825 humilitatis
3500 1744 3785 1816 exentplo,
3802 1760 3902 1800 non

2316 1834 2607 1904 deponeret
2628 1837 2974 1915 superbiam?
3000 1837 3177 1894 nullus
3199 1837 3383 1907 utique
3408 1854 3423 1915 _:
3449 1837 3901 1895 levabismanum

629 1930 771 1999 quod
797 1939 974 2003 autem
1003 1932 1065 1987 ηι
1106 1933 1165 1988 in
1190 1934 1367 2001 ηυδε,
1406 1950 1515 1991 non
1539 1936 1791 1993 videmus.
1821 1954 1836 1992 ε
1868 1936 1943 1993 εις.
1981 1912 2214 1993 imbrem
2239 1918 2524 1982 Bbrachii
2570 1912 2771 1982 virtutis
2818 1935 2969 1995 tum,
3006 1927 3063 1983 id
3125 1935 3228 1994 est,
3276 1927 3332 1982 in
3382 1912 3508 1982 forti
3558 1926 3770 1983 virtute
3820 1935 3904 1980 tu

629 2028 830 2077 sach
857 2023 1254 2095 praedicationis
1299 2026 1371 2081 ab
1409 2026 1671 2097 apostolis
1707 2035 2014 2084 manantem
2063 2028 2216 2084 vide-

629 2126 751 2169 mus
776 2128 792 2168 :
821 2115 964 2185 quod
990 2125 1171 2186 autem
1198 2117 1340 2174 intra
1377 2134 1472 2175 eos
1506 2121 1847 2176 contineatur
1876 2121 1985 2181 nisi
2007 2122 2097 2178 eis
2114 2136 2212 2180 ne-

628 2202 714 2259 bis
739 2205 1133 2276 revolantibus,
1152 2209 1305 2265 scire
1332 2226 1445 2267 non
1469 2227 1779 2282 possumus,
1805 2212 2060 2283 quoniam
2101 2229 2215 2270 non

626 2304 711 2350 est
733 2295 968 2354 hominis
1010 2299 1153 2356 scire
1194 2300 1405 2357 occulta
1444 2302 1671 2359 alterius
1716 2303 1935 2370 cordis,
1981 2312 2039 2360 et
2087 2305 2212 2375 quis

625 2386 816 2442 similis
841 2390 937 2443 erit
977 2389 1203 2446 Domino
1219 2430 1241 2456 ,
1273 2391 1413 2448 Filio
1442 2392 1537 2448 Dei
1566 2378 1845 2461 videlicet,
1878 2395 1939 2449 iis
1956 2393 2089 2464 ﬁliis
2112 2395 2211 2451 ho—

629 2480 875 2536 minum?
916 2480 1105 2549 Nullus
1133 2484 1350 2555 utique,
1384 2485 1511 2556 quia
1556 2485 1677 2557 ipse
1694 2493 1778 2552 est
1816 2495 1998 2553 natus,
2025 2485 2212 2543 caeteri

627 2570 885 2642 adoptivi.
933 2572 1054 2646 Ipse
1080 2583 1167 2633 est
1208 2576 1350 2634 ﬁlius
1379 2592 1476 2647 per
1502 2589 1752 2635 murram
1776 2617 1793 2645 ,
1835 2577 1927 2634 alii
1960 2593 2059 2650 per
2085 2592 2208 2650 gra-

524 2714 530 2720 .
629 2661 757 2723 tiam
796 2677 813 2718 :
853 2664 969 2735 ipse
1007 2675 1093 2735 est
1120 2666 1263 2724 Deus
1291 2672 1382 2739 qui
1404 2668 1732 2740 gloriﬁcatur
1761 2654 1819 2725 in
1843 2671 2062 2726 consilio
2084 2687 2210 2726 sau-

623 2761 844 2810 etorum.
873 2754 1175 2817 Consilium
1201 2768 1519 2817 sanctorum
1543 2769 1657 2829 est,
1677 2777 1789 2819 non
1814 2777 2061 2834 quaerere
2084 2778 2213 2834 qua

621 2857 718 2897 sua
761 2855 928 2913 sunt,
967 2847 1062 2903 sed
1104 2863 1224 2921 quae
1270 2851 1411 2916 Dei;
1455 2867 1564 2908 non
1590 2839 1820 2908 terrenis
1847 2853 2211 2919 inhiare,sed

620 2935 860 2993 ccelestia
899 2938 1229 2998 desiderare.
1266 2941 1323 2998 in
1350 2944 1463 3000 hoc
1480 2943 1706 3001 consilio
1730 2944 2060 3016 gloriﬁcatur
2092 2958 2211 3000 me-

621 3025 729 3081 rito
774 3028 891 3099 ipse
933 3028 1131 3099 solus,
1168 3033 1295 3101 quia
1343 3033 1461 3103 ipse
1505 3033 1657 3089 solus
1694 3042 1780 3089 est
1818 3050 2083 3106 magnus,
2110 3035 2211 3091 alii

619 3118 773 3189 parvi
801 3136 813 3172 :
842 3120 959 3191 ipse
982 3122 1229 3179 terribilis
1251 3140 1407 3196 super
1431 3141 1607 3182 omnes
1631 3127 1724 3198 qui
1750 3127 1806 3180 in
1836 3127 2060 3181 circuitu
2088 3127 2206 3197 ejus

2317 2019 2594 2090 disperdes
2617 2020 2856 2079 inimicos
2884 2029 3022 2091 tuos,
3060 2029 3120 2077 ut
3163 2004 3296 2076 ﬁant
3323 2006 3419 2079 tibi
3452 2019 3636 2086 amici,
3663 2017 3771 2090 qui
3798 2030 3906 2074 ces-

2314 2110 2513 2166 sabunt
2533 2109 2714 2167 colere
2740 2112 3087 2180 creaturam,
3110 2120 3167 2168 et
3193 2098 3495 2168 adorabunt
3520 2125 3716 2193 verum

2312 2208 2507 2281 torem.
2555 2201 2656 2285 Tui
2700 2213 2823 2258 sunt
2865 2202 2978 2287 ereti
3007 2212 3054 2259 et
3084 2212 3177 2287 tua
3204 2212 3278 2259 est
3305 2211 3466 2260 terra.
3514 2190 3679 2287 Quasi
3710 2190 3900 2257 dicat:

2312 2291 2507 2350 Merito
2550 2282 2673 2351 dico
2714 2308 2810 2352 eos
2850 2282 3097 2363 disperdi'
3139 2295 3194 2350 in
3239 2293 3466 2351 brachio
3497 2282 3724 2349 virtutis
3756 2301 3899 2349 tua:

2309 2385 2438 2456 quia
2463 2385 2579 2441 creti
2607 2401 2705 2457 per
2732 2401 2869 2457 quos
2896 2385 2989 2443 ﬁet
3013 2372 3301 2459 dispersio,
3328 2372 3413 2441 tui
3429 2394 3549 2441 sunt
3580 2398 3599 2438 :
3623 2394 3673 2439 et
3706 2396 3813 2439 tu
3834 2392 3901 2438 est

2307 2486 2448 2532 terra
2462 2492 2624 2548 quam
2636 2477 2838 2546 colunt,
2856 2479 2908 2534 id
2925 2490 3031 2544 est,
3049 2478 3150 2551 ipsi
3166 2477 3261 2549 qui
3281 2464 3647 2549 di'spergentur
3662 2491 3777 2549 per
3796 2488 3900 2532 cm-

2307 2564 2411 2632 los,
2436 2568 2512 2622 tui
2532 2576 2692 2624 erunt
2716 2585 2730 2624 :
2756 2570 2883 2640 quia
2899 2569 3267 2636 orbemterrw,
3282 2568 3336 2624 id
3351 2579 3436 2624 est
3456 2577 3651 2623 terram
3676 2567 3899 2624 orbicu-

2306 2642 2495 2725 latam,
2520 2650 2660 2714 i'nl'ra
2692 2658 2962 2731 perfectos
2982 2659 3233 2716 videlicet
3257 2658 3312 2716 in
3341 2658 3568 2726 virtute;
3599 2668 3645 2713 et
3667 2656 3899 2732 planitu-

2306 2739 2362 2806 di
2369 2769 2483 2807 nem
2496 2742 2608 2824 ejus
2621 2761 2805 2821 terrae,
2818 2752 2872 2809 id
2883 2748 2969 2809 est
2982 2747 3156 2808 adhuc
3170 2742 3520 2822 perfectiores
3530 2766 3699 2823 quam
3716 2746 3799 2806 illi
3813 2751 3898 2822 qui

2306 2853 2432 2901 sunt
2452 2831 2621 2913 orbis,
2657 2854 2716 2900 tu
2755 2832 3012 2916 fundasti,
3041 2830 3227 2912 idest,
3269 2860 3431 2916 super
3458 2834 3897 2908 fundamentum,

2305 2928 2583 2992 Christum
2630 2936 2923 3003 videlicet,
2952 2922 3047 3008 qui
3085 2952 3274 2992 verum
3320 2944 3405 2991 est
3458 2928 3896 3001 fundatnentum,

2306 3029 2599 3100 aquilonem
2627 3039 2675 3084 et
2700 3046 2845 3085 mare
2877 3038 2934 3085 tu
2966 3030 3173 3098 creasti,
3202 3030 3255 3085 id
3285 3038 3389 3097 est,
3420 3022 3896 3101 desperatissimos

2310 3122 2363 3176 in
2388 3121 2593 3190 quibus
2625 3121 2841 3176 refrixit
2866 3114 3125 3188 charitas,
3158 3115 3255 3193 qui
3282 3136 3379 3191 per
3404 3117 3713 3191 aquilonem
3748 3120 3897 3175 intel-

619 3220 761 3266 sunt.
793 3211 892 3268 llic
917 3215 1194 3284 quaeritur,
1224 3232 1349 3273 cum
1397 3219 1539 3295 Deus
1572 3219 1644 3275 sit
1673 3218 2205 3292 incircumscriptum

2308 3200 2572 3282 liguntur,
2603 3208 2659 3265 et
2686 3227 2852 3278 mare,
2880 3198 2937 3266 id
2970 3219 3076 3278 est,
3131 3204 3528 3268 amariticantcs
3558 3226 3623 3295 se
3670 3211 3822 3282 ipsos
3847 3221 3900 3266 et

573 3314 581 3331 ε
619 3301 822 3373 lumen,
854 3315 910 3362 et
946 3307 1093 3365 nullo
1121 3308 1241 3366 loco
1274 3286 1660 3381 comprehendi
1706 3320 1903 3383 potest,
1931 3286 2203 3384 ῳιοξιιθάο
2229 3286 2281 3349 0
2307 3305 2460 3372 alios,
2490 3315 2544 3361 tn
2571 3302 2904 3362 conﬁrmasti
2926 3305 2994 3361 ad
3018 3304 3142 3373 hoc,
3167 3302 3231 3359 ut
3253 3290 3631 3384 ﬁerentnrliis
3658 3306 3827 3360 terrae
3848 3312 3897 3359 et

620 3394 825 3466 aliquid
850 3396 994 3454 circa
1037 3414 1097 3455 se
1126 3400 1345 3456 habeat.
1395 3400 1505 3457 Sed
1528 3402 1658 3473 quia
1697 3416 1766 3459 ex
1795 3411 1955 3474 gente
1980 3398 2204 3459 Iudaica

618 3496 848 3544 matrem
878 3489 1019 3545 unde
1061 3505 1279 3548 carnem
1323 3502 1645 3559 assumeret,
1678 3493 1865 3550 habuit
1896 3512 1910 3548 :
1944 3493 2016 3549 ibi
2052 3495 2204 3550 habi-

620 3587 734 3635 tare
772 3581 1127 3650 corporaliter
1165 3583 1357 3652 voluit,
1379 3584 1453 3640 ibi
1491 3585 1975 3656 etiampraadicare
1999 3586 2201 3644 voluit:

620 3684 723 3724 non
770 3671 1062 3745 incongrue
1089 3685 1348 3745 quantum
1389 3676 1457 3731 ad
1504 3686 1721 3749 gentem
1766 3677 1951 3745 illam,
2002 3679 2204 3736 dicitur

619 3762 818 3819 habere
845 3765 988 3821 circa
1028 3781 1087 3823 se
1115 3766 1318 3839 aliquid
1348 3786 1362 3825 :
1395 3770 1521 3839 quia
1548 3784 1681 3841 gens
1710 3769 1937 3828 Judaica
1969 3787 2000 3827 a
2029 3773 2203 3845 genti—

620 3853 720 3911 bus
745 3856 1203 3926 ciccumdabatur,
1235 3870 1291 3916 et
1317 3875 1503 3918 eorum
1531 3864 1906 3934 persecutione
1930 3865 2203 3936 opprime-

617 3944 797 4013 batnr,
822 3949 948 4018 quia
972 3950 1220 4021 gentibus
1240 3951 1489 4010 videlicet
1516 3954 1773 4011 Dominus
1799 3954 1899 4011 fuit
1921 3957 2200 4025 terribilis,

618 4035 745 4105 quia
769 4036 823 4116 in
852 4036 968 4108 eius
1013 4040 1233 4095 nomine
1263 4040 1418 4111 plura
1461 4056 1646 4100 eorum
1696 4044 1873 4110 idola,
1917 4046 1972 4100 in
2004 4032 2201 4116 quibus

620 4112 991 4194 conﬁdebant,
1028 4138 1154 4183 sunt
1186 4124 1462 4186 confracta
1490 4148 1505 4186 :
1537 4141 1591 4186 et
1617 4131 1745 4202 ipsae
1770 4142 1957 4204 gentes
1983 4112 2100 4204 eius
2129 4137 2200 4192 ti-

618 4230 770 4272 more
795 4219 1124 4289 cogebantur
1145 4227 1346 4276 sectam
1377 4236 1529 4277 suam
1550 4220 1841 4279 dimittere.
1873 4218 1969 4280 Vel
1999 4225 2195 4285 aliter:

619 4298 887 4363 Terribilis
911 4326 1067 4376 super
1087 4323 1261 4366 omnes
1281 4311 1371 4381 qui
1398 4311 1455 4368 in
1477 4313 1697 4369 circuitu
1726 4314 1840 4385 ejus
1864 4327 2005 4382 sunt,
2036 4317 2089 4373 id
2117 4327 2201 4376 est

616 4414 777 4470 super
801 4400 894 4458 eos
921 4402 1012 4473 qui
1058 4402 1395 4459 circumeunt
1438 4412 1499 4459 ut
1545 4402 1661 4474 ejus
1713 4406 2015 4466 imitatores
2041 4408 2195 4468 ﬂant.

615 4492 687 4548 Et
710 4482 1147 4567 quandoquidem
1180 4506 1235 4552 tu
1262 4484 1407 4554 solus
1443 4512 1504 4556 es
1531 4514 1786 4571 magnus,
1832 4511 1887 4557 tu
1914 4503 2062 4561 solus
2093 4514 2199 4562 ter-

615 4572 813 4654 ribilis,
837 4603 873 4672 ᾳ
899 4574 1117 4643 Domine
1146 4588 1306 4677 Deus,
1344 4605 1450 4647 non
1484 4600 1690 4648 tantum
1727 4593 2007 4652 hominum
2036 4639 2061 4661 ,.
2099 4599 2194 4654 sed

2305 3396 2602 3469 plenitudo.
2650 3392 2719 3453 Et
2748 3390 2853 3469 ipsi
2891 3406 3072 3454 autem
3114 3386 3287 3469 quid?
3328 3388 3366 3450 1‘
3370 3375 3543 3451 findor"
3565 3406 3616 3452 et
3662 3390 3896 3451 Heruteu

2304 3491 2637 3547 exsultabant
2676 3482 2733 3546 in
2769 3490 2975 3547 nomine
3000 3501 3113 3560 tuo,
3146 3484 3207 3546 id
3242 3492 3346 3573 cat,
3386 3486 3462 3544 iiii
3494 3490 3591 3561 qui
3608 3489 3898 3561 aliquando

2305 3580 2526 3638 fuerunt
2554 3578 2815 3650 tenebrae,
2849 3597 2993 3640 nunc
3019 3586 3205 3639 autem
3241 3580 3334 3637 Iu‘x
3363 3572 3416 3637 in
3446 3578 3707 3647 Domino,
3740 3582 3896 3637 alme

2305 3681 2495 3744 gantes
2537 3673 2872 3744 impietatem
2906 3670 2965 3728 et
3010 3660 3290 3729 saecularia
3334 3662 3627 3735 desideria,
3657 3672 3897 3727 exsulta-

2303 3756 2438 3823 bunt
2462 3752 2517 3821 in
2543 3767 2762 3822 nomine
2791 3773 2884 3823 tuo
2910 3760 3282 3838 gloriﬁcando.
3318 3758 3551 3821 Thalior‘
3569 3764 3635 3820 et‘
3656 3758 3894 3819 Herniea

2304 3869 2432 3917 sunt
2460 3868 2675 3916 montes
2702 3859 2830 3927 duo,
2860 3848 3226 3932 signiﬁcantes
3259 3846 3502 3915 Iudaeam
3542 3866 3600 3914 et
3625 3856 3894 3930 gentilita-

2306 3960 2434 4008 tem.
2465 3944 2705 4019 Tbabor,
2732 3952 2861 4023 quia
2900 3952 3301 4022 interpretatur
3322 3953 3527 4007 veniens
3557 3950 3766 4017 lumen,
3795 3952 3892 4006 non

2303 4044 2600 4117 incongrue
2648 4042 2865 4101 ludzeos
2924 4045 3212 4117 designat,
3263 4046 3330 4101 et
3378 4044 3578 4116 quibus
3633 4046 3894 4116 processit

2301 4133 2551 4193 Christus
2580 4135 2759 4192 lumen
2792 4151 2979 4192 verum
3009 4130 3327 4194 illuminans
3346 4140 3563 4193 omnem
3617 4136 3888 4194 hominem

2302 4227 2608 4283 venientem
2664 4228 2719 4283 in
2749 4229 2894 4286 hunc
2920 4216 3182 4285 mundum
3213 4214 3396 4301 (facit.
3429 4228 3492 4302 ι).
3533 4216 3789 4287 Harmon
3813 4214 3889 4286 in-

2303 4326 2632 4390 terpretatur
2651 4318 3141 4389 anathematizatio,
3165 4308 3266 4379 ubi
3282 4306 3661 4396 intelliguntur
3687 4320 3885 4398 gentes,

2301 4427 2361 4467 se
2396 4412 2541 4482 ipsas
2568 4402 3103 4482 anathematizando,
3132 4430 3167 4470 a
3199 4414 3410 4475 Cultura
3440 4404 3714 4473 idolorum
3742 4434 3885 4473 rem-

2301 4504 2511 4571 dentes,
2540 4513 2595 4561 et
2622 4504 2898 4561 Christum
2925 4506 3201 4564 imitantes
3233 4526 3245 4562 :
3275 4498 3429 4581 Quod
3444 4500 3586 4564 dicit
3613 4496 3825 4565 Thaior
3843 4521 3884 4565 et

2302 4590 2561 4665 Harmon,
2588 4586 2759 4655 idest
2799 4588 2971 4655 Judaei
3007 4594 3067 4657 et
3097 4598 3306 4674 gentes,
3346 4600 3688 4659 mutabunt
3718 4607 3777 4660 in
3799 4620 3879 4659 no-

614 4676 787 4731 etiam
799 4662 1046 4767 virtutum
1071 4664 1391 4749 ctelesti'um,
1408 4681 1525 4754 quis
1542 4684 1729 4741 similis
1751 4694 1833 4741 est
1852 4687 1985 4742 tibi?
2006 4676 2193 4748 Nullus
2218 4653 2275 4714 Β
2296 4688 2433 4743 mine
2472 4699 2582 4745 tuo.
2630 4678 2703 4745 Et
2724 4690 2947 4758 merito,
2978 4653 3128 4763 quia?
3151 4653 3306 4749 tuan;
3343 4678 3659 4777 Inachium,
3696 4680 3759 4752 id
3788 4706 3881 4762 cat,

615 4768 831 4839 utique,
867 4766 995 4840 quia
1023 4766 1078 4825 tu
1109 4766 1287 4842 potens
1312 4790 1405 4840 es,
1434 4768 1675 4844 Domine,
1707 4787 1757 4834 et
1787 4780 1975 4837 veritas
2006 4791 2098 4838 tua
2138 4784 2196 4841 in
2297 4788 2448 4836 tuum
2482 4782 2667 4850 robur,
2709 4783 2817 4839 erit
2853 4800 2974 4839 cunt
3007 4786 3265 4857 potentia,
3298 4786 3351 4842 id
3388 4795 3492 4855 est,
3512 4770 3766 4859 potentia
3801 4798 3880 4844 tua

615 4859 838 4951 circuitu
876 4858 1087 4951 tuo,.id
1110 4872 1193 4925 est
1221 4864 1414 4920 circuit
1443 4873 1494 4922 te
1520 4883 1754 4945 semper,
1782 4860 1908 4943 quia
1936 4888 1968 4928 a
1998 4882 2051 4930 te
2077 4876 2196 4948 ipso
2295 4872 2403 4930 erit
2420 4882 2612 4946 potens
2634 4879 2897 4948 potentia,
2921 4866 3047 4951 quia
3070 4880 3123 4936 in
3143 4890 3403 4939 aeternum
3423 4858 3728 4941 mansura:
3760 4886 3880 4940 alio-

615 4947 788 5006 habes
811 4946 1116 5034 veritatem,
1156 4955 1330 5009 caeteri
1364 4956 1566 5014 habent
1606 4974 1710 5015 non
1752 4976 1784 5015 a
1829 4977 1910 5030 se,
1937 4946 2193 5022 sedate.

616 5037 771 5098 Unde
814 5028 946 5098 illud
974 5059 990 5129 ξ
1020 5036 1203 5129 Οζαιὶο
1232 5063 1347 5101 mea
1380 5048 1435 5103 in
1458 5051 1628 5106 sinum
1674 5069 1843 5108 meum
1873 5068 2199 5114 convertetur

615 5129 791 5204 (Psal.
817 5118 1029 5206 XXXIV).
1072 5118 1399 5206 vel'veritas,
1416 5139 1468 5196 id
1481 5149 1564 5197 est
1577 5143 1931 5214 completores
1951 5148 2195 5206 veritatis

617 5231 743 5292 tute,
770 5224 900 5282 sunt
923 5226 978 5281 in
1002 5216 1226 5283 circuitu
1260 5228 1367 5297 tuo,
1401 5230 1453 5286 id
1480 5233 1630 5289 estin
1647 5234 2117 5309 tuoas'seclatu,et
2144 5251 2197 5300 te

615 5314 956 5375 circumdant
991 5320 1057 5376 ut
1096 5321 1397 5380 imitatores
1445 5322 1521 5379 tui
1571 5328 1825 5384 existant.
1853 5324 1930 5387 Tu
1954 5322 2198 5390 domina-

616 5410 691 5466 ris
716 5412 959 5483 potestati
988 5414 1169 5468 maris.
1215 5411 1378 5482 Quasi
1401 5408 1545 5473 dicat
1572 5435 1585 5473 ;
1618 5414 1757 5477 Vere
1781 5423 1871 5480 tibi
1895 5412 2198 5488 in‘nubibus

618 5502 794 5558 nullus
808 5494 1133 5575 aequabitur:
1151 5502 1330 5563 nullus
1350 5498 1443 5564 tibi
1468 5508 1677 5579 similis,
1700 5516 1825 5584 quia
1840 5528 1894 5570 tu
1907 5508 2197 5578 dominaris

617 5595 855 5663 potestati
876 5597 1083 5673 maris,
1117 5596 1171 5653 id
1214 5596 1668 5659 estamariludini
1693 5608 1953 5677 gentium.
1991 5604 2196 5670 Motum

618 5676 1198 5773 autemﬂitctuumejus
1219 5701 1275 5746 tu
1300 5695 1532 5773 mitigas,
1563 5684 1616 5751 id
1642 5676 1727 5754 est
1752 5701 2196 5762 comminationes

618 5775 945 5846 principum,
983 5782 1075 5850 qui
1122 5798 1246 5838 cum
1294 5771 1525 5854 quodam
1572 5787 1772 5860 impetu
1820 5795 1972 5862 quasi
2003 5789 2197 5853 ﬂuctus

608 5867 866 5957 :salviunt,
895 5870 1167 5944 mitigabis
1186 5915 1202 5944 ,
1243 5891 1348 5932 non
1378 5893 1443 5933 ex
1474 5888 1585 5935 toto
1612 5880 1917 5954 dissipabis,
1945 5888 2069 5958 quia
2095 5892 2197 5948 etsi

2298 4983 2419 5024 rum
2447 4984 2577 5026 vero
2603 4968 2842 5040 inﬁrma,
2868 4972 2995 5044 quia
3019 4975 3086 5030 ad
3116 4983 3327 5047 tempus
3366 4982 3652 5033 mansura.
3684 4968 3880 5032 Firme-

2299 5066 2388 5113 tur
2408 5075 2596 5115 manus
2623 5070 2736 5130 tua,
2768 5072 2816 5116 et
2844 5058 3104 5119 exaltetur
3128 5066 3342 5120 dextera
3363 5076 3477 5133 tua,
3502 5058 3675 5135 Quasi
3703 5054 3877 5123 dicat:

2304 5138 2515 5205 Thalior
2541 5150 2595 5206 et
2618 5140 2852 5209 Hermon
2897 5144 3227 5211 exsultabant
3259 5158 3313 5213 in
3341 5160 3550 5214 nomine
3576 5172 3671 5215 tuo
3702 5180 3723 5217 :
3748 5160 3878 5233 quod

2302 5251 2362 5297 ut
2383 5241 2480 5298 ﬂat
2495 5234 2756 5316 ﬁrmetur,
2772 5246 2825 5302 id
2848 5255 2952 5315 est,
2969 5244 3330 5307 donsolidetur
3358 5236 3411 5305 in
3429 5251 3534 5318 eis,
3558 5268 3757 5308 manus
3775 5264 3877 5318 tua,

2301 5326 2363 5388 id
2383 5328 2489 5401 est,
2521 5334 2761 5408 potestas
2796 5346 2889 5395 tua
2921 5357 2934 5394 :
2966 5355 3086 5411 quae
3126 5329 3293 5396 faciat
3314 5356 3408 5398 eos
3439 5327 3528 5399 liic
3565 5344 3623 5398 in
3672 5348 3877 5401 notuit»:

2302 5416 2397 5479 tuo
2445 5412 2716 5484 exsultare
2753 5443 2773 5498 ;
2819 5422 3134 5486 ettandem
3188 5415 3456 5487 excitetur
3500 5422 3733 5489 dextera
3777 5430 3874 5497 t'na‘,

2301 5518 2516 5592 quando
2544 5504 2794 5576 videlicet
2824 5518 2955 5593 agni
2972 5508 3261 5591 separandi
3280 5514 3413 5577 sunt
3432 5514 3507 5576 ali
3529 5508 3729 5577 bicdis.
3759 5516 3885 5583 Non

2300 5598 2426 5686 quia
2458 5600 2550 5670 hic
2592 5610 2841 5671 ﬁrmatur
2867 5629 3063 5672 manus
3089 5622 3149 5670 ut
3189 5596 3275 5671 ibi
3297 5608 3568 5672 eiallet‘ur
3605 5616 3872 5675 dextera:

2299 5700 2425 5776 quia
2463 5698 2553 5761 hic
2593 5698 2793 5763 ﬁdeles
2822 5705 3141 5764 innocenter
3168 5706 3354 5765 vivunt
3392 5708 3523 5764 cum~
3561 5702 3875 5768 nocentibus

2294 5798 2496 5854 merito
2521 5797 2738 5854 'dicitur
2777 5793 2972 5856 manus
3013 5786 3331 5870 simpliciter
3374 5794 3533 5856 ﬁrma
3588 5802 3715 5858 esse
3758 5820 3772 5857 :
3808 5794 3873 5856 ibi

2302 5900 2483 5948 autem
2515 5895 2639 5964 quia
2688 5895 2977 5966 separandi
3033 5905 3160 5952 sunt
3219 5883 3345 5953 boni
3390 5912 3423 5952 a
3472 5882 3653 5964 malis,
3688 5898 3871 5954 merito
