3868 5488
57 469 138 524 ὓιὸ

1174 464 1714 526 ENARRATIONES
1751 471 1817 524 IN
1854 472 2185 532 PSALMOS.

3186 485 3290 545 6M
3342 533 3345 535 -

58 582 345 646 :xaltabitur
381 581 605 637 dextera
656 600 667 634 ε
713 582 840 652 quia
886 599 1030 640 nunc
1079 586 1226 640 venit
1278 586 1444 651 mitis,
1479 596 1603 644 tunc
1630 591 1679 651 Α
1708 590 1867 644 mabit
1914 609 2032 646 eum
2067 593 2358 658 intantum,
2391 595 2533 664 quod
2578 595 2707 651 mihi
2733 597 2837 652 erit
2866 600 3194 673 coae'qualis;
3239 616 3287 659 et

57 676 202 730 veniet
223 671 495 728 terribilis.
521 670 736 727 Iustitia
753 684 798 728 et
824 675 1092 744 judicium
1119 679 1438 747 pratparatio
1461 680 1600 734 sedis

57 781 152 822 tua.
191 761 350 834 Quasi
397 765 543 820 dicat
594 785 607 821 :
666 767 802 823 Vere
849 768 1175 824 exaltabitur
1219 770 1440 825 dextera
1486 781 1600 838 tua,

57 859 364 933 quiajustum
387 858 652 930 judic'utm
675 863 1000 932 praeparabit
1029 863 1120 918 tibi
1148 865 1354 919 sedem.
1378 864 1600 921 interim

57 964 207 1008 autem
228 950 386 1022 quid?
414 949 808 1019 Misericordia,
847 954 898 1008 id
942 963 1044 1019 est,
1079 956 1325 1011 remissio
1349 965 1599 1027 peccato-

57 1063 183 1104 rum:
212 1054 256 1098 et
285 1044 494 1107 acritas,
524 1042 575 1098 id
602 1053 703 1110 est,
727 1044 1014 1116 completio
1040 1046 1436 1117 promissionis,
1466 1063 1598 1116 pra:-

55 1141 201 1198 tcdent
230 1137 417 1207 [aciem
446 1146 616 1202 tuam,
645 1138 771 1208 quia
803 1147 856 1194 tu
893 1139 1144 1195 videlicet
1172 1149 1430 1197 venturus
1455 1157 1513 1196 es
1544 1142 1598 1199 in

56 1231 298 1300 majestate
327 1227 526 1284 Patris.
573 1229 639 1284 Et
676 1230 890 1300 quando
936 1231 1150 1300 quidem
1203 1241 1258 1286 tu
1300 1241 1480 1287 tantus
1517 1247 1596 1297 es,

57 1326 199 1378 beatus
223 1338 344 1394 ergo
366 1322 590 1392 populus
627 1323 715 1393 qui
754 1324 848 1378 scit
877 1322 1268 1393 jubilationem,
1303 1325 1351 1378 id
1381 1335 1481 1391 est,
1506 1326 1598 1396 qui

57 1413 214 1484 probat
243 1412 328 1468 tibi
358 1426 479 1466 esse
503 1412 841 1483 jubilandum
877 1412 1131 1468 inell'abili
1167 1413 1453 1470 atlectione
1480 1432 1599 1469 cor-

59 1507 134 1570 dis,
157 1521 241 1578 per
284 1520 442 1576 quam
485 1505 649 1577 digne
692 1507 764 1563 sit
795 1506 999 1579 jubilus
1042 1526 1054 1562 :
1095 1509 1221 1579 quia
1248 1507 1481 1576 jubilare
1517 1519 1602 1566 est

59 1611 223 1657 tantam
249 1600 486 1657 hetitiam
516 1603 718 1659 mentis
749 1604 972 1670 habere,
1015 1613 1272 1675 quantam
1301 1606 1478 1661 nullus
1503 1623 1598 1678 po-

59 1703 140 1750 test
164 1693 331 1750 verbis
365 1695 696 1767 exprimere.
727 1696 846 1750 Alia
877 1696 1209 1752 continuatio
1241 1712 1256 1751 :
1297 1697 1598 1752 Misericor-

59 1788 130 1839 dia
158 1796 199 1841 et
239 1787 426 1840 ueritas
467 1787 765 1857 prcecedeat
801 1805 816 1841 :
848 1798 903 1843 et
938 1789 1066 1860 quia
1106 1791 1430 1858 praecedent,
1468 1805 1598 1861 ergo

59 1879 207 1933 beatus
240 1877 322 1932 ille
359 1878 450 1948 qui
489 1880 818 1936 attendendo
861 1881 1288 1936 misericordiam
1337 1882 1507 1952 ipsam
1543 1891 1599 1938 et

1701 680 1831 734 nihil
1849 683 2085 751 proﬁciet
2112 685 2165 738 in
2185 703 2264 748 eo,
2297 685 2348 739 id
2375 696 2474 748 est,
2508 687 2574 741 ad
2600 687 2800 742 nullum
2819 686 3068 746 eﬂectum
3089 694 3285 758 veniet,

1700 780 1754 826 et
1783 771 1826 826 si
1858 773 2083 845 incipiat
2113 795 2125 830 :
2160 777 2428 843 inimicus,
2473 779 2524 833 id
2554 789 2635 834 cst
2679 791 2994 850 persecutor
3028 802 3040 836 :
3072 793 3120 838 et
3145 785 3289 854 ﬁlius

1699 864 1947 921 videlicet
1987 867 2306 939 iniquitatis,
2353 870 2406 926 id
2450 880 2550 934 est,
2593 888 2817 944 serpens
2861 875 3145 946 malignus,
3185 894 3288 932 non

1699 966 1919 1024 apponet
1951 974 2133 1013 nocere
2180 961 2248 1015 ei.
2302 959 2496 1017 Nocuit
2543 965 2880 1036 vereprimo
2915 966 3142 1033 homini,
3194 970 3287 1023 sed

1701 1063 1809 1101 non
1838 1050 1998 1105 addet
2036 1068 2231 1108 nocere
2271 1053 2416 1109 huic.
2458 1054 2712 1111 Tentabit
2749 1072 2892 1120 eum,
2926 1059 3018 1113 sed
3052 1075 3158 1114 non
3191 1075 3285 1131 ap-

1698 1147 1860 1207 ponet
1899 1139 2002 1195 hoc
2032 1152 2090 1196 ut
2122 1152 2316 1198 noceat
2363 1162 2375 1198 :
2427 1146 2556 1214 quia
2599 1163 2722 1202 eum
2759 1149 3019 1205 tentando
3057 1165 3164 1205 non
3196 1166 3288 1206 su-

1697 1228 1931 1298 perabit.
1966 1231 2035 1285 Et
2069 1234 2369 1301 concidam,
2407 1235 2460 1290 id
2495 1248 2577 1291 est
2616 1238 2823 1292 concidi
2862 1239 3079 1306 faciam,
3116 1241 3289 1294 inimi-

1699 1340 1784 1378 cos
1813 1326 1928 1394 ejus
1957 1344 1987 1380 a
2015 1326 2171 1395 (acie,
2209 1328 2261 1382 id
2298 1338 2396 1392 est,
2436 1347 2466 1384 a
2506 1332 2828 1401 cogitatione
2871 1333 3006 1404 ejus,
3039 1334 3163 1405 quia
3196 1335 3290 1403 qui

1698 1418 1848 1488 prius
1892 1427 2049 1473 erant
2097 1419 2304 1475 inimici
2347 1421 2486 1490 ejus,
2535 1439 2564 1476 a
2592 1424 2794 1478 sanctis
2840 1423 3288 1494 praedicatoribus

1700 1509 2062 1580 praecidentur
2096 1527 2130 1565 a-
2158 1527 2386 1582 corpore
2422 1513 2746 1580 inﬁdelium,
2798 1523 2854 1570 et
2893 1514 3290 1585 coaptabuntur

1699 1601 1910 1670 corpori
1946 1601 2180 1656 ﬁdelium
2209 1618 2223 1656 :
2252 1612 2308 1657 et
2335 1604 2436 1660 hoc
2461 1613 2630 1659 totum
2663 1607 2767 1660 erit
2795 1625 2826 1660 a
2857 1607 2994 1676 facie
3018 1607 3203 1676 ipsius,
3235 1605 3289 1661 id

1699 1701 1800 1758 est,
1825 1695 2269 1764 praecogitatione
2292 1695 2479 1766 ipsius.
2512 1696 2622 1752 Hoc
2648 1698 2794 1752 enim
2818 1695 3289 1769 przeﬁgurabatur,

1699 1785 1915 1853 quando
1944 1784 2158 1856 Moyses
2194 1796 2360 1856 caput
2385 1787 2537 1842 vituli
2577 1789 2627 1842 in
2669 1788 2946 1859 pulverem
2975 1790 3201 1861 redegit,
3237 1799 3293 1843 et

1699 1875 1899 1931 ludatis
1942 1878 2009 1931 ad
2058 1877 2347 1934 bibendum
2410 1879 2558 1934 dedit
2610 1879 2806 1951 (Exod.
2857 1882 3074 1956 xum).
3117 1880 3293 1951 Caput

62 1972 314 2036 veritatem,
355 1970 458 2028 scit
491 1971 749 2042 jubilare,
782 1973 923 2030 sicut,
963 1983 1017 2028 ei
1065 1974 1232 2044 prius,
1267 1974 1509 2040 υοηιξηε,
1538 1975 1590 2029 ξπ
1624 1956 1672 2016 Β
1698 1982 1826 2021 vero
1855 1967 2008 2021 vituli
2041 1967 2286 2024 inﬁdeles
2315 1969 2678 2041 signiﬁcabat,
2711 1981 2765 2026 et
2787 1973 2876 2042 qui
2908 1975 2961 2027 in
2989 1972 3290 2028 humilitate

60 2063 212 2118 intuitu
252 2064 414 2118 vultus
461 2066 546 2118 tui
591 2066 953 2122 ambulabunt.
995 2067 1162 2134 Quasi
1200 2068 1345 2122 dicat
1393 2087 1406 2121 :
1458 2069 1597 2123 Vere

60 2165 153 2208 Sunt
179 2155 306 2211 beati
338 2157 430 2227 qui
457 2157 644 2214 sciunt
667 2158 926 2227 iubilare,
957 2160 1084 2230 quia
1106 2159 1212 2231 ipsi
1230 2160 1593 2226 ambulabunt,

61 2245 100 2298 id
128 2256 211 2311 est,
235 2248 596 2314 delectabunt,
629 2251 684 2305 in
726 2250 921 2306 lumine
951 2251 1120 2306 vultus
1150 2253 1254 2317 tui,
1281 2252 1332 2306 id
1371 2262 1476 2317 est,
1506 2261 1594 2308 tua

62 2337 313 2405 cognitione
340 2339 626 2395 illuminati
654 2357 670 2394 ε
703 2351 754 2395 et
786 2341 839 2396 in
875 2343 1081 2396 nomine
1123 2353 1212 2396 tuo
1258 2343 1595 2397 exsultabant

65 2437 143 2486 tota
167 2428 254 2493 die,
281 2428 332 2483 id
355 2439 436 2485 est
455 2430 711 2485 continue
742 2449 754 2483 :
787 2442 832 2485 et
857 2432 1059 2498 iustitia
1082 2443 1171 2486 tua
1199 2433 1592 2501 exaltnbuntur,

66 2533 148 2572 non
168 2529 448 2588 querentes
477 2538 635 2576 suam
665 2531 902 2578 statuere
929 2524 1218 2593 justitiam,
1265 2525 1357 2578 sed
1401 2535 1545 2578 tuam
1577 2543 1590 2579 :

66 2619 104 2664 et
134 2612 296 2667 merito
320 2622 486 2678 tuam,
507 2614 636 2683 quia
663 2614 832 2669 virtus
866 2631 1043 2669 eorum
1077 2627 1133 2669 tu
1160 2634 1213 2670 es
1241 2634 1252 2670 :
1284 2625 1334 2670 et
1367 2616 1485 2670 ideo
1515 2626 1594 2670 at-

68 2701 244 2756 trudunt
274 2718 326 2756 se
347 2720 464 2759 esse
489 2705 764 2761 virtuosos
790 2721 893 2759 non
926 2722 951 2758 a
983 2720 1060 2771 se,
1091 2706 1182 2760 sed
1205 2723 1234 2760 a
1269 2717 1318 2760 te
1348 2725 1359 2758 :
1391 2717 1442 2760 et
1475 2707 1594 2760 ideo

66 2807 143 2843 non
177 2791 219 2845 in
245 2807 315 2858 se,
345 2795 436 2848 sed
467 2795 517 2850 in
564 2805 621 2850 te
651 2795 1024 2866 gloriabuntur
1052 2815 1062 2850 :
1095 2808 1139 2850 et
1181 2798 1233 2850 in
1275 2797 1591 2867 bencplacito

65 2891 147 2945 tuo,
190 2884 352 2950 idest,
405 2885 454 2939 in
487 2885 630 2939 bona
667 2887 943 2941 voluntate
989 2895 1097 2953 tua,
1147 2903 1253 2941 non
1291 2888 1342 2941 in
1384 2887 1593 2943 meritis

65 2976 239 3041 nostris,
265 2977 573 3030 cxaltabitur
605 2995 766 3032 cornu
793 2988 1048 3044 nostrum,
1083 2979 1129 3032 id
1154 2988 1256 3042 est,
1286 2977 1591 3034 sublimitas

65 3077 205 3121 nostra
233 3069 304 3122 vel
334 3070 570 3126 defensio
603 3079 805 3134 nostra,
851 3069 989 3137 Quia
1027 3072 1236 3125 Domini
1277 3082 1350 3125 est
1389 3089 1593 3125 assunt-

63 3159 141 3223 ptio
175 3170 348 3214 nostra.
400 3162 560 3229 Quasi
619 3163 764 3217 dicat
812 3181 832 3216 ι
884 3160 1019 3217 Vere
1050 3165 1103 3216 in
1135 3173 1226 3216 tuo
1273 3163 1592 3233 beneplacito

64 3250 320 3306 multabitur
366 3270 524 3308 cornu
571 3265 830 3320 nostrum,
879 3254 1002 3324 quia
1062 3254 1358 3323 assumptio
1409 3262 1593 3308 nostra

1698 2073 1798 2128 per
1845 2058 2209 2128 cognitionem
2257 2059 2468 2115 Domini
2523 2063 2784 2128 contriti,
2831 2061 3078 2119 ﬁdelibus
3134 2073 3292 2118 erant

1697 2151 2127 2222 concorporandi
2158 2168 2171 2204 :
2206 2153 2350 2222 quod
2391 2153 2544 2220 dicit,
2590 2153 2656 2208 Et
2682 2155 2954 2209 concidam
2983 2174 3016 2209 a
3047 2153 3184 2227 facie
3207 2155 3289 2225 ip-

1695 2243 1804 2296 sius
1831 2242 2068 2296 inimicos
2109 2242 2246 2312 ejus,
2279 2252 2327 2296 et
2366 2245 2596 2299 odientes
2632 2261 2749 2298 eum
2778 2246 2832 2299 in
2862 2245 3041 2316 fugam
3085 2261 3292 2300 conver-

1696 2344 1851 2389 tam:
1884 2335 2008 2404 quia
2058 2334 2149 2403 qui
2195 2351 2338 2391 nunc
2377 2346 2504 2391 sunt
2552 2337 2778 2404 inimici,
2826 2339 2891 2392 ad
2931 2354 3054 2392 eum
3096 2337 3287 2392 confu-

1695 2428 1890 2498 giendo
1921 2427 2050 2482 ﬁent
2094 2430 2276 2494 amici,
2309 2441 2357 2483 et
2392 2434 2581 2485 veritas
2623 2449 2760 2499 mea,
2811 2433 2863 2487 id
2912 2442 3017 2499 est,
3050 2431 3290 2503 impletio

1696 2519 2093 2590 promissionis.
2131 2518 2285 2574 Unde
2324 2520 2619 2602 _Apostolus
2653 2541 2664 2576 :
2701 2521 2806 2576 Per
2851 2519 3044 2594 ipsum,
3089 2525 3286 2594 inquit,

1693 2628 1846 2664 amen
1890 2609 1998 2664 Deo
2032 2609 2116 2681 (ll
2147 2610 2268 2664 Cor.
2314 2617 2376 2674 ι).
2421 2611 2485 2666 Et
2516 2614 2873 2669 misericordia
2909 2633 3044 2682 mea,
3093 2617 3148 2671 id
3183 2625 3285 2683 est,

1696 2702 1971 2773 reparatio
2007 2703 2227 2756 humani
2253 2705 2489 2774 generis,
2515 2706 2619 2760 erit
2643 2724 2758 2760 cum
2789 2708 2900 2777 ipso
2929 2718 2975 2762 et
3002 2709 3053 2762 in
3080 2709 3287 2762 nomine

1693 2811 1830 2858 meo,
1874 2795 2130 2849 subaudis
2176 2795 2552 2865 gloriﬁcando,
2588 2798 2908 2852 exaltabitur
2938 2813 3100 2854 cornu
3149 2800 3282 2870 ejus,

1694 2887 1746 2941 id
1769 2896 1851 2942 est
1875 2887 2178 2944 sublimitas
2201 2888 2336 2959 ejus.
2364 2885 2430 2942 Et
2454 2906 2644 2959 ponam
2667 2890 2721 2944 in
2748 2891 2883 2944 mari
2909 2907 3122 2945 manuni
3146 2891 3281 2960 ejus,

1694 2980 1870 3045 idest,
1903 2981 1954 3034 in
1983 2983 2232 3052 gentibus
2256 2983 2360 3036 erit
2379 2983 2494 3053 ejus
2523 2993 2783 3053 potestas,
2815 2983 2946 3039 etin
2976 2984 3284 3054 fluminibus

1692 3090 1885 3144 ponam
1912 3073 2150 3128 dextram
2183 3075 2296 3146 ejus
2321 3093 2340 3139 ;
2365 3077 2490 3145 quia
2518 3077 2789 3147 principes
2821 3076 3007 3146 majori
3043 3076 3283 3146 potentia

1695 3165 1850 3220 subdi
1879 3167 2076 3220 debent
2102 3166 2228 3231 Deo,
2255 3183 2416 3236 quam
2446 3161 2669 3233 subditi,
2699 3170 2824 3238 quia
2863 3169 3046 3240 major‘
3068 3169 3149 3223 vis
3179 3167 3285 3224 Do-

1697 3258 1827 3313 mini
1856 3260 2106 3330 apparuit
2147 3261 2198 3315 in
2238 3261 2591 3316 conversione
2624 3278 2830 3332 regum,
2868 3276 3027 3331 quam
3064 3261 3116 3316 in
3150 3271 3280 3316 cen-

67 3350 398 3419 quaassulttpti
434 3366 622 3406 sumus
667 3352 730 3406 de
762 3367 937 3406 massa
983 3353 1336 3421 perditorum,
1371 3360 1454 3406 est
1484 3352 1589 3406 Do-
1620 3325 1664 3389 Ο
1697 3351 1944 3406 versione
1991 3367 2306 3422 pauperum.
2365 3351 2516 3419 Quod
2567 3345 2716 3424 dicit,
2768 3347 2972 3407 Ponam
3037 3354 3092 3407 in
3146 3351 3282 3407 mari

68 3437 163 3490 mini
193 3455 205 3490 :
233 3442 346 3508 quia
393 3442 503 3512 ipse
531 3458 630 3498 nos
664 3443 974 3513 assumpsit,
1006 3451 1062 3497 et
1089 3458 1194 3496 non
1225 3443 1324 3513 ipsi
1357 3458 1454 3496 nos
1487 3460 1500 3497 :
1536 3451 1591 3497 et

65 3535 125 3579 est
149 3528 238 3596 ipsa
267 3534 552 3604 assumptio
600 3536 733 3603 regis
765 3537 951 3599 nostri,
997 3534 1055 3587 id.
1081 3544 1186 3599 est,
1216 3533 1449 3589 hominis
1482 3530 1588 3588 Do-

67 3617 206 3674 minici
242 3622 289 3676 in
322 3626 460 3678 omni
500 3626 743 3680 bonitate
777 3641 874 3681 nos
912 3626 1162 3695 regentis.
1201 3626 1344 3680 Tunc
1383 3625 1587 3680 locutus

65 3723 127 3764 est
145 3714 188 3766 in
211 3717 388 3772 visione
419 3721 612 3774 sanctis
643 3721 773 3774 suis.
818 3720 982 3787 Quasi
1015 3720 1176 3775 dicat.
1217 3718 1352 3774 Vere
1386 3737 1587 3774 assum-

65 3805 142 3868 ptio
166 3819 321 3862 nostra
342 3811 443 3865 erit
471 3812 704 3877 Domini,
731 3813 856 3883 quia
879 3813 1114 3866 hominis
1142 3811 1391 3867 videlicet
1414 3812 1587 3867 Verbo

67 3889 198 3950 Patris
223 3904 464 3972 assumpti
517 3918 530 3956 :
579 3905 707 3974 quia
751 3913 804 3958 tu
834 3903 974 3958 Deus
1014 3903 1175 3958 Pater
1221 3903 1424 3957 locutus
1455 3922 1506 3958 es
1534 3906 1587 3958 in

67 3984 232 4054 visione,
263 3990 308 4046 id
350 4003 449 4058 est,
492 3994 775 4050 manifeste
817 3994 898 4049 vel
933 3994 1212 4065 multiplici
1259 3994 1588 4049 revelatione

67 4078 223 4133 sanctis
259 4083 352 4136 tuis
378 4098 394 4135 :
424 4095 549 4140 tunc
592 4087 843 4141 videlicet
885 4087 1100 4158 quando
1143 4087 1346 4152 dixisti,
1380 4086 1588 4141 Miseri-

67 4171 203 4225 cordia
241 4176 573 4244 wdiﬁcabitur
618 4182 672 4235 in
705 4191 956 4234 (eterna-in
988 4193 1006 4232 :
1040 4179 1244 4234 locutus
1271 4197 1324 4235 es
1359 4181 1500 4247 dico,
1539 4194 1587 4234 et

67 4260 203 4317 dixisti
238 4283 326 4336 per
371 4269 508 4328 facta
540 4275 970 4345 patriarcharum
1003 4287 1058 4329 et
1103 4273 1243 4328 dicta
1294 4275 1584 4343 propheta-

68 4364 172 4405 rum.
215 4356 271 4410 Et
314 4362 436 4430 quid
479 4364 705 4419 dixisti?
758 4361 924 4418 Posui
972 4364 1321 4434 adjutorium,
1372 4363 1584 4418 illorum

70 4443 262 4503 videlicet
288 4455 373 4522 qui
401 4456 642 4512 salvandi
693 4467 838 4523 sunt,
876 4458 929 4511 in
981 4457 1214 4526 quodam
1257 4466 1484 4526 potente,
1532 4456 1584 4510 id

69 4546 144 4600 est,
166 4541 207 4594 in
230 4543 354 4602 Filio
385 4540 501 4606 meo
531 4553 622 4622 qui
665 4553 845 4608 omnia
885 4559 1132 4622 polent‘er
1158 4559 1297 4623 aget,
1347 4551 1584 4622 spoliatis

69 4630 342 4702 DrinClPatus
365 4649 418 4696 et
452 4654 766 4714 potestates,
792 4644 1129 4700 conﬁdenter
1159 4645 1462 4698 transduxit
1486 4660 1580 4699 eos

74 4720 348 4793 triumphans
371 4732 418 4786 in
446 4736 734 4806 semetipso
760 4755 772 4790 :
803 4748 851 4790 et
875 4734 1101 4790 exaltavi
1131 4734 1371 4800 electum,
1407 4734 1456 4788 id
1479 4745 1576 4800 est,

73 4807 220 4869 lilium
257 4837 420 4877 meum
461 4842 620 4898 super
664 4829 847 4884 omnia
876 4828 1007 4882 mihi
1053 4827 1303 4882 dilectum
1344 4828 1582 4882 nascitu-

75 4911 178 4965 rum,
209 4908 262 4960 de
303 4911 436 4981 plebe
473 4934 609 4983 mea,
659 4920 710 4973 id
755 4928 839 4973 est
889 4919 954 4972 de
995 4929 1152 4990 gente
1181 4916 1424 4984 ιῘιιιίίὶίοθν
1458 4919 1582 4989 quia

72 4991 183 5046 salus
213 5012 270 5052 ex
309 5000 494 5062 Judzeis
540 5019 640 5064 est.
694 5011 874 5064 Inveni
922 5011 1090 5066 David
1132 5027 1336 5065 servum
1387 5027 1579 5064 meum.

73 5077 196 5142 Quasi
223 5088 348 5145 dicat
378 5112 388 5146 :
424 5095 631 5164 Dixisti,
683 5101 832 5170 posui
868 5101 1192 5170 adjutorium
1235 5102 1290 5154 in
1329 5111 1531 5170 potente
1563 5116 1581 5154 .'

75 5173 289 5265 εει-κηκῖδιί
313 5185 486 5252 etiam,
527 5187 710 5244 Inveni
751 5191 920 5245 David
947 5210 1152 5247 servum
1179 5208 1375 5256 meum,
1422 5193 1588 5247 David

77 5261 276 5324 Videlicet
307 5276 627 5344 spiritualem
666 5298 770 5336 non
797 5283 1093 5338 carnalem.
1127 5282 1280 5338 Unde
1308 5285 1428 5339 alibi
1459 5305 1467 5337 :
1498 5285 1589 5338 In-

80 5365 161 5405 rem
182 5355 327 5417 David
352 5369 507 5424 virum
549 5374 828 5427 secundum
856 5391 946 5428 cor
972 5392 1141 5430 meum
1171 5389 1188 5428 :
1227 5385 1281 5430 et
1304 5377 1429 5431 uniti
1462 5385 1583 5431 eum

77 5440 459 5488 oleaennm'nnm-n
479 5463 632 5488 τινι--
660 5483 743 5488 ---.-
781 5467 858 5488 Α-.
899 5468 1013 5488 _____\
1065 5486 1070 5488 _
1123 5467 1319 5488 !_!.___I-
1373 5470 1384 5481 -
1410 5469 1422 5488 ι
1461 5470 1492 5488 ι-
1567 5480 1578 5488 .

1608 4693 1660 4752 D

1690 3456 1906 3494 manum
1936 3441 2073 3510 ejus,
2113 3452 2161 3495 et
2187 3442 2240 3494 in
2278 3441 2584 3510 [luminibus
2614 3443 2879 3495 dexteram
2905 3442 3036 3511 ejus.
3069 3439 3136 3497 Et
3164 3458 3278 3498 me-

1692 3532 1817 3595 rito,
1869 3533 1994 3600 quia
2033 3533 2142 3601 ipse
2181 3541 2236 3584 et
2285 3548 2391 3586 non
2436 3529 2572 3584 alius
2608 3523 2865 3586 invocabit
2902 3549 3002 3597 me,
3049 3529 3276 3587 dicens:

1690 3617 1855 3677 Pater
1882 3641 2024 3685 mens
2055 3640 2108 3677 es
2135 3633 2190 3676 tu
2224 3623 2518 3678 secundum
2554 3617 2921 3689 Divinitatcm,
2961 3619 3100 3677 D‘eus
3134 3637 3280 3678 meus

1689 3717 1984 3772 secumlum
2043 3715 2474 3780 humanitatem,
2522 3723 2790 3784 susceptor
2855 3713 3042 3769 salutis
3114 3725 3275 3782 meat,

1688 3809 1813 3880 quia
1849 3807 2082 3864 Verbum
2118 3816 2265 3861 tuum
2305 3822 2389 3862 me
2427 3803 2700 3862 hominem
2743 3808 2794 3862 in
2839 3808 3059 3863 homine
3089 3825 3116 3861 a
3154 3823 3279 3879 pec-

1689 3913 1810 3958 cato
1861 3902 2116 3972 suscepit.
2165 3901 2232 3955 Et
2276 3913 2368 3972 e‘go
2413 3903 2809 3971 primogenitum
2865 3907 3053 3972 ponam
3095 3897 3275 3970 illum,

1687 3995 1945 4050 excelsum
1982 4011 2092 4065 pra:
2123 3993 2329 4064 regibus
2366 4004 2537 4048 terrte.
2567 3991 2728 4060 Quasi
2774 3994 2917 4048 dicat
2945 4013 2954 4047 :
2984 3993 3100 4063 Ipse
3130 3994 3280 4048 invo-

1688 4087 1834 4141 cabit
1871 4101 1977 4152 me,
2009 4096 2064 4138 et
2106 4084 2208 4139 hoc
2238 4100 2340 4138 non
2393 4081 2591 4138 fruStra
2619 4102 2630 4138 :
2667 4085 2789 4154 quia
2831 4102 2922 4154 ego
2945 4101 3132 4156 ponam
3159 4101 3279 4139 eum

1685 4176 2113 4248 primogenitum,
2183 4175 2240 4230 id
2292 4185 2393 4240 est,
2463 4177 2762 4246 digniorem
2812 4177 2958 4231 omni
3004 4189 3274 4232 creatura.

1689 4265 1840 4324 Unde
1869 4268 2066 4324 Paulus
2096 4287 2109 4322 :
2137 4267 2203 4322 Ut
2233 4270 2297 4322 sit
2325 4271 2431 4340 ipse
2460 4271 2836 4340 primogenilus
2864 4270 2915 4322 in
2944 4269 3124 4322 multis
3161 4270 3276 4338 fra-

1685 4363 1852 4416 tribus
1906 4360 2080 4434 (Rom.
2118 4361 2260 4433 vm).
2307 4359 2564 4416 Solebant
2602 4362 2900 4430 antiquitus
2935 4361 3276 4431 primogeniti

1686 4451 1780 4508 lilii
1805 4469 1924 4508 esse
1953 4452 2175 4521 majoris
2199 4454 2478 4524 dignitatis
2505 4453 2558 4508 in
2591 4453 2838 4507 domibus
2870 4461 3084 4523 patrum
3111 4461 3272 4508 aete-

1688 4549 1762 4601 ris
1802 4543 1947 4612 ﬁliis,
1989 4541 2283 4602 secundum
2331 4547 2473 4616 quod
2524 4547 2685 4600 homo
2734 4544 3043 4600 Domi‘nicus
3083 4545 3275 4602 merito

1685 4637 1884 4694 dicitur
1907 4640 2321 4711 primogenitus,
2352 4639 2479 4709 quia
2514 4653 2676 4707 super
2710 4650 2927 4693 omnem
2963 4647 3274 4694 creaturam

1685 4730 1975 4793 cxaltatus,
2008 4739 2064 4785 et
2090 4746 2185 4800 per
2205 4745 2327 4785 eum
2351 4730 2528 4784 omnis
2545 4729 2635 4799 qui
2667 4739 2750 4784 est
2774 4730 3040 4786 exaltatus
3063 4740 3144 4786 est
3166 4729 3276 4785 ele-

1689 4831 1866 4878 vatus.
1916 4822 2196 4878 Eafcelsum
2225 4839 2334 4892 pra:
2366 4823 2570 4893 regibus
2611 4832 2782 4875 terrm.
2829 4821 2897 4877 Ut
2940 4823 3068 4877 illud
3113 4840 3125 4875 :
3165 4822 3276 4874 Ad-

1687 4915 2054 4970 orabunt‘eum
2095 4930 2270 4968 omnes
2311 4931 2450 4984 reges
2479 4911 2652 4972 (Psal'.
2685 4913 2854 4984 LXXI).
2907 4913 2974 4968 In
3022 4923 3275 4967 wternum

1686 5009 1899 5064 servabo
1929 5009 2008 5064 illi
2033 5006 2446 5064 misericordiam
2479 5021 2644 5060 meum
2675 5005 2727 5058 in
2759 5005 2892 5060 suis.
2927 5003 3080 5073 Quod
3102 4999 3226 5053 alibi
3257 5019 3270 5053 :

1689 5101 1823 5154 Ecce
1866 5119 1962 5168 ego
2005 5104 2267 5159 vobiscum
2311 5117 2425 5154 sum
2463 5114 2627 5168 usque
2656 5098 2724 5151 ad
2776 5092 3277 5152 consummationem

1684 5194 1865 5248 stl'culi
1896 5191 2116 5266 (Matth.
2154 5192 2331 5263 xviii).
2369 5194 2439 5250 Et
2469 5199 2835 5246 testamentum
2866 5201 3059 5249 meum,
3104 5179 3153 5233 id
3195 5188 3288 5234 est.

1684 5292 1901 5353 pactum
1954 5304 2154 5350 meum,
2208 5285 2348 5352 quod
2407 5279 2628 5357 promisi
2684 5279 3060 5335 lirereditatem‘
3104 5283 3283 5325 meam

1685 5375 1936 5436 ﬁdelibus
1967 5383 2224 5440 dandam,
2255 5377 2359 5430 erit
2403 5375 2584 5449 ﬁdele,
2625 5363 2674 5424 id
2707 5381 2810 5435 est,
2841 5365 3121 5442 probabile
3155 5361 3282 5430 ipsi,

1683 5467 1929 5488 -9l_lf__-
1970 5475 1981 5486 ο
2137 5471 2178 5488 ο-
2237 5467 2348 5488 ..-.!_
2399 5486 2406 5488 _
2459 5485 2467 5488 _

3164 5453 3173 5461 ι

2477 5464 2577 5488 ’.η-η
2623 5461 2796 5488 ΛιιΛιΙΛΙ
2832 5453 3284 5488 ιιαηιιὶςιηέἶρ¹δδδδθίτ⁶
