4034 6456
549 537 660 596 615

1213 525 1474 585 REMIGII
1510 521 2174 584 ANTISSIODORENSIS
2212 520 2361 579 OPP.
2405 517 2585 576 PARS
2621 518 2768 574 l.'—
2803 515 3219 574 EXEGETICA.

3727 515 3850 573 616

555 667 688 710 nere
745 646 963 713 faciam,
1031 643 1442 702 detersa‘omni
1489 641 1667 698 noctis
1713 641 1944 712 caligine
1995 658 2007 695 :
2040 638 2146 703 vel,
2176 645 2227 705 Α
2254 636 2309 690 in
2339 645 2590 692 aeternum
2618 677 2634 703 ,
2675 634 2727 690 id
2770 641 2853 690 est
2879 649 2998 704 quae
3025 633 3412 705 perfectionem
3437 647 3591 690 suam
3617 644 3855 690 atem:-

553 756 754 816 ponam
789 738 910 794 illos
933 738 1066 792 sicut
1099 737 1208 790 dies
1249 734 1381 798 caeli,
1416 733 1469 787 id
1501 740 1604 798 est,
1642 731 1971 786 acternaliter
2000 745 2149 785 man-

556 846 739 888 suros.
768 827 907 884 Nota
940 842 1036 882 eos
1057 825 1173 882 dies
1211 822 1383 893 accipi
1427 836 1526 893 per
1558 821 1742 876 sedem
1776 828 1832 875 et
1867 835 1964 889 per
1998 819 2149 874 thro-

558 938 708 987 num,
735 921 862 992 quia
877 920 969 990 qui
987 918 1268 974 imitantur
1289 931 1412 970 eum
1438 914 1536 985 ipsi
1574 913 1691 985 ejus
1716 929 1901 970 semen
1932 921 2077 976 sunt,
2095 919 2151 966 et

558 1015 805 1080 thronus,
825 1011 948 1082 quia
990 1010 1046 1066 in
1093 1009 1175 1064 eis
1213 1005 1330 1077 ejus
1380 1006 1536 1062 sedes
1576 1014 1678 1061 est.
1713 1004 1820 1061 Sed
1849 1005 1974 1074 quia
2003 1003 2152 1059 fasti-

557 1106 706 1161 dium
746 1110 1034 1174 generaret
1085 1101 1231 1156 idem
1278 1099 1505 1155 verbum
1556 1097 1643 1153 bis
1673 1098 1987 1169 repetitum,
2031 1096 2151 1152 ideo

558 1194 784 1251 diversis
813 1192 991 1248 verbis
1044 1191 1185 1246 idem
1231 1189 1469 1245 ostendit
1515 1206 1530 1244 :
1574 1187 1660 1243 vel
1710 1196 1939 1258 possunt
1979 1186 2152 1256 accipi

555 1304 656 1358 per
704 1288 955 1343 thronum
1021 1283 1299 1354 majores,
1368 1297 1465 1356 per
1532 1281 1717 1338 sedem
1781 1283 1965 1337 minus
2030 1295 2154 1352 per-

557 1378 710 1435 fecti.
756 1377 814 1434 Si
849 1388 1024 1432 autem
1056 1375 1432 1447 dereliquerint
1472 1373 1572 1444 filii
1597 1373 1710 1445 ejus
1755 1373 1915 1444 legem
1961 1389 2145 1427 meam.

558 1470 722 1539 Quasi
743 1472 888 1527 dicat
913 1487 926 1524 :
957 1469 1070 1542 Ego
1088 1467 1310 1539 promisi
1343 1484 1431 1524 me
1451 1468 1750 1539 positurum
1773 1481 1957 1522 semen
1983 1466 2036 1520 in
2061 1481 2154 1521 sa:-

557 1567 739 1623 culum
781 1566 965 1624 smculi
1009 1585 1024 1622 :
1071 1566 1165 1622 sed
1203 1565 1247 1620 si
1288 1563 1659 1633 dereliquerint
1697 1561 1798 1630 filii
1838 1561 1952 1630 ejus
1989 1558 2152 1629 legem

558 1676 729 1713 meam
756 1660 863 1715 hoc
900 1659 1081 1724 modo,
1104 1657 1248 1728 quod
1272 1658 1328 1712 in
1366 1655 1582 1726 iudiciis
1611 1655 1736 1709 meis
1769 1671 1869 1708 non
1915 1651 2154 1708 ambula-

560 1751 747 1817 verint,
765 1751 820 1806 id
841 1759 942 1817 est,
967 1751 1010 1805 si
1037 1765 1142 1805 non
1167 1749 1509 1805 delectantur
1524 1748 1577 1802 in
1589 1745 1795 1817 judicio
1815 1761 1955 1813 meo,
1974 1746 2024 1800 id
2047 1756 2151 1811 est,

561 1840 614 1895 in
640 1842 966 1898 discretione
987 1858 1106 1898 mea
1129 1857 1284 1908 vera,
1307 1850 1369 1896 ut
1394 1841 1545 1895 multi
1574 1840 1824 1897 monachi
1848 1849 1999 1904 sunt,
2018 1853 2154 1909 quos

559 1932 710 2001 prius
730 1943 919 2006 gravat
939 1933 1222 1989 servilium
1246 1933 1484 1998 Domini,
1508 1932 1636 1988 licet
1654 1931 1882 2004 perfecti
1913 1932 2023 1988 sint
2059 1931 2151 1986 lilii

2250 727 2376 784 liter
2410 727 2647 783 habebit.
2699 724 2854 781 Unde
2893 725 3092 781 Paulus
3125 744 3138 780 :
3170 725 3406 797 Oportet,
3438 725 3636 796 inquit,
3661 715 3855 782 corru—

2250 818 2428 887 ptibile
2466 819 2564 874 hoc
2599 818 2816 872 induere
2853 816 3300 888 incorruptionem
3323 858 3339 884 ,
3390 826 3438 872 et
3476 818 3702 874 mortale
3745 819 3856 874 hoc

2251 912 2468 967 induere
2493 907 2942 964 immortalitatem
2981 907 3034 980 (Ι
3059 906 3183 963 Cor.
3214 906 3328 980 xv).
3358 905 3497 963 Nota
3525 907 3673 978 quod
3694 908 3852 974 dicit,

2254 1004 2405 1059 Sicut
2437 1003 2564 1058 luna
2600 1002 2829 1075 perfecta
2874 1004 2931 1058 in
2981 1012 3235 1058 aeternum
3261 1044 3276 1069 ,
3323 1002 3448 1074 quia
3479 1003 3588 1058 etsi
3639 1003 3742 1058 hoc
3777 1003 3860 1058 sit

2253 1096 2393 1167 quod
2424 1095 2550 1150 luna
2576 1111 2683 1150 non
2711 1094 2782 1150 sit
2809 1095 3068 1150 duratura
3116 1094 3172 1150 in
3215 1104 3502 1160 aeternum,
3533 1108 3644 1149 non
3675 1094 3860 1149 minus

2252 1191 2396 1245 valet
2423 1190 2490 1244 ad
2517 1187 2922 1245 similitudinem
2946 1229 2962 1254 ,
2993 1187 3118 1259 quia
3145 1187 3283 1244 solet
3309 1188 3379 1243 ab
3407 1187 3733 1258 impossibili
3770 1188 3856 1244 si-

2253 1283 2500 1339 militudo
2527 1283 2706 1348 trahi;
2745 1290 2806 1337 ut
2833 1281 2964 1337 illud
2994 1299 3007 1336 :
3039 1280 3243 1336 Colatis
3265 1280 3516 1345 culicem.
3542 1289 3603 1337 et
3619 1279 3860 1336 sorbetis

2254 1378 2524 1435 camelum
2560 1376 2778 1450 (Matth.
2811 1375 3014 1448 xxm);
3048 1378 3191 1447 quod
3227 1376 3358 1432 dicit
3391 1375 3537 1432 sicut
3567 1375 3698 1430 luna
3726 1391 3861 1446 per-

2253 1475 2392 1533 lecta
2423 1475 2476 1531 in
2505 1483 2790 1541 aeternum,
2816 1482 2870 1530 et
2899 1471 3057 1542 hujus
3086 1473 3167 1530 rei
3191 1479 3275 1529 est
3301 1473 3443 1528 testis
3473 1473 3532 1527 in
3565 1471 3697 1526 caelo
3732 1471 3860 1540 ﬁda

2254 1567 2340 1634 tis,
2381 1567 2632 1623 Christus
2680 1565 2933 1622 videlicet
2963 1583 2977 1620 :
3012 1565 3143 1636 quia
3173 1580 3274 1621 nec
3305 1563 3462 1631 fallit,
3495 1578 3601 1620 nec
3625 1561 3740 1618 falli
3765 1578 3864 1633 po-

2257 1667 2381 1717 test.
2431 1658 2552 1729 Ipse
2580 1659 2742 1723 enim,
2771 1657 2950 1728 inquit
2978 1656 3291 1728 Apostolus,
3323 1655 3621 1712 suscitavit
3647 1671 3744 1709 nos
3773 1670 3866 1724 per

2255 1752 2496 1806 virtutem
2525 1766 2678 1806 suam
2707 1748 2759 1821 (Ι
2781 1749 2905 1804 Cor.
2935 1749 3034 1814 vi).
3061 1747 3176 1803 Hoc
3192 1748 3374 1820 juraui
3396 1746 3572 1803 Dauid
3604 1747 3660 1800 in
3683 1756 3865 1801 sancto

2255 1857 2407 1908 meo;
2447 1841 2492 1896 si
2514 1850 2694 1896 autem
2717 1839 2886 1894 David
2912 1841 3170 1906 mentiar,
3194 1839 3440 1910 nunquid
3468 1837 3633 1894 alicui
3670 1852 3863 1892 verum

2257 1933 2432 1987 dicam
2475 1940 2736 2003 quantum
2783 1932 2852 1987 ad
2889 1930 3129 1987 Verbum
3165 1947 3345 1998 suum,
3376 1946 3501 1986 cum
3534 1946 3647 2001 quo
3671 1929 3862 1984 omnia

558 2024 748 2093 futuri,
780 2027 846 2082 de
874 2027 1068 2098 quibus
1096 2026 1184 2085 hic
1210 2026 1407 2081 dicitur
1435 2041 1450 2079 :
1485 2025 1546 2080 Si
1576 2027 1630 2080 in
1643 2026 1864 2097 judiciis
1891 2025 2018 2079 meis
2048 2041 2153 2078 non
2184 2023 2228 2082 B
2257 2025 2540 2095 disposuit.
2574 2023 2760 2094 Neque
2788 2023 2933 2079 enim
2969 2039 3106 2103 opus
3153 2033 3238 2080 est
3282 2032 3343 2080 ut
3387 2023 3629 2080 secundo
3667 2023 3820 2094 juret
3850 2041 3863 2074 :

557 2119 958 2188 ambulaverint,
985 2129 1040 2176 et
1063 2123 1108 2176 si
1123 2121 1359 2191 justitias
1384 2137 1527 2175 meas
1551 2119 1966 2191 profanaverint,
1990 2135 2156 2190 porro

559 2225 590 2264 a
619 2212 766 2278 fano,
794 2213 850 2268 id
875 2223 959 2269 est
993 2230 1021 2267 a
1052 2213 1341 2269 sanctitate
1373 2213 1635 2280 fecerint,
1671 2223 1719 2267 et
1757 2211 2010 2266 mandata
2045 2229 2157 2268 mea

561 2319 666 2358 non
693 2305 1032 2360 custodierint
1060 2346 1079 2376 ,
1125 2306 1178 2361 id
1225 2316 1308 2362 est
1343 2307 1686 2362 dilectionem
1719 2306 1813 2360 Dei
1841 2317 1897 2361 et
1920 2307 2154 2376 proximi

561 2409 666 2448 non
696 2395 986 2451 habuerint
1016 2412 1031 2452 :
1065 2397 1282 2454 visitabo
1309 2400 1365 2453 in
1393 2399 1538 2469 virga
1577 2399 1936 2468 correptionis
1965 2399 2155 2469 iniqui-

561 2492 693 2540 tates
721 2504 922 2555 corum,
948 2499 994 2543 et
1019 2488 1076 2543 in
1104 2489 1396 2544 verberibus
1425 2490 1689 2560 paternis,
1716 2505 1822 2545 non
1847 2489 2155 2554 servilibus,

560 2587 771 2644 peccata
807 2595 1004 2636 eorum.
1045 2579 1139 2636 His
1169 2579 1487 2635 verberibus
1513 2595 1620 2636 non
1664 2579 1980 2650 dediguetur
2010 2579 2156 2650 quis-

561 2685 665 2740 quc
685 2671 944 2744 flagellari
975 2692 989 2728 :
1015 2673 1141 2745 quia
1169 2671 1362 2728 melius
1391 2681 1475 2728 est
1499 2673 1698 2744 corrigi
1725 2671 1934 2741 ﬂagello
1958 2672 2154 2743 patris,

561 2782 725 2837 quam
752 2768 931 2838 perire
974 2767 1345 2823 blandimento
1373 2767 1665 2838 praedonis.
1720 2765 1875 2822 Unde
1903 2765 2106 2821 Paulus
2135 2781 2153 2821 :

561 2857 624 2913 Si
650 2870 799 2912 extra
827 2858 1186 2929 disciplinam,
1210 2858 1307 2925 ait,
1335 2859 1483 2926 estis,
1503 2859 1657 2928 cujus
1679 2875 1854 2914 omnes
1879 2858 2156 2929 participes

559 2961 703 3017 sunt,
735 2963 857 3022 ergo
885 2968 990 3006 non
1013 2950 1137 3020 ﬁlii,
1161 2951 1256 3007 sed
1279 2950 1505 3005 adulteri
1529 2952 1651 3006 estis
1676 2951 1865 3024 (Hebr.
1896 2951 2016 3023 xu).
2051 2950 2151 3005 Mi-

558 3043 898 3097 sericordiam
931 3053 1108 3096 autem
1137 3059 1308 3097 meam
1332 3059 1434 3097 non
1461 3043 1757 3115 dispergant
1785 3044 1849 3097 ab
1880 3060 1959 3098 eo.
1990 3041 2156 3109 Quasi

562 3133 750 3190 dicat:
787 3135 1107 3205 Quanquam
1157 3135 1299 3191 filios
1346 3137 1519 3192 David
1582 3137 1901 3193 visitaturus
1943 3137 2045 3192 sim
2101 3137 2155 3190 in

559 3224 747 3298 virga,
779 3227 826 3283 si
870 3225 1237 3298 deliquerint,
1278 3237 1459 3283 tamen
1500 3229 1919 3284 misericordiam
1964 3245 2154 3296 meam,

561 3316 617 3373 id
643 3328 726 3373 est
749 3319 1137 3390 promissiones
1172 3336 1342 3398 meas,
1374 3337 1479 3375 non
1523 3321 1819 3392 dispergam
1861 3321 1926 3374 ab
1957 3338 2016 3374 eo
2038 3362 2052 3387 ,
2102 3319 2156 3374 id

2256 2118 2384 2189 quia
2431 2118 2600 2174 semel
2643 2117 2878 2187 jurando
2924 2118 3108 2173 omnia
3158 2117 3442 2184 stabilivit,
3482 2133 3587 2173 nec
3622 2116 3863 2185 aliquem

2261 2227 2496 2281 unquam
2527 2209 2735 2266 fefellit.
2766 2209 2842 2264 Tu
2865 2227 2986 2265 vero
3007 2209 3244 2281 repulisti
3271 2219 3319 2265 et
3343 2210 3648 2279 despexisti.
3677 2207 3869 2276 Usque

2259 2303 2365 2358 huc
2392 2304 2559 2359 verba
2587 2303 2807 2358 fuerunt
2831 2302 3068 2367 Domini,
3097 2301 3466 2372 promittentis
3496 2300 3666 2355 David
3698 2300 3868 2353 mira-

2255 2393 2406 2460 bilia,
2437 2410 2558 2466 quae
2589 2394 2840 2465 superius
2866 2402 2994 2451 sunt
3020 2403 3206 2450 notata
3233 2413 3248 2461 ;
3309 2393 3399 2449 hic
3425 2407 3558 2448 vero
3579 2392 3694 2463 jam
3727 2391 3871 2446 redit

2256 2487 2531 2558 Propheta
2552 2487 2620 2542 ad
2644 2488 2810 2542 verba
2841 2502 2962 2554 sua,
3006 2487 3160 2557 quasi
3188 2486 3268 2541 sic
3293 2485 3437 2541 dicat
3467 2503 3480 2539 :
3507 2484 3613 2549 Tu,
3638 2483 3869 2538 Domine

2258 2580 2423 2645 Deus,
2452 2579 2751 2649 promisisti
2781 2580 2914 2636 mihi
2959 2578 3106 2650 quod
3140 2595 3248 2634 non
3280 2577 3527 2633 auferres
3551 2576 3868 2632 misericor-

2257 2672 2401 2727 diam
2451 2681 2598 2727 tuam
2648 2688 2680 2727 a
2725 2688 2848 2737 me,
2901 2688 3078 2744 neque
3116 2670 3434 2744 profanares
3475 2679 3864 2726 testamentum

2258 2778 2440 2818 meum
2466 2772 2522 2818 et
2550 2772 2745 2819 caetera
2783 2763 2951 2819 multa
2985 2778 3001 2817 :
3033 2773 3088 2819 et
3114 2775 3294 2820 tamen
3324 2779 3434 2819 non
3461 2762 3692 2819 exhibes
3725 2761 3869 2831 quod

2259 2853 2559 2924 promisiSti
2597 2854 2764 2922 mihi,
2803 2856 2947 2926 quod
2993 2871 3098 2911 non
3138 2855 3385 2912 auferres
3425 2855 3865 2911 misericordiam

2259 2953 2408 3000 tuam
2460 2963 2489 3001 a
2535 2962 2623 3003 me
2645 2988 2660 3013 ,
2713 2947 2838 3017 quia
2869 2957 2927 3002 tu
2955 2962 3120 3014 vero,
3151 2949 3205 3004 id
3235 2957 3318 3004 est
3367 2964 3557 3003 revera
3597 2947 3867 3017 repulisti.

2258 3036 2600 3094 Praeteritum
2641 3039 2773 3096 dicit
2818 3056 2919 3111 pro
2966 3040 3184 3108 futuro,
3231 3041 3387 3112 quasi
3419 3040 3682 3112 repellere
3723 3041 3869 3094 vide-

2258 3129 2444 3186 beris:
2478 3141 2532 3188 et
2561 3133 2865 3203 despicere,
2899 3134 2952 3189 id
2987 3143 3093 3200 est,
3121 3133 3378 3190 deserere
3399 3134 3670 3189 videberis
3702 3149 3869 3204 popuo

2261 3221 2371 3278 lum
2406 3232 2554 3279 tuum
2579 3227 2667 3281 cui
2694 3242 2953 3298 praesum.
2985 3225 3254 3298 Repulsus
3281 3225 3383 3281 fuit
3413 3226 3587 3280 David
3609 3225 3867 3288 carnalis,

2263 3316 2482 3385 quando
2531 3332 2627 3387 per
2663 3316 2989 3375 Absalonem
3037 3319 3206 3374 filium
3255 3335 3413 3375 suum
3443 3318 3646 3374 multas
3675 3333 3870 3389 passus

561 3420 646 3468 est
673 3428 779 3468 non
814 3413 1058 3470 auferam
1090 3417 1157 3472 ab
1186 3391 1304 3486 ips-0
1328 3415 1497 3472 David
1523 3433 1541 3484 ;
1571 3434 1732 3488 neque
1758 3418 1948 3471 nocebo
1979 3419 2027 3471 ei
2055 3433 2076 3472 ε
2106 3425 2161 3473 et
2187 3391 2231 3454 Ο
2263 3416 2348 3462 est
2376 3408 2754 3467 tribulationes
2784 3429 2797 3466 :
2832 3412 3119 3482 despectus
3166 3413 3331 3468 etiam
3380 3412 3484 3467 fuit
3513 3413 3755 3484 populus
3790 3413 3869 3466 cui

561 3506 665 3562 hoc
708 3507 764 3562 in
796 3509 1010 3564 veritate
1043 3525 1182 3575 mea,
1227 3509 1488 3564 subaudis
1525 3509 1647 3564 dico
1677 3527 1690 3564 :
1725 3510 1810 3565 vel
1837 3526 1941 3564 non
1967 3510 2157 3565 nocebo

559 3601 608 3654 ei
631 3601 687 3654 in
715 3602 930 3657 veritate
952 3597 1088 3670 mea,
1113 3602 1167 3658 id
1197 3611 1304 3670 est,
1326 3603 1380 3657 in
1410 3617 1540 3658 vero
1551 3601 1761 3670 judicio
1791 3618 1933 3668 meo,
1970 3619 2078 3674 quo
2104 3603 2158 3657 in

561 3692 714 3764 virga
765 3695 1126 3766 correptionis
1173 3695 1337 3750 visito
1388 3695 1701 3765 iniquitates
1740 3709 1949 3750 eorum.
2011 3694 2159 3750 Unde

563 3786 690 3840 alibi
754 3803 768 3840 :
834 3784 1027 3841 Omnia
1098 3803 1417 3858 quwcunque
1490 3785 1645 3855 faciet
1713 3786 2160 3857 prosperabuntur

564 3869 740 3944 (Psat.
790 3874 855 3948 ι).
903 3875 1170 3930 Exerceat
1213 3891 1342 3947 ergo
1387 3875 1728 3945 disciplinam
1777 3875 2012 3940 Domini,
2053 3892 2157 3931 non

565 3963 778 4020 auferat
824 3966 1250 4036 misericordiam
1285 3983 1299 4019 :
1339 3967 1514 4022 caedat
1561 3974 1937 4023 contumacem
1967 4007 1983 4033 ,
2032 3968 2160 4022 dum

568 4064 749 4111 tamen
800 4056 912 4112 ﬁlio
965 4068 1146 4113 servet
1213 4058 1607 4113 haereditatem.
1660 4056 1844 4130 Neque
1878 4059 2069 4113 nocebo
2106 4059 2158 4113 in

456 4201 468 4209 ,
565 4149 782 4203 veritate
820 4165 966 4214 mea,
999 4167 1160 4220 neque
1205 4152 1496 4222 profanabo
1536 4162 1898 4208 testamentum
1927 4195 1940 4219 ,
1987 4153 2039 4207 id
2077 4161 2161 4208 est

565 4249 819 4310 pactum,
857 4258 1030 4296 meum
1067 4259 1086 4297 :
1125 4253 1172 4298 et
1209 4260 1326 4314 qua:
1372 4246 1656 4314 procedunt
1704 4246 1767 4300 de
1812 4246 1965 4300 labiis
2007 4248 2157 4313 meis,

567 4332 621 4388 id
648 4341 731 4388 est
755 4349 876 4403 quae
898 4336 1164 4407 promissa
1215 4345 1342 4391 sunt
1371 4351 1467 4407 per
1496 4337 1636 4394 labia
1666 4354 1977 4410 praeconum
2006 4353 2158 4393 meo-

566 4443 712 4494 rum,
749 4445 852 4483 non
883 4429 1078 4499 faciam
1103 4431 1279 4485 irrita.
1325 4431 1460 4487 Nota
1491 4434 1618 4503 quia
1644 4432 1958 4504 profanaret
1987 4442 2158 4489 testa-

568 4529 832 4584 mentum,
861 4520 908 4574 si
936 4537 1043 4576 non
1071 4522 1390 4592 adimpleret
1419 4524 1766 4593 promissum.
1797 4523 1966 4579 Semel
1975 4523 2157 4592 juravi

568 4610 621 4663 in
656 4622 836 4665 sancto
870 4628 1002 4666 meo.
1047 4612 1209 4680 Quasi
1241 4616 1383 4670 dicat
1414 4629 1429 4669 :
1462 4615 1588 4673 ideo
1620 4632 1727 4671 non
1762 4615 1955 4671 faciam
2003 4615 2157 4671 irrita

569 4718 687 4772 qua:
716 4704 1016 4773 procedunt
1059 4706 1123 4761 de
1148 4706 1304 4763 labiis
1334 4709 1469 4762 meis
1492 4749 1508 4775 ,
1555 4709 1681 4778 quia
1714 4707 1870 4762 semel
1892 4709 2074 4778 juravi
2103 4712 2158 4762 in

567 4805 748 4850 sancto
777 4814 911 4864 meo,
945 4799 1204 4854 subaudis
1240 4801 1638 4867 constituendo,
1675 4810 1863 4858 sancto
1910 4802 2161 4859 videlicet

567 4897 882 4944 sanctorum
914 4907 927 4944 :
959 4890 1043 4945 vel
1087 4893 1143 4945 in
1187 4903 1368 4947 sancto
1410 4910 1522 4948 meo
1544 4933 1558 4959 ,
1596 4893 1649 4948 id
1678 4902 1762 4949 est
1789 4895 1844 4949 in
1872 4894 2162 4951 sanctitate

567 4993 692 5036 mea
741 4982 1037 5037 secundum
1084 4985 1226 5053 quod
1273 4983 1644 5052 juramentum
1689 4987 2023 5058 impossibile
2076 4997 2161 5044 est

565 5074 807 5128 mentiri.
857 5072 1010 5130 Unde
1042 5074 1172 5129 illud
1200 5093 1214 5130 :
1248 5073 1354 5130 Per
1387 5077 1742 5148 memetipsum
1760 5077 1946 5148 juravi
1971 5119 1986 5144 ,
2029 5077 2160 5132 dicit

566 5163 826 5223 Dominus
857 5167 1009 5240 (Gen.
1039 5169 1199 5240 χχιι).
1234 5169 1300 5224 Ει
1324 5165 1452 5239 quid
1473 5169 1714 5240 juravit?
1744 5171 1935 5226 Semen
1961 5173 2074 5244 ejus
2100 5172 2156 5228 in

565 5269 819 5313 aeternum
856 5261 1104 5326 manebit,
1135 5271 1182 5314 et
1208 5261 1426 5317 thronus
1447 5263 1562 5333 ejus
1595 5264 1729 5318 sicut
1759 5262 1837 5318 sol
1861 5265 1917 5318 in
1947 5281 2163 5334 conspe-

567 5361 652 5406 ctu
675 5369 812 5419 meo,
841 5351 894 5407 id
920 5361 1027 5419 est,
1057 5353 1215 5409 sedes
1242 5353 1380 5408 illius
1412 5355 1518 5410 erit
1545 5356 1598 5410 in
1628 5366 1905 5426 conspectu
1932 5373 2067 5424 meo,
2107 5357 2163 5412 id

566 5453 670 5511 est,
699 5447 752 5500 in
785 5445 1029 5501 interiori
1055 5461 1175 5512 suo,
1215 5445 1268 5500 id
1296 5454 1402 5512 est,
1440 5447 1494 5502 in
1525 5448 1736 5514 anima,
1763 5448 1854 5503 ubi
1883 5463 1984 5519 ego
2014 5448 2163 5504 solus

568 5538 843 5606 conspicio
881 5557 895 5592 :
935 5538 1005 5592 ibi
1058 5538 1163 5594 erit
1202 5539 1335 5592 sicut
1378 5537 1499 5605 sol,
1545 5538 1755 5611 fulgens
1802 5540 2054 5596 videlicet
2105 5541 2162 5596 in

567 5627 877 5696 virtutibus,
905 5639 961 5685 et
987 5631 1090 5685 hoc
1117 5639 1378 5701 quantum
1405 5631 1472 5686 ad
1506 5631 1767 5698 animam,
1803 5647 1924 5702 quae
1954 5633 2044 5686 hic
2072 5648 2161 5689 re-

567 5730 757 5790 surget
798 5721 851 5775 in
897 5724 1292 5796 resurrectione
1317 5723 1526 5795 prima,
1565 5734 1625 5779 ut
1651 5725 1868 5780 tandem
1899 5725 2165 5798 refulgeat

568 5809 623 5863 in
655 5819 942 5881 conspectu
973 5812 1090 5868 Dei.
1140 5813 1412 5880 Quantum
1441 5825 1624 5870 autem
1669 5816 1737 5870 ad
1778 5831 1977 5888 corpus
2002 5859 2018 5885 ,
2057 5818 2163 5873 erit

564 5898 796 5964 thronus
823 5904 941 5974 ejus
977 5905 1111 5958 sicut
1154 5906 1310 5971 luna,
1348 5921 1454 5962 non
1482 5906 1611 5962 luna
1638 5923 1757 5978 qua:
1779 5909 2008 5981 suscipit
2034 5926 2160 5968 cre-

571 6009 810 6050 |?.t‘:‘.ltllll
840 6005 894 6050 ct
923 5996 1306 6053 detrimentum
1325 6037 1340 6064 ,
1387 6000 1480 6055 sed
1515 5998 1644 6054 luna
1669 6014 1790 6071 quae
1814 6003 2049 6072 perfecta
2077 6014 2164 6062 est

2261 3497 2494 3567 priefuit,
2527 3502 2743 3570 quando
2774 3503 2828 3558 in
2865 3504 3179 3573 captivitate
3210 3505 3464 3560 detentus
3509 3505 3637 3560 fuit.
3681 3505 3867 3576 Sequi-

2263 3600 2352 3645 tur
2381 3607 2396 3646 :
2431 3593 2700 3648 Distulisti
2734 3595 3004 3651 Christum
3048 3607 3197 3651 tuum
3221 3638 3236 3663 ,
3285 3598 3338 3652 id
3379 3606 3486 3664 est,
3519 3615 3610 3654 me
3647 3610 3870 3653 unctum

2263 3693 2414 3740 tuum
2447 3684 2663 3743 dilferes
2692 3704 2724 3742 a
2752 3689 3205 3757 promissionibus
3246 3689 3373 3756 tuis,
3404 3689 3532 3759 quia
3571 3706 3701 3760 qua:
3742 3691 3869 3744 mihi

2262 3781 2580 3849 promisisse
2629 3782 2872 3849 videris,
2921 3782 3218 3852 complehis
3267 3783 3322 3837 in
3372 3781 3544 3837 David
3597 3782 3715 3838 lilio
3763 3793 3871 3847 tuo,

2263 3871 2417 3940 cujus
2445 3882 2625 3943 typum
2657 3889 2810 3946 gero.
2841 3875 2982 3930 Ecce
3013 3885 3140 3930 nota
3167 3875 3340 3931 David
3371 3891 3496 3930 cum
3529 3874 3694 3940 dicit,
3730 3891 3855 3943 repit

2263 3963 2372 4018 [isti
2413 3973 2461 4019 et
2504 3966 2807 4035 despexisti,
2848 3967 3099 4022 eumdem
3134 3983 3254 4024 esse
3281 3968 3350 4023 ad
3384 3967 3550 4022 alium
3586 3967 3790 4032 David,
3823 3975 3869 4020 ul

2238 4134 2240 4136 ν
2265 4056 2317 4111 in
2346 4071 2411 4111 eo
2439 4057 2717 4113 videamus
2746 4059 3013 4131 completa
3051 4076 3170 4130 qua:
3204 4059 3295 4115 hic
3321 4060 3577 4116 videntur
3606 4076 3736 4115 esse
3761 4076 3856 4130 pro

2264 4150 2427 4205 missa
2459 4169 2470 4205 :
2502 4152 2594 4206 sed
2619 4153 2783 4207 etiam
2814 4153 3118 4209 faciendum
3147 4163 3232 4210 est
3258 4155 3309 4208 in
3336 4155 3478 4220 aliis,
3503 4162 3564 4208 ut
3584 4156 3871 4226 prophetia

2262 4259 2391 4298 vera
2436 4245 2524 4300 sit.
2581 4246 2969 4317 Prophetatum
3022 4248 3125 4302 fuit
3175 4248 3385 4304 duobus
3432 4247 3704 4304 fratribus
3756 4249 3869 4304 ﬁliis

2263 4337 2544 4404 Rebeccae,
2575 4339 2754 4410 Major
2785 4343 2968 4396 serviet
3008 4344 3200 4398 minori
3226 4341 3380 4414 (Gen.
3414 4343 3546 4415 xxv)
3580 4363 3596 4399 :
3630 4359 3758 4400 cum
3792 4355 3871 4399 ιδ,

2265 4447 2390 4487 men
2418 4449 2693 4504 nunquam
2720 4433 2918 4507 legitur
2937 4437 3080 4506 quod
3111 4435 3285 4508 major
3309 4437 3482 4494 frater
3505 4437 3654 4493 Esau
3681 4438 3874 4494 servis-

2263 4533 2346 4581 set
2383 4524 2573 4593 Jacob,
2619 4527 2714 4582 sed
2756 4529 2937 4599 potius
2977 4529 3175 4600 legitur
3219 4530 3362 4601 quod
3407 4529 3581 4586 Iacob
3625 4544 3872 4586 reversus

2263 4634 2386 4674 cum
2424 4619 2686 4675 uxoribus
2725 4619 2838 4675 suis
2867 4621 2932 4676 de
2972 4621 3388 4692 Mesopotamia,
3427 4623 3737 4691 praemissis
3765 4636 3873 4676 mn-

2265 4711 2508 4778 neribus,
2545 4711 2832 4768 cecidisset
2867 4711 2920 4766 in
2962 4711 3156 4768 faciem
3195 4713 3337 4768 Esau
3372 4721 3430 4766 ut
3458 4713 3724 4769 adoraret
3756 4727 3872 4769 eum

2266 4799 2419 4871 (Gen.
2448 4802 2666 4874 χχχιιι).
2708 4800 2816 4858 Sed
2846 4803 3101 4872 quoniam
3141 4803 3193 4858 hi
3227 4804 3334 4858 duo
3361 4805 3566 4860 fratres
3605 4806 3872 4876 significa—

2263 4893 2392 4948 bant
2419 4893 2673 4964 pupulum
2705 4893 2947 4965 priorem
2993 4906 3047 4952 et
3090 4896 3447 4966 posteriorem
3471 4938 3488 4964 ,
3519 4900 3764 4954 eundum
3798 4909 3871 4952 est

2263 4987 2330 5041 ad
2363 4987 2510 5056 ipsos
2539 4987 2790 5058 populos,
2823 4988 2879 5042 in
2917 4989 3113 5058 quibus
3151 4999 3234 5045 est
3261 4989 3598 5061 completum
3643 4993 3787 5062 quod
3813 4992 3870 5047 de

2261 5079 2469 5134 duobus
2502 5079 2761 5136 fratribus
2801 5080 2902 5136 fuit
2942 5083 3344 5152 prophetatum.
3387 5081 3559 5152 Major
3587 5087 3739 5140 enim
3780 5100 3868 5156 po-

2258 5176 2440 5246 pulus,
2455 5175 2712 5232 Judaicus
2732 5175 3005 5241 videlicet,
3029 5176 3198 5233 servit
3222 5177 3440 5242 minori,
3458 5179 3655 5248 gentili
3683 5179 3870 5250 βορηιο

2265 5267 2520 5322 videlicet
2545 5281 2560 5321 :
2589 5267 2714 5336 quia
2739 5267 2844 5324 hoc
2869 5277 3050 5338 portat
3077 5267 3313 5337 Iudaeus,
3345 5270 3491 5326 unde
3517 5271 3871 5327 convincatur

2266 5373 2530 5430 paganus.
2564 5357 2660 5413 Vel
2691 5357 2869 5425 aliter,
2901 5357 3152 5413 distulisti
3183 5357 3451 5414 Christum
3483 5369 3663 5427 tuum,
3694 5361 3751 5417 id
3777 5369 3867 5425 est,

2267 5464 2354 5503 me
2382 5458 2605 5504 unctum
2637 5457 2809 5515 tuum,
2839 5465 2960 5504 cum
2987 5465 3096 5516 me,
3127 5450 3381 5508 videlicet
3409 5453 3592 5522 passis
3635 5462 3718 5508 tot
3761 5468 3868 5524 per-

2267 5539 2660 5607 secutionibus,
2691 5542 2908 5597 tandem
2938 5557 3102 5614 super
3123 5552 3377 5599 cunctum
3400 5543 3664 5615 populum
3697 5560 3867 5616 regem

2271 5633 2623 5690 constituisti.
2670 5634 2726 5688 ln
2771 5635 2875 5690 hac
2917 5651 3050 5691 vero
3089 5635 3350 5692 dilatione
3395 5635 3720 5704 notabatur,
3753 5638 3865 5709 quia

2271 5723 2517 5781 Christus
2545 5726 2598 5780 in
2627 5741 2854 5797 corpore
2893 5744 2993 5784 suo
3035 5727 3363 5785 differendus
3401 5739 3523 5786 erat
3561 5746 3596 5785 a
3641 5731 3864 5803 promis-

2270 5818 2548 5888 sionibus,
2591 5830 2647 5877 et
2692 5821 2860 5877 multa
2908 5839 3170 5893 passurus
3215 5833 3507 5894 antequam
3555 5824 3864 5896 impleretur

2268 5928 2468 5983 corpus
2505 5914 2642 5984 ejus.
2676 5915 2936 5973 Evertisti
2975 5927 3340 5973 testamentum
3383 5919 3517 5975 servi
3548 5920 3650 5984 tui,
3690 5918 3741 5973 id
3768 5926 3857 5980 est.

2268 6015 2490 6076 pactum
2518 6013 2669 6067 tuum
2692 6010 2836 6081 quod
2860 6008 3112 6081 pepigisti
3145 6025 3266 6066 cum
3295 6025 3452 6066 servo
3476 6019 3595 6080 ιω,
3619 6017 3854 6066 evertes:
