4034 6468
191 438 294 495 617

1320 421 1854 483 ENARRATIONES
1890 419 1957 476 1N
1996 418 2332 476 PSALMOS.

3343 416 3444 470 8i8

185 563 235 606 et
272 547 561 619 profanasti
598 548 650 601 in
672 554 813 600 terra
840 545 1198 600 sanctuariunt
1228 544 1363 615 ejus,
1406 542 1459 596 id
1487 547 1591 603 est,
1626 550 1761 594 tem-
1792 541 1840 600 Α
1868 534 1952 588 vel
1992 535 2137 602 ipsos
2167 533 2261 602 qui
2296 538 2422 587 sunt
2458 531 2842 600 firmamentum
2880 542 3049 600 pones
3086 530 3444 601 formidinem,

200 642 334 696 slum
358 650 531 702 tuum,
558 638 700 707 quod
716 636 888 691 solum
918 644 1033 691 erat
1061 636 1113 690 in
1147 645 1286 689 terra
1316 632 1558 693 Judaica,
1590 627 1770 699 profa-

188 730 364 792 nabis,
394 728 446 781 id
471 735 574 791 est,
605 726 888 798 agentibus
914 725 1076 796 pollui
1107 724 1402 795 permittes.
1432 720 1767 783 Destruaisti,

187 822 237 874 ιιι
277 828 395 883 εει,
435 820 680 873 destrues
707 834 883 871 omnes
913 833 1055 885 sepes
1092 816 1206 885 ejus
1228 854 1242 879 ,
1273 828 1493 883 regnum
1523 809 1772 864 videlicet

184 919 238 963 et
284 907 677 970 sacerdotium,
710 907 906 975 quibus
936 905 1127 960 muniti
1172 913 1327 959 erant
1350 902 1517 958 Judazi
1545 914 1559 953 :
1589 900 1771 968 ﬁrma-

182 1007 419 1051 mentum
438 996 551 1065 ejus
573 995 925 1065 formidinem,
950 995 1000 1049 id
1025 1003 1128 1059 est,
1151 992 1383 1061 majores
1399 991 1492 1060 qui
1514 990 1773 1045 deberent

184 1085 311 1139 aliis
335 1100 459 1138 esse
483 1084 893 1152 firmamentum,
925 1083 976 1136 id
1009 1081 1284 1147 est,-alios
1320 1077 1621 1138 defendere,
1654 1074 1771 1129 illos

182 1175 409 1243 posuisti
440 1173 792 1241 formidinem,
835 1172 888 1226 id
926 1180 1028 1235 est,
1057 1179 1264 1225 terrore
1302 1166 1609 1224 conturbari
1644 1180 1768 1236 per-

184 1264 385 1317 misisti
418 1280 432 1316 :
466 1264 591 1330 quia
617 1261 795 1315 nullus
828 1269 946 1315 erat
974 1275 1041 1315 ex
1077 1258 1394 1328 majoribus,
1428 1256 1518 1326 qui
1549 1256 1771 1309 auderet

181 1364 413 1421 turgere
440 1350 493 1403 in
522 1347 890 1402 defensionem
921 1348 1185 1402 minorum
1216 1364 1230 1399 :
1259 1353 1315 1400 et
1339 1346 1416 1400 sic
1443 1344 1774 1413 diripuerunt

180 1456 305 1493 cum
346 1452 527 1491 ontnes
565 1445 889 1490 transeuntes
928 1436 1087 1499 viam,
1126 1433 1318 1505 pagani
1358 1432 1634 1495 videlicet,
1678 1431 1771 1500 qui

182 1538 474 1583 transeunt
500 1528 642 1580 viam
671 1541 849 1581 veram
882 1526 1176 1591 Christum,
1208 1540 1312 1580 non
1341 1525 1641 1579 credentes.
1674 1522 1772 1576 Vel

179 1620 273 1688 qui
309 1624 594 1672 transeunt
637 1617 775 1670 viam
830 1616 1200 1686 temporalem,
1234 1615 1287 1669 id
1314 1624 1415 1679 est,
1446 1614 1558 1668 sola
1590 1621 1769 1668 trans—

179 1706 344 1763 itoria
390 1708 728 1760 attendentes
768 1718 784 1757 :
828 1715 883 1759 et
911 1704 1081 1773 factus
1108 1715 1181 1758 est
1225 1703 1555 1773 opprobrium
1590 1703 1771 1757 vic'nis

178 1802 313 1864 suis,
340 1798 395 1852 id
419 1807 504 1852 est
533 1797 780 1867 gentibus
804 1812 818 1860 ;
847 1806 902 1851 et
927 1797 1167 1850 exaltasti
1190 1796 1454 1850 dexteram
1481 1796 1772 1865 deprimen-

1869 625 1922 680 id
1971 632 2085 687 est,
2138 638 2358 677 causam
2410 620 2777 677 formidabant
2826 620 3132 677 confortare
3188 624 3445 677 minores.

1870 714 1965 770 Vel
2014 715 2157 784 ipsos
2188 715 2278 783 qui
2311 721 2435 768 sunt
2463 714 2849 781 ﬁrmamentum
2894 729 3062 783 pones
3088 712 3440 783 formidinem,

1871 807 1922 862 id
1951 814 2055 869 εει,
2086 820 2305 860 catisam
2344 804 2678 866 formidinis;
2724 804 2846 871 quia
2898 803 3292 859 interficiuntur
3332 820 3445 859 ma-

1864 892 2035 962 jores,
2070 897 2353 950 traduntur
2401 895 2453 948 in
2481 893 2820 948 formidinem
2868 894 3102 950 minores
3133 912 3146 948 :
3178 904 3231 949 et
3261 896 3339 950 sic
3364 896 3444 949 di-

1871 986 2067 1055 ripient
2092 1003 2209 1040 eum
2235 986 2287 1039 in
2316 986 2428 1039 suis
2452 1001 2629 1038 omnes
2674 994 2998 1039 transeuntes
3034 986 3192 1051 viam,
3219 986 3449 1056 gentiles

1870 1076 2143 1141 videlicet,
2190 1076 2282 1145 qui
2321 1074 2594 1130 Christum
2646 1074 2747 1129 sibi
2788 1075 2931 1129 viam
2962 1091 3065 1129 non
3114 1076 3317 1131 faciunt
3348 1095 3361 1131 :
3392 1088 3447 1132 et

1870 1167 2042 1237 factus
2067 1176 2143 1221 est
2177 1167 2506 1238 approbrium
2534 1166 2719 1221 vicinis
2764 1168 2893 1231 suis,
2924 1176 2979 1221 et
3007 1167 3249 1222 exaltasti
3270 1169 3451 1222 dexte-

1872 1274 2006 1319 ram,
2049 1258 2103 1311 id
2133 1266 2237 1321 εει,
2266 1266 2587 1327 potestatem
2606 1256 3031 1325 deprimentium‘
3053 1272 3199 1320 eum,
3231 1267 3284 1312 et
3305 1258 3445 1312 laeti-

1873 1345 2061 1400 ticabis
2102 1361 2292 1401 omnes
2322 1345 2571 1401 inimicos
2596 1345 2714 1415 ejus
2742 1347 2793 1399 in
2819 1346 3071 1408 victoria,
3097 1361 3254 1414 quam
3291 1345 3443 1400 habi—

1872 1438 1977 1491 turi
2016 1447 2140 1491 sunt
2169 1438 2218 1491 in
2244 1438 2444 1493 sanctis
2468 1438 2602 1502 suis,
2651 1438 2864 1506 quando
2891 1438 2942 1491 in
2974 1453 3198 1507 corpora
3231 1448 3446 1492 sancto-

1872 1541 1991 1579 rum
2039 1525 2227 1580 sazvire
2288 1528 2803 1595 permittuntur;'et
2850 1528 3076 1581 στω·ιὶΜὶ
3128 1528 3449 1595 adjutorium

1872 1614 2056 1685 gladii,
2099 1615 2153 1669 id
2207 1624 2311 1679 est,
2360 1617 2591 1670 similem
2644 1617 2807 1673 facies
2840 1635 2962 1673 cum
2991 1621 3042 1672 in
3068 1620 3182 1674 suis
3224 1620 3445 1681 homini,

1872 1704 1959 1757 cui
1985 1719 2088 1758 non
2108 1704 2173 1759 sit
2200 1703 2524 1772 adjutorimn
2558 1706 2767 1774 gladius
2796 1724 2925 1762 suus
2950 1709 3001 1762 in
3024 1709 3184 1764 bello.
3219 1708 3314 1764 Vel
3340 1711 3451 1780 gla-

1873 1793 1995 1848 dius
2039 1805 2352 1849 sanctorum
2401 1804 2573 1863 potest
2602 1811 2723 1850 esse
2774 1799 2993 1852 verbum
3033 1801 3446 1868 przedicationis,

178 1891 315 1943 tium
344 1906 490 1952 eum,
521 1898 568 1941 et
597 1888 897 1956 lwtiﬁcasti,
934 1888 986 1944 id
1014 1896 1116 1951 est,
1140 1887 1440 1942 laetificabis
1468 1903 1642 1941 omnes
1670 1886 1771 1939 ini-
1801 1879 1845 1937 B
1872 1898 1981 1952 quo
2004 1885 2265 1940 succincti
2296 1886 2393 1940 tuti
2423 1886 2621 1944 debent
2648 1902 2766 1941 esse
2804 1904 2818 1941 :
2847 1889 2939 1943 sed
2981 1888 3304 1957 adjutorium
3330 1892 3448 1961 ejus

177 1983 343 2036 micas
380 1982 494 2051 ejus
523 1982 574 2034 in
600 1995 787 2034 eorum
816 1980 1040 2035 victoria
1066 1996 1081 2044 ;
1112 1988 1167 2035 et
1191 1979 1421 2033 auertisti
1449 1978 1770 2047 adjutorium

178 2073 351 2144 gladii
377 2072 514 2141 ejus,
544 2070 595 2123 id
622 2079 727 2134 est,
758 2069 901 2124 nulla
942 2083 1065 2140 spes
1100 2068 1429 2123 defensionis
1462 2074 1579 2121 erat
1607 2067 1685 2122 eis
1717 2067 1769 2120 in

178 2162 394 2232 gladio;
444 2171 491 2214 et
527 2161 626 2215 hoc
671 2161 809 2223 ideo,
844 2162 970 2229 quia
1010 2169 1064 2213 tu
1107 2176 1209 2213 non
1235 2175 1289 2213 es
1322 2159 1607 2213 auxiliatus
1634 2159 1682 2212 ei
1716 2158 1771 2211 in

182 2254 363 2317 bello;
413 2261 467 2307 et
491 2253 793 2307 destruxisti
832 2268 950 2306 eum
978 2250 1044 2305 ab
1075 2250 1461 2315 emundatiane,
1509 2249 1563 2304 id
1608 2258 1711 2313 est,
1741 2264 1771 2303 a

180 2346 289 2400 fide
316 2358 470 2407 vera,
494 2358 613 2413 qua:
639 2344 861 2397 mundat
887 2342 1111 2397 interius
1143 2343 1342 2407 corda;
1384 2352 1433 2396 et
1465 2342 1635 2397 sedem
1656 2342 1772 2410 ejus

174 2437 523 2508 pidiciariam
551 2436 787 2490 collisisti
825 2436 877 2489 in
913 2445 1077 2498 terra,
1110 2432 1363 2489 subaudis
1401 2430 1686 2499 dejectam,
1716 2438 1773 2486 et

179 2530 457 2583 minorasti
505 2530 611 2583 dies
659 2529 902 2596 temporis
949 2528 1096 2597 ejus,
1145 2526 1398 2595 quoniam
1446 2538 1671 2594 regnum
1717 2532 1774 2579 et

180 2621 548 2675 sacerdotium
575 2619 862 2683 abstulisti,
888 2634 1008 2688 qua:
1032 2617 1362 2673 aaternaliter
1385 2615 1583 2671 habere
1612 2624 1767 2685 puta-

177 2711 415 2775 bantur;
456 2718 509 2762 et
535 2708 807 2778 perfudisti
833 2724 947 2761 eum
975 2707 1297 2776 confusione,
1324 2705 1377 2760 id
1405 2713 1511 2769 est,
1534 2704 1771 2773 undique

178 2800 484 2856 cwfnndes
510 2815 651 2857 eum.
688 2798 780 2854 Vel
815 2798 969 2853 aliter
1004 2812 1286 2867 possumus
1311 2797 1512 2851 dicere.
1542 2794 1620 2848 Tu
1650 2811 1769 2848 vero

178 2892 422 2961 repulisti
467 2900 513 2944 et
554 2890 858 2958 despexisti,
900 2890 1148 2944 distulisti
1188 2888 1451 2943 Christum
1485 2897 1665 2951 tuum;
1711 2894 1772 2940 ut

178 2997 290 3033 non
323 2988 531 3033 tantum
562 2979 626 3033 de
650 2978 848 3034 iudicis
875 2993 993 3046 qua:
1018 2986 1334 3047 sequuntur,
1356 2976 1450 3032 sed
1474 2976 1771 3030 communi-

179 3081 267 3123 ter
292 3070 362 3124 de
396 3085 620 3138 corpore
654 3068 853 3124 Christi
886 3068 971 3123 cui
1014 3066 1171 3122 facta:
1212 3075 1335 3122 sunt
1363 3065 1769 3136 promissiones.

177 3157 350 3225 Quasi
378 3158 522 3212 dicat
548 3157 810 3227 Propheta
836 3172 851 3211 :
879 3158 979 3223 Tu,
1008 3157 1185 3224 Pater,
1216 3157 1431 3221 dixisti,
1471 3154 1771 3211 Misericor-

176 3249 271 3300 dia
302 3247 658 3315 (mlificubitur
686 3247 740 3301 in
763 3256 1013 3301 wternum
1038 3262 1057 3302 :
1091 3255 1145 3302 tu
1182 3244 1381 3315 jurasti
1422 3246 1588 3301 David
1613 3260 1769 3300 servo

180 3352 294 3403 tuo,
330 3338 547 3392 Christo
573 3338 840 3405 videlicet,
869 3337 1188 3407 Praeparabo
1210 3338 1265 3393 in
1296 3346 1555 3393 aeternum
1586 3352 1767 3393 semen

179 3441 359 3494 tuum,
393 3439 449 3483 et
482 3430 758 3484 aedificabo
799 3430 851 3485 in
890 3430 1234 3501 generatione
1273 3438 1329 3485 et
1368 3430 1768 3501 generationem

179 3524 370 3576 sedem
396 3530 581 3586 tuam;
610 3521 723 3576 haec
754 3530 810 3577 et
838 3533 1031 3578 caetera
1069 3530 1119 3576 te
1149 3521 1416 3577 facturum
1439 3522 1654 3577 Christo
1681 3529 1771 3576 tuo

179 3611 507 3679 promisisti,
532 3622 587 3665 et
617 3620 795 3666 tamen
839 3611 1095 3681 repulisti,
1129 3612 1179 3666 id
1206 3620 1309 3676 est,
1339 3612 1597 3683 repellere
1625 3612 1771 3667 vide-

177 3702 333 3756 beris
362 3715 482 3756 eum
509 3702 559 3755 in
586 3702 697 3756 suis
722 3719 735 3755 :
764 3710 818 3757 et
840 3703 1100 3772 deSpicies
1117 3718 1263 3768 suos,
1291 3704 1342 3759 id
1362 3712 1465 3769 est,
1494 3704 1771 3771 despecta-

178 3793 322 3847 biles
372 3790 488 3845 ﬁeri
533 3793 845 3861 permittes;
889 3802 946 3848 et
989 3793 1255 3856 distulisti,
1301 3794 1355 3848 id
1400 3802 1514 3858 est,
1558 3790 1770 3849 differes

178 3886 464 3938 Christum
494 3892 663 3949 tuum,
697 3884 747 3937 id
781 3891 887 3949 est,
925 3900 1122 3955 corpus
1152 3885 1352 3941 Christi
1388 3885 1466 3939 tui
1504 3885 1765 3956 implere:

178 3974 309 4042 quia
344 3987 450 4026 non
482 3971 661 4025 statim
697 3971 861 4029 facies
883 3989 1073 4029 omnes
1099 3976 1320 4031 credere
1348 3976 1399 4030 in
1427 3990 1550 4031 eum
1581 3993 1594 4030 :
1626 3983 1771 4030 totus

178 4067 335 4118 enim
365 4063 613 4117 Christus
646 4072 728 4118 est
760 4079 953 4134 corpus
981 4073 1036 4118 et
1077 4074 1261 4135 caput,
1303 4065 1537 4120 salvator
1574 4073 1629 4121 et
1673 4067 1772 4122 Ec-

178 4158 375 4211 clesia.
419 4154 527 4210 Sed
571 4155 913 4211 differebatur
958 4155 1194 4225 impletio
1220 4156 1445 4221 Christi,
1482 4157 1607 4226 quia
1639 4157 1772 4213 fides

181 4262 311 4300 cum
360 4261 556 4312 [inagna
598 4245 780 4300 labore
818 4245 1008 4311 crevit,
1047 4261 1145 4315 per
1182 4260 1345 4315 quam
1387 4246 1489 4301 sibi
1534 4247 1772 4301 membra

180 4341 350 4408 digna
376 4345 624 4406 coaptata
664 4348 817 4402 sunt;
860 4338 1001 4406 quod
1038 4337 1200 4403 dicit,
1235 4336 1484 4393 distulisti
1508 4336 1773 4392 Christum

178 4442 357 4492 tuum,
384 4437 433 4481 et
461 4427 686 4482 evertisti
723 4438 1085 4483 testamentum
1123 4437 1290 4494 tuum,
1332 4430 1385 4484 id
1414 4438 1516 4495 est,
1554 4440 1771 4500 paetum

179 4518 333 4572 servi
358 4517 435 4570 tui
462 4535 473 4570 :
498 4526 546 4571 et
566 4518 874 4587 profanasti,
902 4518 956 4573 id
990 4526 1093 4584 est,
1132 4519 1291 4588 pollui
1327 4520 1625 4589 permittes,
1649 4538 1771 4575 san-

181 4610 455 4661 ctuarium
489 4607 621 4677 ejus,
665 4608 716 4662 id
756 4618 869 4675 est,
912 4618 1129 4665 sanctos
1175 4625 1302 4665 suos
1342 4610 1393 4664 in
1434 4618 1635 4666 terram
1675 4611 1770 4666 de-

178 4696 380 4763 jectos,
418 4695 468 4748 id
500 4705 603 4758 est,
639 4699 866 4753 terrenis
897 4698 1262 4753 confirmatos.
1296 4697 1618 4755 Profanatur
1649 4715 1776 4756 san-

183 4786 462 4840 ctuarium
510 4793 655 4847 tunc,
708 4788 921 4854 quando
975 4788 1031 4842 hi
1080 4788 1172 4858 qui
1226 4799 1545 4858 receperunt
1592 4790 1772 4856 fidem,

184 4880 391 4931 timore
434 4877 723 4943 compulsi,
762 4879 961 4932 cedunt
1008 4880 1094 4934 his
1131 4880 1223 4949 qui
1275 4880 1328 4935 in
1371 4890 1516 4936 terra
1557 4895 1681 4937 sunt
1721 4894 1775 4936 et

184 4969 411 5022 cunctis
462 4966 617 5021 idolis
664 4967 991 5021 sacriﬁcant.
1040 4969 1192 5035 Quod
1237 4970 1365 5025 alibi
1409 4988 1423 5025 :
1471 4971 1775 5027 Polluerunt

185 5057 446 5126 templum
474 5068 709 5110 sanctum
737 5068 884 5111 tuum
919 5056 1089 5129 (Psal.
1117 5063 1329 5130 Lxxnt).
1358 5060 1455 5116 Vel
1482 5063 1774 5133 profanasti

186 5167 243 5201 in
291 5157 436 5201 terra
471 5148 826 5201 sanctuarium
863 5148 997 5217 ejus,
1027 5150 1077 5204 id
1115 5159 1219 5215 est,
1262 5152 1425 5206 vitam
1463 5162 1772 5208 sanctorum

186 5242 315 5310 ejus
337 5238 603 5293 insaniam
624 5240 918 5295 existimari
951 5242 1115 5298 facies
1134 5245 1203 5299 ab
1233 5244 1318 5299 his
1336 5246 1427 5315 qui
1452 5256 1595 5301 terra
1626 5256 1772 5301 sunt.

185 5330 518 5385 Destruxisti
569 5346 743 5384 omnes
790 5348 931 5401 sepes
977 5332 1123 5401 ejus,
1175 5322 1380 5400 idest,
1424 5336 1775 5390 munitionem

188 5437 424 5476 suorum
471 5420 682 5476 auferes
732 5424 798 5477 ab
848 5424 970 5477 illis.
1024 5424 1091 5479 Et
1144 5426 1411 5495 quomodo
1465 5430 1599 5483 hoc?
1640 5427 1773 5496 Quia

186 5528 372 5583 pones
410 5511 793 5579 ﬁrmamentum
830 5514 943 5582 ejus
981 5515 1346 5583 formidinem,
1397 5519 1452 5572 id
1496 5528 1611 5584 est,
1657 5520 1777 5573 illos

189 5605 291 5673 qui
324 5600 649 5656 excellentes
687 5611 845 5655 erunt
883 5603 935 5656 in
977 5606 1291 5670 sanctitate,
1328 5621 1556 5674 quorum
1596 5622 1777 5664 exem-

188 5697 289 5761 plo
341 5692 580 5747 minores
626 5690 979 5747 confirmandi
1030 5703 1241 5758 essent,
1281 5710 1449 5764 pones
1500 5697 1553 5751 in
1595 5697 1767 5752 formi-

191 5788 328 5843 dine
369 5801 383 5838 :
436 5783 557 5853 quia
598 5781 697 5851 ipsi
736 5780 1096 5838 formidabunt
1137 5786 1442 5842 confortare
1481 5788 1716 5845 minores
1761 5808 1772 5842 :

603 5876 880 5935 Parum.
915 5874 1210 5940 CXXXI.

1870 1974 2034 2044 gladii
2081 1978 2345 2031 avertitur
2392 1977 2459 2031 ab
2489 1978 2616 2044 illis,
2652 1980 2866 2048 quando
2901 1997 2998 2051 pro
3024 1983 3138 2052 ipsa
3187 1983 3444 2052 praedica-

1872 2067 2017 2120 tione
2063 2069 2492 2136 persecutionem
2557 2070 2861 2137 patiuntnr;
2916 2071 3058 2141 quod
3107 2073 3195 2127 hic
3246 2073 3377 2128 dicit
3427 2089 3441 2126 :

1870 2157 2111 2212 Arertisti
2160 2160 2480 2229 adjutorium
2510 2160 2673 2229 gladii
2697 2161 2833 2230 ejus,
2872 2171 2919 2215 et
2948 2179 3049 2216 non
3077 2179 3130 2216 es
3160 2163 3447 2217 auxiliatus

1868 2248 1915 2305 ei
1939 2250 1992 2301 in
2038 2248 2189 2313 bello,
2237 2251 2288 2304 id
2342 2260 2445 2314 est,
2479 2266 2583 2305 non
2635 2251 2905 2307 vileberis
2954 2252 3202 2307 auxiliari
3252 2256 3365 2315 suis
3394 2255 3445 2308 in

1871 2336 2013 2392 bello
2045 2339 2436 2408 persecutionis
2465 2349 2519 2395 et
2550 2340 2936 2405 tribulationis,
2963 2350 3014 2395 et
3045 2342 3367 2407 destruxfsti,
3396 2345 3446 2397 id

1871 2438 1974 2493 est,
2028 2430 2304 2485 destruere
2344 2433 2622 2500 permittes
2659 2448 2785 2486 suos
2844 2432 2908 2486 ab
2946 2433 3329 2494 emandaiione,
3397 2435 3449 2488 id

1870 2527 1975 2583 est,
2011 2520 2080 2573 ab
2111 2520 2256 2574 omni
2285 2521 2550 2575 munditia
2578 2521 2855 2591 elongatos
2874 2532 3133 2592 quantum
3171 2525 3236 2577 ad
3265 2525 3450 2578 existi-

1871 2610 2161 2666 mationem
2187 2610 2470 2664 malorum.
2494 2609 2648 2665 Unde
2669 2612 2865 2666 Paulus
2889 2629 2901 2664 :
2927 2610 3085 2667 Facti
3104 2630 3285 2667 sumas
3313 2617 3451 2684 peri-

1868 2714 2045 2767 psema
2069 2699 2302 2753 omnium
2332 2699 2385 2769 (Ι
2419 2698 2541 2753 Cor.
2567 2701 2662 2772 tv).
2689 2702 2761 2755 Et
2778 2703 2948 2756 sedem
2971 2703 3086 2772 ejus
3110 2704 3164 2757 in
3184 2714 3324 2758 terra
3347 2706 3451 2758 col-

1871 2786 2044 2850 lisisti,
2070 2787 2123 2841 id
2166 2796 2269 2850 est,
2313 2797 2533 2843 sanctos
2556 2788 2673 2858 ejus
2701 2791 2754 2844 in
2784 2791 2978 2861 quibus
3009 2796 3165 2847 sedes
3205 2809 3300 2848 sua
3329 2809 3449 2849 esse

1871 2877 2112 2941 deberet,
2147 2877 2200 2932 in
2231 2886 2375 2934 terra
2404 2880 2640 2950 dejectos
2681 2899 2693 2935 :
2727 2882 2780 2936 id
2830 2892 2933 2947 est,
2969 2885 3197 2938 terrenis
3230 2886 3447 2939 confor-

1871 2978 2045 3023 matos
2070 2968 2327 3034 coflisisti,
2360 2970 2411 3024 id
2451 2980 2553 3036 est,
2583 2971 2760 3027 collidi
2796 2974 3086 3043 permisisti
3121 2994 3133 3028 :
3164 2975 3246 3029 vel
3275 2976 3447 3029 sedem

1870 3060 1983 3130 ejus
2008 3061 2064 3114 in
2094 3073 2235 3115 terra
2256 3063 2514 3126 collisisti,
2547 3064 2597 3118 id
2624 3073 2727 3129 εει,
2756 3075 2974 3121 sanctos
3002 3066 3117 3135 ejus
3140 3068 3191 3122 in
3220 3083 3449 3139 corpore

1870 3150 2030 3221 aflligi
2077 3152 2392 3222 permisisti.
2445 3153 2723 3209 Minorasti
2777 3157 2886 3211 dies
2931 3160 3176 3228 temporis
3204 3158 3341 3228 ejus,
3395 3160 3449 3213 id

1872 3252 1974 3308 est,
1998 3244 2161 3298 vitam
2187 3245 2416 3299 filiorum
2440 3262 2659 3301 suorum
2682 3246 3028 3317 abbreviasti,
3056 3265 3162 3306 non
3190 3260 3448 3320 quantum

1875 3337 1941 3391 ad
1978 3346 2049 3395 te.
2100 3337 2195 3392 sed
2247 3346 2506 3407 quantum
2536 3340 2602 3393 ad
2631 3339 2751 3395 illos
2789 3341 2880 3411 qui
2924 3342 3232 3396 diuturnam
3286 3343 3448 3397 vitam

1872 3425 2254 3480 desiderabant
2285 3443 2299 3480 :
2327 3435 2385 3481 ut
2419 3442 2607 3483 eorum
2656 3430 2850 3483 solatio
2890 3440 2943 3484 et
2970 3433 3292 3486 auctoritate
3321 3448 3445 3488 sus-

1874 3527 2241 3583 tentarentur,
2294 3519 2441 3575 velut
2478 3521 2544 3576 de
2589 3522 2750 3577 beato
2801 3522 3028 3577 Martino
3068 3523 3308 3594 legitur:
3339 3524 3452 3579 Cur

1871 3624 1992 3673 nos,
2024 3619 2197 3678 pater,
2225 3609 2478 3665 deseris?
2516 3619 2609 3665 aut
2636 3612 2722 3666 cui
2747 3628 2845 3666 nos
2870 3612 3137 3669 desolatas
3159 3614 3452 3685 relinquis?

1872 3695 2167 3767 Perfudisti
2214 3715 2332 3752 eum
2376 3700 2702 3769 confusione,
2740 3702 2793 3757 id
2837 3712 2940 3768 est,
2967 3704 3204 3774 undique
3233 3706 3451 3775 patieris

1872 3802 1998 3844 suos
2054 3789 2330 3856 confundi,
2366 3792 2623 3857 interius,
2679 3792 2932 3849 videlicet
2960 3802 3015 3849 et
3059 3796 3319 3857 exterius,
3356 3798 3450 3850 sed

1873 3885 1951 3943 tu,
1981 3878 2222 3944 Domine,
2268 3897 2530 3951 usquequo
2555 3882 2745 3937 avertis
2772 3882 2965 3937 faciem
3006 3892 3151 3939 tuam
3197 3884 3266 3939 ab
3308 3884 3453 3941 illis?

1870 3970 2097 4023 Avertes
2127 3979 2175 4023 te
2200 3972 2253 4023 in
2280 3971 2459 4037 finem,
2484 3972 2533 4025 id
2556 3979 2660 4036 est,
2678 3972 2730 4029 in
2758 3972 2901 4026 finali
2936 3974 3254 4029 aversione?
3284 3974 3449 4040 Quasi

1872 4060 2016 4113 diuit
2040 4077 2052 4112 :
2082 4058 2137 4113 Si
2160 4060 2239 4114 sic
2260 4061 2345 4131 agi
2375 4061 2587 4115 voluisti
2608 4077 2731 4115 cum
2757 4063 2947 4133 paleis,
2974 4063 3158 4119 mitius
3181 4065 3451 4119 constitue

1873 4152 2135 4220 agendum
2169 4166 2291 4205 cum
2321 4151 2507 4220 granis
2543 4161 2623 4217 ut,
2670 4164 2921 4223 separata
2947 4155 3122 4223 palea,
3145 4170 3314 4226 grana
3364 4170 3452 4211 re-

1872 4244 2171 4296 condantur
2193 4242 2243 4295 in
2271 4242 2484 4297 horrea.
2506 4239 2823 4298 Exardescet
2842 4244 2972 4297 sicut
2999 4246 3132 4313 ignis
3152 4245 3206 4297 in
3229 4245 3309 4297 ira
3335 4254 3450 4310 tua,

1875 4334 2015 4388 sicut
2058 4333 2196 4404 ignis
2227 4334 2538 4389 incinerans
2575 4344 2630 4389 et
2658 4350 2763 4389 non
2786 4335 3055 4404 purgans?
3081 4334 3450 4404 Nequaquam,

1876 4425 2098 4481 Domine
2123 4444 2136 4480 :
2164 4428 2256 4481 sed
2287 4442 2577 4482 memorare
2620 4444 2737 4497 quae
2771 4443 2882 4482 mea
2911 4428 3222 4490 substantia,
3268 4428 3319 4481 id
3345 4437 3451 4492 est,

1876 4534 2036 4586 quam
2074 4527 2256 4573 sancta
2306 4527 2363 4572 et
2401 4526 2615 4587 quanta:
2669 4518 2948 4588 dignitatis
2996 4519 3068 4571 sit
3126 4519 3452 4585 substantia,

1876 4609 2124 4663 Christus
2150 4609 2420 4673 videlicet,
2450 4608 2541 4677 qui
2564 4623 2630 4662 ex
2677 4623 2841 4663 carne
2869 4622 2986 4661 mea
3018 4609 3323 4665 nasciturus
3345 4619 3451 4675 est,

1877 4698 1961 4752 cui
1995 4697 2138 4751 velut
2169 4699 2329 4767 capiti
2361 4698 2649 4767 adaptandi
2680 4706 2805 4752 sunt
2844 4699 3088 4753 homines
3114 4700 3259 4754 velut
3284 4716 3452 4755 mem-

1878 4787 1973 4841 bra
2007 4785 2143 4855 ejus,
2169 4788 2308 4841 sicut
2338 4788 2477 4857 ignis
2506 4789 2953 4858 eonsumptionis,
2985 4788 3081 4845 sed
3102 4793 3281 4862 potius
3311 4792 3455 4846 sicut

1878 4876 2018 4946 ignis
2066 4875 2568 4930 consummationis.
2623 4875 2757 4929 Nota
2784 4876 3056 4931 Christum
3084 4878 3298 4948 proprie
3346 4879 3450 4933 dici

1879 4966 2257 5031 substantiam,
2289 4964 2414 5034 quia
2455 4966 2523 5019 ab
2548 4980 2613 5019 eo
2636 4974 2969 5021 sustentatur
3014 4969 3243 5037 quisque
3266 4968 3355 5038 qui
3398 4970 3450 5023 in

1880 5056 1986 5111 fide
2033 5056 2263 5111 fideliter
2301 5064 2588 5126 operatur;
2630 5056 2773 5126 quod
2806 5058 2981 5111 dicit:
3022 5057 3316 5111 Memorare
3338 5074 3455 5129 qtae

1881 5163 1995 5201 mea
2022 5147 2309 5202 substantia
2334 5160 2353 5199 :
2379 5147 2522 5217 quod
2554 5163 2743 5203 revera
2792 5147 2977 5211 facies,
3012 5148 3135 5217 quia
3187 5165 3290 5203 non
3318 5164 3455 5204 vane

1880 5239 2206 5295 constituisti
2259 5238 2399 5295 filios
2444 5240 2744 5295 hominum.
2774 5240 2909 5295 Vani
2936 5240 3080 5294 enim
3117 5250 3297 5295 essent
3324 5256 3454 5295 con-

1882 5332 2079 5396 stituti,
2123 5331 2167 5386 si
2206 5346 2312 5385 non
2361 5331 2461 5400 ipsi
2515 5330 2678 5401 capiti
2726 5331 2967 5385 membra
3028 5337 3448 5399 cooptarentur:

1883 5422 2025 5490 quod
2056 5420 2186 5475 dicit
2212 5420 2311 5474 sub
2360 5419 2803 5490 interrogatione,
2835 5416 3087 5486 Nunquid
3110 5434 3238 5471 uane
3263 5418 3457 5471 consti-

1884 5514 2027 5567 tuisti
2060 5529 2236 5567 omnes
2272 5510 2411 5581 ﬁlios
2456 5510 2770 5565 hominum?
2822 5508 2959 5563 Non.
2998 5507 3105 5562 Sed
3151 5522 3454 5564 memoranti

1882 5605 2059 5676 potius
2107 5604 2161 5657 in
2191 5602 2318 5662 illis.
2347 5602 2463 5673 quis
2491 5608 2565 5654 est
2606 5600 2781 5663 homo,
2807 5598 2859 5652 id
2884 5606 2989 5664 est,
3015 5597 3190 5666 qualis
3211 5606 3265 5652 et
3289 5612 3450 5667 quam

1884 5707 2102 5754 sanctus
2131 5697 2203 5751 sit
2242 5699 2424 5757 homo,
2447 5693 2535 5763 qui
2562 5692 2712 5752 vivet,
2747 5699 2797 5745 et
2828 5690 2923 5755 ita,
2961 5689 3103 5760 quod
3132 5707 3236 5746 non
3263 5690 3453 5746 videbit

1886 5788 2196 5847 interiorem
2247 5796 2485 5850 mortem,
2527 5792 2581 5840 et
2609 5794 2751 5839 eruet
2776 5784 3006 5840 animum
3032 5799 3182 5839 suam
3201 5785 3266 5841 de
3288 5798 3451 5842 manu

2939 5875 3019 5935 20
