4034 6422
539 405 640 462 619

1168 399 1428 457 REMlGll
1466 387 2118 456 ANTlSSlODORENSlS
2153 386 2302 444 OPP.
2344 385 2543 442 PARS.
2585 384 2627 440 l.
2665 393 2738 426 ‘-—
2773 382 3188 441 EXEGETICA.

537 517 715 588 inferi,
749 516 802 571 id
838 523 942 580 est,
971 515 1041 570 de
1099 521 1367 584 potestate
1419 509 1786 571 tenebrarum,
1827 505 1954 574 quia
2000 516 2114 557 mo-
2140 507 2190 564 Α
2223 516 2243 551 ι
2289 499 2384 554 ira:
2429 506 2556 563 tuae,
2595 506 2650 552 et
2695 513 2805 566 prae
2845 497 3042 552 timore
3077 503 3169 552 tuo
3203 495 3340 551 iram
3384 501 3532 550 tuam
3561 495 3797 552 dinume

538 614 712 667 rietur
738 609 792 663 in
822 621 1004 670 carne,
1037 605 1133 660 sed
1180 612 1425 673 resurget
1454 603 1505 656 in
1533 599 1834 669 majestate.
1865 593 1965 649 Ubi
1995 603 2115 649 sunt

541 700 915 757 misericordite
954 707 1058 754 tua
1086 696 1336 766 antiquae,
1384 692 1620 756 Domine,
1651 690 1705 746 id
1733 697 1839 754 est,
1869 688 1922 742 in
1949 701 2014 741 eo
2036 699 2121 740 re-

541 793 833 865 plebuntur
853 798 958 844 tuae
987 786 1390 850 misericordia),
1419 785 1472 838 id
1493 793 1600 848 est,
1628 789 1756 835 ante
1781 778 1964 834 mundi
1992 791 2121 832 con-

543 883 880 938 stitutionem
905 879 1176 949 dispositae
1195 893 1229 930 a
1258 884 1311 931 te
1344 893 1358 928 :
1385 874 1516 928 sicut
1537 869 1923 942 jurastiDavid
1951 869 2006 922 in
2033 882 2121 921 ve-

545 975 699 1027 ritate
729 982 838 1025 tua.
876 968 1010 1022 Nam
1047 965 1278 1021 firmiter
1307 960 1605 1034 promisisti
1635 968 1689 1015 te
1717 956 2121 1028 redempturum

545 1077 642 1131 per
692 1075 814 1114 eum
862 1058 1158 1112 humanum
1220 1067 1408 1124 genus.
1463 1049 1668 1104 Memor
1694 1056 1826 1113 esto,
1877 1045 2118 1110 Domine,

547 1149 806 1220 opprobrii
843 1161 1110 1201 servorum
1137 1154 1368 1206 tuorum,
1390 1137 1665 1210 opprobrii
1696 1135 1820 1192 dico
1838 1133 2124 1189 multarum

547 1242 798 1311 gentium,
847 1237 984 1310 quod
1027 1233 1261 1290 continui
1281 1233 1337 1285 in
1359 1232 1480 1286 sinu
1515 1243 1630 1282 meo
1658 1242 1677 1282 :
1705 1225 1832 1296 quia
1869 1222 1999 1277 illud
2031 1235 2128 1276 oc-

547 1331 687 1385 culte
719 1345 816 1399 per
846 1328 1093 1398 Spiritum
1145 1321 1439 1394 prophetia:
1489 1316 1710 1390 prtevidi
1773 1314 2012 1369 futurum
2069 1311 2125 1366 in

548 1422 724 1475 servis
753 1420 888 1484 tuis;
924 1419 1005 1472 vel
1039 1416 1118 1471 sic
1152 1433 1164 1468 :
1197 1413 1556 1475 Mentoresto,
1597 1407 1835 1468 Domine,
1863 1401 2126 1474 opprobrii

549 1526 814 1564 servorum
854 1521 1082 1572 tuorum,
1138 1504 1190 1560 id
1218 1514 1322 1569 est,
1350 1502 1563 1557 illorum
1587 1500 1678 1571 qui
1725 1497 2004 1569 patiuntur
2030 1507 2129 1562 op-

551 1599 828 1670 probrium
851 1597 993 1667 quod
1019 1594 1250 1650 continui
1275 1595 1330 1646 in
1355 1592 1475 1646 sinu
1500 1607 1634 1656 meo,
1666 1589 1718 1644 id
1737 1596 1841 1654 est,
1875 1584 2004 1641 illud
2027 1599 2126 1654 op-

552 1692 828 1763 probrium
881 1689 1035 1744 video
1066 1687 1305 1742 futurum
1357 1686 1410 1739 in
1467 1683 1593 1746 illis,
1649 1681 1818 1751 quiin
1861 1680 1982 1734 sinu
2013 1692 2127 1732 meo

556 1789 702 1842 sunt,
732 1780 785 1834 id
805 1787 913 1842 est,
936 1778 989 1832 in
1018 1776 1124 1831 illis
1149 1775 1240 1844 qui
1271 1774 1445 1829 adhuc
1471 1787 1538 1827 ex
1559 1784 1724 1826 carne
1744 1784 1864 1824 mea
1890 1767 2128 1822 nascitu-

2227 607 2246 641 ι
2291 605 2434 645 rare.
2472 589 2763 645 Dexteram
2819 598 2966 643 tuam
3012 588 3092 644 sic
3137 595 3320 643 notam
3349 587 3458 651 fac,
3485 595 3542 642 et
3564 587 3801 644 eruditos

2226 700 2244 734 ‹
2288 680 2452 736 corde
2503 681 2556 736 in
2607 679 2890 750 sapientia.
2917 679 3270 745 Convertere,
3308 677 3560 743 Domine,
3609 692 3800 746 usque-

2225 790 2245 824 ι
2291 785 2420 840 quo,
2449 777 2506 825 et
2529 768 2888 839 deprecabilis
2927 778 3046 824 esto
3071 783 3238 839 super
3273 781 3461 824 servos
3503 775 3648 821 tuos.
3697 766 3803 821 Re-

2227 879 2245 914 ‹
2290 861 2419 932 pleti
2453 873 2648 916 sumus
2681 874 2840 915 mane
2863 858 3235 914 misericordia
3265 867 3357 914 tua
3387 872 3404 911 :
3433 865 3490 912 et
3512 856 3806 912 exsultavio

2229 967 2249 1002 ι
2294 963 2434 1015 mus,
2459 957 2514 1004 et
2530 947 2780 1004 delectati
2803 963 2990 1004 sumus
3013 948 3069 1003 in
3097 947 3348 1004 omnibus
3367 946 3560 1002 diebus
3585 947 3804 1001 nostris.

2227 1059 2248 1094 ‹
2292 1040 2481 1096 Laetati
2518 1055 2702 1096 sumus
2729 1053 2828 1110 pro
2892 1038 3068 1094 liebus
3113 1038 3311 1109 quibus
3358 1051 3458 1092 nos
3485 1035 3809 1100 humiliasti,

2230 1151 2248 1184 ι
2292 1131 2450 1186 annis
2476 1131 2671 1201 quibus
2689 1130 2924 1186 vidimus
2951 1129 3110 1185 mala.
3139 1129 3370 1199 Respice
3401 1129 3455 1182 in
3479 1142 3673 1183 servos
3694 1137 3814 1180 tuos

2231 1236 2251 1270 ι
2295 1227 2352 1274 et
2413 1219 2465 1273 in
2507 1233 2672 1288 opera
2719 1226 2832 1283 tua,
2871 1226 2928 1274 et
2981 1219 3154 1290 dirige
3212 1217 3350 1273 filios
3389 1232 3602 1273 eorum.
3647 1215 3716 1270 Et
3743 1216 3818 1268 sit

2232 1327 2253 1362 ι
2295 1309 2549 1380 Splendor
2593 1309 2806 1365 Domini
2852 1310 2946 1365 Dei
2988 1310 3159 1365 nostri
3201 1323 3364 1379 super
3394 1323 3514 1372 nos,
3547 1317 3605 1362 et
3652 1322 3820 1376 Opera

2228 1417 2252 1452 ι
2293 1414 2552 1456 manuum
2576 1409 2890 1460 nostrarum
2921 1400 3092 1470 dirige
3112 1415 3276 1471 super
3297 1414 3420 1468 nos,
3447 1407 3666 1470 etopus
3695 1411 3818 1452 ma-

2234 1508 2255 1542 ι
2299 1506 2466 1547 nuum
2494 1498 2803 1547 nostrarum
2834 1491 3025 1562 dirige.
3074 1510 3094 1545 ι

2786 1579 3245 1636 ENARRATIO.

2303 1671 2660 1744 Distinguitur
2695 1671 2850 1726 nobis
2879 1671 2934 1724 in
2972 1671 3076 1726 hoc
3099 1670 3308 1742 psalmo
3337 1671 3448 1726 vita
3495 1669 3698 1726 veteris
3730 1669 3827 1724 ho-

2233 1766 2395 1820 minis
2440 1774 2494 1820 et
2539 1764 2684 1828 novi,
2724 1764 2834 1817 vita
2881 1763 3127 1819 mortalis
3173 1772 3229 1818 et
3276 1764 3385 1818 vita
3426 1762 3630 1828 vitalis,
3657 1775 3828 1832 pinna

555 1874 598 1927 ri
622 1880 766 1928 sunt.
809 1869 900 1925 Vel
929 1870 1008 1924 sic
1037 1886 1052 1924 :
1082 1867 1284 1922 Memor
1309 1875 1439 1929 esto,
1476 1863 1716 1929 Domine,
1747 1859 2008 1931 opprobrii
2031 1873 2138 1912 ser-
2162 1856 2212 1916 Β
2239 1853 2487 1910 videlicet
2524 1853 2724 1909 veteris
2748 1851 3003 1919 hominis,
3035 1860 3091 1908 et
3124 1851 3292 1924 gloria
3313 1852 3439 1908 novi
3467 1853 3739 1917 hominis;
3771 1859 3831 1905 et

551 1979 732 2018 rerum
771 1973 1002 2025 tuorum,
1053 1957 1314 2029 opprobrii
1343 1955 1463 2010 dico
1490 1954 1777 2009 multarum
1805 1950 2057 2022 gentium,
2083 1948 2140 2003 id
2238 1943 2547 1999 intitulatur
2587 1942 2827 2013 psalmus
2878 1943 2980 1998 iste
3018 1942 3462 2015 nomineMoysi,
3519 1958 3630 2000 non
3674 1942 3830 2014 quod

551 2063 654 2118 est,
682 2054 824 2122 quod
853 2051 1033 2107 multa:
1057 2056 1245 2121 gentes
1267 2047 1670 2116 improperant;
1697 2041 1840 2097 illius
1874 2037 2136 2111 opprobrii

553 2161 751 2200 ntentor
774 2153 902 2207 esto,
936 2151 995 2196 ut
1033 2141 1162 2211 ipsae
1189 2146 1376 2210 gentes
1403 2136 1532 2191 illud
1556 2133 1905 2205 opprobrium
1928 2131 2137 2202 patian-

559 2244 646 2288 tur
675 2249 773 2304 pro
804 2244 854 2288 te
881 2251 893 2287 :
925 2232 1066 2304 quod
1102 2229 1449 2301 opprobrium
1487 2227 1720 2280 continui
1764 2225 1820 2278 in
1854 2223 1973 2278 sinu
1999 2238 2146 2287 meo,

554 2325 608 2378 id
633 2332 735 2387 est,
769 2324 822 2378 in
848 2323 1060 2378 occulto
1087 2321 1266 2383 cordis
1300 2319 1430 2386 mei,
1460 2318 1550 2373 ubi
1573 2317 1730 2371 video
1754 2322 1940 2387 gentes
1962 2312 2138 2367 adhuc

555 2417 983 2486 incorporandas
1007 2413 1271 2478 fidelibus,
1295 2419 1354 2466 ut
1375 2411 1662 2480 impleatur
1683 2421 1877 2476 corpus
1899 2404 2133 2470 Christi;

555 2506 638 2558 vel
659 2505 774 2560 sic:
807 2503 1010 2558 Memor
1027 2511 1134 2557 esto
1154 2516 1420 2557 servorum
1445 2510 1672 2559 tuorum,
1701 2497 1752 2552 id
1790 2504 1893 2561 est,
1920 2493 2138 2549 illorum

557 2597 649 2665 qui
675 2596 956 2666 patiuntur
979 2593 1326 2665 opprobrium
1357 2588 1894 2662 quodopprobrium,
1940 2585 1994 2639 id
2031 2591 2135 2648 est,

559 2699 695 2755 quos
719 2683 986 2754 patientes
1023 2680 1372 2752 opprobrium
1425 2677 1659 2734 continui
1686 2678 1741 2730 in
1775 2677 1894 2730 sinu
1917 2689 2052 2740 meo,
2085 2671 2138 2727 id

561 2783 675 2839 est,
718 2772 1012 2844 signiﬁcari
1066 2771 1222 2826 video
1274 2784 1371 2839 per
1409 2782 1628 2824 manum
1659 2765 1939 2822 reductam
1979 2761 2034 2817 in
2065 2760 2139 2815 si-

560 2879 722 2929 num;
751 2863 838 2918 vel
863 2863 1093 2918 continui
1132 2862 1190 2916 in
1235 2861 1352 2916 sinu
1401 2875 1534 2925 meo,
1585 2858 1638 2913 id
1693 2865 1796 2920 est,
1825 2853 1971 2926 quod
2004 2848 2138 2908 mihi

561 2954 819 3023 placitum
851 2953 994 3008 intus
1023 2941 1164 3022 apud
1192 2965 1278 3012 me
1310 2949 1525 3020 reposui
1551 2966 1562 3003 :
1585 2946 1714 3017 quia
1745 2945 1903 3000 video
1945 2943 2000 2997 in
2029 2941 2139 3012 spi-

561 3044 668 3098 ritu
696 3043 840 3112 quod
869 3057 976 3097 non
1016 3040 1356 3110 reputabitur
1399 3039 1504 3094 illis
1527 3038 1618 3108 qui
1643 3036 1856 3107 passuri
1896 3041 2023 3090 sunt
2043 3047 2140 3103 op-

560 3132 842 3204 probrium
873 3130 1000 3187 illud
1023 3147 1119 3203 pro
1146 3130 1458 3201 opprobrio,
1485 3129 1583 3185 sed
1601 3143 1698 3199 pro
1723 3140 1918 3198 magna
1941 3124 2133 3197 gloria.

562 3222 768 3278 Memor
820 3232 928 3276 esto
963 3221 1225 3292 opprobrii
1273 3221 1412 3292 quod
1458 3219 1896 3292 exprobrauerunt
1937 3215 2139 3271 inimici

565 3313 665 3377 tui,
691 3310 862 3368 Judzni
888 3311 1139 3368 videlicet
1171 3329 1184 3366 :
1215 3309 1353 3382 quod
1389 3309 1826 3380 exprobrauerunt
1853 3315 2142 3360 commula-

564 3404 779 3470 tionem,
819 3404 870 3459 id
909 3414 992 3460 est
1026 3411 1274 3469 mortem,
1304 3402 1496 3456 Chriin
1537 3401 1632 3454 tui.
1664 3399 1808 3455 Mors
1831 3399 1976 3453 enim
2003 3398 2140 3454 dici-

570 3502 655 3548 tur
684 3494 1056 3560 commutatio,
1104 3495 1231 3563 quia
1277 3491 1374 3564 pe‘r
1408 3499 1636 3547 mortem
1659 3499 2022 3546 commutatus
2059 3496 2143 3544 cst

566 3583 634 3638 de
663 3591 838 3638 morte
890 3583 944 3638 in
977 3582 1158 3646 vitam,
1189 3581 1254 3638 de
1303 3580 1648 3651 corruptione
1695 3579 1748 3634 in
1786 3577 2146 3648 incorruptio-

570 3687 694 3726 nem
724 3690 737 3725 :
769 3687 836 3726 ex
864 3685 970 3741 qua
1000 3669 1420 3726 commutatione
1458 3669 1532 3724 sit
1568 3668 1862 3722 benedictus
1885 3666 2145 3720 Dominus

567 3762 623 3814 in
651 3771 924 3833 a’ternum.
976 3758 1102 3814 Fiat
1155 3759 1208 3815 ei
1268 3759 1574 3816 benedictio
1621 3759 1676 3814 in
1709 3758 1874 3830 priori
1926 3757 2144 3828 populo,

569 3849 660 3916 [iat
685 3857 738 3904 et
769 3850 832 3912 in,
849 3849 1152 3920 posteriori.

1033 3936 1356 3994 PSALMUS
1398 3937 1680 3993 LXXXIX.

979 4044 1175 4084 ORATIO
1214 4043 1368 4083 IOYSI
1407 4043 1619 4083 [10)“le
1656 4043 1763 4082 DEI.

648 4141 667 4173 ι
715 4121 958 4185 Donnne,
988 4120 1254 4190 refugium
1277 4119 1452 4174 factus
1476 4133 1536 4175 es
1562 4119 1717 4174 nobis
1743 4133 1773 4172 a
1799 4115 2149 4189 generatione

582 4231 600 4263 ι
648 4214 701 4266 in
741 4210 1159 4283 generationem.
1212 4210 1531 4280 Priusquam
1581 4218 1791 4265 montes
1839 4208 2031 4263 fierent
2059 4213 2152 4260 aut

581 4321 600 4353 ι
647 4303 972 4357 formaretur
993 4317 1134 4357 terra
1153 4309 1208 4358 et
1229 4301 1399 4365 orbis,
1420 4316 1447 4354 a
1469 4299 1665 4355 smculo
1695 4307 1752 4353 et
1781 4312 1949 4368 usque
1972 4299 2025 4352 in
2052 4312 2150 4352 sa:-

582 4417 599 4443 ι
647 4395 832 4461 (ξυιυιιι
877 4403 932 4449 tu
963 4407 1023 4449 es
1047 4395 1208 4449 Deus.
1249 4391 1328 4447 Ne
1357 4399 1568 4446 avertas
1597 4389 1869 4445 hominem
1898 4389 1949 4442 in
1977 4389 2152 4442 burni-

583 4506 599 4535 ι
646 4487 875 4552 litatem,
930 4497 984 4539 et
1018 4485 1202 4540 dixisti
1231 4503 1245 4540 :
1275 4483 1682 4547 Convertimini,
1722 4482 1818 4536 filii
1846 4482 2144 4537 hominum.

584 4597 600 4627 ι
650 4578 914 4644 Quoniam
942 4571 1084 4631 mille
1103 4576 1228 4630 anni
1256 4584 1379 4630 ante
1399 4575 1582 4630 oculos
1606 4584 1726 4630 tuos
1753 4582 2006 4644 tanquam
2032 4575 2150 4634 dies
2182 4550 2228 4608 υ

585 4689 602 4720 ι
649 4672 900 4724 hesterna
929 4682 1048 4737 qua:
1069 4667 1352 4738 praeteriit.
1385 4666 1450 4720 Et
1471 4665 1801 4735 custodiain
1826 4676 2006 4732 nocte,
2029 4681 2150 4736 quae

585 4782 602 4811 ε
651 4776 746 4829 pro
805 4757 972 4814 nihilo
1018 4758 1306 4823 habentur,
1343 4771 1529 4811 eorum
1586 4757 1713 4811 anui
1764 4764 1943 4810 erunt.
1996 4754 2151 4809 Mane

586 4869 603 4901 ε
647 4851 787 4904 sicut
832 4847 996 4902 herba
1042 4855 1303 4911 transeat,
1334 4862 1494 4901 unane
1541 4845 1730 4902 floreat
1755 4855 1809 4901 et
1855 4853 2093 4900 transeat
2131 4861 2148 4898 :

587 4957 603 4985 c
651 4950 874 5004 vespere
901 4935 1132 5000 decidat,
1167 4935 1380 4990 induret
1409 4942 1464 4989 et
1493 4943 1722 4990 arescat.
1768 4934 1904 5002 Quia
1951 4932 2150 4988 defeci-

587 5047 604 5075 ι
650 5042 766 5081 mus
796 5027 951 5081 inira
975 5034 1085 5090 tua,
1112 5026 1240 5082 etin
1263 5027 1442 5081 furore
1472 5037 1562 5081 tuo
1585 5027 1782 5081 turbati
1806 5041 2014 5081 sumus.
2043 5026 2152 5082 Po-

588 5137 606 5167 σ
653 5119 804 5173 suisti
844 5117 1160 5188 iniquitates
1187 5126 1400 5172 nostras
1433 5117 1487 5172 in
1527 5127 1816 5187 conspectu
1845 5127 1955 5183 tuo,
1988 5133 2154 5174 saecu-

590 5227 608 5257 ι
655 5208 762 5262 lum
791 5218 1031 5262 nostrum
1057 5207 1112 5261 in
1143 5206 1534 5262 illuminatione
1559 5206 1735 5262 vultus
1757 5208 1856 5262 tui.
1888 5209 2151 5275 Quoniam

590 5321 620 5366 σ⁴
654 5317 841 5358 omnes
861 5304 978 5372 dies
1006 5301 1178 5358 nostri
1206 5299 1541 5366 defecerunt,
1569 5308 1626 5355 et
1648 5303 1701 5356 in
1727 5302 1806 5356 ira
1836 5313 1925 5357 tua
1957 5302 2155 5359 defeci-

588 5413 608 5444 α
656 5412 794 5450 mus.
818 5394 958 5449 Anni
989 5393 1159 5448 nostri
1181 5393 1322 5448 sicut
1351 5407 1550 5447 aranea
1580 5395 2006 5460 meditabantur,
2037 5397 2152 5452 dies

594 5503 612 5535 ι
654 5499 916 5538 annorum
943 5493 1270 5548 nostrorum,
1301 5483 1355 5537 in
1387 5483 1518 5554 ipsis
1554 5485 1890 5555 septuaginta
1922 5486 2067 5540 anni.
2095 5485 2152 5541 Si

592 5593 610 5624 ‹
655 5586 833 5628 autem
856 5575 908 5629 in
939 5576 1322 5644 potentatibus,
1347 5575 1616 5645 octoginta
1640 5577 1766 5629 anni
1801 5591 1814 5629 :
1847 5586 1902 5632 et
1925 5577 2156 5646 amplius

592 5682 609 5713 ι
656 5678 842 5719 eorum
886 5663 1040 5720 labor
1063 5676 1117 5720 et
1145 5664 1315 5719 dolor.
1361 5664 1625 5732 Quoniam
1669 5669 1978 5736 supervenit
2005 5684 2155 5722 man-

592 5778 612 5811 ι
657 5761 896 5832 suetudo,
941 5770 995 5817 et
1047 5761 1416 5831 corripiemur.
1452 5759 1582 5826 Quis
1631 5762 1778 5815 novit
1831 5769 2152 5831 potestatem

2237 2035 2458 2107 Moyses
2486 2035 2708 2090 fecisset
2734 2049 2880 2100 eum,
2910 2035 3005 2090 sed
3034 2034 3161 2105 quia
3188 2035 3304 2106 ipse
3323 2050 3420 2090 ens
3447 2034 3697 2090 minister
3722 2033 3833 2090 γε.

2236 2128 2370 2186 teris
2397 2126 2729 2183 Testamenti
2751 2134 2806 2182 et
2837 2126 3105 2198 Propheta
3137 2125 3294 2191 Novi,
3345 2128 3398 2182 in
3427 2128 3544 2196 ipso
3565 2125 3830 2180 ministe-

2237 2219 2321 2274 rio
2362 2218 2620 2275 discrevit
2649 2217 2805 2273 nobis
2832 2216 2999 2272 vitam
3027 2225 3268 2273 veterem
3315 2225 3372 2273 et
3395 2218 3562 2272 vitam
3600 2225 3834 2272 novam.

2237 2312 2415 2368 Vitam
2444 2311 2591 2366 enim
2637 2325 2833 2366 novam
2869 2310 3165 2366 insinuavit
3197 2311 3456 2382 mysterio
3479 2325 3601 2378 suo,
3627 2312 3676 2366 si
3707 2311 3837 2380 epi-

2237 2402 2503 2459 ritualiter
2551 2402 2890 2470 intelligitur.
2943 2400 3024 2456 Ad
3073 2413 3310 2456 veterem
3349 2411 3530 2457 autem
3581 2403 3842 2471 pertinet

2236 2494 2426 2560 vitam,
2471 2492 2517 2548 si
2575 2491 2868 2547 carnaliter
2916 2489 3290 2562 intelligatur:
3321 2500 3378 2546 et
3424 2491 3622 2547 dicitur
3650 2493 3840 2544 oratio

2239 2583 2433 2653 Moysi,
2452 2581 2579 2654 quia
2609 2582 2772 2636 homo
2795 2581 2886 2636 ille
2911 2581 3004 2637 Dei
3031 2581 3250 2637 amabat
3272 2581 3339 2637 ad
3363 2581 3530 2636 Deum
3557 2592 3750 2645 orare,
3779 2589 3843 2634 et

2237 2670 2560 2741 frequenter
2583 2685 2708 2726 cum
2737 2669 2849 2726 Deo
2870 2669 3210 2726 familiariter
3228 2668 3578 2726 confabulari.
3614 2669 3844 2724 Dicitur

2239 2763 2404 2820 etiam
2447 2763 2620 2817 oratio
2649 2761 2876 2816 hominis
2905 2760 3024 2827 Dei,
3047 2776 3153 2816 non
3199 2762 3344 2818 servi
3373 2762 3466 2817 Dei
3494 2777 3510 2817 :
3535 2761 3660 2832 quia
3687 2775 3842 2831 quos

2239 2859 2397 2907 vocat
2422 2853 2492 2906 ad
2519 2851 2688 2906 vitam
2715 2858 2976 2907 aeternam
3001 2849 3285 2917 Dominus,
3324 2864 3432 2907 non
3464 2849 3574 2920 jam
3614 2851 3845 2905 duriter

2242 2950 2394 2998 vocat
2423 2956 2519 2997 eos
2546 2950 2606 2996 ut
2635 2955 2847 3007 servos,
2872 2941 2969 2996 sed
3001 2940 3256 2997 admonet
3277 2952 3336 2996 ut
3361 2940 3498 2998 ﬁlios
3522 2948 3578 2996 et
3595 2940 3842 2995 amicos.

2249 3033 2402 3088 Unde
2447 3031 2577 3086 illud
2627 3048 2641 3084 :
2679 3030 2805 3085 1am
2850 3047 2952 3085 non
2977 3031 3153 3085 dicam
3181 3045 3270 3087 uos
3296 3047 3491 3096 servos,
3511 3030 3602 3086 sed
3628 3031 3844 3084 amicos

2249 3124 2368 3180 Dei.
2401 3124 2708 3196 (Joan..x1)
2762 3123 3062 3179 Audiamus
3084 3138 3214 3194 ergo
3241 3124 3372 3193 quid
3401 3124 3456 3179 in
3482 3125 3581 3179 hoc
3615 3123 3848 3193 psalmo

2168 3197 2223 3262 οι
2242 3214 2628 3286 distinguatur.
2682 3212 2995 3285 Fugiamus,
3025 3225 3379 3284 appetamus:
3419 3213 3686 3286 fugiamus
3715 3227 3848 3283 pa:-

2242 3322 2366 3361 nam
2397 3308 2594 3363 veteris
2615 3307 2870 3374 hominis,
2901 3315 2957 3363 et
2975 3316 3294 3378 appetamus
3325 3307 3556 3380 gloriam
3577 3306 3702 3363 novi
3737 3307 3849 3363 ho-

2242 3396 2423 3450 minis.
2447 3395 2588 3452 Dicit
2613 3408 2792 3451 autem
2824 3396 3092 3467 Propheta
3119 3397 3197 3452 sic
3230 3414 3244 3451 :

2313 3485 2555 3552 Domine,
2587 3487 2847 3557 refugium
2877 3487 3048 3556 {actus
3090 3502 3145 3541 es
3168 3486 3317 3542 nobis
3353 3503 3386 3540 α
3415 3487 3756 3558 generatione
3787 3488 3847 3541 in

2243 3579 2644 3648 generationem.
2688 3577 2852 3644 Quasi
2897 3578 3074 3634 dicat:
3104 3577 3331 3634 Domine
3353 3576 3614 3642 Verbum,
3659 3577 3851 3634 factor

2244 3667 2508 3731 omnium,
2541 3677 2598 3722 tu
2651 3666 2828 3724 factus
2867 3682 2930 3723 es
2975 3668 3132 3724 nobis
3159 3667 3427 3739 refugium
3458 3685 3474 3725 :
3509 3669 3658 3737 quia,
3683 3684 3850 3726 assu-

2247 3757 2441 3812 meudo
2492 3757 2788 3823 hominem,
2835 3768 3044 3814 certum
3084 3758 3281 3814 dedisti
3307 3759 3463 3815 nobis
3493 3759 3561 3814 ad
3599 3768 3655 3816 te
3677 3761 3845 3816 refu-

2247 3850 2426 3920 gium;
2451 3850 2628 3906 ethoc
2653 3866 2682 3905 a
2712 3851 3062 3921 generatione
3089 3851 3320 3918 carnali,
3341 3852 3395 3906 in
3421 3853 3850 3923 generationem

2246 3941 2610 4010 spiritualem,
2628 3943 2754 4011 quia
2775 3942 3036 3998 aeternale
3062 3943 3218 3999 nobis
3248 3959 3308 4000 es
3340 3943 3604 4012 refugium
3636 3954 3733 4000 :et
3777 3947 3853 4002 ad

2249 4039 2302 4086 te
2345 4031 2780 4104 confugientibus
2807 4034 3256 4090 sustentaculum.
3286 4033 3600 4106 Priusquam
3635 4049 3852 4093 montes

2249 4122 2451 4191 ﬁerent,
2504 4133 2596 4176 aut
2650 4124 2970 4192 [armaretur
3015 4135 3156 4179 terra
3203 4137 3250 4180 et
3294 4127 3456 4191 orbis,
3505 4144 3538 4180 α
3565 4127 3765 4182 saeculo
3797 4139 3852 4183 et

2250 4212 2305 4265 in
2348 4210 2598 4266 saeculum
2640 4222 2697 4265 tu
2751 4229 2804 4266 es
2856 4213 3017 4268 Deus.
3072 4214 3238 4279 Ouasi
3281 4216 3426 4270 dicat
3469 4231 3484 4269 :
3529 4215 3720 4272 Merito
3753 4218 3849 4272 di-

2251 4317 2335 4366 co,
2369 4304 2435 4358 ad
2463 4311 2515 4358 te
2542 4303 2980 4374 confugiendum,
3008 4321 3114 4361 non
3140 4306 3208 4362 ad
3231 4308 3536 4373 hominem,
3564 4309 3688 4378 quia
3710 4322 3852 4365 ante

2251 4408 2466 4449 omnem
2501 4403 2806 4449 creaturam
2835 4405 2891 4448 tu
2936 4412 2990 4450 es
3025 4396 3202 4463 Deus;
3242 4413 3348 4452 non
3377 4399 3532 4464 dicit,
3557 4399 3637 4454 Tu
3665 4400 3846 4468 fuisti,

2254 4484 2346 4538 sed
2386 4493 2442 4536 tu
2466 4499 2523 4538 es
2552 4485 2716 4550 Deus,
2739 4485 2864 4555 quia
2901 4502 3004 4540 non
3040 4488 3290 4542 convenit
3324 4487 3510 4553 fuisse,
3538 4490 3626 4546 cui
3657 4496 3850 4548 omnia

2254 4583 2378 4628 sunt
2413 4576 2717 4645 praesentia.
2765 4576 2914 4632 Unde
2955 4578 3184 4648 ipsemet
3225 4597 3238 4633 :
3283 4579 3396 4650 Ego
3437 4597 3554 4636 sum
3592 4585 3684 4653 qui
3719 4601 3848 4639 sum

2256 4663 2452 4734 (Exod.
2491 4666 2593 4736 tu).
2629 4663 2723 4720 Vel
2755 4667 2833 4722 sic
2857 4684 2883 4721 τ
2904 4668 3044 4734 Dixi,
3079 4679 3137 4724 tu
3168 4670 3340 4738 [actus
3372 4687 3426 4724 es
3461 4671 3740 4742 refugium,
3791 4685 3847 4729 et

2256 4764 2436 4810 tamen
2455 4755 2580 4810 licet
2603 4765 2653 4811 te
2674 4756 2876 4810 factum
2898 4755 3192 4826 nominavi,
3216 4768 3272 4812 tu
3293 4775 3346 4814 es
3368 4759 3509 4814 Deus
3527 4762 3844 4832 priusquam

2253 4859 2452 4903 montes
2483 4849 2688 4918 ﬁerent,
2716 4851 2765 4904 id
2800 4858 2905 4914 est,
2938 4850 3250 4920 priusquam
3283 4852 3618 4909 rationabilis
3654 4871 3844 4926 super-

2255 4940 2492 4995 etelestis
2513 4950 2758 4994 creatura
2793 4956 2821 4994 a
2848 4950 2896 4995 te
2920 4942 3096 5006 fieret,
3133 4941 3185 4996 id
3212 4949 3296 4997 est
3313 4943 3620 5012 priusquam
3643 4945 3844 5015 fortna-

2257 5042 2402 5086 retur
2436 5040 2605 5096 terra,
2642 5032 2694 5085 id
2727 5042 2810 5088 est
2851 5033 3030 5097 homo,
3071 5044 3118 5087 et
3157 5034 3472 5104 priusquam
3512 5034 3845 5093 formaretur

2259 5119 2420 5184 orbis,
2445 5120 2497 5174 id
2522 5129 2628 5185 est,
2660 5121 2974 5190 priusquam
3009 5122 3122 5194 ipsa
3158 5131 3300 5177 terra
3331 5123 3631 5180 orbiculata
3668 5127 3839 5190 fieret,

2257 5207 2312 5263 id
2330 5218 2432 5274 est,
2457 5218 2741 5278 antequam
2765 5210 2925 5265 homo
2959 5211 3010 5264 in
3044 5212 3372 5267 abundantia
3405 5214 3668 5268 virtutum
3703 5217 3843 5286 posi-

2260 5305 2347 5354 tus
2378 5307 2524 5354 esset
2547 5317 2559 5351 :
2582 5300 2709 5369 quia
2741 5317 2772 5353 a
2807 5301 2998 5355 steculo
3017 5311 3066 5355 et
3086 5319 3247 5372 usque
3277 5303 3331 5356 in
3362 5305 3638 5370 swculum,
3666 5306 3718 5360 id
3738 5316 3839 5371 est,

2258 5389 2326 5444 ab
2345 5397 2546 5444 aeterno
2564 5401 2620 5445 et
2637 5406 2806 5460 usque
2831 5392 2882 5446 in
2905 5402 3161 5446 aeternum
3183 5403 3239 5446 tu
3261 5410 3312 5447 es
3337 5393 3493 5448 Deus.
3530 5394 3693 5460 Nota,
3717 5399 3840 5467 quia

2257 5483 2311 5535 in
2335 5481 2610 5536 creatione
2631 5484 2942 5553 angelorum
2967 5484 3108 5538 nulla
3134 5486 3408 5554 praecessit
3432 5488 3683 5553 materia,
3708 5490 3840 5544 bene

2256 5585 2377 5625 cum
2409 5572 2628 5637 dixisse,
2661 5573 2963 5640 priusquam
3001 5585 3194 5627 montes
3221 5573 3440 5642 ﬁerent;
3487 5577 3538 5630 in
3563 5579 3840 5633 creatione

2258 5678 2435 5723 autem
2467 5669 2719 5732 hominis,
2755 5671 2880 5739 quia
2919 5677 3061 5722 terra
3104 5670 3329 5724 materia
3369 5673 3665 5740 praecessit,
3709 5673 3839 5726 bene

2258 5762 2410 5827 dixit,
2437 5761 2750 5830 [armaretur
2780 5773 2946 5829 terra,
2975 5761 3102 5830 quia
3133 5771 3256 5817 tunc
3279 5772 3421 5817 terra
3444 5763 3601 5832 quasi
3641 5763 3836 5816 formo-
