3868 5398
122 402 221 463 Gil

1249 394 1784 460 ENARRATIONES
1824 396 1888 452 ΙΝ
1930 397 2267 458 PSALMOS.

3291 402 3397 456 (3:22

118 519 339 571 sitatem
364 516 584 585 recepit,
613 517 826 585 quando
849 517 914 571 ad
934 516 1310 572 cssehominis
1333 496 1558 572 deducta
1591 513 1710 568 iuit.
1740 513 1793 572 Λ
1819 518 1871 563 et
1910 513 2134 567 incurrit
2173 513 2329 567 mala.
2373 513 2592 569 lndurct
2633 516 2684 569 in
2730 518 2967 585 peccatis
3007 518 3149 581 suis,
3183 516 3293 585 jam
3344 517 3399 571 ia

124 605 212 660 Ne
237 618 439 663 avertas
465 607 724 661 hominem
760 608 814 661 in
840 606 1207 661 humilitatem.
1244 604 1444 661 Factus
1477 622 1531 660 es
1567 604 1717 659 nobis

120 698 385 768 refugium
413 711 434 751 :
461 707 519 753 et
556 699 677 753 ideo
708 715 771 753 ne
800 709 1026 765 avertas,
1064 700 1116 754 id
1148 707 1251 765 est,
1287 714 1357 754 ne
1389 699 1558 755 averti
1591 712 1712 768 per-

118 789 329 852 mittas,
352 789 637 854 hominetn,
661 790 711 842 in
744 790 847 844 hoc
877 788 1134 845 subaudis
1166 790 1421 861 positum.
1455 788 1711 844 Avertisti

115 894 266 941 eum,
292 880 583 949 permisisti
608 889 956 949 usurpantem
979 879 1079 935 sibi
1102 894 1295 935 nomen
1317 880 1472 953 quasi
1497 879 1711 935 futurus

117 971 265 1025 Dens
283 980 447 1035 esset,
487 988 551 1025 ne
581 982 781 1025 avertas
803 986 924 1026 eum
966 973 1017 1026 in
1051 972 1373 1028 necessitate
1394 972 1710 1042 dejectionis

114 1078 256 1125 suae,
283 1065 410 1132 quia
438 1064 491 1115 in
514 1063 881 1128 humilitatem,
907 1064 959 1119 id
988 1074 1102 1131 est,
1131 1065 1389 1120 humilem
1415 1079 1476 1120 se
1498 1079 1626 1135 erga
1659 1075 1710 1119 te

115 1153 272 1207 fecit.
327 1154 573 1207 Cessavit
597 1154 740 1207 enim
771 1170 799 1208 a
840 1155 1016 1225 culpa,
1063 1166 1120 1210 et
1165 1156 1286 1212 ideo
1317 1166 1369 1211 tu
1416 1170 1598 1212 cessas
1641 1156 1710 1211 ab

117 1245 227 1296 ira.
260 1243 518 1299 Avertisti
546 1244 746 1299 elatum
768 1286 783 1310 ,
815 1262 882 1301 ne
916 1256 1130 1301 avertas
1170 1262 1293 1302 cum
1330 1246 1704 1314 humiliatum;

115 1334 208 1388 vel
256 1334 385 1388 sic:
431 1332 511 1387 Ne
542 1347 749 1389 avertas
796 1336 1079 1401 hominem,
1123 1338 1174 1392 id
1222 1346 1325 1402 est,
1377 1350 1446 1392 ne
1486 1338 1710 1408 permit-

117 1432 209 1477 tas
250 1424 422 1477 averti
474 1440 505 1478 a
542 1423 874 1481 sublimitate
909 1435 995 1479 tua
1033 1427 1087 1481 in
1116 1427 1484 1494 humilitatem,
1519 1428 1571 1483 id
1604 1437 1707 1494 est,

116 1514 176 1566 in
228 1515 343 1568 huic
381 1514 581 1578 inﬁma,
606 1524 687 1580 ut,
712 1517 912 1571 relictis
947 1517 1274 1584 ctelestibus,
1325 1527 1540 1575 terrena
1582 1534 1711 1575 can-

115 1604 388 1673 cupiscat,
410 1615 465 1660 et
489 1605 607 1661 ideo
629 1606 769 1668 dico,
794 1623 858 1661 ne
877 1618 1102 1673 avertas,
1126 1609 1381 1678 quoniam
1409 1619 1464 1665 tu
1491 1608 1709 1665 dixisti:

116 1694 498 1750 (Sonueitimini
520 1697 587 1750 ad
616 1712 722 1763 me,
751 1697 852 1766 ﬁlii
880 1700 1185 1766 hominum;
1212 1712 1426 1773 etopus
1451 1711 1535 1756 est
1558 1712 1618 1756 ut
1642 1703 1711 1758 ad

120 1796 178 1839 te
203 1795 611 1854 convertantur,
639 1788 765 1857 quia
793 1797 1271 1861 quantumcunque
1302 1791 1469 1845 vitam
1511 1792 1711 1863 longin-

118 1890 248 1929 vam
293 1876 585 1943 duxerint,
622 1887 1101 1950 quantumcunque
1132 1895 1268 1952 opus
1312 1881 1582 1951 prolixum
1627 1897 1713 1939 ex-
1740 1866 1789 1926 Β

119 1966 387 2032 tenditur,
423 1974 601 2022 tamen
624 1969 915 2025 aeternitati
945 1978 1048 2026 tum
1074 1982 1447 2043 comparatum
1474 1972 1607 2028 nihil
1632 1988 1716 2029 re-

120 2058 378 2128 peritur:
410 2059 551 2129 quod
577 2060 726 2127 dicit,
772 2060 1034 2128 Quoniam
1061 2064 1202 2118 mille
1232 2066 1360 2121 anni
1385 2076 1506 2121 ante
1538 2067 1716 2122 oculos

121 2160 247 2205 tuos
267 2160 519 2221 tanquam
536 2153 650 2207 dies
666 2154 907 2209 hesterna
923 2171 1041 2225 qua:
1063 2158 1333 2227 praeteriit.
1354 2157 1520 2225 Quasi.
1541 2160 1717 2217 dicat:

123 2238 257 2295 Ideo
289 2241 412 2296 dico
434 2244 577 2311 quod
606 2245 1028 2300 eonvertendum
1072 2246 1143 2302 sit
1174 2248 1298 2303 {iliis
1341 2248 1621 2305 hominum
1650 2251 1719 2307 ad

124 2340 206 2395 te,
250 2332 507 2401 quoniam
552 2334 680 2389 anni
720 2334 811 2391 isti
860 2339 1210 2408 temporales,
1248 2340 1351 2396 etsi
1396 2340 1558 2407 mille,
1599 2354 1721 2397 ante

122 2422 331 2485 caelos,
375 2422 429 2478 id
474 2432 558 2479 est
594 2428 893 2496 comparati
940 2428 1097 2484 annis
1140 2429 1245 2485 illis
1287 2430 1379 2500 qui
1423 2441 1552 2487 sunt
1594 2441 1720 2487 ante

120 2513 310 2568 oculos
350 2524 489 2582 tuos,
535 2515 588 2570 id
617 2526 723 2583 est,
748 2519 841 2589 qui
888 2520 981 2575 tibi
1027 2520 1261 2589 placent,
1306 2532 1430 2578 sunt
1469 2534 1719 2594 tanquam

120 2602 241 2656 dies
262 2601 505 2656 hesterna
525 2620 642 2673 qua:
660 2605 936 2674 praeteriit,
973 2607 1026 2661 id
1060 2614 1163 2673 est,
1190 2622 1311 2677 qua:
1338 2607 1453 2677 jam
1483 2624 1587 2665 non
1613 2620 1717 2673 est,

119 2693 256 2761 quia
284 2692 468 2748 onmia
511 2695 825 2765 temporalia
865 2707 990 2752 sunt
1028 2707 1287 2769 tanquam
1331 2715 1435 2756 non
1472 2710 1641 2757 sunt:
1671 2714 1719 2757 et

119 2786 372 2840 custodia
393 2788 448 2840 in
471 2798 618 2843 nocte
641 2805 759 2857 qua:
784 2806 882 2859 pro
903 2790 1067 2845 nihilo
1098 2792 1357 2846 habentur
1382 2809 1560 2847 eorum
1592 2795 1720 2848 anni

121 2889 305 2932 erunt.
336 2879 500 2946 Quasi
523 2880 668 2935 dicat
694 2897 708 2935 :
743 2881 1060 2951 Comparavi
1087 2898 1257 2939 annos
1282 2883 1437 2940 istius
1463 2885 1587 2939 vitae
1612 2884 1721 2939 diei

125 2971 434 3038 hesternae,
480 2982 541 3028 ut
568 2982 748 3029 autem
782 2975 959 3030 adhuc
993 2976 1163 3046 magis
1188 2976 1509 3031 transituros
1541 2986 1721 3032 osten-

119 3062 281 3131 dam,
310 3063 432 3117 dico
457 3064 581 3132 quia
603 3063 731 3117 anni
759 3063 847 3118 isti
883 3074 1007 3118 sunt
1033 3065 1176 3119 sicut
1201 3064 1438 3118 custodia
1460 3065 1515 3118 in
1550 3076 1718 3131 nocte,

122 3154 181 3208 id
207 3164 313 3220 est,
351 3164 607 3224 tanquam
636 3164 828 3225 quarta
854 3170 982 3225 pars
1018 3156 1193 3211 noctis
1222 3174 1235 3209 :
1262 3165 1312 3212 et
1337 3156 1513 3211 adhuc
1543 3157 1721 3213 minus

1815 603 2098 671 reproluun
2146 619 2362 658 sensum
2407 604 2636 659 traditus
2681 623 2695 659 :
2738 615 2786 659 et
2830 616 3052 666 (tt‘est‘ttl,
3108 607 3159 659 id
3194 618 3278 660 cst
3312 606 3399 660 ἰιι-

1813 695 1958 749 utilis
2007 696 2128 761 ﬁat,
2181 696 2337 751 sicuti
2389 697 2565 765 pulvis
2599 713 2760 768 quem
2797 714 2905 768 pne
2945 698 3110 752 nimia
3150 699 3401 753 ariditate

1810 784 2022 856 projicit
2074 797 2264 842 ventus
2316 803 2345 842 a
2395 788 2530 843 facie
2589 798 2765 843 terrae.
2822 788 2966 855 Quia
3013 790 3297 858 defecimus
3346 792 3399 845 in

1808 874 1890 928 ira
1936 886 2048 930 tua.
2094 876 2258 943 Quasi
2303 878 2447 933 dicat
2485 898 2498 933 :
2540 878 2719 946 Quare
2759 880 2862 936 hoc
2887 880 3031 935 dicat
3062 892 3120 934 ut
3161 888 3401 935 transeat

1811 980 1969 1022 mane
2016 968 2157 1022 sicut
2196 969 2399 1023 herba?
2444 970 2567 1040 quia
2605 970 2887 1039 defecimus
2924 972 2979 1023 in
3015 972 3132 1035 ira,
3189 971 3238 1025 id
3284 980 3403 1033 est,

1810 1053 1970 1110 talem
2002 1054 2270 1111 defectum
2311 1059 2562 1129 exigebat
2608 1058 2686 1113 ira
2719 1067 2829 1113 tua.
2872 1060 3044 1127 Lunam
3074 1061 3377 1114 commerui

1810 1164 1949 1213 mus,
1987 1148 2117 1219 quia
2158 1150 2273 1205 inec
2324 1152 2505 1206 omnia
2540 1167 2606 1206 ex
2660 1165 2818 1221 pmna
2864 1151 3070 1222 peccati
3119 1153 3401 1215 habemus,

1809 1238 1936 1308 quia
1960 1248 2181 1310 propter
2197 1250 2479 1311 peccatum
2502 1243 2555 1294 in
2581 1242 2659 1295 ira
2680 1252 2773 1297 tut.
2796 1242 3103 1312 defecimus,
3127 1251 3181 1296 et
3203 1243 3403 1297 inﬁrmi

1811 1328 1938 1384 facti
1965 1345 2152 1387 sumus
2175 1346 2190 1385 :
2215 1343 2264 1385 et
2289 1333 2345 1386 in
2375 1332 2662 1401 [uroretuo
2690 1334 2887 1387 turbati
2907 1350 3112 1399 sumus,
3140 1334 3403 1388 intantun.

1809 1418 1953 1488 quod
1979 1418 2347 1475 infirmitatem
2380 1430 2620 1474 nostram
2651 1430 2824 1475 morte
2861 1420 3018 1477 linire
3042 1423 3402 1492 trepidamus.

1812 1512 1878 1566 Et
1926 1514 2055 1581 quia
2098 1512 2429 1577 defecimus,
2460 1528 2527 1568 ex
2575 1515 2677 1569 hoc
2720 1522 2975 1580 constat,
3008 1515 3132 1583 quia
3179 1516 3405 1585 posuisti

1811 1603 2112 1673 iniquitates
2153 1615 2357 1659 nostras
2387 1606 2441 1658 in
2463 1616 2739 1674 conspectu
2766 1616 2887 1672 tuo,
2920 1606 2972 1659 id
3011 1613 3095 1662 est
3129 1608 3270 1675 quod
3300 1623 3405 1661 non

1810 1709 1872 1750 es
1904 1694 2103 1751 oblitus
2128 1706 2470 1766 peccatorum
2516 1705 2845 1762 nostrorum,
2883 1713 3005 1769 quae
3033 1698 3406 1753 commisimus

1815 1788 1867 1843 in
1905 1788 2082 1857 primo
2106 1797 2352 1858 parente,
2387 1797 2441 1843 et
2489 1786 2743 1843 sa'culum
2788 1799 3048 1854 nostrum,
3077 1788 3245 1843 idest
3276 1788 3405 1843 illul

1818 1881 2074 1938 saeculum
2098 1881 2243 1952 quod
2270 1880 2468 1951 nosipsi
2498 1881 2653 1936 nobis
2677 1879 2919 1945 iecimus,
2949 1882 3170 1951 posuisti
3197 1883 3253 1935 in
3280 1881 3405 1933 illu-

1819 1973 2104 2029 ntinatione
2126 1972 2301 2027 vultus
2324 1974 2426 2037 tui,
2473 1973 2526 2027 id
2560 1983 2648 2028 est
2675 1972 2731 2026 in
2758 1972 3007 2029 claritate
3030 1983 3135 2029 tua:
3159 1987 3398 2043 praesen-

1821 2065 1938 2130 tiae,
1977 2063 2068 2120 ubi
2117 2078 2334 2135 semper
2362 2064 2721 2135 conspiceres
2750 2073 2805 2120 et
2835 2079 2934 2120 nos
2978 2066 3131 2135 quasi
3173 2081 3270 2137 pro
3316 2066 3407 2120 ille

1817 2159 2154 2230 corrigeres.
2191 2156 2346 2225 Quod
2388 2156 2612 2213 eﬁ'ectus
2655 2157 2891 2223 indicat,
2934 2159 3181 2229 quoniam
3227 2167 3407 2210 omnes

1818 2251 1932 2306 dies
1958 2250 2195 2322 gentium
2220 2249 2519 2319 defecerunt
2545 2264 2564 2303 :
2589 2258 2644 2303 et
2674 2249 2795 2304 ideo
2818 2258 3044 2318 apparet
3072 2249 3216 2318 quod
3246 2249 3299 2301 in
3328 2250 3408 2300 ira

1820 2353 1915 2399 tua
1940 2342 2248 2412 defecimus,
2281 2342 2333 2397 id
2364 2352 2448 2397 est
2476 2342 2619 2412 quod
2645 2350 2865 2413 propter
2898 2342 3034 2396 iram
3062 2351 3206 2396 tuam
3235 2340 3291 2395 in
3320 2342 3409 2395 dc-

1823 2434 2022 2492 l'ectum
2046 2434 2313 2490 venimus.
2344 2434 2485 2488 Anni
2512 2435 2678 2489 nostri
2703 2435 2835 2488 sicut
2861 2450 3058 2487 aranea
3081 2434 3411 2487 meditaban-

1820 2538 1955 2582 tur:
1981 2528 2093 2581 dies
2143 2541 2403 2580 annorum
2448 2538 2746 2581 nostrorum
2792 2526 2846 2579 in
2886 2525 3035 2596 ipsis,
3080 2524 3411 2595 septuaginta

1821 2620 1969 2674 anui.
2017 2618 2153 2673 Nota
2184 2617 2331 2687 quia,
2364 2618 2504 2672 sicut
2535 2631 2735 2671 aranea
2788 2617 3051 2672 inutiliter
3101 2615 3309 2671 laborat
3356 2616 3411 2669 in

1824 2710 1927 2764 tela
1974 2707 2333 2781 perﬁcienda,
2384 2708 2437 2762 in
2482 2722 2586 2776 qua
2629 2706 2844 2763 tandem
2892 2708 3002 2777 ipsa
3064 2706 3409 2768 interﬁcitur,

1822 2802 1947 2857 huic
1977 2810 2361 2872 comparantur
2402 2800 2528 2855 anni
2581 2799 2779 2866 nostri,
2826 2800 2879 2854 in
2912 2799 3108 2871 quibus
3152 2798 3409 2853 inutiliter

1823 2897 2149 2952 meditamur
2177 2894 2449 2965 quomodo
2482 2903 2695 2949 terrena
2729 2892 3095 2963 acquiramus,
3126 2892 3176 2945 in
3212 2890 3412 2960 quibus

1822 2989 2105 3061 acquisitis
2150 2988 2426 3042 irretimur
2453 2995 2509 3041 et
2549 2986 2616 3040 ad
2666 2995 2892 3040 mortem
2925 2983 3211 3039 trahimur.
3259 2982 3413 3037 Unde

1822 3078 1951 3133 illud
1984 3097 1996 3133 :
2031 3078 2171 3145 Quid
2208 3076 2437 3147 superbit
2468 3086 2607 3129 terra
2636 3084 2684 3129 et
2727 3074 2899 3128 cinis?
2932 3072 3121 3146 (Eccli.
3153 3070 3233 3141 ι.)
3271 3071 3417 3135 Quo-

1825 3171 1966 3225 niam
2006 3171 2058 3223 in
2104 3170 2206 3223 rita
2242 3184 2340 3223 sua
2378 3166 2586 3238 proficit
2633 3166 2817 3220 intima
2844 3182 2942 3219 sua
2983 3164 3107 3218 Dies
3152 3179 3413 3216 annorum

118 3245 331 3311 (licam,
357 3245 482 3299 anni
518 3244 603 3300 isti
634 3257 1007 3312 erunteorum,
1037 3248 1091 3302 id
1117 3258 1218 3313 est,
1247 3249 1543 3318 computati
1580 3249 1715 3303 inter

1825 3270 2140 3314 nostrorum.
2187 3258 2351 3325 Quasi
2388 3259 2578 3312 dicat:
2616 3255 2729 3310 Non
2770 3264 2976 3309 tantum
3028 3254 3155 3308 anui
3205 3253 3409 3315 nostri,

119 3336 221 3390 illa
254 3352 374 3406 aure
400 3352 495 3406 pro
527 3336 693 3391 nihilo
729 3338 1006 3393 habentur.
1044 3338 1185 3395 Ecce
1211 3354 1458 3410 magnam
1484 3340 1724 3395 ostendit

119 3427 513 3498 dejectionem,
552 3443 678 3483 cum
704 3429 944 3484 ostendit
975 3445 1073 3485 nos
1094 3445 1257 3500 agere
1286 3431 1403 3486 dies
1432 3430 1720 3495 ﬁniendos,

117 3528 180 3573 et
205 3533 381 3573 anttos
404 3533 503 3589 pro
528 3517 698 3575 nihilo
718 3519 1012 3575 habendos.
1038 3519 1196 3574 Mane
1215 3523 1349 3575 sicut
1370 3521 1527 3575 herba
1550 3532 1723 3575 trans~

116 3619 237 3672 eat,
271 3626 425 3665 mane
454 3612 642 3681 ﬂoreat
662 3620 711 3666 et
744 3621 998 3678 transeat,
1022 3629 1226 3684 vespere
1245 3614 1474 3679 decidat,
1514 3614 1721 3668 induret

115 3714 171 3756 et
214 3714 437 3758 arescat.
482 3704 626 3760 Ecce
660 3704 928 3776 Propheta
963 3705 1076 3776 jam
1117 3706 1488 3779 aggratulatur
1528 3707 1723 3761 divina:

114 3798 383 3870 iustitiae,
420 3813 542 3869 qum
569 3798 808 3854 vindicat
851 3814 912 3854 se
951 3799 1095 3870 juste
1126 3800 1180 3855 in
1223 3800 1519 3856 hominem.
1556 3797 1721 3865 Quasi

119 3891 319 3945 ditat:
363 3889 499 3944 Luat
539 3892 701 3947 homo
731 3892 874 3961 quod
913 3891 1206 3957 commisit,
1234 3890 1324 3962 qui
1363 3899 1721 3962 perventurus

115 3991 246 4037 erat
277 3982 345 4036 ad
375 3982 729 4038 aeternitatem
756 3983 1026 4053 completa
1056 3983 1384 4049 obedientia,
1409 3981 1722 4051 experiatur

117 4073 552 4141 corruptionem,
583 4072 675 4143 qui
703 4073 901 4128 cecidit
926 4087 1024 4143 per
1052 4073 1409 4144 ignorantiam
1441 4087 1455 4126 :
1487 4082 1721 4126 transeat

116 4179 303 4230 mane,
336 4164 388 4218 id
415 4173 520 4231 est,
556 4164 780 4219 infantia
812 4166 1092 4237 cujusque,
1130 4182 1247 4236 quze
1274 4174 1359 4222 est
1385 4165 1526 4221 sicut
1554 4166 1719 4220 herba

116 4270 248 4323 qua:
293 4271 436 4312 nunc
479 4256 733 4313 videlicet
783 4258 948 4323 viret,
993 4268 1049 4314 et
1091 4275 1215 4316 cras
1257 4268 1464 4315 arescet
1507 4274 1521 4313 :
1568 4275 1720 4313 mane

118 4348 337 4415 floreat,
370 4357 427 4403 et
470 4347 696 4403 infantia
727 4348 781 4403 in
810 4349 1231 4406 adolescentiam
1261 4351 1343 4407 vel
1377 4349 1718 4418 iuventutem

119 4437 333 4501 veniat,
366 4449 412 4492 et
450 4448 704 4506 transeat,
745 4439 818 4495 ibi
848 4440 1242 4497 considerando
1270 4442 1395 4512 quia
1428 4441 1561 4496 nihil
1595 4452 1721 4497 sunt

117 4534 244 4590 dies
277 4536 398 4592 vita:
426 4538 605 4601 istius,
645 4548 691 4592 et
728 4554 932 4605 vespere
955 4540 1185 4605 decidat,
1214 4548 1269 4593 et
1295 4540 1349 4594 in
1380 4548 1712 4595 senectutem

120 4628 310 4689 cadat,
353 4638 400 4682 et
442 4630 648 4684 indurat
690 4630 746 4685 in
789 4632 963 4697 senio,
1008 4642 1057 4685 et
1099 4641 1303 4685 arescat
1347 4632 1399 4686 in
1445 4633 1714 4703 decrepita

122 4730 309 4779 multo,
341 4722 597 4789 quoniam
624 4737 746 4776 cutn
779 4722 969 4793 fatigat
999 4723 1162 4778 tussis
1192 4722 1580 4778 indesinenter.
1622 4723 1718 4777 Vcl

122 4811 209 4865 sic
237 4830 249 4865 :
286 4812 444 4867 Mane
466 4815 651 4883 ﬂoreat
684 4826 732 4869 et
759 4826 1006 4878 transeat,
1041 4832 1244 4886 vespere
1273 4815 1502 4881 decidat,
1532 4817 1583 4871 id
1612 4826 1718 4880 est,

124 4904 180 4954 in
216 4913 551 4959 senectutem
597 4904 876 4960 moriendo
920 4906 1098 4970 cadat,
1144 4917 1191 4961 et
1234 4908 1440 4961 induret
1476 4907 1528 4961 in
1559 4907 1719 4962 cada-

123 5008 293 5057 verc,
338 4994 424 5047 uiti
471 4990 1194 5068 membranuiusmtjusque
1243 4998 1410 5068 rigida
1457 4998 1623 5065 ﬁunt,
1670 5009 1718 5051 et

124 5097 332 5141 arescat
360 5088 412 5142 in
437 5088 669 5158 pulvere.
694 5089 794 5144 Vel
817 5089 924 5144 sic:
951 5090 1109 5146 Mane
1128 5093 1261 5147 sicut
1284 5091 1440 5145 herba
1464 5102 1713 5155 transeat,

127 5187 182 5241 id
215 5196 318 5253 est,
350 5188 596 5245 voluntas
619 5188 885 5258 cujusque
920 5189 1059 5243 bona
1091 5197 1333 5246 transeat
1356 5189 1495 5245 sicut
1524 5189 1715 5252 herba,

124 5286 185 5332 et
216 5293 320 5331 non
358 5279 630 5348 perveniat
676 5278 749 5332 ad
788 5286 967 5332 actmn
1010 5279 1230 5340 bonum.
1262 5277 1522 5335 Voluntas
1561 5291 1719 5333 mane

130 5379 456 5398 nnnnnmnI-uu
508 5379 615 5396 nui-

1828 3353 1878 3407 id
1919 3360 2004 3407 est
2047 3352 2283 3406 diutinus
2338 3350 2490 3405 labor
2543 3358 2726 3403 noster
2772 3348 2876 3402 erit
2930 3346 3164 3409 inutilis,
3210 3344 3304 3399 sed
3360 3353 3417 3396 et

1824 3444 1942 3500 dies
1977 3444 2181 3509 nostri,
2215 3444 2265 3497 id
2294 3450 2380 3498 est
2406 3442 2637 3513 quisque
2664 3441 2814 3495 labor
2838 3449 3021 3495 noster
3049 3439 3154 3494 erit
3184 3436 3410 3497 inutilis,

1824 3532 2005 3588 brevis
2046 3542 2130 3588 est
2168 3540 2221 3588 et
2244 3541 2594 3602 comparatur
2628 3545 2842 3585 aranea:
2867 3537 2922 3585 et
2946 3528 3141 3583 inutili.
3167 3525 3233 3581 In
3266 3527 3414 3596 ipsis,

1822 3623 2153 3692 septuaginta
2200 3623 2345 3675 anni.
2394 3620 2559 3687 Quasi
2586 3620 2728 3674 dicat
2759 3638 2771 3673 :
2804 3618 2939 3687 Quia
2977 3617 3092 3673 dies
3141 3616 3308 3672 nostri
3358 3624 3415 3668 et

1822 3715 1950 3768 anni
1987 3722 2111 3767 sunt
2139 3714 2279 3768 sicut
2302 3727 2520 3776 aranea,
2555 3711 2606 3765 id
2633 3720 2718 3766 ρει
2759 3710 3087 3765 meditantur
3119 3708 3263 3763 sicut
3292 3722 3415 3760 ara-

1824 3821 1944 3869 nea,
1985 3805 2108 3860 ideo
2156 3805 2466 3859 abbreviata
2494 3816 2579 3861 est
2601 3804 2710 3858 vita
2746 3785 2947 3867 nostra,
2983 3800 3125 3872 quod
3176 3800 3229 3854 in
3282 3800 3414 3869 ipsis

1823 3899 2013 3953 diebus
2044 3899 2096 3951 in
2124 3898 2317 3967 quibus
2348 3897 2513 3952 robur
2559 3895 2791 3962 crescit,
2827 3894 3173 3949 inveniuntur
3202 3900 3409 3945 tantum

1822 3992 2154 4060 septuaginta
2193 3990 2352 4055 anni,
2381 4005 2503 4045 cum
2536 3988 2587 4042 in
2614 3989 2723 4043 vita
2768 3997 3175 4041 antecessorum
3204 3995 3422 4038 nostro-

1826 4096 1943 4135 rum
1996 4080 2198 4136 fuerint
2244 4080 2373 4134 anni
2415 4079 2618 4149 plures.
2673 4076 3033 4132 Mathusalem
3081 4075 3226 4129 enim
3279 4074 3415 4126 vixit

1824 4174 2108 4245 nongentis
2134 4181 2188 4229 et
2208 4172 2491 4241 sexaginta
2529 4171 2767 4241 quinque
2797 4169 2957 4224 annis
2985 4165 3136 4237 (Gen.
3166 4167 3241 4236 v).
3276 4164 3411 4219 Nota

1820 4267 1947 4337 quia
1996 4266 2119 4321 licet
2162 4277 2521 4335 praecessores
2552 4261 2721 4316 nostri
2764 4260 3009 4314 eamdem
3041 4271 3257 4326 pennam
3292 4270 3416 4325 pce-

1819 4359 1928 4414 cati
1962 4360 2013 4413 in
2047 4358 2222 4428 primo
2251 4364 2476 4426 parente
2499 4352 2921 4407 commeruerint
2950 4361 3113 4417 quam
3139 4360 3239 4400 nos
3263 4360 3414 4399 com-

1820 4450 2139 4511 meruimus,
2182 4456 2360 4500 tamen
2396 4460 2501 4498 non
2548 4444 2621 4497 ita
2652 4440 3031 4496 dominabatur
3057 4437 3113 4491 in
3150 4435 3230 4490 eis
3273 4435 3414 4489 sicut

1822 4543 1875 4595 in
1908 4540 2079 4603 nobis,
2112 4538 2237 4608 quia
2290 4551 2395 4590 non
2444 4542 2651 4588 tantum
2702 4529 2865 4585 dediti
2919 4528 3137 4581 fuerunt
3183 4525 3417 4580 terrenis

1823 4632 1967 4685 sicut
2013 4645 2112 4684 nos
2140 4642 2344 4682 sumus.
2375 4623 2433 4679 Si
2461 4634 2634 4677 autent
2664 4622 2717 4673 in
2748 4619 3119 4689 potentatibus,
3150 4615 3415 4685 octoginta

1821 4724 1948 4779 anni
1977 4737 1995 4774 :
2023 4722 2220 4776 dicitur
2248 4719 2372 4790 quia
2417 4717 2584 4771 rolmr
2618 4711 2855 4769 hominis
2893 4717 3106 4765 crescat
3127 4721 3300 4775 usque
3347 4706 3416 4757 ad

1820 4814 2161 4886 septuaginta
2210 4824 2401 4872 annos,
2449 4817 2506 4863 et
2551 4806 2630 4862 sic
2677 4811 2785 4857 stat
2829 4815 2999 4869 usque
3044 4799 3111 4853 ad
3142 4796 3419 4886 octoginta

1823 4884 2043 4969 annos,
2101 4910 2156 4957 et
2210 4911 2395 4971 postea
2470 4894 2739 4957 decrescit
2788 4909 2801 4944 :
2847 4890 2990 4960 quod
3042 4888 3200 4945 dicit.
3258 4884 3315 4938 Si
3367 4886 3423 4936 in

1821 5000 2167 5070 potentatibus
2190 4993 2621 5053 considerantur
2648 4984 2795 5046 anui,
2830 4985 2903 5036 ita
2941 4980 3211 5070 videlicet,
3231 4984 3302 5070 ut
3334 4988 3426 5070 ro-I

1822 5061 1926 5143 bur
1958 5106 2065 5145 non
2100 5087 2411 5147 decrescat,
2448 5088 2637 5147 erum
2685 5072 2945 5139 octoginta
2995 5067 3157 5127 anni,
3195 5068 3249 5156 et
3284 5061 3437 5156 quod

1822 5184 2053 5253 amplius
2097 5188 2210 5245 est,
2240 5177 2295 5231 id
2343 5182 2431 5229 est
2482 5172 2661 5261 quod
2707 5167 2950 5228 superest
2977 5155 3451 5261 ‘ultrauoctestutha

1824 5292 2035 5349 annos,
2082 5285 2164 5333 est
2191 5272 2340 5326 labor
2366 5277 2414 5321 et
2453 5243 2652 5339 ἀδιοί-
2688 5267 2867 5313 eorum
2904 5249 2996 5318 qui
3045 5248 3237 5312 agunt,
3264 5243 3458 5289 trans-
