3868 5758
514 316 619 372 633

1141 308 1403 368 REMlGll
1440 309 2084 387 ANTISSIODORENSIE

2186 311 2286 371 PP.
2326 314 2528 373 PARS.
2568 315 2611 372 1.
2651 346 2723 360 -
2760 312 3181 380 EXEGETICA.
3644 332 3724 388 εει

511 428 646 483 tinet
683 422 752 480 ad
779 430 1017 479 veterem
1047 420 1215 476 vitam
1233 461 1249 489 ,
1281 436 1403 493 quae
1431 423 1664 479 volvitur
1691 424 1894 480 circulo
1921 431 2100 496 septe-
2126 436 2172 491 Α
2203 425 2281 481 dit
2310 425 2363 481 in
2384 427 2503 484 istis
2528 430 2782 497 terrenis,
2803 447 2964 502 quam
2999 436 3142 504 quod
3175 433 3290 505 ipsa
3316 432 3533 493 fuerunt
3550 439 3655 495 data
3677 445 3727 499 ad

506 515 647 572 uarii
678 512 890 570 numeri
917 530 929 566 :
958 521 1012 567 et
1048 509 1130 567 sic
1159 527 1447 583 possumus
1478 514 1725 583 accipere
1753 528 1850 584 per
1878 525 2089 584 septua-

504 607 650 678 ginla
698 604 934 660 studium
972 612 1341 667 terrenorum,
1389 605 1531 672 quod
1574 603 1732 669 dicit,
1787 603 1911 673 quia
1963 604 2089 659 anni

506 698 671 753 nostri
698 697 830 753 sicut
857 713 1056 750 aranea
1104 680 1513 762 meditabantur,
1558 695 1679 751 ideo
1717 680 1777 751 in.
1807 696 1931 767 ipsis
1964 703 2092 752 sunt

504 789 858 860 septuaginta,
892 787 944 842 id
987 795 1070 841 est
1118 774 1385 856 appetitus
1418 786 1795 857 temporalimn
1841 802 1960 856 quae
2007 802 2091 844 se-

503 888 651 949 ptem
674 879 882 934 dierum
904 875 1110 932 circulo
1141 869 1415 931 notantur.
1443 875 1580 932 Nota
1612 876 1739 948 quia
1772 876 1910 932 idem
1947 877 2090 933 acci-

502 971 666 1039 pitur,
720 984 813 1040 per
863 968 1205 1040 septuaginta
1256 977 1313 1023 et
1357 978 1595 1039 septem,
1646 970 1747 1025 hac
1786 969 2089 1036 vicinitate,

502 1059 630 1128 quia
657 1058 994 1128 septenarius
1024 1056 1410 1128 multiplicatus
1435 1073 1533 1129 per
1555 1058 1836 1114 denarium
1871 1067 2090 1128 septua-

502 1153 650 1223 ginta
694 1151 863 1216 facit,
900 1159 957 1206 et
997 1151 1101 1207 hoc
1147 1152 1342 1207 iterum
1389 1153 1752 1219 conveniunt,
1782 1152 1908 1223 quia
1947 1151 2090 1208 sicut

500 1246 559 1300 in
602 1245 912 1322 septenario
959 1253 1087 1301 sunt
1125 1254 1332 1316 septem
1371 1246 1559 1316 prima:
1603 1246 1860 1311 unitates,
1916 1244 1990 1299 ita
2032 1253 2089 1300 et

501 1337 556 1392 in
589 1338 928 1408 septuaginta
968 1347 1095 1393 sunt
1118 1349 1323 1409 septem
1355 1338 1610 1395 unitates.
1636 1336 1748 1402 Vel,
1780 1352 1878 1409 per
1910 1346 2089 1407 septe-

499 1432 718 1487 narium
747 1439 937 1503 potest.
962 1430 1135 1499 accipi
1176 1429 1313 1486 inale
1340 1429 1793 1501 sabbatizantinm
1824 1427 2081 1500 studium,

500 1525 623 1580 ideo
651 1526 776 1595 quia
796 1523 990 1594 Judaei,
1021 1524 1218 1581 litterae
1245 1524 1576 1588 insistentes,
1598 1521 1883 1592 septimam
1912 1520 2084 1585 diem,

501 1617 728 1674 Sabbati
781 1617 1046 1682 videlicet,
1087 1617 1449 1685 celebrarunt.
1500 1614 1593 1670 Vel
1638 1624 1818 1685 potest
1862 1612 2036 1682 accipi
2067 1652 2085 1677 ,

498 1725 599 1781 per
642 1710 710 1765 70
761 1710 935 1767 luctus
975 1720 1025 1767 et
1077 1725 1278 1766 maeror
1322 1710 1377 1765 in
1402 1710 1721 1780 captivitate
1760 1721 2081 1765 conversan-

2197 518 2303 576 hoc
2334 529 2394 575 ut
2432 520 2614 579 futura
2665 524 2720 579 in
2750 524 2870 581 istis
2899 527 3283 599 intelligantur,
3316 529 3446 586 illud
3481 530 3619 588 labor
3643 535 3728 601 hic,

2192 622 2239 667 et
2275 612 2428 669 dolor
2473 614 2527 669 in
2576 614 2781 674 futuro.
2824 617 2958 672 Nam
3004 619 3098 690 qui
3138 620 3229 676 hic
3260 620 3503 676 adhaeret
3544 628 3730 681 terrenis

2191 702 2348 759 bonis
2375 703 2529 774 quasi
2563 705 2742 772 veris,
2791 704 3001 762 laborat
3045 722 3144 778 pro
3187 707 3269 763 eis
3308 709 3732 779 acquirendis,et

2191 807 2317 848 cum
2343 792 2411 867 de
2441 794 2543 850 hac
2565 795 2669 850 vita
2696 797 3030 868 migraverit,
3054 799 3157 853 erit
3193 798 3241 853 ei
3282 798 3437 854 dolor
3463 813 3728 871 perpetuus.

2189 886 2258 942 Et
2306 878 2577 958 quomodo
2626 889 2774 946 hoc?
2821 890 2958 958 Quia
3001 892 3348 961 corripiemur
3390 892 3544 963 gravi
3585 908 3730 949 corre-

2188 979 2373 1050 ptione
2398 981 2614 1050 quando
2639 983 2929 1053 supervenit
2955 983 3323 1049 mansuetudo,
3357 983 3409 1043 id
3431 995 3534 1050 est,
3560 987 3732 1054 quando

2196 1073 2480 1141 apparebit
2508 1072 2562 1128 in
2591 1072 2895 1143 majestate,
2938 1074 3186 1130 videlicet
3210 1076 3494 1143 terribilis,
3519 1077 3603 1146 qui
3626 1094 3735 1134 nunc

2189 1161 2440 1236 omnibus
2467 1163 2633 1219 mitis.
2663 1162 2793 1231 Quis
2812 1166 2952 1220 novit
2984 1174 3291 1237 potestatem
3316 1167 3415 1221 ira:
3436 1168 3580 1221 tum?
3604 1167 3732 1235 Quasi

2189 1253 2336 1310 dicat
2360 1272 2373 1308 :
2400 1255 2848 1326 Quandoquidem
2879 1256 2961 1311 ira
2982 1265 3069 1311 tua
3093 1273 3197 1328 qua
3224 1272 3325 1313 nos
3349 1257 3601 1327 corripis,
3623 1268 3735 1313 tanta

2187 1352 2291 1423 est,
2313 1360 2347 1403 ο
2371 1345 2611 1413 Domine,
2638 1346 2760 1418 quis
2787 1355 2872 1404 est
2890 1348 2978 1404 ille
3005 1348 3098 1418 qui
3121 1348 3269 1403 novit
3287 1348 3449 1421 digne
3471 1350 3602 1405 iram
3624 1359 3735 1404 tuan

2188 1445 2487 1508 potentem,
2525 1456 2630 1511 qua
2660 1450 2714 1496 ιιι
2746 1442 3018 1512 parcendo
3046 1443 3226 1513 punis,
3265 1452 3322 1499 et
3352 1445 3624 1514 puniendo
3647 1462 3737 1515 par-

2188 1528 2306 1583 cis?
2342 1529 2623 1586 Pareeudo
2653 1532 2831 1602 parcit
2875 1532 3155 1599 Dominus,
3201 1536 3328 1603 quia
3354 1549 3499 1604 quos
3541 1536 3735 1589 exterius
3814 1524 3815 1527 “

2187 1617 2364 1685 ditat,
2409 1621 2636 1678 interius
2671 1630 2912 1693 escmcat
2957 1640 2970 1677 :
3020 1621 3340 1698 ﬂagellamlo
3386 1625 3605 1694 parcit,
3643 1626 3738 1693 quia

2187 1723 2327 1778 quos
2350 1710 2592 1766 exterius
2620 1711 2866 1767 tribulari
2896 1713 3180 1791 permittit,
3216 1714 3453 1786 interius
3496 1715 3739 1770 invincibio

501 1805 670 1870 tium,
706 1804 956 1873 quoniam
1000 1802 1168 1861 Jmlazi
1202 1818 1299 1874 per
1346 1812 1553 1874 septem
1597 1783 1848 1885 decades,
1892 1799 1946 1869 id
1995 1806 2080 1855 est
2108 1790 2153 1850 Β
2181 1791 2262 1854 les
2289 1800 2560 1865 custodit,
2589 1802 2733 1870 quod
2779 1802 2946 1885 dicit,
2989 1783 3120 1869 Quis
3165 1783 3307 1859 nouit
3346 1813 3649 1874 potestatem
3672 1806 3739 1857 ire

497 1912 596 1966 per
628 1896 698 1952 80
722 1911 893 1952 annos
916 1897 972 1952 in
1010 1896 1231 1963 civitate
1259 1895 1463 1963 detenti
1502 1894 1739 1961 fuerunt,
1772 1880 1862 1949 ubi
1907 1892 2089 1965 praefi-

498 1974 794 2060 gurabatur
840 1990 1017 2065 luctus
1062 1998 1117 2045 et
1161 2003 1366 2045 mmror
1421 1997 1623 2053 noster,
1668 2002 1805 2058 quos
1840 1986 2088 2056 patimur

498 2079 737 2149 quandiu
759 2079 924 2136 vitam
955 2081 1007 2135 in
1034 2081 1138 2136 hoc
1165 2079 1476 2150 septenario
1503 2078 1773 2146 ducimus,
1799 2077 1980 2133 ethoc
2005 2087 2090 2145 est.

498 2174 643 2244 quod
664 2173 814 2238 dicit,
830 2173 881 2226 in
901 2172 1047 2243 ipsis,
1070 2172 1396 2242 septuaginta
1413 2170 1560 2224 anni.
1579 2168 1820 2225 Siautem
1836 2169 1891 2222 in
1909 2178 2089 2238 poten-

500 2265 693 2320 tatibus
712 2281 935 2336 agamus
956 2279 1128 2320 annos
1150 2273 1384 2329 nostros,
1402 2264 1455 2318 id
1471 2263 1616 2318 estsi
1641 2278 1805 2333 regno
1824 2262 2084 2318 etrlorum

500 2356 611 2409 vim
635 2354 923 2421 faciamus,
943 2364 1105 2410 erunt
1128 2354 1466 2425 septuaginta
1488 2353 1635 2408 auiti.
1661 2352 1843 2422 Regulo
1865 2352 1957 2407 Dei
1980 2352 2084 2406 vim

500 2445 753 2513 facimus,
778 2446 994 2517 quando
1014 2444 1322 2501 carnalibus
1336 2443 1621 2500 desideriis
1634 2443 1955 2508 resistimus,
1971 2456 2085 2497 creo

497 2537 723 2592 testibus
735 2537 1093 2593 adltmretnus.
1115 2534 1266 2591 Unde
1282 2534 1429 2600 illud,
1446 2533 1491 2588 A
1516 2532 1989 2607 temporeloanuis
2014 2548 2086 2585 re-

497 2642 658 2697 gnans
684 2624 928 2680 caelorum
968 2626 1069 2680 vim
1112 2626 1343 2695 patitur,
1387 2634 1435 2679 et
1466 2622 1678 2678 violenti
1718 2624 1923 2699 rapiunt
1951 2621 2085 2677 illud

498 2716 714 2787 (Matth.
730 2716 970 2789 xu).Nota
984 2731 1082 2786 per
1096 2716 1357 2791 octoginta
1371 2698 1608 2770 studium
1623 2698 1950 2769 mternOrum
1964 2727 2085 2783 quae

497 2818 688 2864 octavo
700 2808 787 2864 die
800 2824 900 2863 ven
909 2818 1026 2867 tura
1041 2816 1187 2873 sunt,
1203 2809 1257 2862 in
1274 2806 1378 2862 fine
1390 2805 1639 2862 videlicet
1651 2800 1855 2873 mundi,
1870 2806 2085 2876 quando

497 2899 838 2970 septenarius
859 2914 1119 2954 numerus
1134 2897 1351 2953 finietur
1375 2915 1390 2952 :
1405 2896 1514 2963 vel,
1536 2896 1662 2966 quia
1676 2904 1869 2952 octava
1885 2895 1972 2950 die
1988 2895 2086 2951 Do-

495 2992 678 3047 minus
699 2991 1020 3056 resurrexit,
1042 3006 1201 3061 quam
1231 2998 1481 3047 octavam
1509 2989 1651 3045 diem
1671 2988 2003 3045 celebramus
2028 2988 2083 3043 in

497 3083 653 3153 signo
667 3092 906 3139 venturae
919 3081 1322 3146 celebrationis,
1338 3069 1459 3151 quae
1473 3088 1699 3136 ventura
1713 3086 1796 3135 est
1809 3086 1929 3150 post
1943 3093 2086 3135 com-

2187 1900 2315 1957 tuw,
2337 1901 2384 1946 et
2409 1893 2524 1962 quis
2552 1892 2886 1949 dinumerare
2905 1895 3040 1948 iram
3058 1902 3205 1949 tuam
3227 1911 3341 1965 pra:
3363 1897 3558 1950 timore
3578 1895 3740 1960 tuo,ad

2189 1982 2291 2038 hoc
2316 1983 2587 2049 videlicet,
2616 1993 2673 2040 ut
2699 1994 2750 2039 te
2770 1986 2995 2045 timeat:
3019 1987 3104 2044 vel
3121 1988 3257 2043 iram
3282 1998 3435 2043 tuam
3462 2005 3576 2059 prie
3595 1998 3739 2042 (more

2187 2085 2277 2129 tuo
2304 2075 2658 2144 dinumerare,
2688 2078 2741 2134 id
2768 2088 2852 2159 est
2877 2119 2895 2147 ,
2921 2080 3132 2151 copiam
3159 2083 3585 2153 prosperitatum
3607 2097 3734 2154 quam

2187 2168 2245 2222 in
2275 2168 2353 2224 ira
2383 2179 2472 2225 tua
2497 2172 2818 2241 quibusdam
2848 2174 3120 2240 concedis,
3145 2175 3267 2243 quis
3289 2175 3455 2246 digne
3475 2175 3740 2230 dinumerat

2184 2277 2296 2331 pra:
2318 2262 2504 2317 timore
2532 2274 2642 2328 tuo,
2671 2273 3025 2336 utcontparet
3049 2267 3539 2338 videlicetcOpiam
3565 2283 3741 2338 prospe-

2187 2354 2409 2411 ritatum
2457 2372 2682 2414 numero
2728 2358 3064 2428 poenarum?
3114 2358 3251 2413 Nam
3317 2357 3386 2413 ad
3427 2359 3540 2413 hoc
3580 2356 3743 2413 exaltu

2187 2443 2330 2501 Deus
2377 2448 2679 2516 quosdam,
2731 2457 2791 2503 ut
2830 2449 3049 2519 dejiciat
3099 2466 3129 2518 ε,
3162 2457 3219 2505 et
3260 2450 3331 2504 ad
3369 2448 3481 2505 hoc
3524 2448 3742 2519 quosdam

2186 2545 2512 2606 prosperat,
2545 2544 2602 2591 ut
2639 2538 2945 2607 capiantur.
2990 2536 3274 2597 Dexteram
3306 2549 3458 2591 tuens
3504 2537 3579 2591 sic
3605 2547 3744 2589 actm

2186 2627 2293 2697 fac,
2325 2638 2373 2683 et
2403 2629 2637 2684 eruditos
2670 2631 2829 2685 corde
2872 2631 2927 2685 in
2974 2631 3256 2700 sapientia.
3294 2629 3469 2696 Quasi
3502 2630 3671 2685 dicat:
3698 2626 3745 2682 ιι

2185 2717 2564 2788 dignoscemus
2592 2720 2730 2773 iram
2758 2729 2903 2775 tuam
2928 2759 2945 2787 ,
2979 2730 3155 2775 notam
3190 2720 3279 2791 fac
3318 2720 3484 2777 nobis
3517 2721 3745 2776 dexteram

2185 2819 2352 2873 tuam,
2385 2808 2437 2864 id
2462 2818 2567 2874 est,
2594 2808 2790 2865 Filium
2821 2818 2995 2877 tuum,
3025 2811 3106 2867 sic
3126 2810 3401 2876 videlicet,
3430 2820 3497 2866 ut
3516 2826 3635 2868 eum
3654 2810 3745 2865 imi-

2189 2898 2371 2964 tando,
2412 2898 2813 2957 dinumeremus
2854 2902 3168 2955 iramtuam
3201 2916 3314 2970 pra!
3351 2901 3549 2955 timore
3582 2910 3680 2963 tuo,
3703 2906 3745 2952 et

2185 2997 2343 3046 notos
2372 2989 2458 3060 [ac
2506 2992 2664 3049 nobis
2690 2992 2923 3048 eruditos
2952 2992 3107 3048 corde
3145 2994 3204 3047 in
3249 2993 3519 3061 sapientia
3542 3032 3560 3057 ,
3594 2991 3643 3047 id
3665 2997 3742 3051 εει.

2186 3078 2306 3137 illos
2328 3096 2468 3152 quos
2513 3091 2567 3138 tu
2597 3084 2842 3141 exterius
2874 3084 3140 3155 sapientia
3187 3091 3279 3157 tua
3306 3081 3567 3148 erudisti,
3596 3090 3651 3136 ut
3674 3096 3744 3135 εοο

498 3188 718 3243 munem
748 3173 1226 3239 resurrectionem,
1273 3180 1455 3243 potest
1492 3170 1665 3241 accipi
1687 3185 1785 3241 per
1817 3171 2080 3240 octoginta

2186 3189 2305 3229 rum
2346 3150 2601 3246 exemplo
2628 3150 3036 3232 dinumeremus
3066 3190 3187 3247 quae
3231 3152 3626 3230 dinumeranda
3652 3179 3747 3227 sunt

498 3265 736 3321 studium
761 3280 890 3321 vere
918 3264 1392 3321 sabbatizantium.
1422 3262 1562 3338 Nota
1604 3262 1745 3318 idem
1787 3259 1959 3332 accipi
1988 3275 2086 3331 per
2185 3264 2329 3321 inter
2366 3267 2579 3343 copiam
2608 3267 3033 3338 prosperitatum
3061 3275 3120 3322 et
3155 3278 3446 3323 numerum
3476 3276 3747 3335 pataram.

499 3356 784 3426 octoginta,
804 3355 947 3432 quod
970 3368 1067 3426 per
1085 3363 1233 3422 octo,
1257 3353 1376 3410 ideo
1396 3353 1651 3426 quoniam
1674 3369 1740 3409 ex
1762 3361 1885 3409 octo
1905 3353 2085 3423 decies
2182 3353 2338 3421 Quod
2369 3364 2428 3410 ut
2458 3355 2572 3421 ﬁat,
2617 3366 2929 3421 convertere,
2973 3354 3220 3421 Domine,
3251 3370 3548 3426 usquequo,
3586 3353 3638 3408 id
3670 3358 3748 3414 est.

499 3447 853 3516 multiplicato
878 3447 1226 3503 constituitur
1246 3446 1530 3518 octoginta,
1553 3454 1610 3501 et
1629 3444 1770 3501 sicut
1796 3453 1922 3501 octo
1942 3444 1997 3500 in
2025 3458 2086 3501 se
2182 3462 2464 3518 quousque
2477 3462 2612 3518 opus
2631 3458 2714 3503 est
2728 3448 3083 3505 conversione
3099 3455 3189 3502 tua
3210 3464 3226 3501 :
3247 3455 3295 3501 et
3311 3445 3748 3516 deprecobitisesto

499 3538 665 3595 habet
690 3547 815 3595 octo
842 3540 1048 3610 primas
1066 3539 1325 3605 unitatcs,
1353 3540 1427 3595 ita
1458 3538 1719 3610 octoginta
1747 3538 1802 3594 in
1840 3552 1900 3594 se
1921 3536 2084 3593 habet

2186 3560 2340 3614 super
2379 3558 2551 3598 servos
2581 3553 2722 3609 tuos,
2750 3543 2843 3613 qui
2870 3541 3036 3599 fuisti
3062 3540 3360 3596 exorabilis
3391 3554 3562 3609 super
3588 3538 3751 3593 liberos

498 3638 623 3686 octo
649 3632 916 3695 secundas
938 3631 1195 3687 unitates.
1226 3629 1410 3687 Potest
1434 3630 1599 3686 etiam
1629 3629 1801 3700 accipi
1825 3644 1922 3701 per
1940 3638 2082 3684 octo-
2185 3642 2326 3689 tuos.
2357 3633 2514 3701 Quod
2538 3647 2731 3689 revera
2760 3631 2952 3700 facies,
2982 3631 3110 3701 quia
3136 3628 3321 3699 repleti
3352 3644 3566 3693 sumus,
3597 3627 3645 3682 id
3668 3634 3746 3686 est,

497 3723 644 3794 ginta
672 3721 904 3778 felicitas
933 3725 999 3778 ad
1030 3722 1262 3793 patriam
1307 3722 1668 3788 redeuntium,
1698 3721 1955 3793 quoniam
1982 3719 2079 3776 Ju-
2183 3723 2511 3795 replebimur
2533 3737 2704 3789 mane,
2738 3722 2792 3779 id
2817 3734 2922 3788 est,
2944 3727 3225 3799 transacta
3251 3728 3417 3774 nocte
3449 3718 3616 3793 hujus
3635 3716 3748 3776 vita,

499 3814 622 3880 dmi,
653 3815 743 3883 qui
775 3814 976 3869 detenti
1006 3815 1227 3871 fuerunt
1268 3814 1321 3869 in
1368 3815 1711 3886 captivitate,
1743 3830 1843 3886 per
1876 3823 2082 3886 septem
2183 3825 2276 3870 tua
2312 3814 2670 3870 misericordia
2705 3829 2725 3869 :
2755 3822 2804 3869 et
2845 3812 3221 3869 exsultaoimus
3249 3811 3529 3877 exterius,
3556 3818 3604 3864 et
3643 3806 3752 3861 dcit-

499 3904 729 3960 decades
755 3904 831 3977 (id
861 3915 965 3971 est,
990 3920 1087 3975 per
1113 3906 1452 3976 septuaginta
1487 3905 1691 3979 annos)
1720 3906 1923 3977 detenti
1957 3915 2086 3962 sunt
2183 3906 2309 3962 ctuti
2339 3890 2554 3971 sumus,
2583 3906 2636 3961 id
2663 3912 2779 3970 est,
2813 3903 3203 3961 delectabimur
3237 3902 3292 3959 in
3324 3902 3580 3959 interiori
3602 3909 3752 3955 nostro

498 3995 555 4052 iu
578 3996 915 4065 captivitate,
934 4004 993 4051 et
1021 3996 1075 4051 in
1098 4005 1286 4052 octava
1307 3996 1510 4052 decade
1524 3996 1725 4052 reversi
1751 3997 1803 4051 in
1827 3997 2080 4068 patriam,
2182 4000 2239 4054 in
2283 3998 2523 4053 omnibus
2552 3996 2733 4051 diebus
2763 3997 2957 4051 nostris
2984 4035 3000 4060 ,
3051 3995 3244 4052 diebus
3279 3995 3546 4051 videlicet
3586 3992 3749 4063 seuqui-

498 4086 591 4142 ubi
619 4095 805 4158 nostra
839 4085 1080 4143 reversio
1106 4085 1576 4157 praeﬁgurabatur,
1613 4087 1861 4156 quando,
1895 4088 2081 4146 induta
2186 4089 2377 4155 ternis,
2428 4087 2646 4158 quando
2697 4095 2756 4142 te
2810 4086 3117 4141 videbimus
3164 4083 3304 4141 facie
3352 4086 3425 4139 ad
3478 4084 3671 4139 faciem
3712 4078 3751 4149 (Ι

496 4179 928 4236 immortalitatis
955 4178 1159 4246 tunica,
1184 4177 1249 4233 ad
1273 4176 1505 4248 patriam
1534 4188 1907 4235 revertemur:
1938 4181 2083 4252 quod
2182 4180 2308 4237 Cor.
2342 4180 2486 4251 sui.)
2518 4179 2584 4234 Et
2611 4179 2754 4234 unde
2799 4178 2902 4234 hoc
2947 4176 3139 4233 nobis?
3183 4176 3323 4245 Quia
3373 4175 3546 4232 [αἰέλιὶ
3582 4186 3751 4232 unus.

496 4271 648 4336 dicit,
675 4267 736 4326 Si
761 4271 816 4324 in
838 4269 1189 4341 potentotibus
1215 4284 1389 4325 annos
1415 4278 1632 4326 nostros
1654 4285 1900 4341 agamus,
1921 4280 2083 4327 erunt
2184 4274 2238 4331 id
2264 4284 2350 4329 est
2373 4313 2388 4339 ,
2419 4273 2726 4329 lmtabimur
2749 4286 2843 4342 pro
2881 4270 3064 4325 diebus
3099 4269 3288 4341 quibus
3333 4285 3433 4323 nos
3476 4265 3749 4323 humilitati.

495 4364 621 4418 anni
651 4364 820 4420 nostri
843 4352 1136 4434 octoginta,
1179 4362 1234 4419 id
1260 4370 1362 4428 est,
1410 4370 1639 4432 agentur
1671 4372 1798 4435 tunc
1825 4365 1952 4419 anni
1989 4379 2084 4438 no:

496 4453 597 4508 stri
623 4453 677 4508 in
702 4453 882 4509 studio
920 4461 1267 4522 aeternorum,
1293 4452 1379 4509 vel
1419 4453 1475 4507 in
1519 4451 1700 4509 studio
1728 4468 1857 4510 vere
1888 4455 2083 4510 sabba-

496 4543 805 4611 tizantium,
831 4544 916 4600 vel
945 4543 998 4598 in
1044 4542 1302 4600 felicitate
1345 4542 1413 4598 ad
1442 4545 1672 4614 patriam
1702 4544 2079 4614 redeuntium,

495 4636 752 4707 quoniam
783 4636 1090 4707 quicunque
1117 4649 1288 4708 regno
1318 4635 1413 4692 Dei
1447 4636 1558 4692 vim
1587 4635 1741 4703 facit,
1776 4637 1879 4692 hoc
1903 4646 2082 4693 atten-

497 4729 597 4794 dit,
623 4738 680 4784 et
697 4730 839 4799 quod
859 4737 945 4785 est
970 4728 1199 4799 amplius
1218 4744 1407 4786 eorum
1429 4745 1715 4799 annorum,
1744 4732 1798 4788 id
1815 4741 1915 4798 est,
1938 4734 2082 4802 quod

496 4823 729 4894 amplius
756 4822 1132 4880 consideratur
1158 4823 1214 4878 in
1241 4823 1361 4881 istis
1390 4825 1570 4891 annis,
1599 4834 1684 4880 est
1709 4825 1913 4881 sanctis
1933 4825 2083 4880 labor

497 4925 546 4970 et
573 4915 746 4970 dolor.
771 4915 1019 4986 Amplius
1057 4915 1433 4972 consideratur
1458 4918 1511 4972 in
1551 4916 1671 4973 istis
1696 4918 1857 4974 annis
1884 4933 1915 4972 a
1949 4933 2078 4973 san-

497 5006 852 5075 ctis,quando
872 5005 1289 5062 sollicitudinem
1305 5015 1501 5078 gerunt
1524 5022 1622 5078 pro
1637 5007 1723 5063 his
1746 5022 1865 5079 quas
1884 5021 2077 5063 neces-

496 5096 642 5151 saria
672 5105 797 5152 sunt
837 5096 1003 5153 victui
1043 5104 1100 5152 et
1127 5097 1346 5154 vestitui
1372 5137 1387 5164 ,
1417 5098 1616 5169 quibus
1652 5098 1828 5156 nullus
1858 5107 2080 5156 sanctus

497 5201 685 5244 carere
706 5197 913 5259 potest;
938 5189 1034 5263 sed
1052 5188 1132 5245 eis
1152 5187 1303 5242 labor
1321 5203 1420 5260 pro
1441 5188 1638 5244 talibus
1661 5187 2081 5246 sollicitudinem

497 5292 709 5346 gerere,
744 5288 801 5334 et
836 5278 1053 5347 dolent,
1081 5278 1208 5349 quia
1235 5293 1333 5335 eos
1364 5287 1581 5348 oportet
1606 5293 1706 5348 pro
1732 5278 1935 5335 talibus
1962 5293 2082 5334 esse

497 5361 774 5426 sollicitos.
802 5370 900 5427 Vel
924 5372 1082 5427 aliter
1109 5389 1123 5425 :
1153 5370 1307 5439 Quod
1331 5370 1556 5440 amplius
1589 5378 1672 5426 est
1697 5385 1962 5427 annorum
1990 5386 2081 5426 eo-

499 5473 646 5526 rum,
673 5462 727 5518 id
748 5470 852 5529 est,
874 5464 1027 5533 quod
1053 5463 1287 5533 amplius
1305 5460 1537 5520 attendit
1562 5461 1790 5531 quisque
1825 5461 1882 5516 in
1918 5462 2079 5518 annis

500 5554 622 5612 istis
646 5592 665 5620 ,
693 5571 855 5625 quam
888 5558 1033 5627 quod
1068 5544 1184 5614 haec
1223 5557 1540 5629 temporalia
1571 5572 1692 5626 quae
1727 5557 1794 5613 ad
1831 5564 2076 5626 septena~

500 5642 645 5700 rium
672 5647 945 5715 pertinent
964 5687 980 5713 ,
1012 5658 1138 5703 sunt
1166 5648 1474 5704 transitoria
1499 5687 1514 5712 ,
1547 5656 1602 5703 et
1629 5647 1717 5702 illa
1746 5664 1866 5716 quae
1888 5646 2076 5714 futura

2107 4505 2160 4566 D

2183 4366 2238 4422 id
2262 4373 2368 4432 est,
2401 4365 2456 4420 in
2485 4365 2681 4435 quibus
2707 4378 2806 4420 nos
2835 4362 3084 4418 tribulari
3114 4361 3445 4433 permisisti,
3479 4368 3537 4415 et
3567 4374 3658 4429 pro
3679 4372 3753 4408 ar-

2184 4459 2266 4513 nis
2288 4444 2492 4530 quibus
2517 4455 2742 4510 vidimus
2769 4452 2935 4522 mala,
2965 4453 3091 4524 quia
3119 4452 3296 4508 nullus
3324 4451 3401 4505 ibi
3426 4451 3655 4511 hrtatur,
3673 4444 3749 4499 nisi

2185 4549 2277 4620 qui
2302 4546 2391 4604 hic
2415 4545 2704 4601 tribulatur
2730 4559 2747 4602 :
2778 4544 2909 4617 nulli
2932 4544 3107 4615 patria
3134 4549 3218 4597 est
3239 4540 3435 4610 dulcis,
3453 4541 3559 4596 nisi
3583 4539 3661 4609 cui
3682 4554 3750 4605 pr.-

2186 4640 2480 4713 regrinatio
2492 4649 2577 4695 est
2603 4637 2801 4710 gravis.
2820 4636 3035 4707 Respice
3062 4634 3116 4689 in
3134 4649 3309 4690 servos
3330 4643 3451 4695 tuos
3480 4642 3528 4687 et
3553 4634 3604 4685 in
3625 4638 3747 4697 opim

2184 4745 2297 4801 tua,
2327 4743 2373 4788 et
2399 4733 2566 4802 dirige
2593 4731 2733 4801 filios
2760 4745 2962 4785 eorum.
2996 4728 3158 4796 Quasi
3190 4727 3379 4782 dicat:
3420 4725 3492 4781 Ut
3531 4724 3604 4780 ibi
3633 4724 3747 4774 hete-

2181 4838 2325 4889 mur,
2364 4822 2450 4877 hic
2480 4819 2697 4876 interim
2743 4820 2954 4890 reSpice
3000 4818 3060 4873 in
3101 4830 3292 4873 servos
3335 4808 3499 4885 tuos;
3553 4810 3747 4882 respice

2183 4913 2305 4970 dico
2326 4912 2382 4968 in
2407 4924 2571 4982 Opera
2596 4918 2706 4974 tua,
2736 4909 2862 4979 quia
2892 4907 3034 4978 quod
3064 4907 3139 4962 tui
3171 4907 3312 4961 servi
3339 4905 3471 4961 facti
3503 4913 3648 4965 sunt,
3672 4901 3747 4954 hoc

2182 5010 2267 5061 est
2295 5010 2443 5058 tuum
2468 5014 2623 5070 opus,
2659 5013 2766 5054 non
2797 5012 2983 5054 eorum
3007 5037 3024 5064 ,
3055 5003 3111 5052 et
3139 4995 3282 5062 ideo,
3313 4994 3484 5064 dirige
3510 4992 3649 5064 ﬁlios
3679 5003 3747 5043 eo-

2184 5110 2324 5161 rum,
2355 5092 2410 5150 id
2433 5101 2539 5159 est,
2587 5090 2729 5148 bona
2774 5103 2939 5160 opera
2964 5103 3152 5145 eorum
3180 5129 3195 5155 ,
3242 5087 3329 5143 vel
3359 5086 3500 5155 ﬁlios
3524 5127 3543 5153 ,
3574 5086 3629 5140 id
3667 5091 3745 5141 est.

2184 5185 2487 5243 imitatores
2514 5196 2704 5238 eorum
2743 5180 2797 5236 iu
2826 5180 2984 5236 bouis
3010 5168 3286 5251 cperibus,
3332 5185 3390 5233 et
3418 5186 3477 5232 ut
3510 5179 3616 5232 hoc
3643 5174 3746 5233 ﬁat.

2182 5279 2252 5333 sit
2276 5276 2544 5348 splendor,
2585 5275 2639 5332 id
2667 5282 2773 5341 est,
2818 5274 2998 5345 imago
3040 5271 3249 5327 Domini
3286 5269 3384 5325 Dei
3416 5271 3607 5334 nostri,
3637 5265 3747 5322 ratio

2186 5377 2372 5424 nostra
2395 5367 2667 5433 videlicet,
2697 5382 2794 5437 per
2819 5380 2980 5436 quam
3026 5379 3149 5420 eum
3179 5361 3465 5433 imaginari
3490 5360 3745 5415 debemus,

2186 5460 2276 5514 illa
2303 5461 2373 5516 sit
2418 5476 2575 5531 super
2600 5476 2717 5525 nos,
2743 5458 2796 5514 id
2821 5466 2926 5524 est,
2958 5457 3267 5512 dominetur
3306 5453 3464 5509 nobis
3487 5492 3505 5519 ,
3538 5468 3643 5508 non
3673 5447 3745 5502 de-

2184 5550 2451 5622 primatur
2470 5566 2501 5605 a
2529 5549 2899 5607 sensualitate.
2931 5546 2997 5601 Et
3020 5563 3173 5618 Opera
3194 5561 3447 5625 manuum
3470 5552 3743 5599 nostrarum

2185 5634 2358 5716 dirige
2377 5660 2534 5715 super
2563 5660 2682 5708 nos,
2713 5650 2772 5697 ut
2795 5643 2862 5698 ad
2888 5655 3122 5711 superna
3151 5637 3407 5694 videlicet
3437 5636 3689 5697 tendant,
3708 5637 3747 5687 et

3139 5736 3223 5758 Ω--
3249 5744 3262 5752 ι
3321 5733 3379 5758 Ir.
3431 5735 3559 5758 4.--:_
3592 5746 3629 5758 Α
3647 5733 3743 5758 ..κζ-
