3868 5708
110 448 230 506 635

1251 453 1782 513 ENAthATlONES
1819 457 1886 512 IN
1926 457 2257 516 PSALMOS.

3276 463 3381 518 616

107 575 292 630 opera
318 561 458 619 bona
490 581 654 622 unum
702 567 903 625 debent
932 585 1053 627 esse
1085 572 1138 626 in
1188 574 1367 628 radice
1401 576 1704 638 charitatis,
1739 580 1780 638 Α
1813 575 1906 629 Dei
1941 576 2053 630 cali
2081 575 2503 630 commorabitur.
2537 575 2698 642 Quasi
2741 575 2884 631 dicat
2913 594 2925 630 :
2959 575 3235 631 Praecessit
3265 580 3384 648 qni-

109 651 247 708 ideo
278 662 335 709 et
364 656 713 728 singulariter
737 660 869 715 dicit
899 679 910 714 :
947 661 1016 716 Et
1051 680 1099 730 οι
1120 681 1181 717 us
1222 681 1472 720 manuum
1505 679 1714 721 nostru-

107 757 241 796 rum
277 745 464 816 dirige.
497 747 657 814 Quasi
700 750 889 805 dicat:
933 750 1024 806 Sic
1066 753 1267 823 dirigas
1309 771 1471 824 opera
1504 766 1706 818 nostra,

107 837 231 892 sint
278 855 443 897 unum
484 857 653 913 opus,
695 846 748 900 id
788 855 906 912 est,
951 847 1019 902 ad
1045 864 1211 902 unum
1243 849 1402 903 linem
1431 850 1712 904 cbaritatis

109 931 377 989 tendant.

689 1031 1008 1091 PSALMUS
1047 1035 1158 1091 XC.

553 1137 686 1178 LAUS
719 1139 931 1180 CANTICI
971 1143 1069 1181 IPSI
1111 1142 1288 1182 DAVID.

190 1225 213 1258 ι
266 1208 371 1276 Qui
419 1211 626 1268 habitat
679 1216 732 1271 in
783 1218 1050 1288 adjutorio
1095 1219 1396 1283 Altissimi,
1434 1220 1489 1274 in
1534 1228 1715 1290 prote-

113 1315 134 1346 ι
189 1299 379 1355 ctione
401 1301 491 1356 Dei
517 1304 635 1358 creli
661 1309 1102 1374 commorabitur,
1135 1310 1284 1364 Dicet
1311 1310 1536 1364 Domino
1568 1329 1581 1364 :
1616 1310 1716 1366 Su-

115 1406 136 1438 s
187 1398 387 1458 ceptor
407 1408 556 1449 meus
575 1410 634 1452 es
657 1406 729 1461 ιιι,
761 1407 817 1452 et
845 1398 1106 1469 refugium
1138 1415 1313 1455 meum
1339 1419 1352 1454 :
1381 1401 1520 1456 Dens
1541 1417 1713 1466 mens,

113 1497 133 1528 ι
185 1482 431 1550 sperabo
463 1485 514 1538 in
543 1500 690 1540 eutn.
720 1488 984 1554 Quoniam
1015 1491 1128 1558 ipse
1157 1490 1404 1546 liberabit
1431 1509 1516 1548 me
1544 1493 1610 1547 de
1639 1493 1716 1546 la-

112 1587 132 1620 ι
187 1585 342 1638 queo
371 1576 704 1640 venantium,
736 1586 790 1631 et
820 1593 848 1631 a
877 1579 1041 1634 verbo
1076 1595 1290 1649 aspero.
1326 1581 1574 1651 Scapulis
1600 1583 1713 1637 suis

114 1679 134 1710 ι
185 1663 546 1718 obumbrabit
567 1667 680 1731 tibi,
705 1679 761 1722 et
783 1667 882 1722 sub
909 1670 1099 1738 pennis
1119 1671 1235 1741 ejus
1257 1673 1520 1742 sperabis.
1548 1673 1713 1728 Scuto

113 1772 133 1803 ι
186 1753 559 1811 circumdabit
589 1767 641 1812 te
667 1759 863 1815 veritas
891 1760 1028 1828 ejus,
1074 1779 1179 1818 non
1210 1764 1425 1819 timebis
1463 1782 1491 1819 a
1521 1767 1712 1823 timore

113 1864 134 1895 ι
189 1857 484 1904 nocturno.
514 1850 558 1904 Α
595 1852 789 1921 sagitta
821 1852 1032 1915 volante
1063 1855 1112 1909 in
1141 1857 1252 1920 die,
1288 1872 1316 1911 a
1343 1860 1557 1929 negotio
1587 1875 1712 1928 per-

1809 663 1934 720 dam
1972 666 2023 720 in
2056 667 2291 720 humano
2319 681 2537 737 genere,
2568 667 2775 738 positus
2807 667 2858 721 in
2903 667 3230 722 abundantia
3275 669 3385 722 vir-

1811 763 2013 821 tutum;
2055 757 2148 810 sed
2175 756 2227 809 in
2273 770 2331 811 se
2370 757 2646 812 conlidens
2672 797 2687 822 ,
2727 773 2831 812 non
2861 757 3193 827 permansit:
3224 758 3385 812 homo

1811 858 1989 901 autem
2028 847 2310 910 secundus,
2339 849 2429 918 qui
2456 858 2714 904 venturus
2752 860 2858 914 est,
2889 851 3170 915 halitabit,
3204 851 3255 906 id
3280 861 3384 912 est,

1813 937 1864 991 in
1891 937 2192 992 obedientia
2214 939 2602 1008 perseverabit,
2627 954 2732 994 non
2759 939 2811 994 in
2843 955 2940 993 suo
2965 938 3231 1007 adjutorio
3257 955 3392 994 con-
3479 973 3482 977 -

1811 1028 1980 1082 ﬁdens
2007 1038 2067 1082 ut
2090 1028 2284 1092 Adam,
2312 1030 2406 1085 sed
2433 1029 2486 1083 in
2511 1029 2776 1099 atljutorio
2803 1029 3078 1093 Altissimt“,
3110 1042 3165 1084 et
3187 1030 3309 1085 ideo
3333 1030 3408 1082 ῐιιέ

1810 1120 2124 1187 protectione
2149 1118 2265 1184 Dei,
2309 1135 2414 1173 non
2441 1119 2852 1191 qualiscunque,
2880 1121 2974 1175 sed
3005 1119 3118 1174 caeli
3152 1136 3386 1173 commo-

1813 1210 2032 1277 rabitur,
2065 1211 2116 1265 id
2139 1219 2252 1275 est,
2280 1211 2438 1265 simul
2469 1213 2772 1266 morabitur
2799 1212 3025 1267 interius
3059 1210 3304 1266 videlicet
3334 1221 3409 1266 er

1812 1301 2081 1364 exterius,
2119 1300 2244 1370 quia
2290 1316 2390 1355 nec
2430 1301 2757 1372 cogitatione
2801 1317 2830 1356 a
2879 1303 3107 1357 Domino
3145 1302 3257 1357 Deo
3292 1317 3412 1356 sutr-

1812 1390 2169 1458 apostatabit;
2197 1389 2284 1445 hic
2305 1389 2426 1446 talis
2443 1391 2584 1444 dicet
2596 1389 2818 1445 Domino
2836 1407 2856 1446 :
2878 1390 3160 1460 Susceptor
3172 1408 3314 1446 meus
3336 1408 3388 1444 es
3402 1414 3409 1425 -·

1813 1489 1893 1544 tu,
1921 1478 1972 1532 id
2000 1487 2113 1543 est,
2135 1478 2390 1535 defensor
2415 1494 2597 1545 mens,
2631 1491 2677 1534 et
2721 1479 2975 1550 refugium
3016 1496 3209 1544 meum,
3248 1479 3409 1533 Deus-

1812 1586 1979 1635 meus,
2005 1585 2109 1624 non
2132 1584 2233 1641 ego
2256 1571 2385 1624 mihi
2413 1571 2574 1634 Deus,
2593 1579 2651 1625 ut
2670 1571 2858 1634 Adam,
2877 1570 3080 1639 quisibi
3097 1569 3394 1625 voluitesse

1813 1660 1986 1724 Deus,
2033 1659 2136 1714 hoc
2171 1660 2315 1714 dicet
2371 1661 2616 1723 Domino.
2658 1659 2800 1715 dicet
2847 1661 2914 1714 ad
2960 1661 3394 1716 exhortationem

1813 1753 2040 1823 proximi
2067 1771 2080 1807 :
2112 1750 2328 1823 sperabo
2359 1754 2410 1806 in
2437 1770 2584 1815 eum,
2618 1763 2672 1808 et
2699 1754 2800 1808 hoc
2849 1754 2970 1808 ideo
3006 1753 3252 1823 quoniam
3289 1751 3397 1821 ipse

1813 1847 2060 1902 liberavit
2089 1863 2170 1900 me
2193 1848 2246 1901 in
2279 1847 2414 1901 meis
2449 1848 2512 1900 de
2545 1847 2729 1917 laqueo
2758 1849 3058 1902 venantium
3101 1859 3148 1903 et
3181 1865 3211 1902 a
3245 1846 3394 1902 verba

114 1956 133 1986 ι
183 1939 504 1994 ambulante
553 1942 608 1995 in
655 1945 931 2008 tenebris,
973 1949 1040 2001 ab
1087 1947 1302 2004 incursu
1348 1957 1404 2005 et
1441 1951 1708 2007 d:emonio

1812 1953 2013 2006 aspero.
2045 1938 2343 1992 V'enatores
2377 1939 2461 1992 isti
2499 1949 2624 1993 sunt
2669 1939 2913 1994 diabolus
2949 1949 3003 1994 et
3055 1937 3230 2008 angeli
3277 1935 3395 2004 ejus

117 2046 137 2079 ι
191 2029 524 2085 meridiano.
573 2029 779 2088 Cadent
808 2051 836 2087 a
871 2035 1041 2092 latere
1089 2046 1177 2092 tuo
1209 2039 1388 2106 mille,
1429 2051 1484 2095 et
1520 2045 1706 2097 decem

113 2135 133 2168 ι
188 2119 366 2173 millia
398 2136 429 2174 a
456 2123 660 2178 dextris
691 2126 818 2190 tuis,
851 2128 917 2181 ad
965 2138 1017 2182 te
1052 2139 1230 2184 autem
1263 2145 1369 2185 non
1419 2135 1708 2204 appropin—

114 2229 136 2261 ι
186 2212 407 2280 quabit.
438 2213 820 2272 Verumtamen
869 2219 1042 2275 oculis
1091 2222 1196 2276 tuis
1231 2224 1617 2288 considerabis,
1653 2237 1710 2281 et

112 2321 132 2351 ι
191 2303 610 2360 retributionem
641 2318 980 2378 peccatorum
1005 2311 1228 2366 videbis.
1257 2313 1521 2380 Quoniam
1551 2327 1604 2370 tu
1629 2333 1709 2383 es,

113 2412 136 2443 ε
191 2393 425 2449 Domine
451 2434 466 2459 ,
499 2412 622 2466 spes
654 2413 792 2464 utea,
833 2400 1152 2455 altissimum
1187 2404 1409 2472 posuisti
1446 2405 1709 2477 refugium

113 2502 134 2534 ι
187 2492 366 2538 ιιιιιιιι.
392 2485 506 2540 Νοιι
537 2490 759 2544 accedet
791 2492 858 2544 ad
887 2500 938 2544 te
965 2491 1187 2559 malum,
1216 2503 1271 2548 et
1307 2494 1573 2565 flagellum
1606 2514 1710 2552 non

114 2594 136 2626 ι
184 2579 648 2660 appropinquabit
679 2582 1026 2637 tabernaculo
1063 2593 1170 2638 tuo.
1203 2585 1468 2652 Quoniam
1510 2590 1713 2660 angelis

113 2684 137 2717 ε
185 2657 304 2722 suis
338 2672 617 2725 mandavit
644 2673 710 2726 de
754 2681 824 2734 te,
859 2683 917 2726 ut
946 2676 1255 2730 custodiant
1282 2686 1332 2732 te
1364 2679 1417 2732 in
1463 2657 1712 2736 omnibus

59 2797 68 2804 .
115 2774 139 2807 ι
195 2756 303 2811 viis
320 2759 519 2814 tuian
539 2762 785 2816 manibus
805 2765 1184 2832 portabuntle,
1215 2783 1280 2822 ne
1303 2767 1442 2824 forte
1469 2771 1710 2830 oll‘endas

114 2867 138 2899 α
188 2848 258 2903 ad
287 2849 522 2920 lapidem
551 2853 738 2923 pedem
773 2865 943 2908 tuum.
973 2855 1150 2926 Super
1188 2859 1426 2929 aspidem
1469 2873 1525 2917 et
1567 2865 1710 2920 basi-

115 2960 137 2991 ι
190 2941 387 2996 liscum
428 2945 766 3011 ambulabis,
797 2956 851 3001 et
875 2949 1220 3006 conenleabis
1261 2951 1468 3008 leonem
1507 2963 1562 3010 et
1588 2957 1710 3012 dra-

117 3053 138 3085 ι
189 3050 403 3090 cenem.
437 3037 701 3104 Quoniam
743 3040 795 3094 in
830 3056 915 3096 me
955 3043 1223 3111 speravit,
1269 3043 1508 3100 liberabo
1543 3063 1665 3102 eum
1695 3089 1710 3114 ,

117 3143 139 3176 σ
191 3135 475 3197 protegam
507 3145 652 3195 eum,
679 3132 932 3200 quoniam
974 3133 1230 3203 cognovit
1274 3151 1474 3192 nomen
1506 3154 1706 3193 meum.

120 3234 142 3266 ‹
189 3217 463 3273 Clamavit
492 3220 558 3273 ad
586 3237 691 3284 me,
718 3231 773 3276 et
795 3237 894 3293 ego
923 3224 1208 3277 exaudiam
1238 3239 1360 3280 eum
1390 3244 1404 3280 :
1437 3243 1556 3281 Clllll
1593 3229 1710 3298 ipso

119 3325 140 3356 ε
190 3321 314 3360 sum
345 3308 396 3361 in
428 3309 807 3375 tribulatione,
845 3312 1069 3380 eripiam
1118 3327 1240 3367 eum
1270 3354 1284 3379 ,
1314 3324 1371 3369 et
1403 3315 1714 3386 gloriﬁcabo

119 3417 142 3448 ι
191 3411 342 3452 eum.
377 3399 738 3470 Longitudine
768 3403 978 3457 dierqu
1011 3403 1232 3473 replebo
1261 3420 1384 3459 eum
1410 3447 1424 3473 ,
1456 3419 1510 3464 et
1537 3419 1716 3465 osten-

116 3508 136 3540 ι
189 3490 317 3544 dam
347 3490 421 3545 illi
453 3490 686 3547 salutare
715 3509 914 3548 meum.
957 3517 976 3547 ι

687 3584 1142 3642 ΕΝΛΒΒΛΤΙΟ.

185 3670 477 3728 Canticum
518 3677 736 3744 ponitur
765 3693 862 3746 pro
891 3681 1274 3736 exsultatione.
1319 3682 1425 3740 Sed
1452 3684 1576 3754 quia
1621 3701 1714 3740 ne-

107 3777 225 3833 que
283 3765 336 3818 in
387 3765 494 3820 hoc
527 3766 736 3836 psalmo
785 3769 979 3838 aliquis
1008 3771 1170 3827 vellet
1212 3774 1486 3830 exsultare
1517 3776 1583 3831 de
1617 3779 1715 3831 lm-

108 3869 282 3908 mana
337 3856 691 3924 infirmitate,
741 3861 1046 3929 appositum
1093 3872 1178 3919 est
1218 3863 1334 3919 laus
1371 3868 1562 3921 cantici
1588 3909 1601 3931 ,
1654 3877 1711 3922 ιιι

105 3947 386 4002 laudabile
421 3950 692 4006 canticmn
741 3953 1052 4024 intelligatis
1080 3995 1095 4021 ,
1149 3958 1418 4012 canticum
1460 3960 1712 4015 videlicet

105 4041 264 4111 quod
301 4043 534 4111 pertinet
562 4044 628 4099 ad
675 4045 911 4099 divinam
953 4047 1229 4114 virtutem,
1263 4058 1315 4104 et
1358 4066 1462 4104 non
1508 4053 1572 4106 ad
1613 4053 1711 4107 Ιιιι-

105 4149 334 4188 mauam
365 4134 753 4192 inﬁrmitatem.
787 4137 920 4192 Nam
951 4139 1217 4210 Propheta
1246 4181 1260 4205 ,
1290 4143 1431 4197 sient
1458 4145 1706 4198 incarna-

103 4227 322 4280 tionem
358 4227 590 4294 Domini,
643 4241 874 4285 mortem
923 4241 978 4287 et
1027 4237 1479 4290 resurrectionem
1517 4239 1708 4306 praevi-

104 4320 293 4382 dens,
339 4322 404 4375 ad
453 4323 864 4379 instructionem
905 4328 1147 4381 omnium
1196 4329 1370 4394 dixit,
1420 4330 1490 4385 ita
1542 4332 1705 4387 etiam

101 4410 420 4480 praevidens
459 4413 576 4482 ejus
615 4415 1012 4482 tentationem,
1063 4419 1274 4487 aperuit
1321 4434 1438 4473 eam
1497 4422 1562 4475 ad
1611 4438 1706 4476 no-

102 4509 284 4555 stram
317 4503 628 4570 utilitatem,
659 4515 736 4570 ut,
761 4522 860 4577 per
893 4507 1008 4576 ejus
1037 4511 1388 4565 tentationem
1431 4513 1700 4580 instructi,

104 4607 222 4647 non
249 4597 504 4650 cedamus
533 4600 809 4665 tentatori,
839 4601 973 4655 nihil
1001 4609 1178 4657 tamen
1214 4603 1280 4658 de
1317 4605 1472 4660 nobis
1504 4623 1698 4677 pt'a35tt-
1733 4629 1782 4688 υ

102 4691 366 4748 mentes,
417 4685 511 4740 sed
565 4695 734 4742 totum
781 4690 970 4760 gratia:
1009 4707 1119 4746 sua:
1173 4695 1547 4750 attrilmentes.
1591 4696 1704 4752 lloc

99 4772 258 4826 enim
289 4775 598 4844 exemplum
628 4777 950 4837 humilitatis
982 4781 1202 4853 reliquit
1238 4785 1418 4850 nobis,
1447 4788 1593 4856 quia,
1636 4789 1701 4842 li-

97 4871 195 4916 cet
235 4875 380 4919 esset
422 4866 585 4922 homo
631 4868 885 4927 immunis
927 4887 957 4926 a
1005 4883 1228 4943 peccato
1254 4917 1267 4941 ,
1309 4875 1434 4931 licet
1464 4878 1698 4933 Verbum

97 4957 288 5014 Patris
319 4963 682 5030 personaliter
705 4974 850 5020 esset
875 4967 1104 5034 unitum,
1149 4985 1252 5023 non
1287 4979 1464 5027 tamen
1496 4974 1560 5027 ad
1587 4974 1702 5027 vin-
1748 5010 1760 5024 .

95 5051 308 5106 dictam
343 5060 534 5107 contra
571 5064 873 5112 tentatores
924 5058 1236 5114 insurrexit.
1285 5060 1421 5126 Sed,
1462 5078 1582 5117 eum
1623 5062 1704 5115 di-

92 5150 249 5196 ctum
274 5153 362 5196 est
388 5142 488 5196 sibi
511 5161 523 5198 :
546 5143 874 5200 Dwmonium
900 5148 1077 5214 habes,
1095 5151 1370 5206 humiliter
1394 5154 1700 5224 respondit:

91 5235 443 5289 Da'mauium
511 5255 609 5308 non
667 5237 834 5293 habeo
885 5239 1091 5309 (loau.
1156 5244 1308 5314 vnt).
1373 5243 1490 5315 Ipse
1537 5247 1701 5304 etiam

91 5335 344 5381 tentatus
374 5333 463 5380 est
486 5367 499 5386 .
532 5328 692 5399 idque
743 5329 862 5386 ideo
894 5347 961 5388 ne
1009 5349 1037 5386 a
1089 5343 1354 5389 tentatore
1388 5337 1700 5393 vinceretur

1811 2027 1903 2098 qui
1941 2043 2178 2097 semper,
2207 2030 2362 2098 quasi
2404 2031 2669 2093 venando,
2726 2030 2996 2084 hominem
3037 2030 3397 2098 insequuntur

1812 2131 1869 2176 ut
1913 2121 2156 2190 capiant;
2213 2121 2440 2174 tendunt
2487 2122 2649 2175 etiam
2691 2122 2792 2176 sibi
2829 2122 3047 2191 laqueos
3075 2121 3269 2191 quibus
3298 2136 3404 2174 ca--

1812 2216 2044 2282 piantur.
2092 2212 2224 2265 Nam
2278 2212 2516 2282 suggerit
2559 2212 2607 2264 ei
2655 2226 2895 2266 amorem
2935 2222 2992 2266 et
3039 2213 3402 2282 cupiditatem

1814 2322 1994 2361 rerum
2034 2304 2438 2374 temporalium,
2485 2305 2577 2358 sed
2624 2304 2882 2358 Dominus
2930 2305 2998 2358 ab
3047 2304 3133 2358 bis
3189 2303 3398 2372 laqueis

1812 2413 1939 2454 suos
1987 2397 2179 2453 liberat
2205 2438 2218 2462 ,
2263 2398 2440 2451 dando
2491 2397 2571 2452 eis
2615 2404 2673 2451 ut
2715 2396 2964 2450 claudant
2991 2397 3189 2450 ostium
3219 2395 3411 2450 cordis

1813 2500 2000 2546 contra
2052 2491 2446 2561 suggestionem
2495 2467 2823 2560 cupiditatis.
2875 2487 3008 2542 Nota
3057 2489 3181 2557 quia
3223 2485 3407 2541 solent

1814 2585 1988 2654 laquei
2019 2593 2073 2637 et
2127 2583 2262 2636 retia
2313 2583 2456 2636 tendi
2507 2597 2612 2635 non
2663 2583 2714 2636 in
2753 2583 2861 2645 via,
2904 2582 2998 2635 sed
3032 2578 3185 2648 juxta
3215 2579 3356 2632 viam
3381 2617 3405 2642 ,

1814 2677 1886 2730 ita
1938 2673 2187 2728 diabolus
2235 2673 2338 2727 illis
2367 2673 2458 2742 qni
2493 2681 2618 2726 sunt
2651 2673 2700 2724 in
2733 2673 2841 2734 via,
2885 2671 2936 2725 id
2973 2678 3055 2724 est
3085 2670 3174 2739 qni
3222 2668 3400 2739 perfe-

1812 2779 1899 2822 cte
1957 2766 2174 2820 Christo
2240 2766 2549 2829 adiutarent,
2583 2780 2686 2818 non
2738 2763 2906 2818 tendit
2955 2762 3230 2830 laqueum,
3273 2763 3399 2830 quia

1813 2857 2062 2912 Christus
2100 2857 2218 2910 illos
2259 2856 2407 2910 ducit
2438 2872 2534 2925 per
2587 2870 2644 2908 se
2677 2856 2816 2908 viam
2860 2855 2926 2907 ad
2973 2868 3030 2907 se
3064 2854 3258 2918 vitam;
3295 2853 3399 2907 illis

1814 2961 1942 3001 vero
1970 2947 2058 3017 qui
2088 2944 2388 3012 suntjuxta
2423 2946 2584 3011 viam,
2626 2945 2788 3000 id-est
2829 2945 3007 2999 minus
3039 2945 3091 2998 in
3143 2945 3246 2998 ﬁde
3277 2959 3408 3014 per-'

1814 3039 1990 3103 fectis,
2043 3041 2280 3094 tenditur
2319 3049 2430 3095 rete
2476 3049 2535 3093 ιιι
2579 3039 2878 3108 capiantur,
2913 3041 3054 3108 quos’
3079 3046 3261 3091 tamen
3296 3038 3401 3090 Do-

1813 3135 1995 3190 minus
2045 3134 2255 3197 liberal,
2285 3134 2534 3188 ducendo
2581 3147 2674 3187 eos
2720 3133 2784 3186 ad
2815 3133 3220 3203 perfectionem,
3254 3130 3402 3198 Quod

1817 3225 1968 3287 dicit,
1999 3233 2258 3293 quantum
2297 3224 2410 3293 ipse
2465 3223 2712 3276 liberavit
2758 3239 2838 3276 me
2887 3223 2948 3275 de
2977 3222 3161 3290 laqueo
3206 3236 3400 3274 venan-

1818 3315 1971 3370 tium.
2028 3313 2257 3367 Verbnm
2312 3328 2560 3383 aSpertnn
2612 3322 2694 3368 est
2743 3326 2903 3366 onme
2949 3314 3170 3366 verbum
3214 3311 3398 3364 detra-

1817 3405 2013 3461 ctionis
2055 3403 2139 3460 vel
2188 3403 2554 3458 insultationis
2601 3404 2740 3458 male
2789 3403 3103 3464 viventium,
3145 3401 3308 3456 etiam
3352 3401 3398 3453 si

1817 3495 1920 3550 sibi
1970 3493 2293 3549 blandiendo
2339 3494 2649 3562 loquantur,
2680 3493 2968 3547 dummodo
2996 3501 3054 3544 ut
3100 3491 3404 3552 seducunt:

1817 3603 2068 3657 asperum
2095 3586 2318 3641 verbum
2350 3587 2568 3651 dicitur,
2597 3602 2624 3639 a
2656 3601 2766 3654 quo
2795 3585 2960 3640 verbo
2985 3600 3176 3654 aspero
3204 3583 3399 3637 liberat

1817 3679 1958 3734 Deus
1987 3693 2134 3744 suos,
2170 3679 2307 3732 dans
2336 3679 2416 3733 eis
2447 3677 2840 3740 fortitudinem,
2875 3684 2934 3729 ιιι
2983 3690 3158 3744 neque
3185 3674 3397 3728 blandi-

1817 3773 1907 3827 tiis
1939 3772 2153 3834 cedant,
2186 3786 2360 3838 neque
2408 3769 2586 3824 minis.
2638 3769 2792 3832 Nota,
2839 3769 2964 3836 quia
3015 3767 3193 3831 sicuti,
3228 3766 3398 3820 tensis

1815 3861 2020 3930 laqueis
2050 3861 2129 3914 vel
2163 3861 2385 3925 retibus,
2419 3861 2594 3914 solent
2633 3859 2837 3929 lapides
2883 3859 2936 3913 in
2984 3874 3141 3927 sepes
3170 3858 3306 3912 mitti
3339 3865 3397 3910 ut

1813 3954 1889 4008 sic
1928 3952 2306 4008 deterreantur
2351 3967 2506 4018 aves,
2540 3960 2597 4006 ιιι
2632 3953 2696 4005 ad
2732 3951 2982 4021 laqueum
3031 3952 3271 4015 veniant,
3317 3952 3398 4003 sic

1811 4046 1945 4100 solet
2000 4045 2223 4114 proponi
2278 4044 2523 4099 lidelibus
2571 4044 2792 4098 verbum
2837 4059 3090 4114 asperum
3136 4044 3188 4097 in
3236 4044 3398 4097 minis

1809 4148 1862 4192 et
1917 4138 2222 4201 blanditiis,
2262 4147 2338 4202 nt,
2390 4137 2471 4191 vel
2512 4138 2706 4192 timore
2748 4138 3046 4207 perterriti,
3097 4137 3294 4191 cadant
3341 4136 3395 4188 iu

1809 4228 2050 4298 laqueos,
2083 4226 2163 4281 vel
2203 4242 2388 4282 amore
2417 4240 2603 4282 eorum
2658 4241 2776 4296 quae
2819 4227 2919 4281 sibi
2955 4227 3164 4281 blandis
3216 4226 3399 4280 verbis

1807 4331 2201 4392 proponuntur,
2243 4323 2430 4390 pedem
2459 4321 2700 4375 vinciant
2746 4321 2968 4390 laqueis.
3010 4320 3254 4390 Scapulis
3283 4322 3397 4373 suis
3429 4363 3431 4366 .

1806 4415 2149 4470 obumbravit
2185 4414 2299 4477 tibi,
2346 4424 2394 4467 et
2437 4414 2531 4467 sub
2581 4415 2764 4482 pennis
2791 4414 2906 4483 ejus
2941 4413 3195 4480 sperabis,
3236 4414 3399 4482 quasi

1806 4507 1949 4560 dicat
1981 4525 1992 4559 :
2025 4505 2170 4558 Dicet
2210 4504 2464 4570 Domino,
2521 4506 2663 4560 dicet
2718 4504 2990 4574 proximo,
3049 4505 3193 4559 dicet
3227 4506 3394 4558 etiam

1807 4597 1908 4650 sibi
1940 4595 2350 4667 aggratulamhi.
2385 4594 2576 4650 Merito
2613 4594 2855 4665 sperabis
2882 4595 2933 4649 in
2962 4611 3106 4660 eum,
3135 4597 3394 4666 quoniam

1810 4687 2136 4741 obumbrabit
2175 4687 2302 4750 tibi,
2331 4687 2382 4740 id
2417 4696 2500 4741 est
2528 4694 2773 4756 proteget
2804 4697 2856 4741 te
2890 4687 3120 4743 interius
3164 4687 3400 4756 scapulis

1807 4777 1941 4840 suis,
1975 4777 2028 4831 in
2059 4777 2346 4847 prmsentia
2393 4792 2487 4832 sua
2537 4786 2589 4833 te
2618 4779 2931 4834 custodiens
2971 4779 3196 4842 scilicet,
3228 4788 3284 4832 ct
3316 4780 3400 4832 di-

1808 4879 1955 4926 ctum
1993 4878 2074 4924 est
2101 4869 2167 4923 ad
2194 4869 2621 4937 similitudinem,
2650 4871 2799 4942 quia,
2825 4873 2916 4942 qui
2963 4874 3104 4928 inter
3147 4872 3399 4939 scapulas

1809 4968 1956 5014 tenet
2002 4960 2236 5030 aliquem
2281 4963 2486 5029 pectori
2515 4978 2614 5018 suo
2649 4961 3018 5032 eonjunetum,
3062 4961 3214 5033 quasi
3265 4977 3405 5028 pra:-

1805 5059 2014 5107 sentem
2051 5053 2235 5116 habet,
2269 5053 2347 5107 sic
2378 5053 2643 5112 Dominus
2669 5055 2822 5122 quasi
2846 5055 3075 5123 scapulis
3105 5053 3406 5108 obumbra~

1807 5148 1882 5201 vit
1921 5164 2084 5220 quem
2131 5149 2231 5204 sibi
2260 5164 2590 5220 pnesentem
2626 5148 2774 5215 facit,
2811 5151 2962 5218 quod
2996 5149 3142 5209 dicit,
3174 5145 3416 5212 scapulis

1805 5239 1914 5294 suis
1963 5239 2291 5296 obumbrabit
2341 5243 2472 5311 tibi,
2524 5251 2571 5299 et
2625 5238 2720 5293 sub
2767 5241 2953 5308 pennis
3001 5239 3110 5308 ejus
3152 5232 3416 5302 sperabis,

1806 5341 2086 5401 protectus
2130 5345 2236 5389 tam
2268 5334 2321 5388 in
2355 5343 2408 5390 te
2453 5348 2620 5411 quam
2654 5331 2705 5384 in
2739 5331 2863 5383 tuis.
2913 5332 3038 5386 "me
3063 5329 3316 5381 dicuntur
3345 5327 3423 5382 de

85 5415 492 5478 Christianus;
526 5434 628 5474 non
679 5419 783 5474 fuit
823 5421 925 5476 sibi
967 5425 1192 5479 tentatio
1222 5429 1526 5484 necessaria
1553 5471 1568 5494 ,
1602 5425 1698 5481 sed

82 5507 195 5561 fuit
235 5516 427 5562 nostra
469 5509 734 5567 doctrina.
767 5509 1117 5571 Ambulezazx
1149 5531 1276 5586 ergo
1309 5516 1359 5569 in
1401 5516 1492 5573 illo
1519 5521 1610 5591 qui
1639 5531 1700 5572 se

79 5614 190 5668 pro
234 5599 400 5652 nobis
439 5600 578 5656 viam
610 5602 765 5665 fecit,
806 5603 928 5671 quia
958 5645 972 5671 ,
1018 5606 1064 5662 si
1109 5607 1159 5661 in
1210 5607 1298 5660 illo
1336 5610 1699 5673 ambulamus,

81 5687 253 5708 -I_-_-A
291 5705 300 5708 _
337 5703 390 5708 Α,
444 5689 502 5708 -.Ι
701 5702 712 5708 -
1022 5697 1033 5708 ι
1204 5697 1260 5708 -ςι
1301 5697 1312 5708 ι
1655 5698 1666 5708 ι

1204 5697 1237 5708 Ως

1805 5421 2181 5489 similitudine,
2201 5440 2305 5480 non
2332 5426 2398 5480 de
2424 5425 2789 5500 proprietate,
2816 5421 2946 5486 quia
2977 5420 3148 5475 solent
3179 5428 3327 5476 aves,
3362 5427 3428 5473 ei,

1807 5516 2044 5573 maxime
2084 5517 2294 5588 gallina:
2339 5520 2524 5585 pullos
2568 5525 2696 5570 suos
2731 5510 2830 5563 sub
2878 5511 2981 5565 alis
3027 5514 3334 5580 protegere,
3367 5521 3432 5563 ει

1806 5604 1878 5658 ibi
1911 5607 2114 5665 fovere.
2139 5606 2347 5664 Gallina
2390 5613 2563 5666 etiam
2608 5615 2708 5672 pro
2747 5600 2914 5653 nimia
2947 5596 3229 5656 affectione
3253 5609 3431 5663 quam

3113 5689 3212 5708 |__.
3266 5683 3402 5708 θηρὶ.
