3868 5786
449 386 550 440 (ῖίὶἸ
1086 390 1345 448 BEMlGll
1383 389 2041 450 ANTISSIODORENSIS
2077 392 2227 448 OPP.
2271 393 2470 451 PARS.
2512 395 2555 452 l.
2595 425 2660 440 --
2703 396 3114 458 EXEGETICA.
3614 404 3711 461 628

446 510 540 566 τιεί
565 509 722 564 aliter
756 527 769 563 :
797 507 1040 579 Scapulis
1069 510 1178 564 suis
1209 510 1531 564 obumbrabit
1554 510 1666 564 tibi.
1697 509 1885 564 Solent
1913 523 2042 565 aves
2070 510 2120 570 Δ
2145 508 2318 566 decem
2349 509 2516 566 millia
2549 528 2583 566 a
2612 512 2814 567 dextris
2855 513 2980 570 tuis.
3019 515 3182 583 Quasi
3220 514 3369 572 dicat
3405 516 3669 590 Propheta
3697 541 3710 575 :

445 601 722 671 quaedam,
751 609 812 654 ut
838 599 1041 670 aquila,
1067 600 1240 671 pullos
1265 616 1390 655 suos
1436 599 1673 669 scapulis
1718 609 1938 672 portare
1986 608 2042 655 et
2141 601 2332 660 Merito
2353 603 2487 660 dicis
2516 604 2607 659 tibi
2631 605 3039 676 aggratulando,
3058 625 3160 664 non
3180 610 3384 666 timebis
3406 629 3444 665 α
3465 613 3717 669 diem

446 693 526 748 sic
573 692 1017 757 circumducere,
1065 691 1237 746 donec
1281 692 1490 746 discant
1528 692 1734 758 volare,
1782 707 1870 757 ne,
1917 707 2041 747 cum

449 783 702 852 primitus
755 781 942 838 volare
987 781 1344 852 ineteperint,
1382 797 1568 837 casum
1619 782 1916 853 patiantur,
1967 782 2040 836 ita

450 877 732 940 Dominus,
765 877 892 930 dum
923 875 1119 929 infirmi
1163 889 1370 940 smnus,
1401 883 1582 946 portat
1623 890 1721 930 nos
1749 873 1920 930 donec
1944 889 2044 930 nos

448 968 717 1038 perﬁciat,
773 982 841 1022 ne
877 966 921 1020 si
979 981 1076 1022 nos
1117 965 1404 1030 dimiserit,
1459 982 1646 1022 casum
1698 981 1796 1038 pro
1847 966 2045 1037 imper-

448 1057 686 1111 l’cctioue
717 1057 1009 1126 patiamur,
1050 1055 1192 1126 quod
1238 1055 1398 1120 dicit,
1451 1055 1696 1126 Scapulis
1724 1058 1834 1119 suis
1863 1058 2043 1112 obum-

451 1149 617 1202 brabit
661 1147 774 1212 tibi,
832 1146 882 1202 id
933 1156 1016 1202 est
1056 1147 1310 1202 defendet
1350 1156 1404 1202 te
1442 1147 1495 1201 in
1537 1148 1642 1202 tuis
1681 1158 1737 1203 et
1785 1149 1880 1202 sub
1917 1165 2046 1217 peu-

451 1243 531 1296 uis
558 1242 696 1312 ejus,
744 1242 798 1297 id
840 1251 924 1298 est
963 1243 1065 1298 sub
1094 1243 1360 1298 charitate
1389 1244 1482 1298 Dei
1511 1253 1565 1298 et
1593 1244 1825 1314 proximi
1855 1245 2045 1298 obum-

448 1336 638 1390 bratus
693 1334 934 1404 sperabit.
983 1335 1037 1388 in
1086 1335 1213 1390 tuis.
1264 1333 1358 1390 Vel
1414 1335 1614 1391 aliter:
1648 1335 1889 1406 Scapulis
1931 1337 2041 1391 suis

451 1426 778 1480 obumbrabit
826 1426 939 1481 tibi.
973 1425 1122 1482 Solet
1163 1426 1426 1483 fortitudo
1463 1428 1638 1484 notari
1689 1429 1742 1482 in
1784 1429 2040 1499 scapulis.

447 1517 736 1574 Fortitudo
783 1529 962 1574 autem
1010 1519 1220 1574 Domini
1274 1528 1493 1575 notatur
1531 1521 1586 1575 in
1631 1521 1711 1576 eis
1769 1519 2044 1576 miraculis

450 1611 649 1676 quibus
683 1609 796 1680 ipse
827 1609 1114 1665 obumbrat
1139 1625 1268 1666 suos
1309 1620 1364 1666 et
1397 1618 1684 1674 sustentat,
1731 1611 1882 1680 quia,
1917 1627 2041 1668 cum

453 1699 638 1754 verbis
671 1715 857 1755 eorum
891 1699 1042 1770 signa
1072 1700 1230 1754 ﬁdem
1259 1701 1697 1764 subministrant,
1731 1701 1830 1771 ipsi
1855 1702 2046 1771 praedi-

453 1797 666 1843 catores
701 1805 800 1858 per
827 1791 1084 1846 miracula
1113 1793 1265 1860 quasi
1296 1773 1610 1849 fortitudine
1655 1794 1887 1864 quadam
1919 1812 2040 1852 sus-

2142 697 2452 763 meridiano,
2494 699 2619 768 quia
2661 699 2812 754 multi
2852 715 2952 770 per
2981 701 3307 758 daunonium
3357 705 3717 762 meridianum

2141 789 2268 844 victi
2297 799 2439 844 sunt.
2471 789 2603 845 Nam
2627 791 2702 845 illi
2736 791 2897 846 etiam
2924 793 3014 862 qui
3038 803 3296 864 quantum
3323 797 3390 864 ad
3419 797 3719 866 Opinionem

2143 895 2297 935 suam
2325 891 2500 936 tecum
2533 881 2586 934 in
2612 879 2903 949 iudiciaria
2933 884 3062 940 sede
3094 887 3295 941 sessuri
3323 897 3572 942 erantut
3596 887 3724 941 alios

2137 969 2468 1038 iudicarent,
2505 973 2753 1039 veniente
2795 972 3008 1030 fervore
3041 975 3427 1042 tribulationis,
3478 977 3720 1046 perdide-

2147 1070 2267 1116 runt
2301 1062 2353 1116 id
2384 1064 2528 1132 quod
2553 1073 2982 1134 pratsumpluose
3020 1065 3122 1121 sibi
3155 1067 3571 1136 promittebant.
3599 1067 3724 1122 Nota

2144 1154 2293 1222 quia,
2318 1154 2484 1209 Petro
2506 1156 2873 1228 interrogante
2901 1166 2956 1214 et
2977 1158 3208 1222 dicente,
3235 1159 3371 1214 Ecce
3397 1176 3495 1214 nos
3527 1158 3726 1228 reliqui-

2143 1262 2261 1301 mus
2298 1247 2496 1312 omnia,
2537 1258 2583 1302 et
2612 1249 2778 1302 secuti
2808 1264 2988 1305 sumus
3023 1260 3094 1317 te,
3123 1252 3249 1322 quid
3273 1268 3397 1321 ergo
3422 1254 3526 1305 erit
3553 1253 3729 1304 nobis?

2143 1337 2424 1406 respondit
2463 1337 2723 1394 Dominus
2756 1357 2768 1391 :
2812 1338 2878 1393 In
2912 1341 3341 1410 regeneratione,
3384 1357 3510 1394 cum
3547 1340 3730 1394 sederit

2148 1423 2322 1481 Filius
2363 1428 2590 1482 hominis
2629 1429 2684 1481 in
2716 1429 2836 1483 sede
2863 1428 3156 1498 majestatis
3185 1446 3326 1493 sure,
3390 1430 3645 1484 sedebitis
3689 1439 3730 1481 et

2146 1531 2254 1584 eos,
2293 1517 2596 1587 judicantes
2624 1519 2902 1574 duodecim
2935 1520 3102 1574 tribus
3138 1519 3311 1575 Israel
3341 1519 3572 1589 (Matth.
3603 1520 3728 1587 xu).

2147 1608 2259 1664 Hoc
2279 1612 2625 1667 attendentes
2649 1612 2866 1682 plurimi
2889 1627 2985 1668 sua
3010 1611 3365 1682 reliquerunt,
3389 1619 3446 1668 et
3471 1627 3537 1668 se
3559 1626 3731 1667 stssu-

2146 1713 2238 1754 ros
2283 1715 2406 1754 cum
2461 1698 2690 1755 Domino
2733 1700 2802 1755 ad
2831 1697 3186 1769 iudicandum
3237 1699 3563 1770 sperabant.
3615 1697 3732 1762 Sed,

2146 1791 2272 1861 quia
2301 1791 2353 1846 in
2380 1791 2522 1848 bono
2550 1791 2694 1861 quod
2725 1790 3018 1870 faciebant,
3050 1806 3158 1846 non
3182 1791 3250 1846 de
3286 1791 3421 1856 Deo,
3454 1791 3558 1847 sed
3588 1792 3655 1845 de
3682 1805 3732 1845 se

451 1888 752 1943 tentantur,
790 1881 918 1950 quia
939 1880 1300 1938 ferventiores
1323 1862 1920 1954 tiuntinﬁde,’quando
1939 1901 2038 1955 per
2068 1862 2112 1920 Β
2139 1886 2559 1957 praesumebant,
2606 1862 2920 1942 ceciderunt
2963 1899 2994 1940 a
3031 1885 3201 1940 latere
3240 1882 3481 1954 Domini,
3536 1898 3570 1936 a
3603 1882 3735 1950 judi-

450 1971 714 2025 miracula
765 1973 882 2028 veri
935 1975 1320 2044 praedicatores
1359 1977 1812 2044 comprobantur;
1856 1986 1904 2032 et
1943 1978 2039 2032 sub

447 2065 629 2131 pennis
665 2062 780 2133 ejus
817 2065 1074 2134 sperabis,
1121 2064 1173 2120 id
1219 2073 1305 2120 est
1352 2066 1404 2120 in
1440 2067 1723 2135 praeceptis
1757 2068 2040 2122 mandato-

454 2170 571 2205 I'tlllt
625 2163 874 2217 tuorum,
932 2156 1128 2223 quibus
1194 2155 1380 2211 ﬁdeles
1431 2158 1482 2211 in
1539 2172 1728 2212 auram
1781 2157 2046 2214 libertatis

449 2244 602 2310 quasi
649 2259 746 2311 per
799 2259 1007 2314 pennas
1057 2245 1432 2316 deportantur.
1491 2245 1652 2301 Scuto
1699 2249 2042 2304 circumdabit

450 2341 498 2384 te
535 2333 724 2386 veritas
762 2335 899 2404 ejus,
943 2344 998 2390 et
1036 2336 1157 2392 ideo
1195 2353 1298 2392 non
1333 2339 1597 2394 timebunt
1626 2340 1716 2409 qui
1763 2342 1860 2396 tuti
1886 2349 2046 2397 erunt

455 2438 484 2475 a
515 2423 726 2480 timore.
752 2425 793 2478 Α
821 2427 1012 2497 sagitta
1043 2428 1245 2500 volante
1264 2432 1318 2484 in
1340 2427 1445 2496 die,
1469 2450 1500 2487 a
1533 2435 1737 2504 negotio
1759 2438 2042 2504 perambu-

452 2519 594 2570 lante
632 2518 955 2582 intenebris,
989 2522 1054 2574 ab
1094 2522 1308 2578 incursu
1349 2535 1397 2579 et
1439 2526 1700 2581 da'monio
1729 2529 2042 2584 meridiano.

454 2605 554 2661 llic
577 2608 829 2677 proponit
869 2611 976 2665 duo
1023 2621 1078 2666 et
1121 2612 1208 2667 illa
1231 2615 1495 2684 geminat,
1543 2625 1602 2670 ut
1650 2617 1780 2672 ﬁant
1817 2629 2050 2688 quatuor

455 2698 649 2767 quibus
677 2700 1061 2772 impugnantur
1087 2705 1278 2762 ﬁdeles
1325 2723 1463 2777 quos
1502 2710 1806 2765 circumdat
1845 2713 2050 2768 veritas

452 2791 686 2846 Domini.
709 2792 1096 2864 lmpugnautur
1113 2798 1258 2852 enim
1281 2798 1382 2853 levi
1399 2801 1774 2869 persecutione
1799 2811 1856 2857 et
1874 2804 2047 2871 gravi,

451 2883 649 2951 quibus
669 2885 866 2940 cedunt
893 2887 965 2942 illi
997 2889 1086 2957 qui
1117 2889 1292 2944 adhuc
1314 2899 1441 2945 sunt
1469 2892 1623 2962 quasi
1653 2907 1782 2957 nox,
1811 2895 2052 2950 nescien-

454 2981 536 3027 tes
593 2974 817 3030 reddere
864 2977 1262 3034 Christianismi
1315 2981 1396 3035 sui
1467 2983 1727 3038 rationem
1793 3001 1808 3037 :
1877 2984 2050 3054 impuc

456 3073 696 3130 gnautur
718 3065 882 3122 etiam
915 3068 1016 3123 levi
1045 3081 1098 3124 ct
1125 3071 1278 3140 gravi
1306 3074 1704 3141 persecutione,
1727 3075 1924 3144 quibus
1953 3077 2052 3130 ite-

457 3171 578 3211 rum
608 3158 809 3213 cedunt
846 3160 1064 3230 quidam
1091 3202 1105 3226 ,
1155 3163 1246 3233 qui
1289 3166 1446 3232 quasi
1490 3165 1607 3221 dies
1657 3174 1820 3230 sunt,
1867 3166 2048 3221 scien-

459 3255 539 3300 tes
600 3247 850 3304 videlicet
895 3252 1119 3308 reddere
1173 3255 1436 3309 rationem
1500 3255 1902 3312 Christianismi
1945 3258 2048 3312 sui.

460 3336 564 3392 Sed
601 3339 726 3408 quia
774 3341 1002 3397 veritate
1028 3345 1182 3412 quasi
1212 3357 1359 3400 scuto
1391 3357 1517 3402 sunt
1562 3349 1906 3414 circumdati,
1965 3351 2054 3404 hic

459 3429 712 3484 otttnibus
749 3432 936 3487 tentati
979 3445 1302 3502 permanent
1336 3436 1483 3492 illaesi
1522 3457 1533 3491 :
1569 3439 1710 3509 quod
1741 3440 1894 3503 dicit,
1930 3439 2052 3494 Non

460 3518 662 3574 timebis
730 3520 962 3577 interius
1023 3541 1057 3577 a
1120 3525 1306 3580 timore
1371 3537 1666 3593 nocturno,
1735 3526 1786 3581 id
1849 3536 1974 3593 est,
2023 3544 2052 3582 a

460 3615 836 3680 persecutione
875 3616 976 3672 levi
1027 3632 1148 3687 quae
1193 3618 1254 3672 lit
1301 3619 1702 3689 ignorantibus,
1750 3620 1841 3690 qui
1897 3621 2052 3690 quasi

463 3722 567 3761 nox
637 3716 762 3763 sunt
833 3710 1010 3764 adhuc
1072 3720 1291 3780 propter
1358 3712 1716 3782 ignorantiam
1785 3713 2052 3777 rationis,

463 3813 628 3866 quam
658 3799 918 3854 deberent
951 3800 1177 3856 reddere
1205 3815 1305 3870 pro
1334 3800 1437 3856 ﬁde
1472 3816 1591 3855 sua.
1625 3799 1680 3855 In
1730 3801 1926 3855 timore
1959 3816 2058 3855 no-

466 3897 615 3944 tatur
651 3891 957 3957 pcrsccutio
990 3891 1143 3953 levis.
1181 3891 1434 3960 quoniam
1481 3894 1644 3948 timor
1681 3893 1816 3948 solet
1855 3909 2054 3963 praece-

466 3983 596 4037 dere
623 3981 844 4038 factum.
879 3981 1002 4037 Non
1023 3985 1229 4039 timebis
1255 3985 1419 4040 etiam
1459 4004 1492 4038 a
1532 3986 1725 4054 sagitta
1756 3985 1960 4040 volante
2000 3987 2055 4040 in

465 4072 572 4129 die.
601 4074 707 4131 Per
733 4076 990 4146 sagittam
1032 4085 1255 4130 notatur
1283 4077 1591 4146 persecutio
1623 4075 1778 4138 levis,
1815 4077 1941 4146 quia
1971 4093 2056 4130 sa-

466 4166 600 4234 gitta
655 4165 830 4221 levius
879 4166 1127 4220 vulnerat
1177 4181 1339 4235 quam
1387 4166 1598 4236 gladius
1643 4180 1658 4219 :
1726 4166 1869 4236 quod
1924 4165 2057 4222 dicit

467 4256 674 4312 volante
705 4257 762 4311 in
781 4256 866 4311 die
899 4265 1052 4312 notat
1085 4273 1205 4311 eam
1240 4255 1352 4310 ﬁeri
1397 4257 1449 4310 iu
1481 4256 1586 4310 illis
1610 4257 1702 4324 qui
1745 4265 1872 4309 sunt
1898 4257 2052 4325 quasi

466 4350 610 4415 dies,
663 4351 897 4406 scientes
944 4351 1211 4406 rationem
1262 4350 1490 4406 reddere
1541 4349 1663 4404 ﬁdei
1705 4365 1847 4414 suae;
1911 4349 2054 4418 quod

467 4441 622 4507 tlicit,
659 4457 764 4495 non
798 4441 1067 4497 timebunt
1104 4442 1180 4496 tui
1228 4459 1261 4494 α
1296 4443 1492 4513 sagitta
1530 4441 1738 4497 volante
1768 4442 1822 4495 in
1859 4442 1968 4506 die,
2001 4441 2056 4496 id

466 4543 580 4597 est,
632 4547 665 4587 a
719 4535 1096 4604 persecutione
1151 4536 1254 4591 levi
1308 4549 1428 4605 quae
1469 4534 1529 4588 ﬁt
1570 4535 1885 4590 scientibus.
1932 4532 2054 4588 Non
2083 4575 2136 4635 Β

469 4624 670 4678 timebis
698 4626 862 4692 etiam
897 4626 949 4680 in
984 4627 1090 4681 tuis
1113 4644 1144 4680 a
1169 4629 1370 4702 negotio
1397 4624 1794 4694 perambulante
1831 4625 1886 4678 in
1925 4634 2059 4679 tene-

470 4716 593 4779 bris,
640 4715 694 4770 id
743 4727 851 4784 est,
907 4733 936 4771 a
986 4719 1362 4789 persecutione
1411 4718 1715 4773 vehementi
1765 4733 1907 4788 (μυστ,
1960 4731 2060 4786 pro

473 4807 872 4878 magnitudine,
905 4811 1180 4880 negotium
1218 4811 1372 4880 quasi
1405 4827 1600 4881 negans
1625 4811 1788 4864 otium
1821 4809 2054 4875 dicitur;

471 4914 593 4969 qua:
621 4901 962 4970 perambulat
1008 4903 1064 4958 iu
1099 4903 1345 4970 tenebris,
1389 4904 1694 4958 nescientes
1741 4901 2057 4972 temporalia

469 5006 590 5047 esse
620 4993 1035 5059 contemnenda,
1066 5002 1121 5049 et
1145 5003 1346 5049 aeterna
1379 5004 1587 5048 tantum
1625 4995 1916 5064 speranda,
1956 5009 2060 5046 non

470 5084 670 5139 tintebis
712 5085 876 5140 etiam
905 5086 970 5139 ab
1002 5087 1218 5140 incursu
1253 5095 1300 5140 et
1345 5085 1605 5140 daemonio
1647 5085 1961 5148 meridiano,
2007 5081 2058 5136 id

471 5187 574 5240 est,
619 5177 687 5231 ab
728 5177 987 5234 instantia
1035 5179 1372 5234 vehementis
1411 5176 1805 5247 persecutionis
1842 5191 1962 5246 qua:
2002 5174 2061 5229 ﬁt

472 5269 768 5325 scientibus
813 5286 874 5326 se
921 5272 989 5328 ad
1034 5280 1238 5325 mterua
1294 5279 1516 5324 vocatos
1549 5307 1566 5335 ,
1633 5269 1834 5324 cedunt
1878 5278 2059 5322 tamen

471 5358 658 5414 niiuiis
681 5361 966 5417 molestiis.
1007 5361 1112 5417 Per
1149 5363 1473 5418 dtemonium
1514 5369 1735 5417 notatur
1758 5360 2057 5426 tribulatio,

473 5461 574 5514 per
616 5449 894 5505 incursum
934 5451 1192 5508 instantia
1223 5451 1590 5507 tribulationis
1624 5471 1636 5505 :
1680 5465 1780 5522 per
1808 5450 2059 5506 meridia-

479 5551 606 5588 num
649 5539 755 5594 duo
797 5549 1071 5605 notantur,
1126 5555 1183 5597 et
1229 5542 1413 5597 fervor
1463 5541 1847 5601 tribulationis,
1889 5550 1944 5596 et
1987 5539 2061 5593 illi

479 5624 675 5694 quibus
717 5628 778 5683 ﬁt
815 5630 927 5701 ipsa
962 5633 1275 5697 tribulatio,
1301 5634 1554 5705 quoniam
1585 5642 1640 5690 et
1674 5635 1772 5704 ipsi
1801 5636 2062 5703 quodam-

481 5714 646 5769 modo
668 5714 877 5774 fervere
903 5721 1222 5778 videbantur
1250 5726 1372 5779 ideo
1405 5724 1536 5786 quia
1563 5724 1805 5780 sciebant
1837 5723 2062 5780 reddere

2141 1975 2310 2032 ciarla
2346 1974 2496 2040 sede,
2520 1989 2628 2030 non
2655 1974 2796 2045 quod
2823 1974 2894 2030 ibi
2918 1973 3156 2040 fuerunt,
3187 1973 3282 2030 sed
3311 1973 3443 2043 quia
3468 1972 3581 2027 sibi
3605 1987 3733 2042 prte-

2143 2047 2454 2137 sumptuose
2486 2066 2894 2138 promittebant,
2929 2066 3074 2135 quod
3108 2065 3282 2120 dicit:
3325 2063 3538 2119 Cadent
3583 2079 3618 2116 a
3659 2062 3733 2114 la—

2144 2172 2252 2216 tere
2290 2172 2380 2215 tuo
2427 2160 2570 2215 mille
2612 2170 2662 2215 et
2701 2160 2875 2215 decem
2905 2158 3070 2214 millia
3107 2175 3141 2212 a
3172 2158 3373 2212 dextris
3419 2157 3554 2210 tuis.
3611 2153 3735 2208 Sunt

2143 2254 2307 2310 etiam
2355 2253 2511 2308 multi
2553 2253 2668 2324 qui,
2713 2253 3055 2308 attendentes
3090 2252 3258 2307 Deum
3298 2249 3734 2320 prmeipientem,

2152 2344 2332 2400 Vende
2372 2344 2549 2398 omnia
2579 2360 2698 2414 qua:
2731 2344 2922 2408 habes,
2962 2353 3011 2398 et
3052 2343 3121 2397 da
3163 2340 3484 2412 pauperibus
3527 2337 3736 2410 (Ibid),

2147 2437 2388 2493 vendunt
2409 2437 2590 2492 omnia
2613 2451 2737 2506 quae
2770 2435 3004 2500 habent,
3042 2443 3098 2492 et
3119 2434 3461 2506 largissimas
3495 2432 3734 2488 etcentu-

2148 2543 2312 2599 synas
2339 2526 2562 2593 iaciunt,
2610 2527 2706 2582 sed
2747 2526 2871 2596 quia
2902 2527 3004 2581 hoc
3033 2540 3138 2581 non
3187 2525 3240 2579 in
3289 2532 3596 2592 conspectu
3633 2521 3739 2582 Dei.

2148 2621 2243 2675 sed
2297 2619 2365 2674 ad
2413 2617 2650 2673 favorem
2694 2617 2973 2672 hominum
3023 2614 3249 2678 faciunt,
3288 2613 3413 2668 ideo
3468 2613 3676 2668 cadent
3713 2625 3740 2662 a

2150 2708 2360 2764 dextris
2387 2707 2622 2771 Domini,
2661 2721 2768 2762 non
2801 2706 2945 2774 quod
2981 2704 3053 2758 ibi
3097 2703 3338 2766 filerunt,
3373 2702 3474 2758 sed
3519 2701 3655 2771 quia
3691 2713 3741 2752 se

2151 2806 2408 2855 venturos
2447 2799 2727 2869 putabant.
2783 2795 2944 2862 Nota,
2991 2795 3118 2866 quia
3160 2793 3349 2865 plures
3381 2803 3514 2846 sunt
3557 2791 3654 2862 qui
3696 2790 3744 2841 in

2154 2891 2360 2948 dextris
2380 2889 2660 2959 iudicandi
2689 2899 2997 2957 suntquam
3031 2887 3106 2941 illi
3135 2886 3227 2955 qui
3265 2885 3319 2938 in
3337 2883 3517 2938 latere
3540 2882 3741 2938 sessuri

2153 2980 2625 3050 suntjudicantes,
2657 2980 2778 3036 ideo
2801 2978 2960 3042 dixit,
2988 2977 3172 3032 cadent
3200 2993 3233 3030 a
3261 2975 3433 3029 latere
3462 2984 3561 3027 tuo
3588 2972 3743 3032 mille,

2154 3083 2202 3127 et
2227 3071 2401 3126 decem
2442 3070 2609 3123 millia
2639 3087 2671 3123 a
2719 3069 2917 3123 dextris
2958 3068 3085 3131 tuis,
3119 3066 3190 3119 ad
3226 3075 3277 3119 te
3308 3074 3516 3124 autem,
3555 3063 3612 3117 id
3647 3071 3745 3120 εει.

2158 3165 2225 3218 ad
2247 3173 2368 3218 tuos
2391 3178 2493 3216 non
2517 3160 2954 3231 appropinquabit
2990 3174 3150 3214 casus
3183 3155 3294 3220 ille,
3331 3155 3466 3225 quia
3510 3154 3620 3207 etsi
3659 3167 3740 3218 ap-

2154 3253 2479 3326 propinquat
2535 3260 2862 3306 tormentum
2931 3249 3083 3305 earui
3112 3287 3127 3311 ,
3192 3255 3378 3301 tamen
3438 3260 3554 3300 non
3609 3243 3746 3297 la~dit

2156 3347 2331 3402 locum
2383 3344 2526 3400 ﬁdei.
2595 3340 2961 3396 Verumtamen
3004 3339 3168 3394 oculis
3217 3339 3323 3391 tuis
3363 3334 3742 3396 considerabis,

2154 3449 2202 3491 et
2239 3436 2627 3490 retributionem
2657 3443 2991 3503 peccatorum
3012 3431 3229 3486 uidebis.
3257 3429 3335 3483 Illi
3375 3431 3572 3483 cadent
3599 3446 3634 3482 a
3665 3428 3740 3478 la~

2156 3538 2262 3581 tere
2281 3537 2372 3580 tuo
2399 3533 2616 3596 propter
2644 3523 2961 3593 iniustitiam
2985 3521 3387 3593 persecutionis
3410 3533 3743 3590 persequen-

2159 3618 2290 3672 tium
2322 3625 2395 3681 te,
2439 3616 2532 3671 sed
2559 3623 2738 3670 tamen
2789 3613 2863 3668 illi
2894 3621 3292 3683 persecutores,
3329 3611 3463 3666 licet
3499 3609 3742 3670 ﬂoreant,

2157 3722 2267 3762 non
2298 3705 2515 3774 impune
2539 3703 2809 3774 persecuti
2835 3711 2959 3758 sunt
2985 3716 3097 3756 eos.
3128 3700 3398 3767 Quoniam
3423 3699 3598 3752 oculis
3627 3701 3743 3762 tuis,

2158 3797 2211 3853 id
2243 3805 2348 3862 est,
2379 3805 2468 3850 tua
2493 3792 2819 3854 discretione
2847 3789 3204 3845 considerabis
3233 3789 3338 3844 hoc
3375 3804 3489 3843 non
3528 3789 3745 3858 impune

2157 3889 2358 3944 factum
2384 3901 2524 3952 esse,
2547 3895 2594 3940 et
2624 3884 2840 3950 videbis,
2874 3883 2929 3938 id
2955 3890 3062 3947 est,
3095 3879 3267 3936 videri
3290 3878 3466 3934 facies
3495 3879 3608 3934 hoc
3632 3893 3746 3933 ese

2157 3983 2227 4039 ad
2275 3980 2678 4036 tribulationem
2726 3984 3074 4048 peccatorum
3117 3972 3263 4044 quod
3309 3971 3448 4027 alios
3493 3971 3742 4041 persequi

2158 4071 2562 4142 permittuntur.
2596 4067 2692 4122 Vel
2732 4067 2830 4131 sic,
2871 4064 2944 4119 illi
2989 4064 3239 4119 videntur
3275 4062 3478 4118 cadere
3518 4080 3553 4116 a
3591 4062 3746 4116 latere

2158 4174 2250 4218 tuo
2275 4173 2323 4217 et
2349 4162 2548 4218 dextris
2579 4161 2708 4226 tuis,
2741 4167 3092 4214 verumtamen
3116 4155 3285 4210 oculis
3309 4156 3416 4209 tuis
3446 4155 3745 4208 considera-

2158 4255 2270 4317 bis,
2328 4253 2382 4307 id
2433 4262 2545 4316 est,
2597 4259 2688 4305 tua
2735 4247 2994 4305 discretio
3043 4248 3145 4302 hoc
3183 4246 3429 4300 attendet
3480 4245 3604 4298 illos
3645 4258 3744 4296 non

2158 4345 2328 4399 fuisse
2350 4359 2380 4397 a
2407 4341 2618 4398 dextris
2641 4340 2770 4404 tuis,
2793 4355 2968 4410 neque
2994 4339 3060 4392 ad
3087 4336 3228 4390 latus
3253 4343 3430 4398 tuum,
3452 4342 3513 4389 et
3539 4333 3743 4394 videbis,

2158 4434 2210 4489 id
2239 4441 2347 4498 est,
2376 4431 2510 4487 alios
2530 4432 2713 4487 videre
2740 4429 2927 4494 facies,
2962 4431 3065 4483 hoc
3092 4441 3212 4482 esse
3240 4426 3322 4481 eis
3355 4424 3743 4478 retributionem

2161 4537 2490 4599 peccatorum
2523 4524 2665 4594 quod
2699 4523 2917 4587 cadunt,
2948 4521 3075 4592 quia
3110 4535 3214 4573 non
3258 4518 3315 4572 in
3345 4525 3422 4579 te,
3460 4519 3560 4572 sed
3589 4516 3644 4569 in
3670 4530 3742 4576 se,

2165 4621 2217 4673 in
2243 4617 2539 4674 benefactis
2567 4616 2680 4670 suis
2709 4611 2921 4685 gloriati
2945 4619 3092 4665 sunt.
3119 4607 3216 4663 Vel
3263 4607 3429 4661 aliter
3460 4620 3477 4659 :
3511 4605 3694 4658 cadent
3714 4619 3742 4653 a

2163 4709 2324 4764 latere
2346 4719 2435 4764 tuo
2460 4706 2604 4762 mille
2637 4705 2790 4775 quasi
2816 4705 2962 4759 dicat
2982 4702 3251 4773 Propheta
3281 4716 3295 4752 :
3329 4698 3530 4754 Merito
3562 4710 3744 4768 aggra-

2165 4802 2382 4855 tulaudo
2407 4799 2546 4855 dicis
2574 4797 2693 4862 tibi,
2734 4797 2788 4851 in
2824 4796 2932 4852 tuis
2965 4812 3066 4848 non
3105 4793 3310 4846 timebis
3335 4831 3349 4854 ,
3393 4791 3526 4860 quia
3567 4789 3742 4841 cadent

2164 4913 2195 4949 a
2222 4896 2382 4949 latere
2404 4904 2517 4957 tuo,
2541 4892 2592 4947 id
2616 4901 2720 4955 est,
2755 4889 2824 4944 ab
2844 4889 2928 4943 bis
2949 4887 3039 4957 qui
3066 4901 3194 4940 vere
3229 4892 3360 4938 sunt
3381 4884 3439 4937 in
3469 4881 3635 4936 latere
3663 4889 3744 4931 tu

2163 4986 2343 5048 mille,
2399 4984 2608 5040 scilicet
2657 4980 2929 5054 pericula,
2977 4978 3095 5042 vel,
3136 4975 3280 5030 mille
3325 4973 3657 5029 tentatioues
3700 4976 3747 5021 et

2165 5079 2338 5132 decem
2389 5075 2557 5130 millia
2617 5072 2974 5129 teutationum
3026 5068 3110 5123 vel
3153 5067 3524 5136 periculorum
3566 5061 3744 5115 cetch

2165 5191 2197 5228 a
2247 5173 2444 5228 dextris
2503 5173 2643 5234 tuis,
2700 5171 2826 5241 quia
2882 5175 3362 5238 quantumcunque
3412 5160 3746 5233 geminentur

2165 5263 2404 5336 pericula
2447 5264 2561 5318 sive
2599 5261 2942 5320 teutationes,
2995 5272 3101 5313 non
3145 5254 3421 5310 nocebunt
3467 5250 3590 5304 tuis.
3641 5245 3744 5345 llos

2167 5365 2346 5410 autem
2396 5354 2538 5418 ideo,
2575 5353 2700 5423 quia
2737 5352 2850 5415 tibi,
2903 5350 2955 5403 id
3001 5356 3107 5412 est,
3148 5345 3256 5399 tuis
3309 5359 3412 5397 uou
3468 5353 3742 5409 appro,"—

2167 5443 2344 5514 quabit
2379 5443 2680 5513 perieulmn
2723 5440 2977 5510 aliquod,
3039 5435 3317 5508 quiatetsi
3376 5437 3744 5502 persecutores

2185 5547 2512 5592 tormentum
2561 5535 2801 5591 inferant
2838 5533 3012 5596 carni,
3063 5540 3240 5584 tamen
3275 5540 3382 5580 non
3425 5524 3622 5578 lzeduut
3668 5518 3742 5570 lo-

2168 5647 2290 5687 cum
2327 5633 2469 5688 ﬁdei.
2499 5631 2722 5686 Frustra
2755 5643 2885 5700 ergo
2915 5620 3280 5680 tribulantur?
3308 5618 3449 5681 Non,
3475 5615 3596 5685 quia
3628 5612 3744 5664 licet

2167 5722 2267 5786 ipsi
2315 5737 2420 5776 non
2458 5722 2751 5776 vincuntur
2789 5737 2819 5773 a
2861 5715 3221 5774 tribulatione,
3258 5720 3311 5764 tu
3366 5719 3542 5762 tamen
3585 5700 3741 5756 oculis
