3868 5478
85 439 212 497 629

1251 432 1783 495 ENARRATIONES
1818 431 1888 488 IN
1925 429 2261 490 PSALMOS.

3275 426 3379 481 650

83 550 256 603 niam
288 556 377 605 est
409 547 488 604 eis
516 548 792 608 tribulatio
820 550 886 604 ad
911 548 1310 621 probationem,
1335 555 1389 602 et
1417 555 1472 600 tu
1504 544 1695 599 videbis
1724 550 1774 607 Α
1800 542 2075 608 duritiam,
2106 551 2165 597 ut
2194 540 2326 597 illud
2356 540 2606 597 videlicet
2640 526 2781 610 quod
2808 541 3067 597 deberent
3096 540 3271 596 facere
3308 555 3377 594 ex

82 636 207 693 hoc
233 652 364 694 esse
390 640 455 695 ad
483 639 871 693 retributionem
897 650 1224 709 peccatorum
1254 637 1333 691 eis
1356 635 1445 705 qui
1471 632 1704 687 inferant

84 726 520 784 tribulationem
558 728 696 783 aliis.
730 727 894 793 Quasi
926 728 1070 782 dicat
1108 744 1120 780 :
1154 726 1209 780 In
1248 735 1339 780 tua
1378 723 1703 778 discretione

84 824 186 869 est
219 819 359 886 quia
394 833 497 873 non
528 816 725 871 frustra
756 815 985 871 infertur
1009 815 1302 879 tribulatio,
1328 814 1452 883 quia
1477 812 1703 866 infertur

85 904 165 957 ad
198 906 590 974 probationem
635 906 976 976 patientium,
1006 914 1059 959 et
1089 905 1155 958 ad
1186 902 1582 958 damnationem
1622 900 1700 953 in.

85 991 428 1049 ferentium.
466 995 725 1061 Quoniam
754 1006 811 1049 tu
842 1012 917 1061 es,
952 995 1190 1059 Domine,
1228 1009 1341 1063 spes
1388 1008 1523 1055 mea,
1554 989 1702 1043 altis-

83 1082 306 1137 simum
333 1086 553 1155 posuisti
574 1085 830 1155 refugium
856 1095 1022 1138 tuum.
1044 1083 1140 1139 llic
1165 1083 1359 1137 iterum
1384 1096 1486 1135 vox
1508 1078 1701 1149 capitis

85 1183 210 1227 est.
264 1174 436 1241 Quasi
480 1175 624 1230 dicat
658 1194 671 1229 :
705 1175 897 1230 Merito
926 1175 1058 1229 mihi
1103 1171 1412 1246 aggratulor
1440 1171 1491 1224 in
1542 1168 1699 1233 meis,

85 1274 149 1318 et
195 1268 404 1321 merito
454 1282 563 1322 non
613 1268 776 1322 titneo
811 1268 864 1322 in
905 1267 1033 1333 illis,
1069 1265 1322 1335 quoniam
1355 1274 1432 1327 tu,
1461 1260 1697 1324 Domine,

87 1358 292 1413 factus
335 1375 391 1413 es
431 1376 546 1428 spes
583 1376 721 1425 mea,
758 1359 809 1413 id
838 1367 941 1424 est,
972 1373 1093 1429 spes
1124 1364 1384 1419 meorum,
1421 1353 1593 1410 dando
1620 1352 1700 1406 eis

88 1464 201 1516 per
234 1466 325 1506 me
358 1452 485 1521 quid
522 1464 743 1521 sperare
780 1449 1027 1515 debeant,
1062 1450 1188 1520 quia
1228 1446 1552 1503 resurrectio
1580 1458 1699 1515 qua:

87 1541 396 1604 praecessit
424 1540 477 1593 in
507 1556 593 1595 me
623 1540 819 1609 capite,
852 1540 1210 1608 subsequetur
1242 1546 1297 1591 et
1328 1537 1381 1590 in
1423 1532 1694 1595 membris,

86 1639 148 1682 et
196 1629 278 1683 ita
311 1629 485 1685 factus
518 1645 579 1687 es
622 1646 746 1702 spes
776 1646 1039 1686 meorum.
1072 1629 1305 1685 Noverat
1330 1628 1473 1683 enim
1504 1627 1697 1680 buma-

88 1734 238 1773 num
289 1736 460 1791 genus
491 1721 629 1776 mori
657 1736 834 1791 posse,
864 1722 956 1777 sed
1005 1736 1111 1775 non
1159 1727 1381 1775 noverat
1417 1729 1698 1787 resurgere

88 1824 297 1878 posse,
342 1820 399 1865 et
442 1813 520 1868 sic
567 1813 799 1868 habebat
827 1812 969 1881 quod
1021 1812 1255 1875 timeret,
1309 1823 1413 1862 non
1462 1807 1697 1862 habebat

1806 644 1988 686 amore
2023 631 2225 687 faciant
2258 648 2325 687 ex
2365 633 2580 697 timore,
2614 632 2759 686 velut
2785 630 2952 687 Judaei
2990 633 3082 702 qui
3121 634 3228 686 Deo
3257 647 3376 687 ser-

1802 721 2017 776 vierunt
2044 736 2111 785 ex
2149 722 2361 788 timore,
2390 739 2496 778 non
2526 734 2593 779 ex
2623 737 2829 786 amore,
2861 731 2917 776 et
2962 723 3081 776 ideo
3110 722 3279 792 legem
3324 723 3379 778 in

1802 809 1998 867 tabulis
2018 809 2243 881 lapideis
2263 814 2519 884 scriptam
2544 822 2881 883 receperunt,
2909 814 3035 882 quia
3065 814 3195 867 dura
3216 813 3379 867 corda

1801 913 1986 954 eorum
2036 900 2101 955 ad
2150 915 2387 957 amorem
2430 917 2534 957 non
2565 912 2872 968 erexerunt,
2904 904 2997 963 sed
3042 903 3095 957 in
3134 903 3379 957 timorem

1801 991 2199 1062 depresserunt.
2248 992 2320 1050 Ut
2366 1004 2544 1050 autem
2586 996 2832 1051 Charitas
2868 996 2961 1050 Dei
2992 994 3381 1051 diffunderetur

1799 1081 1854 1134 in
1884 1082 2134 1137 cordibus
2165 1083 2422 1151 ﬁdelium,
2453 1087 2520 1141 ab
2558 1087 2865 1157 angelorum
2903 1086 3152 1143 manibus
3187 1089 3380 1158 depor—

1802 1180 1945 1228 tatus
1989 1182 2072 1228 est
2115 1175 2169 1229 in
2219 1175 2412 1229 cmlum
2446 1176 2721 1243 Dominus,
2766 1187 2822 1231 ut
2870 1178 2949 1234 sic
2989 1179 3054 1233 ad
3090 1180 3381 1249 discipulos

1800 1262 2106 1319 mitteretur
2132 1263 2367 1335 Spiritus
2394 1277 2638 1333 sanctus,
2666 1269 2758 1339 qni
2787 1269 3025 1325 auferret
3052 1272 3295 1327 timorem
3325 1282 3381 1329 et

1797 1361 2084 1422 praestaret
2137 1357 2339 1411 amoris
2386 1356 2790 1425 plenitudinem,
2841 1368 2899 1413 ut
2954 1360 3080 1415 illud
3134 1362 3382 1416 videlicet

1798 1444 1941 1514 quod
2001 1446 2154 1514 prius
2206 1445 2308 1501 fuit
2359 1446 2573 1505 difﬁcile
2631 1449 2945 1504 timentibus
3010 1449 3164 1505 facile
3228 1452 3382 1506 ﬁeret

1798 1535 2123 1591 amantibus.
2154 1536 2306 1593 Unde
2333 1537 2620 1609 Apostolus
2651 1556 2663 1592 :
2700 1539 2823 1593 Non
2860 1542 3151 1610 accepistis,
3186 1542 3376 1611 inquit,

1798 1628 2037 1695 spiritum
2083 1630 2344 1683 servitutis
2399 1631 2585 1683 iterum
2626 1632 2682 1684 in
2724 1632 2928 1695 timore,
2975 1633 3064 1686 sed
3112 1632 3380 1689 libertatis

1796 1718 2035 1786 spiritum
2066 1719 2119 1774 in
2151 1736 2388 1776 amorem
2420 1721 2597 1792 (Rom.
2631 1723 2746 1786 vm)
2783 1724 2923 1794 quod
2952 1725 3081 1779 dicit
3110 1743 3123 1778 :
3158 1724 3220 1779 1η
3260 1742 3379 1777 ma-

1798 1809 1950 1865 nibus
1982 1812 2260 1880 portabunt
2297 1822 2348 1867 te
2392 1832 2424 1867 a
2474 1825 2747 1884 conspectu
2776 1815 3045 1869 hominum
3088 1816 3140 1869 in
3174 1815 3376 1869 caelum.

87 1902 252 1969 quod
305 1914 564 1971 Speraret.
600 1902 671 1959 Ut
720 1910 899 1956 autem
935 1916 1057 1971 spes
1103 1900 1182 1956 eis
1226 1898 1535 1961 adderetur,
1585 1895 1695 1960 ille,
1726 1887 1771 1947 Β
1800 1897 1866 1951 Et
1888 1900 2011 1969 quis
2048 1899 2255 1956 fructus
2296 1903 2459 1958 inde?
2487 1903 2567 1957 Ne
2605 1904 2740 1973 forte
2772 1904 3007 1974 oﬁ‘endas
3047 1905 3117 1959 ad
3151 1903 3380 1974 lapidem

91 1990 205 2058 qui
238 1989 391 2043 dedit
416 2000 636 2060 propter
663 1989 1000 2061 disciplinam
1034 1988 1278 2044 timorem
1313 1986 1522 2052 mortis,
1552 1984 1698 2039 dedit

87 2089 332 2150 propter
361 2082 636 2151 praemium
668 2097 817 2153 spem
850 2080 1266 2137 resurrectionis
1310 2096 1323 2133 :
1372 2078 1515 2148 quod
1544 2076 1694 2141 dicit,

92 2170 186 2223 Tu
231 2188 311 2237 es,
340 2170 581 2239 Domine,
610 2188 723 2242 spes
766 2189 902 2237 mea,
953 2181 1007 2228 et
1050 2172 1269 2242 posuisti
1312 2184 1399 2226 me
1438 2167 1697 2239 refugium

88 2270 281 2327 tuum,
329 2262 476 2331 quia,
524 2263 667 2333 quod
718 2262 1009 2317 humanum
1038 2275 1205 2331 genus
1246 2261 1313 2313 ad
1354 2272 1439 2314 me
1477 2256 1698 2312 veniens

89 2360 323 2405 certum
372 2351 537 2406 habet
569 2352 860 2423 refugium,
888 2352 991 2407 hoc
1027 2366 1092 2407 ex
1128 2359 1219 2406 tuo
1245 2360 1348 2416 est,
1374 2349 1499 2418 quia
1542 2346 1695 2403 altis-

87 2439 306 2494 simum
337 2454 425 2495 me
456 2441 651 2496 fecisti.
682 2441 819 2508 Quid
849 2441 1009 2496 altius
1039 2456 1201 2511 quam
1247 2440 1312 2495 de
1341 2453 1506 2495 carne
1552 2451 1698 2491 mor-

91 2528 202 2583 tali
252 2528 433 2585 facere
475 2546 694 2587 carnem
726 2530 1106 2595 immortalem,
1146 2540 1203 2585 et
1245 2529 1313 2584 de
1358 2526 1695 2599 corruptibili

89 2618 617 2688 incorruptibilem?
653 2618 748 2675 Vel
772 2620 851 2674 sic
899 2637 912 2673 :
954 2619 1187 2673 Posuisti
1212 2618 1522 2674 altissimum
1555 2618 1697 2687 refu—

87 2710 252 2763 aium
281 2719 453 2775 tuum,
478 2711 603 2780 quia
653 2725 750 2781 per
794 2725 881 2766 me
926 2710 1095 2766 deleta
1124 2718 1249 2766 sunt
1282 2719 1498 2781 peccata
1526 2709 1699 2766 homi-

89 2816 257 2865 num,
282 2800 437 2870 juxta
464 2802 595 2857 illud
637 2801 789 2856 Pauli
819 2816 833 2855 :
865 2800 1035 2867 Quem
1068 2802 1246 2872 posuit
1284 2800 1696 2870 propitiatorem

86 2906 202 2961 per
229 2890 392 2946 ﬁdem
419 2892 472 2947 in
498 2892 760 2963 sanguine
784 2892 970 2962 ipsius,
1002 2901 1062 2946 ut
1086 2893 1201 2961 ipse
1226 2892 1299 2947 sit
1328 2906 1517 2955 verax,
1537 2891 1700 2961 justi-

88 2984 277 3036 ticans
305 2997 427 3036 eum
467 2982 559 3052 qui
590 2997 657 3038 ex
688 2982 793 3037 ﬁde
821 2992 903 3038 est
930 2981 1058 3038 Iesu
1099 2981 1278 3054 (Rom.
1324 2981 1402 3054 v).
1446 2981 1543 3037 Vel
1570 2983 1649 3037 sic
1679 2998 1694 3035 ι

86 3071 433 3127 Altissimum
473 3074 695 3143 posuisti
725 3072 984 3143 refugium
1023 3073 1178 3144 juxta
1205 3072 1335 3127 illud
1384 3090 1400 3126 :
1440 3071 1591 3126 Dedit
1617 3072 1696 3124 illi

88 3181 292 3219 nomen
313 3167 452 3235 quod
494 3174 569 3219 est
598 3181 753 3235 super
798 3181 948 3219 omne
993 3180 1179 3219 nomen
1218 3164 1385 3236 (Phil.
1433 3163 1518 3235 ιι).
1569 3160 1694 3217 Non

88 3231 410 3309 accedet—ad
438 3264 487 3309 te
513 3231 732 3319 malum,
760 3265 806 3309 et
837 3252 1103 3324 ﬂagellum
1132 3231 1238 3309 non
1264 3270 1311 3323 αλ
1332 3231 1691 3324 propinquabit
1719 3231 1764 3295 ε

88 3344 444 3399 tabernaculo
483 3356 593 3401 tuo.
626 3344 743 3400 Vox
780 3344 1062 3415 Propheta:
1104 3345 1259 3415 quasi
1300 3346 1381 3400 sic
1406 3345 1639 3400 dicentis
1676 3362 1689 3397 :

92 3435 247 3489 Vere
291 3435 549 3491 Dominus
594 3436 768 3491 factus
817 3450 877 3492 es
907 3449 1031 3505 spes
1062 3435 1116 3490 in
1149 3435 1274 3502 tuis,
1314 3437 1559 3506 quoniam
1590 3451 1692 3489 non

87 3524 315 3578 accedet
339 3524 409 3579 ad
448 3535 517 3591 te,
544 3525 595 3581 id
619 3536 717 3590 est,
745 3527 810 3580 ad
844 3533 965 3581 tuos
988 3525 1209 3592 malum,
1236 3526 1362 3596 quia
1388 3526 1513 3580 licet
1541 3533 1692 3581 exte-

89 3618 216 3672 rius
263 3617 451 3671 saeviat
477 3626 809 3687 persecutor,
846 3617 1075 3673 interius
1104 3616 1282 3673 factus
1310 3624 1395 3673 est
1424 3617 1566 3672 Deus
1597 3617 1692 3672 ad-

82 3705 270 3772 jutor,
300 3707 566 3777 ﬂagellum
607 3724 709 3762 non
743 3707 1178 3777 appropinquabit
1219 3706 1553 3761 tabernaculo
1580 3717 1690 3760 tuo.

92 3798 538 3853 Taberuaculum
576 3799 720 3854 istud
758 3807 843 3856 est
875 3815 1075 3870 corpus
1104 3798 1326 3863 Christi,
1358 3799 1412 3854 in
1444 3813 1551 3869 quo
1580 3798 1694 3869 ipse

89 3885 403 3942 secundum
431 3902 649 3943 carnem
674 3887 945 3954 militavit,
978 3889 1031 3942 in
1061 3901 1168 3958 quo
1200 3887 1367 3942 multa
1395 3902 1587 3957 passus
1612 3897 1695 3943 est

90 3978 336 4049 ﬂagella,
365 3979 489 4049 quia
515 3980 850 4050 capiebatur,
878 3978 1271 4050 ﬁagellabatur,
1296 3981 1695 4050 conspuebatur

87 4082 152 4126 et
191 4072 266 4126 ad
300 4070 543 4125 ultimum
576 4071 629 4125 in
679 4086 839 4126 cruce
891 4072 1337 4140 suspendebatur.
1383 4070 1511 4135 Sed,
1556 4086 1694 4141 quo-

89 4162 259 4215 niam
292 4161 607 4226 resurrexit,
637 4169 690 4216 et
722 4162 1127 4232 incorruptibile
1156 4177 1350 4232 corpus
1383 4164 1693 4234 assumpsit,

90 4250 233 4305 huic
268 4251 613 4307 tabernaculo
646 4267 751 4306 non
785 4252 1017 4323 amplius
1048 4252 1554 4323 appropinquabnnt
1594 4251 1692 4308 lla-

88 4340 245 4411 gella
285 4358 298 4394 :
346 4338 487 4410 quod
525 4341 674 4406 dicit,
717 4350 764 4395 et
808 4340 1074 4412 flagellum
1106 4358 1209 4395 non
1253 4341 1693 4413 appropinquabit

92 4430 447 4484 tabernaculo
474 4440 584 4487 tuo.
615 4429 873 4496 Quoniam
896 4430 1093 4501 angelis
1120 4432 1230 4486 suis
1262 4432 1525 4486 mandavit
1551 4433 1616 4486 de
1647 4443 1695 4488 te

90 4525 254 4578 Deus
273 4521 457 4588 Pater,
481 4523 534 4578 id
554 4532 658 4588 est,
681 4531 902 4592 propter
927 4530 998 4588 te,
1016 4531 1075 4577 ut
1098 4524 1191 4579 tibi
1215 4524 1690 4579 subministrarent

88 4614 429 4684 obsequium
454 4615 747 4670 servitutis.
778 4615 929 4670 Unde
955 4613 1083 4669 illud
1112 4633 1136 4668 :~
1155 4614 1221 4668 Et
1246 4616 1489 4686 apparuit
1525 4632 1688 4687 ange-

87 4708 185 4761 lus
216 4706 520 4775 confortans
549 4723 667 4762 eum
694 4707 844 4779 (Luc.
890 4706 1045 4779 xx").
1076 4708 1201 4763 Haec
1231 4706 1553 4764 confortatio
1582 4724 1688 4765 non

91 4796 202 4852 fuit
232 4797 301 4851 ad
332 4799 731 4863 necessitatem,
757 4799 849 4853 sed
878 4800 945 4853 ad
973 4800 1249 4856 servitutis
1278 4800 1687 4868 exhibitionem,

90 4886 204 4941 fuit
239 4886 404 4941 etiam
442 4888 509 4942 ad
552 4898 791 4944 nostram
819 4889 1135 4953 doctrinam,
1167 4891 1291 4960 quia
1321 4893 1691 4963 unusquisque

95 4974 349 5029 fidelium
402 4976 563 5032 habet
611 4978 857 5047 angelum
911 4977 1301 5035 confortantem
1341 4997 1399 5037 se
1448 4982 1500 5037 in
1536 4983 1689 5040 bonis

91 5065 382 5135 operibus.
430 5065 580 5123 Unde
628 5068 757 5122 illud
804 5085 816 5120 :
859 5069 1028 5137 angeli
1064 5086 1243 5124 eorum
1282 5086 1483 5141 semper
1519 5075 1690 5129 vident

94 5156 301 5225 faciem
332 5152 509 5209 Patris
554 5157 769 5229 (Matth.
803 5158 957 5228 xrnt)
1007 5176 1021 5212 :
1070 5162 1212 5230 quod
1253 5163 1401 5229 dicit,
1442 5169 1689 5233 quoniam

94 5246 313 5315 angelis
338 5247 447 5300 suis
476 5249 735 5303 mandavit
761 5247 827 5300 de
853 5257 921 5313 te,
956 5249 1097 5306 istud
1125 5251 1392 5318 videlicet,
1431 5264 1487 5309 ut
1516 5268 1691 5313 custo-

96 5337 259 5389 diant
292 5345 341 5388 te
371 5336 424 5388 in
459 5338 690 5393 omnibus
718 5337 817 5391 viis
846 5338 965 5400 tuis,
995 5348 1049 5394 et
1072 5341 1210 5407 ideo,
1242 5342 1367 5412 quia
1394 5347 1689 5408 mandavit,

95 5445 154 5463 on
198 5442 252 5454 ⁸ο·
267 5442 325 5448 ’·’⁷

1796 1991 1975 2059 pedem
2008 2000 2174 2055 tuum,
2200 1993 2251 2047 id
2279 2002 2383 2058 est,
2412 2009 2477 2048 ne
2505 1994 2882 2064 praedicatores
2911 1995 2988 2051 tui
3033 1994 3235 2053 similes
3269 1994 3379 2048 elli-

1796 2081 2011 2133 ciantur
2052 2079 2158 2135 illis
2204 2082 2293 2150 qui
2342 2081 2619 2138 offendunt
2662 2082 2727 2137 ad
2764 2083 2993 2153 lapidem
3047 2082 3379 2139 offensionis.

1796 2166 1942 2222 velut
1978 2167 2144 2225 Judaei
2187 2171 2279 2240 qui
2331 2171 2384 2225 in
2427 2172 2598 2242 legem
2640 2172 2837 2227 tabulis
2865 2173 3087 2242 lapideis
3134 2173 3375 2229 conscri-

1796 2266 1943 2327 ptam
1984 2258 2345 2326 otfendebant,
2373 2261 2629 2317 facientes
2669 2264 2807 2318 bona
2833 2278 2951 2333 qua:
2976 2262 3243 2318 faciebant
3269 2279 3377 2318 non

1796 2366 1860 2406 ex
1893 2366 2099 2416 amore,
2136 2353 2229 2407 sed
2255 2368 2320 2409 ex
2354 2353 2567 2410 timore.
2595 2352 2735 2409 Nota
2763 2355 2888 2424 quia
2914 2369 3020 2409 non
3051 2364 3170 2411 erat
3196 2354 3377 2408 Domi-

1796 2457 1898 2498 nus
1942 2442 2012 2497 ab
2060 2443 2265 2513 angelis
2306 2444 2640 2514 deportatus,
2683 2445 2826 2515 quod
2888 2459 3109 2500 necesse
3163 2452 3282 2499 erat
3326 2446 3377 2499 ei

1798 2533 2059 2600 reportari
2107 2534 2175 2587 ab
2212 2534 2313 2597 eis,
2345 2536 2438 2589 sed
2483 2536 2596 2604 ipsa
2625 2536 2926 2606 deportatio
2954 2535 3057 2591 fuit
3103 2536 3378 2591 servitutis

1796 2624 2077 2680 exhibitio.
2127 2624 2297 2695 Super
2350 2627 2584 2695 aspidem
2631 2636 2679 2681 et
2711 2626 3009 2681 basiliscum
3064 2628 3374 2681 ambulabis.

1796 2714 2084 2769 Basiliscus
2123 2714 2505 2785 interpretatur
2532 2717 2742 2787 regalis,
2772 2718 2913 2773 unde
2952 2718 3235 2773 basiliscus
3285 2735 3377 2773 rex

1796 2805 2129 2874 serpentium
2159 2804 2378 2872 dicitur,
2406 2813 2462 2859 et
2511 2807 2589 2861 sic
2633 2820 2730 2874 per
2775 2806 3077 2860 basiliscum
3131 2806 3377 2861 diabolus

1796 2895 2114 2967 intelligitur
2139 2895 2230 2966 qui
2258 2909 2415 2966 caput
2447 2906 2531 2953 est
2559 2898 2722 2953 totius
2757 2898 3079 2967 serpentinae
3111 2898 3325 2952 malitiae
3356 2917 3369 2951 :

1795 3000 1893 3055 per
1929 2985 2162 3057 aspidem
2205 2986 2575 3058 intelliguntur
2619 2988 2818 3058 quique
2850 2988 3087 3043 haeretici
3111 2997 3164 3044 et
3189 2990 3373 3043 czeteri

1794 3077 2049 3134 vcnenosi
2067 3079 2159 3149 qui
2188 3093 2395 3135 veneno
2418 3094 2515 3135 suo
2540 3080 2771 3137 ﬁdelium
2794 3081 3000 3136 animas
3026 3081 3374 3145 mortiﬁcanl,

1796 3183 1958 3237 super
1982 3183 2120 3235 quos
2140 3177 2318 3224 tamen
2347 3170 2606 3225 Dominus
2627 3170 2925 3226 ambulabit
2945 3171 2998 3225 in
3022 3173 3162 3235 suis;
3186 3182 3233 3226 et
3255 3190 3378 3227 cou-

1794 3257 2021 3312 culcabis
2043 3257 2240 3313 leonem
2262 3268 2311 3313 et
2342 3260 2642 3325 draconem,
2670 3260 2723 3314 id
2756 3270 2856 3325 est,
2887 3262 2963 3316 tui
2984 3262 3378 3317 conculcabunt

1794 3357 1978 3417 aperte
2009 3349 2293 3405 saevientes
2322 3358 2378 3405 et
2423 3349 2633 3405 occulte
2664 3351 2999 3408 insidiantes.
3034 3351 3292 3418 Quoniam
3322 3355 3377 3408 in

1792 3454 1873 3492 me
1909 3438 2155 3508 sperabit,
2192 3438 2421 3492 liberabo
2450 3456 2587 3493 eum.
2627 3440 2791 3507 Quasi
2816 3441 2959 3497 dicat
2988 3460 3001 3495 :
3043 3442 3181 3496 Deus
3216 3443 3378 3497 Pater

1792 3528 2055 3582 mandavit
2099 3527 2164 3581 de
2204 3538 2253 3583 te
2299 3529 2497 3598 angelis
2526 3529 2660 3594 suis,
2704 3529 2888 3584 dicens
2928 3547 2941 3584 :
2975 3530 3205 3585 liberabo
3233 3548 3375 3593 eum,

1794 3618 1846 3672 id
1873 3626 1974 3683 est,
2001 3618 2294 3674 anchoram
2319 3620 2433 3689 spei
2461 3635 2571 3676 sua:
2611 3621 2663 3675 in
2696 3635 2781 3677 me
2807 3620 2944 3686 ﬁxit,
2968 3633 3230 3692 protegam
3258 3639 3376 3676 cum

1793 3711 1846 3766 in
1883 3712 1995 3766 suis
2035 3712 2102 3766 ab
2144 3720 2276 3766 aestu
2311 3713 2561 3767 vitiorum
2593 3728 2608 3767 τ
2639 3722 2689 3768 et
2716 3715 2839 3780 hoc,
2871 3714 2990 3769 ideo
3017 3717 3261 3785 quoniam
3291 3732 3375 3768 co-

1778 3802 1964 3873 gnovit
1996 3818 2181 3857 nomen
2214 3820 2404 3869 meum,
2432 3804 2534 3859 boc
2571 3806 2779 3861 scilicet
2806 3806 2950 3877 quod
2973 3815 3055 3861 est
3092 3807 3375 3871 Dominus,

1792 3892 1935 3962 quod
1964 3901 2296 3962 cognoscunt
2336 3894 2411 3948 illi
2456 3895 2544 3963 qui
2580 3896 2736 3951 bonis
2776 3896 3028 3966 operibus
3057 3898 3393 3967 proﬁtentur

1793 3994 1851 4037 se
1879 3994 2000 4036 esse
2026 3996 2211 4037 servos
2242 3981 2475 4037 Domini.
2502 3981 2760 4038 Clamabit
2798 3986 2866 4038 ad
2893 4002 2996 4050 me,
3019 3996 3068 4040 et
3094 4003 3188 4055 ego
3214 4002 3376 4038 exau-

1792 4072 1934 4125 diam
1959 4088 2077 4126 eum
2105 4082 2213 4126 tam
2255 4073 2308 4127 in
2352 4088 2413 4130 se
2438 4089 2599 4144 quam
2634 4075 2687 4129 in
2719 4076 2851 4132 suis.
2882 4075 3017 4131 Eum
3046 4077 3157 4147 ipso
3178 4093 3290 4131 sum
3323 4078 3378 4129 in

1793 4164 2149 4232 tribulatione,
2171 4179 2411 4219 suorum.
2438 4164 2592 4220 Unde
2630 4166 2785 4233 illud,
2827 4167 2959 4221 Ecce
2999 4184 3091 4238 ego
3118 4168 3377 4222 vobiscum

1793 4269 1907 4308 sum
1927 4270 2084 4324 usque
2098 4255 2167 4309 ad
2187 4258 2682 4310 consummationem
2706 4258 2883 4312 steculi
2909 4256 3122 4328 (Matth.
3142 4260 3333 4327 xxvnt)
3355 4275 3370 4322 ;

1793 4346 2010 4415 eripiam
2048 4362 2164 4400 eum
2195 4361 2223 4399 a
2251 4347 2621 4416 persecutione
2663 4347 2961 4418 temporali,
2991 4357 3038 4401 et
3068 4348 3374 4417 gloriﬁcabo

1793 4455 1910 4492 eum
1938 4438 2105 4509 gloria
2131 4438 2395 4504 arternali,
2418 4441 2634 4510 eripiam
2658 4457 2775 4495 eum
2799 4455 2904 4495 non
2927 4450 2985 4493 ut
3007 4440 3189 4494 audiat
3213 4442 3374 4495 verba

1793 4543 2005 4598 aspera,
2038 4530 2132 4584 sed
2164 4544 2252 4595 ne,
2280 4530 2647 4587 erubescendo
2679 4546 2767 4596 ea,
2806 4532 2963 4585 cadat
3002 4532 3055 4585 in
3098 4531 3375 4600 muscipu-

1796 4621 1898 4675 lam
1931 4621 2151 4688 diaboli,
2176 4631 2225 4675 ct
2258 4622 2474 4677 tandem
2501 4622 2803 4692 gloriﬁcabo
2828 4639 2967 4685 eum,
2993 4624 3118 4691 quia
3143 4623 3375 4692 longitu-

1791 4711 1912 4765 dine
1948 4712 2151 4766 dierum
2197 4711 2533 4767 mternalium
2578 4711 2779 4782 replebo
2823 4728 2963 4775 eum,
3009 4722 3058 4766 et
3104 4712 3376 4766 ostendam

1790 4802 1869 4855 illi
1912 4802 2144 4856 salutare
2179 4818 2368 4867 meum,
2402 4811 2459 4855 ut
2496 4802 2646 4868 illud,
2684 4801 2968 4862 ostendam
3008 4801 3083 4856 illi
3119 4802 3373 4868 meipsum

1795 4892 1975 4963 (Joan.
2004 4894 2137 4965 xw).

2351 4982 2672 5039 PSALMUS
2708 4982 2841 5038 XCI.

2113 5091 2343 5131 PSALMUS
2370 5090 2584 5132 CANTICI
2617 5091 2669 5130 IN
2699 5089 2786 5130 DIE
2817 5089 3057 5131 SABBATI.

1871 5186 1888 5218 ‹
1932 5166 2138 5222 Bonum
2164 5175 2247 5220 est
2274 5166 2521 5223 conﬁteri
2553 5165 2801 5229 Domino,
2829 5172 2883 5219 et
2911 5163 3137 5233 psallere
3168 5159 3377 5214 nomini

1800 5278 1819 5309 ι
1861 5265 1975 5325 tuo,
1998 5258 2294 5316 Altissimc.
2322 5257 2401 5312 Ad
2431 5256 2858 5315 annuntiandum
2887 5269 3042 5308 mane
3068 5249 3383 5307 misericor—

1802 5365 1820 5398 ι
1866 5348 2007 5401 diam
2061 5358 2233 5412 tuam,
2283 5354 2338 5417 et
2384 5351 2674 5405 veritatem
2727 5353 2869 5398 tuam
2914 5357 3008 5411 per
3047 5349 3283 5397 noctem.
3322 5336 3383 5392 In
