3868 5578
521 382 621 447 651
680 380 683 381 ⁷

1142 382 1400 442 neuneu
1438 342 2097 439 sartsmoooitsnms
2132 373 2286 431 ore.
2327 375 2530 435 esus.
2568 378 2611 434 t.
2635 408 2720 458 ⁵-
2755 372 3165 436 exsomnes.

3660 378 3748 439 633

527 524 546 557 ι
591 488 903 575 cognoscet,
950 492 1025 556 et'
1057 472 1257 555 stuitus
1313 514 1420 554 non
1466 495 1728 567 intelliget
1778 494 1919 549 haec.
1963 489 2098 548 Cum
2125 491 2172 553 Α
2201 493 2379 549 dando
2419 509 2544 551 eum
2585 494 2639 550 in
2687 495 2984 553 benefactis
3025 502 3170 568 suis;
3213 495 3359 572 quod
3384 497 3544 569 dicit,
3587 503 3751 559 bona

526 608 545 646 ι
592 593 769 651 exorti
794 586 991 648 fuerint
1019 582 1335 662 peccatores
1359 589 1501 644 sicut
1525 588 1735 652 fenum,
1762 593 1819 640 ct
1843 598 2107 656 apparue-

526 705 546 739 ι
592 686 700 741 rint
722 699 911 741 omnes
929 683 1025 754 qui
1042 691 1340 753 operantur
1368 680 1727 750 iniquitatem,
1751 686 1811 730 ut
1837 677 2107 732 intereant

526 794 546 827 ι
590 774 642 829 in
676 773 931 830 sa’culam
963 771 1145 828 saeculi
1180 790 1193 825 :
1226 780 1283 825 tu
1308 779 1493 825 autem
1522 767 1836 823 Altissimus
1865 766 1919 821 in
1943 775 2102 822 teter.

525 882 548 918 ι
592 878 742 927 num,
775 861 1016 917 Domine.
1042 860 1307 928 Quoniam
1336 874 1466 915 ecce
1493 857 1698 914 inimici
1728 856 1824 923 tui,
1856 857 2100 920 Domine,

525 971 547 1008 α
588 953 840 1024 quoniam
865 946 992 1008 ecce
1014 951 1215 1007 inimici
1247 951 1321 1006 tui
1349 950 1704 1023 peribunt,'et
1728 948 2103 1019 dispergentur

530 1065 550 1098 ι
598 1060 788 1100 omnes
817 1038 907 1113 qui
962 1040 1258 1115 Operantur
1287 1041 1651 1113 iniquitatem.
1678 1040 1748 1095 Et
1775 1039 2103 1095 exaltabitur

524 1157 544 1192 ι
589 1139 728 1194 sicut
756 1136 1039 1192 unicornis
1084 1149 1254 1191 cornu
1294 1148 1500 1198 meum,
1529 1140 1585 1188 et
1620 1141 1868 1188 senectus
1899 1145 2016 1186 mea
2046 1132 2101 1186 in

522 1249 542 1283 α
588 1226 959 1285 misericordia
990 1225 1166 1282 uberi.
1199 1225 1266 1280 Et
1294 1224 1539 1296 despexit
1573 1221 1762 1279 oculus
1791 1236 1944 1277 meus
1992 1219 2100 1276 iui-

520 1340 540 1372 ι
586 1319 758 1375 micos
783 1332 952 1385 meos,
983 1326 1037 1373 et
1066 1317 1135 1372 ab
1164 1315 1572 1388 insurgentibus
1598 1314 1652 1368 in
1691 1327 1779 1369 me
1805 1312 2101 1383 malignan-

522 1432 541 1466 ι
591 1413 739 1467 tibus
783 1409 968 1464 audiet
1007 1409 1156 1465 auris
1179 1402 1322 1464 mea.
1350 1406 1536 1463 Justus
1563 1414 1624 1462 ut
1664 1406 1839 1477 palma
1867 1404 2096 1469 ﬂorebit,

525 1519 546 1555 ι
593 1490 734 1556 sicut
782 1497 977 1553 cedrus
1022 1497 1211 1553 Libani
1261 1496 1728 1567 multiplicabitur.
1755 1494 1989 1550 Plantati
2044 1493 2098 1549 in

520 1611 539 1645 ι
586 1591 746 1647 domo
774 1589 1012 1655 Domini,
1041 1588 1096 1644 in
1138 1586 1303 1642 atriis
1350 1586 1544 1642 domus
1584 1585 1681 1641 Dei
1724 1585 1894 1641 nostri
1935 1584 2098 1641 tiore-

520 1705 540 1738 ι
587 1686 741 1739 bunt.
766 1684 957 1738 Adhuc
985 1679 1486 1752 multiplicabuntur
1512 1677 1566 1733 in
1595 1687 1815 1733 senecta
1840 1676 2018 1741 uberi,
2044 1688 2100 1732 et

2202 592 2277 637 est
2313 584 2551 652 confiteri
2579 576 2834 652 Domino,
2874 597 2924 642 et
2949 588 3171 657 psallere
3206 592 3407 646 nomini
3438 602 3553 658 tuo,
3577 594 3752 652 scilicet

2202 668 2570 742 gloriﬁcando.
2617 669 2662 728 0
2692 670 2977 742 Allissime,
3017 677 3071 733 in
3112 678 3216 735 hoc
3252 680 3505 737 videlicet
3551 682 3753 754 psallen-

2201 767 2328 822 dum
2354 780 2441 823 est
2476 769 2680 824 nomini
2710 778 2825 836 tuo,
2860 781 2921 824 ut
2943 773 3225 829 annuntiet
3252 777 3627 845 unusquisque
3653 792 3753 833 esse

2202 859 2588 917 misericordire
2633 871 2737 917 tua:
2763 866 2905 933 quod
2943 867 3242 922 consolaris
3283 868 3339 923 in
3373 871 3679 940 prosperis,
3710 883 3754 927 et

2200 964 2322 1006 esse
2355 959 2460 1007 tute
2492 950 2719 1020 justitize
2763 955 2905 1024 quod
2946 956 3176 1026 corrigis
3212 959 3265 1013 in
3306 959 3579 1017 adversis.
3627 960 3753 1028 Quod

2199 1042 2351 1108 dicit,
2384 1043 2573 1098 bonum
2611 1053 2684 1099 est
2728 1044 2952 1114 psallere
2991 1049 3188 1103 nomini
3222 1058 3317 1104 tuo
3348 1050 3419 1103 ad
3455 1052 3753 1105 annuntian-

2198 1132 2325 1187 dum
2362 1134 2775 1190 misericordiam
2823 1146 2969 1191 tuam
2997 1152 3116 1194 esse
3149 1139 3204 1193 in
3230 1157 3422 1209 mane,
3474 1142 3535 1196 id
3583 1150 3681 1206 est,
3712 1143 3755 1197 in

2198 1224 2473 1294 prosperis
2502 1240 2570 1281 ne
2602 1225 2983 1294 delicianttui,
3024 1240 3070 1283 et
3100 1231 3365 1286 veritatem
3391 1242 3567 1294 tuam,
3603 1232 3653 1288 id
3690 1244 3755 1288 est

2192 1313 2457 1384 justitiam
2505 1331 2626 1373 esse
2674 1333 2767 1387 per
2801 1328 3024 1386 noctem,
3063 1320 3115 1376 id
3144 1331 3246 1387 est,
3296 1322 3352 1379 in
3391 1323 3663 1389 adversis,
3703 1341 3757 1381 ne

2200 1405 2419 1474 impune
2465 1416 2720 1476 peccetur
2768 1423 2798 1463 a
2844 1409 2971 1465 tuis.
3026 1408 3097 1464 In
3140 1411 3470 1467 decachordo
3509 1413 3754 1484 psalterio.

2198 1493 2361 1562 Quasi
2390 1495 2533 1551 dicat
2561 1512 2576 1551 :
2601 1497 2808 1554 Bonum
2829 1509 2903 1554 est
2924 1499 3147 1569 psallere
3171 1503 3369 1557 nomini
3392 1512 3510 1557 tuo.
3538 1501 3755 1557 Psallen-

2197 1586 2325 1643 dum
2355 1597 2537 1644 autem
2561 1599 2647 1645 est
2673 1592 2729 1646 in
2760 1591 3084 1647 decachordo
3114 1594 3384 1664 psalterio,
3430 1596 3507 1650 ita
3533 1596 3759 1652 videlicet

2198 1686 2280 1743 ut,
2318 1678 2371 1733 in
2403 1678 2580 1735 anima
2619 1689 2803 1737 nostra
2828 1698 2948 1752 qum
2989 1683 3041 1738 in
3071 1685 3333 1754 superiori
3366 1696 3564 1741 nostro
3598 1689 3755 1742 adme-

519 1798 537 1830 ε
580 1779 719 1834 bene
765 1775 1034 1847 patientes
1082 1781 1264 1837 erunt,
1313 1779 1374 1825 ut
1419 1757 1762 1825 an‘nuntient.
1831 1767 2134 1848 Quoniam,
2198 1769 2324 1824 dum
2360 1770 2599 1840 psalterii
2639 1786 2831 1829 sonum
2861 1774 3068 1841 reddit,
3106 1775 3291 1831 decem
3332 1787 3612 1847 praecepta
3650 1778 3759 1848 legis

518 1890 536 1921 ι
584 1878 767 1924 rectus
808 1865 1071 1921 Dominus
1090 1862 1234 1919 Deus
1261 1860 1471 1918 noster.
1501 1870 1558 1916 et
1590 1874 1697 1915 non
1725 1866 1807 1914 est
1838 1858 2094 1929 iniquitas
2123 1847 2167 1907 Β
2194 1859 2567 1928 observemus,
2589 1862 2767 1919 ethoc
2792 1878 2897 1919 non
2924 1878 2992 1918 ex
3016 1863 3257 1933 tristitia,
3285 1866 3380 1922 sed
3404 1882 3534 1921 cum
3562 1847 3755 1928 cantico,

518 1961 821 2017 «ineo.»

1077 2046 1532 2105 ENARRATIO.

584 2144 878 2214 Propheta,
917 2141 1104 2198 videns
1132 2141 1347 2197 Judzeos
1376 2139 1613 2196 litteram
1646 2139 2008 2203 attendentes,
2042 2144 2098 2192 et

514 2250 620 2325 πολι
653 2235 927 2305 Spiritum,
961 2217 1258 2289 Sabbatum
1290 2246 1538 2301 gressum
1569 2230 1863 2295 celebrare,
1895 2236 1951 2284 et
1988 2243 2096 2283 non

514 2319 822 2392 delicatum,
864 2326 1110 2380 hortatur
1146 2338 1245 2379 nos
1289 2323 1342 2377 in
1392 2322 1496 2378 hoc
1542 2321 1751 2393 psalmo
1799 2319 2095 2375 Sabbatum

513 2419 802 2474 delicatum
829 2416 1122 2474 celebrare.
1157 2414 1311 2484 Quod
1357 2413 1651 2469 Sabbatum
1688 2411 1975 2468 delicatum
2014 2419 2100 2466 est

514 2513 783 2568 serenitas
821 2510 1186 2574 conscientias,
1220 2507 1585 2579 tranquillitas
1621 2506 1837 2570 mentis,
1879 2502 2096 2573 requies

513 2604 715 2668 cordis,
737 2603 969 2659 cessatio
999 2602 1066 2656 ab
1093 2601 1350 2672 operibus
1382 2600 1556 2664 malis,
1585 2598 1710 2670 quia
1742 2612 1849 2652 non
1877 2596 2097 2667 prodest

514 2711 707 2751 manus
735 2694 1006 2750 abstinere
1033 2691 1100 2747 ab
1127 2707 1311 2763 opere,
1344 2692 1446 2747 nisi
1481 2705 1634 2746 mens
1661 2690 1824 2745 etiam
1854 2697 2030 2744 cesset
2064 2701 2095 2742 a

513 2783 761 2850 crimine,
790 2784 913 2853 quia
948 2781 1140 2838 melius
1168 2789 1248 2837 est
1281 2794 1438 2836 arare
1465 2795 1628 2849 quam
1666 2776 1886 2841 saltare,
1917 2785 1974 2831 et
2010 2775 2093 2833 fo-

513 2877 641 2933 dere
667 2891 831 2946 quam
869 2890 1039 2944 usque
1079 2874 1146 2928 ad
1177 2873 1455 2944 crapulam
1494 2871 1702 2928 bibere.
1741 2870 1910 2927 Judaei
1940 2884 2094 2935 vero,

514 2963 810 3020 Sabbatum
859 2979 1107 3034 gressum
1146 2963 1505 3028 celebrantes,
1550 2963 1654 3018 hoc
1697 2976 1803 3016 non
1851 2960 2096 3016 attende-

513 3054 664 3120 bant,
710 3055 809 3109 sed
848 3068 1040 3108 manus
1075 3068 1263 3108 eorum
1304 3051 1601 3109 fcriabatur
1629 3051 1697 3105 ab
1726 3064 1910 3121 opere,
1940 3064 2094 3106 mens

514 3161 700 3202 eorum
727 3146 1027 3217 promptior
1071 3154 1192 3199 erat
1233 3144 1286 3198 in
1331 3143 1694 3215 perpetrando
1714 3142 1938 3199 scelere.
1975 3140 2090 3197 Non

514 3239 864 3296 attendebant
889 3238 1011 3310 quia
1035 3238 1163 3293 illud
1193 3236 1487 3293 Sabbatum
1514 3238 1724 3308 signum
1756 3248 1872 3292 erat
1898 3235 2093 3292 futurae

514 3332 740 3401 requiei,
778 3330 845 3385 ad
883 3345 1044 3400 quam
1080 3329 1258 3385 nullus
1292 3328 1592 3400 perveniet,
1623 3328 1727 3383 nisi
1767 3344 1927 3399 quem
1958 3343 2088 3383 con-

515 3422 739 3476 scientia
770 3422 1000 3477 liberum
1039 3436 1159 3477 esse
1195 3421 1451 3477 defendit.
1478 3420 1634 3488 Quod
1661 3429 1838 3476 autem
1881 3419 2092 3477 Sabba-

514 3523 629 3569 tum
659 3514 809 3579 illud,
847 3514 988 3584 quod
1028 3512 1227 3568 Judmis
1257 3513 1355 3567 fuit
1383 3512 1682 3582 injunctum
1712 3512 1778 3567 ad
1809 3512 2093 3568 celebran-

513 3603 660 3669 dum,
708 3604 782 3659 sit
817 3605 1029 3675 signum
1068 3604 1260 3658 futurae
1307 3602 1532 3673 requiei,
1566 3610 1714 3657 notat
1747 3600 1884 3659 liber
1911 3599 2090 3656 Gene-

515 3713 660 3761 scos,
687 3712 801 3766 qm,
823 3712 944 3751 eum
967 3696 1332 3767 praecedentes
1344 3696 1457 3751 dies
1484 3711 1581 3767 per
1606 3711 1766 3751 mane
1791 3703 1846 3750 et
1870 3708 2093 3764 vespere

517 3788 858 3853 determinet,
890 3787 1172 3857 septimam
1222 3787 1365 3841 illam
1409 3785 1551 3842 diem
1594 3785 1847 3841 videlicet
1886 3784 2096 3841 Sabba-

515 3889 652 3941 tum,
704 3879 759 3933 in
816 3894 926 3950 quo
986 3878 1246 3933 Dominus
1305 3878 1374 3932 ab
1426 3892 1589 3948 opere
1644 3876 1940 3946 requievit,
1995 3890 2094 3946 per

518 3985 802 4039 vesperum
873 3983 977 4023 non
1053 3968 1451 4031 determinavit,
1499 3966 1624 4038 quia
1700 3968 1914 4037 requies
1980 3964 2088 4031 illa,

517 4073 636 4128 qua:
671 4073 768 4128 per
798 4059 897 4113 hoc
928 4056 1219 4111 Sabbatum
1249 4056 1426 4110 futura
1458 4057 1787 4127 designatur,
1816 4054 1976 4110 nullis
2008 4063 2090 4109 te-

517 4146 702 4203 nellris
736 4143 1050 4209 oliuseatur,
1078 4145 1169 4200 sed
1214 4145 1267 4199 in
1313 4145 1599 4215 purissima
1647 4144 1893 4199 claritate
1936 4152 2093 4198 reter-

514 4239 708 4293 Ialiter
758 4238 954 4309 agitur.
983 4235 1135 4304 Quod
1182 4235 1383 4290 dicitur
1427 4234 1683 4291 Dominus
1728 4236 1797 4289 ab
1840 4233 2093 4304 operibus

515 4329 862 4400 requievissc,
919 4343 1026 4383 non
1081 4327 1202 4382 ideo
1247 4325 1445 4382 dicitur
1495 4326 1635 4398 quod
1701 4326 1938 4381 laborem
1994 4325 2094 4380 ali-

516 4435 675 4490 quem
700 4434 891 4490 passus
922 4404 1069 4472 sitin
1100 4431 1284 4487 opere,
1316 4416 1409 4471 sed
1441 4415 1819 4487 przeligurabat
1842 4415 1970 4485 quid
2004 4415 2090 4469 fu-

2198 1950 2252 2006 id
2282 1960 2386 2019 est,
2422 1967 2546 2009 cum
2587 1953 2782 2010 mentis
2813 1954 3100 2020 hilaritate,
3147 1957 3273 2027 quia
3316 1967 3581 2013 eoactum
3614 1960 3755 2013 serti—

2198 2040 2331 2096 tium
2366 2056 2471 2097 non
2507 2052 2591 2098 est
2631 2042 2739 2100 Deo
2785 2044 3059 2114 placitum.
3102 2044 3255 2102 Unde
3299 2047 3432 2102 illud
3478 2062 3499 2100 :
3549 2048 3758 2103 ηειεττιι

2196 2131 2434 2187 datorem
2482 2133 2655 2204 diligit
2697 2134 2833 2190 Dens
2869 2134 2964 2205 (ll
2998 2134 3121 2190 Cor.
3156 2136 3273 2206 ιι).
3311 2137 3664 2193 Psallendum
3696 2150 3760 2193 est

2196 2226 2360 2282 etiam
2408 2228 2465 2283 in
2509 2230 2736 2295 cithara,
2783 2230 2834 2285 id
2876 2239 2982 2297 est,
3031 2230 3084 2285 in
3125 2233 3306 2287 carnis
3341 2232 3758 2295 mortiﬁcatioue,

2197 2319 2321 2388 quia
2353 2334 2575 2377 necesse
2612 2332 2694 2378 est
2732 2337 3021 2393 quemque,
3060 2334 3113 2378 ut
3155 2325 3293 2381 bene
3335 2324 3576 2395 psallat,
3607 2326 3761 2380 cmci-

2196 2412 2362 2483 ligere
2389 2427 2608 2468 carnem
2650 2429 2772 2469 cum
2798 2415 2946 2470 vitiis
2977 2424 3030 2471 et
3066 2417 3527 2486 concupiscentiis
3564 2437 3579 2472 :
3610 2420 3688 2472 vel
3719 2420 3759 2471 is

2195 2501 2418 2567 cithara,
2463 2501 2515 2557 id
2563 2511 2666 2565 est,
2719 2503 2772 2558 in
2810 2504 2993 2561 officio
3029 2507 3296 2576 corporis,
3342 2508 3396 2562 in
3447 2509 3761 2563 exhibitione

2193 2592 2442 2648 videlicet
2473 2594 2933 2669 eleemosynarum
2950 2606 2999 2652 et
3024 2608 3339 2655 cieterarnm
3368 2602 3641 2655 virtutum
3665 2618 3762 2671 quae

2194 2698 2421 2753 corpore
2474 2685 2943 2742 administrantur.
3004 2687 3142 2754 Quia
3180 2689 3455 2745 delectasti
3502 2709 3627 2754 me,
3677 2692 3762 2745 Do-

2195 2777 2353 2843 mine,
2379 2778 2435 2831 in
2461 2778 2670 2848 factura
2697 2788 2808 2835 tua.
2837 2779 3000 2847 Quasi
3030 2780 3174 2837 dicat
3209 2802 3223 2837 :
3262 2782 3463 2839 Merito
3502 2785 3608 2839 tibi
3639 2784 3761 2853 psal-

2196 2868 2410 2923 lendum
2441 2877 2541 2935 est,
2582 2870 2707 2940 quia
2752 2885 2875 2926 cum
2916 2871 2969 2927 in
3013 2889 3129 2929 mea
3182 2872 3389 2930 factura
3431 2891 3618 2932 essem
3654 2892 3760 2932 eon-

2198 2959 2463 3026 tristatus,
2493 2960 2761 3016 delectain
2780 2978 2879 3027 me,
2914 2963 3151 3029 Domine,
3185 2966 3240 3019 in
3262 2966 3483 3034 factura
3512 2978 3633 3032 tua,
3658 2984 3759 3022 eum

2193 3065 2294 3121 per
2328 3061 2381 3105 te
2412 3051 2663 3106 videlicet
2700 3061 3023 3121 regnaturus
3064 3070 3202 3110 sum.
3246 3054 3405 3112 Unde
3442 3058 3758 3129 Apostolus:

2195 3141 2401 3211 Ipsius,
2454 3141 2660 3212 inquit,
2708 3142 2919 3213 factum
2969 3161 3181 3210 sumus,
3228 3148 3394 3201 creati
3432 3148 3495 3203 in
3545 3148 3760 3219 oper-ihs

2197 3220 2343 3286 bonii
2369 3229 2529 3303 (Eph.
2552 3230 2644 3304 11).
2680 3231 2749 3286 Et
2790 3232 2918 3302 quia
2942 3232 3211 3289 delectasti
3232 3252 3313 3289 me
3343 3237 3401 3290 in
3430 3235 3646 3305 factura
3667 3248 3759 3299 tu,

2194 3322 2314 3379 ideo
2336 3324 2390 3379 in
2422 3324 2664 3395 operibus
2688 3338 2954 3380 manuum
2976 3335 3188 3381 tuarum
3223 3328 3556 3395 exercebor,
3597 3325 3649 3385 id
3674 3338 3759 3389 est.

2194 3413 2288 3469 tibi
2344 3414 2635 3471 attribuam
2689 3415 2833 3485 quod
2895 3416 3021 3472 boni
3075 3433 3293 3488 operor,
3336 3420 3471 3489 quia
3525 3435 3635 3475 non
3680 3434 3762 3489 ego

2191 3520 2408 3577 operor,
2440 3507 2534 3563 sed
2562 3521 2753 3563 manus
2787 3516 2916 3575 tua),
2945 3508 2998 3563 id
3033 3518 3138 3574 est,
3170 3513 3428 3580 potentiae
3455 3520 3589 3576 tute,
3617 3513 3669 3567 in
3693 3526 3763 3564 me

2192 3611 2491 3672 operantur
2536 3601 2585 3657 si
2639 3601 2768 3672 quid
2804 3601 2930 3657 boni
2958 3602 3179 3673 operor.
3225 3602 3397 3670 Quam
3438 3604 3760 3675 magni/laris

2190 3703 2312 3748 sunt
2333 3709 2502 3763 ,opera
2535 3701 2648 3759 tua,
2688 3692 2942 3747 Domine!
2977 3692 3257 3748 Delectain
3296 3710 3405 3753 me.
3446 3694 3688 3755 Domine,
3718 3692 3760 3743 is

2193 3784 2401 3854 factura
2445 3793 2557 3849 tua,
2600 3791 2656 3838 et
2707 3784 2820 3839 haec
2857 3798 3021 3853 opera
3064 3792 3153 3839 tua
3198 3785 3344 3854 quod
3382 3800 3474 3839 me
3523 3785 3759 3839 delectari

2192 3875 2327 3931 facis
2356 3875 2410 3931 in
2439 3874 2648 3932 factura
2683 3883 2795 3940 tua,
2830 3891 2989 3945 quam
3025 3875 3368 3947 magnificam
3399 3886 3553 3941 sunt,
3584 3877 3637 3931 id
3672 3885 3757 3939 est,

2192 3978 2353 4036 quam
2377 3982 2573 4038 magna
2594 3966 2840 4023 habenda
2865 3975 3008 4023 sunt.
3039 3965 3105 4020 Et
3135 3967 3291 4022 nimis
3313 3967 3606 4037 profunda:
3628 3966 3759 4035 {acta

2180 4065 2313 4111 sunt
2350 4050 2849 4128 cogitationestute,
2886 4058 3065 4123 idest,
3094 4058 3245 4130 quod
3275 4059 3576 4115 cxaltando
3616 4060 3759 4114 alium

2193 4145 2402 4218 dcjicis,
2442 4155 2497 4204 et
2530 4147 2694 4204 alium
2745 4148 3078 4204 humiliando
3126 4150 3358 4216 exaltas,
3406 4165 3518 4205 non
3546 4161 3631 4205 est
3677 4150 3763 4203 liu-

2191 4255 2367 4295 manae
2399 4241 2596 4296 mentis
2637 4239 2982 4312 investigare.
3018 4240 3114 4296 Vel
3150 4241 3229 4296 sic
3267 4258 3280 4294 :
3322 4239 3675 4295 Psallemtam
3698 4246 3759 4292 cst

2194 4331 2391 4385 nomini
2432 4339 2521 4386 tuo
2559 4331 2615 4384 in
2656 4332 2881 4386 cithara.
2928 4330 3079 4397 Quod
3129 4339 3310 4385 autem
3362 4330 3665 4402 psallentes
3716 4330 3759 4379 is

2195 4421 2398 4475 cithara
2431 4421 2700 4492 permittis
2724 4419 2986 4485 laborare,
3024 4428 3079 4474 et
3105 4434 3210 4474 non
3232 4420 3531 4489 psallentes
3560 4418 3756 4473 Dom.

517 4517 719 4573 turum,
750 4508 1001 4563 videlicet
1046 4507 1104 4563 in
1135 4507 1368 4562 ﬁdelium
1397 4506 1831 4577 congregatione,
1862 4503 1986 4575 quia
2022 4503 2088 4559 ad
2117 4535 2168 4596 Ι)
2196 4514 2333 4569 bona
2365 4531 2520 4585 ορενα
2541 4523 2655 4579 ma,
2693 4512 2937 4578 nomine,
2970 4529 3126 4585 quam
3156 4512 3501 4583 magniﬁcam
3546 4518 3691 4572 sunt,
3718 4516 3759 4560 el

513 4601 755 4670 requiem
780 4614 962 4655 veram
987 4616 1105 4670 qua:
1133 4615 1230 4671 per
1253 4597 1550 4655 Sabbatum
1576 4599 1750 4653 futura
1780 4598 2087 4664 denotatur,

515 4709 545 4746 a
577 4691 726 4747 nullo
747 4691 979 4748 fidelium
1010 4694 1125 4748 sine
1154 4692 1339 4747 labore
1369 4692 1700 4763 pervenitur,
1743 4698 1802 4745 ut
1831 4690 1933 4745 hoc
1959 4689 2088 4762 ligu-

509 4791 659 4840 raret
689 4784 841 4855 quasi
882 4784 951 4839 ab
977 4775 1137 4854 opere
1163 4786 1390 4854 septima
1435 4785 1521 4839 die
1561 4783 1842 4852 requievit.
1876 4782 2087 4838 Titulus

508 4874 591 4929 sic
632 4875 960 4945 exponitur:
990 4874 1257 4945 Psalmus,
1304 4874 1357 4929 id
1393 4881 1492 4936 est,
1541 4873 1657 4928 inec
1698 4874 1941 4942 operatio
1977 4880 2084 4938 cst,

508 4966 720 5030 cantici,
756 4965 809 5019 id
844 4974 949 5031 est,
983 4965 1359 5045 exsultationis
1389 4980 1405 5019 :
1447 4964 1808 5029 canticidico,
1855 4963 2087 5019 habendi

505 5059 563 5115 in
603 5059 689 5113 die
714 5058 937 5121 sabbati,
979 5059 1031 5134 id
1081 5068 1187 5124 est,
1230 5060 1284 5114 in
1338 5058 1769 5115 consideratione
1807 5074 1950 5113 verte
1995 5073 2087 5113 re-

508 5149 632 5217 quei
667 5164 787 5218 qua:
815 5157 899 5204 est
930 5149 983 5204 in
1011 5150 1299 5204 serenitate
1330 5148 1673 5203 conscientia:
1703 5167 1718 5202 :
1750 5156 1806 5203 et
1833 5134 2084 5218 quoniam

510 5237 779 5292 serenitas
804 5237 1151 5293 conscientia:
1198 5238 1441 5308 procedit
1471 5253 1537 5292 ex
1579 5238 1934 5303 confessione,
1967 5238 2089 5294 ideo

510 5325 565 5381 in
596 5328 936 5384 confessione
962 5329 1125 5384 habet
1151 5329 1389 5398 psalmus
1416 5329 1647 5384 initium.
1683 5329 1964 5385 Confessio
1989 5345 2086 5384 au-

512 5422 620 5470 tem
652 5427 736 5471 est
777 5418 991 5496 duplex,
1030 5418 1113 5472 vel
1151 5419 1366 5487 quando
1400 5420 1680 5474 Dominum
1714 5421 1991 5476 laudamus
2018 5435 2086 5475 ex

1299 5527 1381 5536 ...κ
1393 5512 1457 5546 ι-Ιρι
1488 5511 1734 5554 Iunci-\ch
1770 5526 2086 5562 non-Isamlls

2199 4604 2353 4659 nimis
2374 4603 2650 4673 profunda:
2688 4604 2845 4673 factm
2877 4613 2996 4656 sunt
3027 4603 3364 4673 cogitationes
3408 4613 3536 4667 tum,
3570 4604 3626 4657 in
3658 4598 3759 4668 qui-

2194 4695 2295 4751 bus
2315 4696 2431 4750 hzre
2452 4695 2631 4750 omnia
2671 4694 2807 4765 apud
2837 4694 3062 4764 leipsum
3099 4695 3341 4762 disponis
3385 4712 3400 4747 :
3447 4694 3596 4763 quod
3632 4692 3757 4747 enim

2190 4787 2272 4841 vir
2305 4786 2572 4856 insipiens,
2614 4785 2665 4839 id
2701 4794 2806 4849 est,
2844 4785 2934 4840 ille
2973 4785 3062 4854 qui
3110 4784 3282 4839 nescit
3324 4784 3428 4839 sibi
3477 4797 3676 4838 cavere
3713 4780 3756 4830 in

2190 4886 2492 4946 posterum,
2520 4874 2687 4930 solam
2722 4877 2889 4928 vitam
2917 4873 3263 4946 temporalem
3293 4873 3642 4931 existimans,
3666 4887 3754 4923 non

2194 4977 2481 5035 cognoscet,
2525 4975 2573 5020 et
2604 4966 2793 5020 stultus
2836 4981 2940 5019 non
2984 4966 3228 5035 intelliget
3276 4969 3410 5020 haec.
3452 4963 3758 5019 Stultnsest

2195 5058 2283 5114 ille
2306 5057 2420 5129 qui,
2444 5073 2566 5112 eum
2599 5058 2670 5113 sit
2700 5057 2752 5110 in
2782 5072 2992 5113 smmna
3031 5057 3268 5120 miseria,
3301 5064 3458 5126 putat
3486 5071 3550 5110 se
3572 5054 3752 5111 essein

2194 5150 2429 5204 maxima
2464 5148 2743 5212 felicitate,
2775 5148 2921 5226 velut
2953 5149 3135 5218 plures
3164 5148 3253 5218 qui
3282 5148 3350 5202 ad
3388 5149 3494 5204 hoc
3523 5148 3759 5203 exaltan-

2195 5248 2307 5300 tur,
2335 5249 2395 5295 ut
2432 5240 2773 5311 dcjiciantur.
2821 5239 2973 5307 Quod
3004 5240 3154 5302 dicit,
3192 5238 3383 5293 stultus
3432 5256 3537 5291 non
3578 5235 3757 5291 inulti-

2195 5341 2276 5402 get
2315 5331 2443 5394 hwc,
2468 5339 2524 5388 et
2553 5333 2681 5387 dicit
2713 5348 2855 5402 quae.
2885 5330 3016 5385 Cum
3044 5330 3212 5384 exorti
3232 5329 3427 5398 fuerint
3446 5339 3753 5397 peccatoris.

2195 5419 2247 5474 id
2276 5430 2375 5480 est,
2408 5431 2564 5476 extra
2592 5422 2725 5477 alios
2750 5421 2853 5476 orti
2882 5422 3016 5474 sicut
3046 5419 3239 5488 fenum,
3276 5418 3415 5484 quod
3445 5418 3611 5470 hodie
3636 5416 3756 5468 viret

2192 5519 2244 5560 et
2268 5526 2385 5560 cras
2408 5512 2461 5558 in
2485 5511 2747 5558 rlibmmm
2776 5512 3001 5562 mittitur
3029 5507 3244 5566 (Matth.
3271 5504 3371 5571 Vt),
3403 5515 3459 5560 et
3487 5522 3599 5560 non
3620 5499 3757 5557 iniri-
3859 5554 3861 5578 Ι
