3868 5702
50 362 148 420 633

1173 351 1702 413 ENARRATIONES
1735 351 1803 408 IN
1841 353 2177 414 PSALMOS.

3203 364 3307 422 634

52 482 158 542 det,
181 475 309 549 quia
340 486 419 544 tu,
446 474 684 542 Domine,
707 477 761 529 in
784 485 1056 541 internum,
1085 474 1292 530 scilicet
1320 482 1640 545 regnaturus
1666 470 1715 530 Δ
1749 486 1767 519 ι
1812 470 1977 527 bitur.
2022 472 2217 528 Parata
2265 476 2421 531 sedes
2462 484 2549 532 tua
2578 491 2642 531 ex
2679 485 2822 543 tunc,
2852 493 2881 532 a
2924 477 3119 534 sacculo
3142 488 3195 534 tu
3225 496 3302 535 es.

54 574 274 627 veniens
305 571 611 625 Altissimus
641 577 703 623 ut
733 568 913 623 fenum
943 570 1136 634 sicces,
1169 568 1221 622 id
1245 576 1352 632 est,
1378 577 1436 621 ut
1462 567 1638 621 exsic-

58 679 144 718 ces
171 676 269 717 eos
297 661 449 714 velut
484 659 582 721 sol,
619 661 711 729 qui
753 660 822 714 ab
855 658 979 712 Alto
1014 658 1237 713 veniens
1273 671 1395 711 cum
1428 656 1637 710 fervore

59 752 232 807 fenum
254 751 518 806 exsiccet.
568 748 663 805 Vel
708 750 789 805 sic
831 749 1166 818 simpliciter,
1192 748 1294 818 Ipsi
1338 747 1639 801 interibunt

59 841 394 897 :clernaliter
438 858 451 895 :
507 850 561 894 tu
600 850 806 906 autem,
843 838 1095 904 Domine,
1139 854 1301 911 quem
1337 840 1426 894 hic
1464 840 1638 893 humi-

62 932 159 985 lem
200 939 580 994 contemnunt,
616 931 727 986 eris
770 932 1094 995 Altissimus,
1138 939 1192 984 et
1238 931 1341 985 hoc
1382 931 1437 983 in
1481 939 1637 983 teter-

63 1036 198 1073 num.
252 1018 519 1085 Quoniam
562 1037 677 1075 ecce
718 1022 918 1075 inimici
962 1022 1060 1085 tui,
1103 1021 1344 1085 Domine,
1389 1021 1638 1091 quoniam

64 1127 169 1165 ecce
235 1112 443 1164 inimici
504 1112 581 1164 tui
647 1112 907 1181 peribunt.
990 1111 1154 1179 Quasi
1213 1112 1359 1165 dicat
1425 1129 1439 1165 :
1521 1110 1638 1166 Non

69 1204 362 1266 attendunt,
392 1213 452 1257 ut
480 1204 773 1267 intereant,
810 1220 931 1258 cum
954 1212 1133 1259 tamen
1156 1218 1343 1258 revera
1377 1203 1635 1273 peribunt.

72 1294 320 1359 Quoniam
352 1310 469 1348 ecce
510 1295 711 1349 inimici
736 1297 812 1348 tui
838 1296 1101 1365 peribunt.
1125 1295 1193 1349 Et
1227 1309 1355 1350 ecce
1399 1293 1637 1348 futurum

71 1394 161 1449 est,
188 1385 310 1453 quia
337 1394 553 1454 tempus
576 1387 739 1441 breve
765 1396 870 1452 est,
897 1397 953 1442 et
994 1395 1051 1441 ut
1087 1386 1373 1441 conﬁrmet
1397 1402 1492 1441 eos
1519 1402 1641 1456 per-

72 1476 247 1540 ituros,
301 1478 525 1545 repetit,
565 1493 681 1530 ecce
707 1479 969 1546 peribunt.
990 1486 1045 1532 ει
1085 1478 1188 1532 hoc
1218 1479 1359 1543 ideo,
1392 1479 1638 1547 quoniam

74 1568 255 1621 inimici
279 1570 362 1621 tui
384 1578 531 1632 sunt,
558 1578 615 1624 et
642 1570 1005 1641 dispergentur
1039 1589 1213 1626 omnes
1236 1573 1326 1642 qui
1360 1582 1641 1643 operantur

74 1658 399 1729 iniquitatem,
425 1661 550 1728 quia
574 1662 972 1730 scparabuntur
991 1663 1112 1732 agni
1138 1663 1205 1717 ab
1226 1662 1412 1727 laedis,
1436 1671 1512 1729 et,
1536 1664 1641 1718 illis

77 1749 335 1817 dispersis,
363 1751 684 1806 exaltobitur
713 1769 873 1806 cornu
918 1766 1108 1818 meum,
1142 1754 1193 1808 id
1224 1762 1308 1810 est
1334 1755 1639 1810 sublimitas

1743 577 1762 611 ι
1808 560 2166 619 Elevaverunt
2208 564 2451 631 ﬁumina,
2484 568 2729 632 Domine,
2762 568 3106 623 elcvaveruut
3136 569 3309 622 ﬂumi-

1742 670 1761 703 ι
1808 668 1874 706 ua
1902 669 2087 709 vocem
2112 671 2286 709 suam.
2313 656 2674 712 Elevaverunt
2696 657 2916 711 ﬁumina
2939 657 3130 712 ﬂuctus
3148 672 3307 722 suos,

1742 761 1762 795 ι
1808 759 1837 799 a
1858 744 2079 800 vocibus
2116 762 2381 815 aquarum
2413 748 2725 802 multarum.
2748 749 3020 803 Mirabiles
3048 748 3311 802 elationes

1740 854 1759 886 ε
1805 837 1995 902 maris,
2028 837 2290 893 mirabilis
2314 839 2366 892 in
2399 839 2524 894 altis
2551 840 2829 895 Dominus.
2859 840 3188 896 Testimonia
3223 847 3311 894 tua

1742 947 1760 980 ι
1803 928 2077 982 credibilia
2128 928 2268 985 facta
2320 940 2446 985 sunt
2489 933 2670 997 nimis,
2703 932 2920 986 domum
2954 941 3098 987 tuam
3151 932 3311 986 decet

1742 1036 1762 1071 ι
1808 1018 2137 1085 sanctitudo,
2166 1020 2412 1085 Domine,
2446 1021 2499 1074 in
2526 1021 2913 1091 longitudinem
2944 1021 3172 1076 dierum.
3216 1042 3236 1071 ι

2168 1107 2175 1117 ’
2294 1111 2750 1168 ΕΝΑΠΠΑΤΙΟ.

1808 1200 1997 1267 Terra,
2055 1217 2175 1271 qua:
2212 1201 2411 1257 dicitur
2440 1203 2686 1268 fundata,
2717 1204 2984 1275 significat
3011 1220 3181 1275 genus
3214 1205 3314 1259 hu-

1739 1308 1958 1347 manum
2009 1294 2151 1361 quod
2183 1294 2237 1348 in
2269 1294 2356 1350 die
2396 1303 2521 1349 ante
2547 1293 2862 1361 Sabhatum,
2894 1296 2943 1350 id
2974 1306 3055 1351 est
3085 1296 3137 1350 in
3163 1306 3315 1351 sexta

1741 1384 1925 1438 mundi
1961 1392 2139 1449 aetate,
2174 1385 2228 1440 in
2257 1385 2359 1440 ﬁde
2380 1400 2409 1439 a
2448 1387 2673 1441 Domino
2696 1396 2779 1440 est
2804 1388 3096 1441 stabilitum
3117 1395 3171 1441 et
3194 1385 3319 1439 fun-

1742 1475 1945 1529 datum.
1996 1475 2122 1532 Dies
2152 1487 2279 1532 ante
2321 1477 2615 1533 Sabbatum
2663 1489 2814 1534 sexta
2851 1479 2983 1533 feria
3021 1480 3232 1540 dicitur,
3263 1478 3317 1531 in

1742 1580 1847 1633 qua
1885 1566 2156 1621 hominem
2209 1568 2436 1633 creavit,
2482 1583 2641 1637 quem
2670 1570 2832 1623 etiam
2881 1585 2977 1639 per
3007 1567 3318 1622 inobcdicn-

1744 1655 1873 1709 tiam
1904 1670 1934 1708 a
1971 1670 2029 1709 se
2051 1654 2325 1711 dimuxum
2366 1657 2418 1711 in
2461 1666 2613 1711 sexta
2644 1658 2824 1711 mundi
2856 1666 3014 1711 aetate
3036 1671 3131 1725 per
3162 1656 3318 1709 ﬁdem

1746 1748 2105 1817 rcgeneravit,
2138 1758 2191 1803 et
2230 1748 2284 1801 in
2314 1757 2466 1803 sexta
2494 1750 2629 1803 hora
2676 1749 2780 1803 diei
2812 1750 3076 1819 sanguine
3107 1765 3204 1801 suo
3239 1761 3323 1800 re-

79 1852 182 1891 me:
207 1840 339 1891 sicut
371 1841 660 1894 unicarnis.
697 1842 995 1899 Unicornes
1015 1857 1142 1900 sunt
1172 1845 1246 1899 illi
1276 1847 1367 1917 qui
1396 1863 1497 1900 una
1523 1862 1636 1915 spe,
1669 1806 1723 1871 Β
1749 1839 1931 1894 demit.
1961 1838 2032 1894 Ut
2055 1851 2234 1896 autem
2265 1842 2501 1897 sciamus
2532 1859 2652 1911 qua:
2680 1851 2813 1897 aetas
2832 1843 2920 1897 hic
2957 1853 3082 1896 ante
3115 1841 3324 1895 Sabbu-

80 1930 211 1997 quasi
240 1947 345 1985 uno
392 1947 583 1997 conm,
613 1950 672 1989 se
705 1936 920 2007 erigunt
963 1938 1030 1993 ad
1076 1937 1339 1993 cmlestia.
1390 1937 1541 1993 Unde
1572 1940 1640 1993 il-

78 2022 193 2076 lud:
226 2022 397 2078 Unam
449 2027 573 2095 petii
603 2044 637 2080 a
680 2026 923 2094 Domino,
960 2030 1096 2084 hanc
1150 2029 1411 2099 requiram
1463 2028 1637 2102 (l’sal.

83 2114 229 2183 xxvi).
260 2114 326 2168 Et
376 2128 617 2171 senectus
665 2135 779 2173 mea
829 2121 883 2174 in
928 2122 1287 2176 misericordia
1336 2124 1501 2177 uberi.
1539 2122 1643 2177 Per

86 2216 392 2262 senectutem
424 2219 684 2264 notantur
713 2211 1006 2265 novissima
1045 2212 1303 2277 ﬁdelium,
1336 2228 1455 2281 quae
1482 2222 1644 2268 erunt

88 2295 130 2347 in
161 2296 526 2352 misericordia
568 2300 743 2365 uberi,
777 2301 827 2355 id
857 2310 941 2356 est
984 2302 1305 2366 abundanti,
1337 2304 1483 2371 quia,
1517 2320 1640 2358 cum

86 2403 217 2443 nunc
253 2390 627 2445 misericordia
682 2392 735 2445 in
789 2394 1075 2449 vocatione
1126 2404 1181 2450 et
1227 2394 1640 2463 justilicatione,

90 2484 199 2533 tunc
231 2480 332 2533 erit
363 2482 649 2537 abumlans
679 2485 894 2551 quando
925 2486 1206 2555 temporali
1238 2486 1422 2541 labore
1442 2497 1643 2542 mterna

89 2569 278 2623 dabitur
302 2572 542 2640 requies.
576 2572 768 2629 Merito
797 2576 1091 2631 novissima
1128 2578 1363 2632 ﬁdelium
1394 2588 1647 2634 senectus

92 2658 331 2725 dicuntur,
362 2663 515 2731 quia,
551 2664 707 2718 sicuti
757 2666 807 2718 in
845 2677 1147 2731 senectute,
1174 2666 1349 2736 capilli
1377 2668 1467 2736 qui
1499 2668 1647 2738 prius

91 2748 277 2805 fuerunt
302 2753 443 2823 nigri
483 2754 619 2808 ﬁttut
648 2754 780 2819 albi,
818 2757 891 2810 ita
921 2766 976 2811 et
1002 2758 1094 2821 ibi,
1136 2758 1224 2826 qui
1254 2760 1404 2827 prius
1437 2759 1647 2814 labora-

89 2851 255 2897 verunt
284 2845 568 2915 temporali
613 2848 931 2913 certamine,
977 2848 1287 2919 gaudebunt
1333 2860 1534 2904 mterna
1566 2864 1649 2903 re-

91 2933 212 3000 quie,
234 2935 316 2989 ubi
350 2936 498 2990 nulla
528 2938 802 3007 nigritudo
828 2940 933 2994 erit
986 2954 1194 3003 morum
1243 2956 1644 3011 perversurum.

92 3020 146 3076 Et
174 3026 388 3094 despexit
431 3028 613 3082 oculus
640 3045 785 3083 meus
820 3030 1058 3085 inimicos
1081 3048 1239 3085 meos.
1266 3030 1431 3098 Quasi
1461 3032 1605 3086 dicat
1629 3046 1644 3085 :

92 3113 206 3181 Quia
244 3130 478 3173 senectus
504 3136 620 3173 mea
667 3121 772 3175 erit
810 3122 865 3176 in
908 3121 1269 3175 misericordia
1317 3122 1485 3185 uberi,
1528 3123 1646 3176 ideo
1672 3154 1719 3217 Ο

93 3205 251 3261 oculus
297 3223 472 3272 meus,
514 3208 740 3263 interior
796 3208 1086 3274 videlicet,
1143 3210 1371 3279 despicit
1411 3211 1646 3264 inimicos

95 3314 231 3353 meos.
258 3299 322 3354 Et
348 3301 697 3372 insurgentes
721 3302 775 3354 in
798 3318 878 3355 me
901 3301 1277 3371 malignantes,
1302 3300 1354 3354 id
1380 3310 1459 3355 est
1479 3316 1649 3369 quan-

94 3389 150 3443 do
182 3393 530 3464 malignantes
581 3393 891 3464 insurgunt,
935 3401 994 3446 ut
1039 3392 1093 3446 in
1126 3407 1213 3445 me
1241 3390 1414 3445 forma
1459 3407 1648 3444 eorum

97 3492 341 3551 appareat,
373 3492 438 3537 ut
465 3499 552 3538 me
584 3484 686 3538 sibi
714 3484 1075 3547 conl'orment,
1123 3483 1308 3537 audiat
1350 3483 1495 3535 auris
1536 3498 1650 3535 mea

38 3578 39 3585 “
97 3592 121 3629 a
145 3580 537 3635 veritate'intus
561 3580 663 3634 sibi
696 3579 1042 3648 prmsideute,
1070 3578 1214 3647 quod
1246 3592 1349 3630 nou
1374 3576 1445 3630 sit
1476 3575 1651 3629 ﬁdelis

96 3680 150 3721 ex
193 3678 428 3739 tempore
470 3670 665 3724 ﬂorere
698 3687 713 3723 :
745 3670 838 3725 sed
880 3670 1063 3738 justus
1096 3679 1149 3720 ut
1199 3666 1377 3735 palma
1424 3666 1647 3735 ﬂorebit,

36 3770 37 3773 ‘
97 3759 222 3813 tarde
240 3761 509 3827 videlicet,
539 3762 664 3831 quia
695 3776 917 3816 necesse
944 3769 1026 3815 est
1050 3770 1169 3828 post
1201 3759 1398 3811 multas
1424 3756 1652 3811 trilmla-

101 3853 249 3911 tiones
263 3873 533 3926 quemque
557 3857 768 3912 ﬁdelem
798 3857 1003 3912 intrare
1031 3857 1082 3910 in
1102 3857 1342 3926 requiem
1363 3857 1497 3925 (Act.
1516 3854 1648 3926 xxv),

100 3954 287 4001 notatur
317 3950 485 4003 etiam
521 3949 573 4002 in
604 3948 804 4019 palma,
830 3950 955 4019 quia
990 3950 1215 4004 inferius
1246 3950 1390 4004 circa
1417 3950 1651 4003 radicem

100 4036 159 4089 sit
188 4038 412 4109 hispida,
447 4050 503 4095 et
549 4042 797 4111 superius
846 4040 1069 4097 ﬂoribus
1115 4042 1420 4095 adornanda
1470 4040 1557 4095 sit.
1587 4040 1654 4094 Et

100 4128 208 4181 sicut
236 4134 415 4185 cedrus
457 4131 646 4185 Libani
689 4132 1136 4202 multiplicabitur,
1170 4132 1295 4201 quia
1344 4131 1569 4201 plantati
1599 4130 1653 4197 in

102 4218 229 4274 domo
253 4221 479 4290 Domini,
523 4224 575 4278 in
610 4224 868 4287 Ecclesia,
899 4224 1149 4278 videlicet
1171 4224 1224 4276 in
1253 4223 1508 4276 cltaritate
1540 4221 1655 4291 fun-

102 4310 193 4364 dati
213 4312 418 4381 (Epltes.
445 4315 551 4387 ιιι),
591 4317 845 4385 ﬂorebunt
872 4316 923 4369 in
958 4317 1108 4369 atriis
1134 4315 1320 4369 domus
1348 4313 1444 4369 Dei
1467 4315 1651 4378 nostri,

103 4398 143 4451 id
170 4403 318 4458 estin
342 4406 550 4461 ccelesti
576 4402 893 4467 Jerusalem,
932 4406 1020 4459 ubi
1056 4401 1486 4459 recondita’suut
1512 4420 1659 4473 quze-

1747 1942 1861 1988 tttm
1910 1949 2006 2003 per
2034 1934 2192 1989 ﬁdem
2235 1936 2568 2007 designatur,
2612 1937 2679 1991 ab
2711 1937 2863 1991 initio
2916 1936 3029 2006 ipsa
3074 1944 3321 2002 tempora

1746 2026 1929 2079 mundi
1961 2025 2375 2096 distinguamus.
2407 2027 2502 2081 Est
2526 2035 2703 2081 autem
2745 2027 2917 2096 prima
2969 2036 3122 2089 aetas,
3168 2023 3323 2092 quasi

1747 2117 1920 2185 prima
1947 2116 2085 2182 dies,
2118 2118 2185 2172 ab
2220 2120 2391 2172 Adam
2422 2134 2590 2189 usque
2629 2120 2695 2173 ad
2726 2118 2855 2173 Noe.
2886 2117 3131 2173 Secunda
3166 2126 3320 2180 mtas,

1746 2206 1901 2275 quasi
1943 2208 2177 2262 secunda
2217 2208 2352 2271 dies,
2377 2224 2405 2261 a
2437 2208 2548 2262 Noe
2577 2223 2749 2277 usque
2776 2208 2841 2261 ad
2864 2207 3160 2262 Abraham.
3192 2205 3325 2257 Ter-

1750 2296 1821 2349 tia
1859 2305 2010 2361 aetas,
2052 2299 2209 2367 quasi
2265 2299 2423 2354 tertia
2462 2299 2597 2363 dies,
2627 2300 2695 2353 ab
2744 2299 3017 2353 Abraham
3062 2310 3229 2365 usque
3257 2293 3326 2347 ad

1748 2380 2161 2454 David.Quarta
2182 2399 2335 2453 mtas,
2363 2390 2515 2460 quasi
2538 2398 2730 2459 quarta
2756 2389 2890 2453 dies,
2916 2404 2944 2442 a
2972 2388 3133 2441 David
3158 2399 3327 2454 usque

1749 2477 1813 2532 ad
1846 2480 2377 2549 transanigrationem
2418 2478 2723 2549 Babylonis.
2756 2478 2971 2544 Quinta,
3003 2492 3031 2530 a
3067 2474 3324 2529 transmi-

1749 2567 1995 2635 gratione
2028 2566 2319 2637 Babylonis
2361 2582 2529 2637 usque
2581 2568 2647 2620 ad
2695 2567 3129 2637 pncdicationem
3161 2563 3325 2617 Joan-

1749 2656 1853 2709 nis.
1910 2654 2097 2720 Scxta,
2126 2672 2153 2708 a
2192 2655 2574 2724 praedicatione
2604 2652 2826 2709 Joannis
2855 2669 3025 2721 usque
3057 2653 3123 2705 ad
3166 2650 3328 2704 ﬁnem

1750 2747 1957 2800 mundi.
1992 2747 2231 2815 Septima
2264 2747 2367 2800 erit
2390 2746 2794 2808 dormientium,
2821 2753 3010 2799 octava
3046 2756 3330 2815 resurgen-

1753 2836 1910 2891 tium.
1949 2838 2005 2891 In
2051 2847 2203 2892 sexta
2242 2852 2371 2891 vero
2420 2845 2578 2891 aetate
2616 2836 2837 2889 fundata
2881 2843 2962 2889 est
3000 2844 3164 2895 terra,
3203 2830 3329 2899 quia

1751 2941 1919 2996 genus
1949 2930 2245 2982 humanum
2292 2942 2389 2997 per
2413 2926 2850 2995 prtedicatiouem
2892 2923 3116 2978 Joannis
3146 2930 3201 2975 et
3230 2936 3331 2975 cac-

1753 3008 1992 3076 terorum
2018 3019 2067 3072 iu
2094 3017 2198 3071 ﬁde
2240 3026 2323 3071 est
2354 3016 2653 3079 fundatum,
2682 3015 2826 3085 quod
2861 3012 3089 3070 dilﬂuxit
3116 3026 3210 3079 per
3250 3009 3333 3062 in-

1751 3099 2112 3164 obedientiam
2158 3107 2459 3176 primorum
2520 3115 2826 3175 parentum.
2864 3102 2939 3157 De
2988 3104 3089 3157 bac
3139 3100 3332 3153 funda-

1756 3200 1899 3254 tione
1950 3197 2188 3265 loquitur
2212 3195 2481 3264 Propheta
2536 3195 2586 3248 in
2628 3194 2728 3249 hoc
2765 3193 2993 3263 psalmo,
3031 3191 3328 3245 exhortans

1754 3300 1863 3344 tam
1913 3306 2038 3345 suos
2082 3298 2565 3357 contemporaneos
2609 3301 2769 3356 quam
2823 3282 3146 3355 prteteritos,
3186 3290 3243 3333 ut
3279 3280 3330 3333 in

1754 3384 1858 3438 ﬁde
1896 3382 2108 3435 fundari
2143 3396 2172 3435 a
2200 3379 2428 3434 Domino
2476 3386 2531 3433 ct
2559 3393 2589 3432 a
2626 3378 2739 3433 suis
2775 3392 2881 3431 non
2916 3381 3163 3430 renuant.
3194 3370 3333 3425 Dicit

1752 3477 1829 3531 sic
1852 3474 2119 3543 Propheta
2154 3490 2168 3526 :

1822 3566 2079 3620 Dominus
2132 3563 2386 3633 regnarit.
2433 3561 2597 3628 Quasi
2629 3560 2775 3615 dicat
2807 3578 2820 3613 :
2852 3558 2951 3626 Qui
2983 3565 3107 3611 ante
3136 3554 3331 3610 s:rcula

1754 3659 1998 3728 regnavit
2029 3657 2081 3711 in
2110 3655 2408 3718 divinitate,
2458 3667 2601 3707 nunc
2632 3660 2818 3721 regnat
2857 3650 2910 3704 in
2941 3648 3119 3703 carnis
3149 3646 3329 3701 humi-

1753 3748 1919 3803 litate.
1949 3748 2015 3801 Et
2035 3745 2302 3815 quomodo
2332 3743 2608 3814 regnavit?
2636 3743 2885 3795 Decorem
2911 3740 3124 3793 indutus
3156 3747 3252 3800 est,
3282 3736 3333 3790 id

1752 3851 1856 3905 est,
1889 3839 2234 3894 sobrietatem
2264 3845 2317 3891 et
2344 3835 2757 3891 decorositatem
2790 3832 2984 3897 induit,
3015 3830 3229 3883 indutus
3258 3835 3334 3881 est

1753 3933 2133 4004 fortitudinem,
2169 3943 2215 3984 et
2259 3928 2533 4001 praecinxit
2583 3943 2636 3981 se
2676 3926 2744 3980 ad
2790 3923 3112 3977 ﬁrmandum
3159 3920 3332 3972 orbem

1754 4022 2091 4079 terrm..Nota
2134 4021 2259 4092 quia
2290 4019 2356 4073 ad
2409 4019 2652 4073 diversos
2680 4016 2912 4071 refertur
2942 4012 3084 4083 quod
3112 4010 3330 4071 dicitur,

1753 4118 1968 4170 indutus
1998 4123 2071 4168 est
2109 4113 2343 4166 decorent
2374 4120 2421 4164 et
2450 4109 2829 4178 fortitudinem.
2864 4105 3111 4167 Decorem
3141 4098 3333 4157 induit,

1754 4216 2012 4278 quantum
2042 4205 2107 4259 ad
2140 4204 2258 4258 illos
2283 4202 2373 4271 qui
2405 4202 2678 4261 dixerunt,
2701 4198 2825 4267 quia
2856 4196 3020 4248 bonus
3046 4202 3119 4246 est
3149 4190 3331 4259 (Joan.

1753 4299 1874 4369 vn).
1907 4298 2175 4364 Quantum
2205 4295 2271 4347 ad
2303 4293 2421 4347 illos
2450 4291 2539 4360 qui
2572 4290 2821 4344 dixerunt
2852 4305 2866 4339 :
2898 4301 3020 4346 non,
3052 4283 3143 4335 sed
3172 4280 3330 4334 sedu-

1757 4393 1824 4445 cit
1856 4392 2033 4443 turbas
2070 4386 2283 4457 (Ibid.),
2318 4384 2536 4438 indutus
2561 4390 2645 4435 est
2674 4377 3054 4447 fortitudinem,
3084 4372 3208 4440 quia
3242 4386 3338 4438 pa-

104 4504 189 4556 que
231 4492 561 4550 delpcfalﬁlia
595 4510 608 4546 ε
640 4504 694 4549 et
722 4495 823 4549 hoc
872 4465 1043 4547 άάιιαε
1089 4465 1649 4563 εχερρριπηίιιιηίθει,
1677 4481 1961 4556 Dtienter
2008 4492 2103 4532 eos
2152 4474 2291 4529 tulit.
2323 4472 2431 4527 Nos
2473 4471 2633 4523 etiam
2684 4465 3238 4563 induamttsdecorem
3287 4466 3343 4512 et

102 4586 145 4629 υι
183 4582 255 4636 sic
278 4584 758 4655 multiplicabuntur
785 4585 838 4638 in
878 4595 1082 4639 senecta
1138 4585 1300 4647 uberi,
1343 4596 1391 4637 et
1435 4585 1649 4639 interim

104 4680 229 4722 erunt
250 4672 330 4727 hic
345 4674 468 4727 bene
484 4675 761 4743 patientes,
784 4675 906 4743 quia
932 4676 1191 4743 patientia
1210 4675 1518 4728 necessaria
1544 4686 1649 4741 est,

106 4765 485 4828 utreportemus
518 4764 964 4834 repromissiones
985 4764 1173 4834 (Hebr.
1206 4764 1282 4833 χ).
1309 4764 1461 4830 Quod
1499 4764 1650 4831 dicit,

38 4881 41 4883 »
110 4845 160 4899 Et
181 4866 314 4908 erunt
344 4857 466 4910 bene
483 4859 757 4925 patientes,
786 4867 841 4910 ut
865 4858 1173 4912 annuntient
1201 4859 1450 4929 quoniam
1483 4870 1651 4914 rectus

106 4948 176 4992 est
198 4940 437 5001 Dominus
460 4947 598 5001 Deus
623 4959 797 5001 noster
819 4947 871 5000 in
904 4949 1244 5004 correctione
1276 4948 1502 5003 liliorum
1530 4966 1654 5004 suo-

107 5041 225 5167 ;um,
269 5044 447 5092 etnon
482 5048 557 5093 est
594 5040 843 5111 iniquitas
889 5038 946 5093 in
992 5056 1069 5103 eo,
1115 5057 1237 5096 cum
1270 5042 1446 5112 parcit
1480 5044 1654 5100 servis

130 5121 332 5167 unitivie.

130 5121 333 5190 ugitivis.

605 5267 827 5324 PSALM
841 5266 924 5322 US
962 5267 1121 5323 XCII.

108 5380 219 5428 ιΔσε
250 5389 453 5434 CANTICI
492 5394 649 5435 DAVID
672 5424 686 5446 ,
729 5398 787 5437 IN
828 5396 916 5435 DIE
956 5397 1093 5437 ANTE
1130 5398 1405 5439 SABBA'I‘UH
1440 5398 1650 5447 QUANDO

555 5466 801 5509 FUNDATA
838 5468 936 5507 EST
978 5468 1172 5507 TEIIBA.

166 5584 186 5612 ί
217 5571 462 5634 Dominus
514 5584 776 5650 regnavit,
816 5582 1065 5635 decorem
1107 5582 1325 5637 indutus
1378 5594 1509 5637 est:
1561 5585 1648 5637 in-

405 5679 412 5684 ’
451 5671 700 5702 ηῆηῒῖιιιιη
755 5672 1125 5702 ΐιὶιιΙῖίιιιΙῖιιΛηῖ
1176 5685 1221 5702 ΔΙ
1260 5671 1537 5702 ηκηὶιιῖηι-ίι
1565 5690 1622 5702 ρει

1760 4569 2141 4641 fortitudinem.
2173 4566 2228 4621 Si
2260 4563 2455 4633 aliquis
2501 4568 2603 4621 est.
2634 4558 2720 4615 cui
2750 4556 2965 4625 placent
2992 4554 3130 4608 bona
3177 4564 3338 4641 opera

1760 4640 1967 4725 nostra,
2021 4659 2307 4712 induamus
2354 4654 2615 4715 decorem,
2664 4647 2870 4719 gratias
2915 4646 3025 4698 Deo
3054 4640 3340 4697 referendo

1758 4753 1901 4822 quod
1927 4767 1955 4804 a
1985 4750 2139 4805 nobis
2166 4745 2472 4816 exemplum
2519 4745 2673 4797 bonae
2701 4736 3033 4805 operationis
3063 4734 3181 4802 capi
3217 4744 3340 4799 pos-

1759 4854 1905 4900 sunt.
1954 4844 2011 4899 Si
2068 4850 2246 4897 autem
2293 4837 2487 4906 aliquis
2538 4844 2655 4899 est,
2720 4832 2804 4885 cui
2868 4829 3155 4898 displicent
3199 4823 3339 4874 bona

1757 4952 1943 5008 Opera,
1980 4936 2264 4990 induamus
2294 4939 2483 4983 contra
2528 4929 2676 4983 illum
2711 4922 3092 4991 Ῑοιίἕιιιαὶηεηι»
3142 4912 3348 5011 Pilum}:

1760 4998 1843 5085 ter
1869 4998 1993 5083 eum
2032 5025 2326 5083 tolerando.
2373 5018 2470 5074 Vel
2519 5024 2633 5083 sic,
2686 5014 2949 5068 Dominus
2995 5007 3249 5077 regnarit,
3298 4998 3351 5051 id

1760 5128 1861 5186 est,
1889 5119 1991 5173 sibi
2039 5130 2261 5189 regnum
2291 5110 2528 5166 obtinuit
2559 5120 2614 5166 et
2643 5106 2765 5165 ideo
2802 5118 2993 5171 regum
3021 5108 3169 5152 more
3185 5105 3356 5193 ⁸(ιι-ιηιῖ

1763 5180 1980 5274 tusyest,
2030 5180 2155 5278 quia
2188 5202 2361 5259 induit
2404 5201 2647 5255 decorent
2675 5200 2728 5246 et
2757 5190 3138 5278 fortitudinem,
3185 5180 3233 5234 id
3277 5184 3361 5228 cst

1760 5302 1989 5355 decoros
2019 5275 2073 5353 et
2103 5298 2295 5358 fortes;
2348 5301 2394 5344 et
2427 5293 2507 5346 sic
2535 5280 2812 5362 pra'cinxit
2846 5296 2904 5331 se
2934 5280 2986 5332 in
3023 5275 3154 5337 suis,
3184 5279 3239 5323 ut
3265 5282 3359 5319 ex-

1758 5393 1974 5460 peditus
2021 5399 2165 5443 esset
2213 5387 2279 5441 ad
2326 5386 2668 5450 operandutu
2701 5370 2888 5437 τίμιοὰ
2946 5366 3112 5460 ειιίῑιὶ,Δ
3150 5371 3366 5460 ἑψηθ-

1767 5454 1922 5539 tinxit
1954 5500 2014 5538 se
2044 5485 2225 5536 virtute
2257 5477 2325 5531 ad
2372 5474 2569 5530 bellum
2622 5466 2798 5538 (Psal.
2838 5461 3003 5532 xvu),
3036 5456 3118 5511 vel
3150 5454 3364 5510 indutus

1754 5585 1841 5631 est
1868 5575 2220 5630 sobrietatem
2265 5578 2321 5624 et
2366 5567 2719 5636 patientiam.
2775 5552 2991 5607 Etenim
3022 5550 3248 5644 ﬁrmavit
3277 5560 3365 5644 or-

1757 5668 1867 5702 ιιη...
1900 5675 2053 5702 ιρννιτ.
2112 5660 2273 5702 οηςιςί
2303 5658 2446 5702 dicat
2473 5674 2485 5702 ς
2531 5653 2763 5702 Indutus
2793 5651 2871 5695 est
2927 5643 3186 5698 Dominus
3216 5638 3369 5702 Ῑονιί·
