4034 6428
580 445 686 505 635

1195 444 1457 503 REMIGII
1495 437 2150 502 ANTISSIODORENSIS
2187 439 2339 498 OPP.
2379 439 2580 500 PARS.
2618 440 2661 498 I.
2699 472 2769 485 -—
2805 440 3220 500 EXEGE'I‘ICA.

578 593 678 649 per
720 577 839 635 illos
868 577 1139 645 vi‘rtuosos
1167 578 1399 648 firmavit
1424 577 1601 633 orbem
1642 585 1817 640 teme,
1856 573 1913 629 id
1943 579 2056 639 est,
2108 572 2160 626 in

2277 569 2292 604 ι
2337 552 2626 624 loquentur
2652 553 3018 637 iniquitatem,
3071 553 3363 638 loquentur
3386 563 3577 607 omnes
3598 556 3696 622 qui
3727 564 3882 622 op-

581 672 687 728 ﬁde
712 671 997 738 stabilivit,
1027 670 1272 727 faciendo
1298 670 1559 739 quosdam
1586 665 1749 724 orbes
1778 656 2061 732 rotundos,
2090 664 2165 719 vi-

582 764 782 821 delicet
828 763 1140 828 virtutibus,
1188 763 1278 833 qui
1305 761 1456 817 orbis
1480 776 1585 815 non
1628 757 2055 824 commovebitur,
2109 755 2164 811 id

580 865 687 924 εει,
712 872 819 913 non
849 856 1081 928 amplius
1104 855 1338 925 patietur
1363 852 1774 909 instabilitatem
1805 856 1861 905 et
1886 860 2164 905 recessum

583 963 616 1003 a
641 948 774 1015 Deo,
800 949 926 1021 quia
954 949 1009 1004 in
1032 962 1098 1004 eo
1121 947 1255 1004 orbe
1278 956 1466 1017 parata
1495 955 1570 1000 est
1597 944 1743 999 sedes
1769 950 1860 998 tua
1882 983 1896 1007 ,
1932 956 1966 998 ο
2000 940 2164 1006 Deus,

582 1054 649 1094 es
670 1048 814 1104 tunc,
858 1038 912 1093 id
959 1045 1079 1105 εει,
1122 1051 1189 1109 ex
1226 1044 1474 1106 tempore
1515 1031 1744 1089 Joannis
1773 1030 2049 1102 Baptistae,
2095 1044 2166 1085 ex

582 1143 690 1199 quo
712 1127 956 1184 homines
984 1126 1039 1182 in
1064 1125 1170 1181 ﬁde
1192 1133 1474 1195 coeperunt
1498 1121 1731 1178 fundari.
1759 1119 1865 1176 Sed
1890 1132 2167 1188 nunquam

581 1217 763 1273 sedem
794 1225 941 1270 tuam
972 1215 1150 1272 dicam
1181 1230 1213 1269 a
1244 1222 1489 1285 tempore
1521 1211 1611 1267 illo
1636 1209 1957 1281 praeparari,
1985 1218 2165 1264 tamen

581 1317 640 1363 tu
667 1324 723 1362 cs
750 1306 892 1363 Deus
919 1324 954 1361 α
996 1305 1211 1372 sarculo,
1259 1305 1312 1360 id
1337 1312 1441 1369 εει,
1472 1304 1542 1359 ab
1566 1309 1770 1357 :ctemo
1798 1301 1851 1355 in
1880 1308 2163 1355 aeternum.

581 1397 929 1454 Eleaaverunt
956 1399 1200 1469 ﬂumina,
1254 1395 1495 1451 Domine.
1542 1393 1792 1452 Ostendit
1836 1391 2072 1463 qualiter
2096 1390 2169 1447 sit

579 1498 771 1556 parata
804 1488 951 1543 sedes
977 1487 1215 1552 Domini,
1244 1486 1371 1556 quia
1400 1485 1644 1557 ﬂumina,
1675 1483 1728 1538 id
1758 1490 1862 1548 est,
1899 1482 2167 1553 praedica-

581 1584 730 1632 tores
774 1576 977 1643 saeculi,
1029 1576 1097 1631 de
1149 1577 1346 1646 quibus
1387 1575 1593 1631 dictum
1638 1582 1724 1631 est
1773 1591 1788 1628 :
1835 1572 1939 1639 Qui
1984 1572 2168 1627 biberit

580 1679 775 1735 aquam
799 1682 957 1737 quam
981 1681 1075 1737 ego
1102 1666 1172 1721 do
1215 1666 1286 1728 ei,
1317 1664 1540 1735 ﬂumina
1572 1663 1637 1718 de
1665 1672 1837 1718 ventre
1859 1662 1975 1733 ejus
2003 1661 2168 1732 ﬂuent

579 1770 733 1826 aqua:
761 1757 886 1811 victe
908 1756 1089 1828 (Joan.
1116 1771 1171 1811 tv
1192 1766 1242 1812 et
1267 1757 1390 1825 vn).
1422 1754 1548 1811 Haec
1571 1752 1793 1810 ﬁumina
1818 1753 2170 1809 elcvaverunt

579 1861 641 1903 se
667 1847 721 1903 in
751 1847 1084 1904 sublimitate
1106 1849 1321 1905 mentis.
1355 1847 1700 1903 Elevaverunt
1725 1844 2168 1917 eadem/lumina

2260 666 2291 699 κ(
2338 656 2528 701 rantur
2574 635 2916 716 iniustitiam.
2950 634 3215 716 Populum
3259 653 3433 707 tuum,
3462 642 3718 710 Domine,
3753 644 3879 700 III-

2270 756 2292 788 t
2333 737 2700 804 miliaverunt,
2727 745 2785 793 et
2800 736 3172 793 hereditatem
3188 742 3347 790 tuam
3375 742 3735 805 vexaverant.
3765 733 3883 789 Vi—

2271 853 2293 888 ‹
2336 835 2496 890 duam
2540 843 2596 888 et
2643 832 2906 889 advenam
2933 830 3346 897 interfecerunt,
3374 838 3431 886 et
3457 828 3691 902 pupillos
3718 832 3881 887 oeci-

2270 944 2292 979 t
2335 925 2551 982 derunt.
2582 924 2650 980 Et
2692 923 2949 982 dixerunt
2977 941 2992 979 :
3016 922 3135 979 Non
3169 923 3373 979 videbit
3413 922 3711 987 Dominus,
3760 937 3882 978 nec

2268 1036 2292 1069 ι
2337 1014 2597 1086 intelliget
2627 1015 2768 1071 Deus
2819 1013 3007 1071 Jacob.
3058 1013 3376 1086 lntelligite.
3428 1012 3757 1083 insipientes
3806 1015 3875 1067 in

2273 1126 2293 1160 t
2333 1105 2551 1178 populo,
2583 1113 2639 1161 ει
2680 1104 2851 1169 stulti,
2883 1103 3175 1175 aliquando
3222 1104 3418 1174 sapite.
3450 1102 3554 1170 Qui
3592 1102 3879 1173 plantavit

2272 1218 2293 1254 ι
2339 1212 2560 1263 aurem,
2593 1212 2699 1252 non
2726 1195 2945 1252 audiet?
2989 1204 3084 1251 aut
3129 1194 3223 1265 qui
3264 1193 3415 1249 tinxit
3463 1192 3723 1259 oculum,
3753 1207 3872 1247 non

2275 1305 2294 1341 ο
2338 1287 2690 1344 considerat?
2723 1285 2825 1353 Qui
2852 1284 3079 1355 corripit
3114 1292 3326 1356 gentes,
3357 1297 3470 1339 non
3494 1292 3713 1354 arguet,
3764 1282 3872 1353 qui

2275 1396 2294 1431 ε
2339 1378 2499 1435 docet
2541 1377 2817 1433 hominem
2846 1376 3172 1433 scientiam?
3215 1374 3475 1431 Dominus
3523 1374 3631 1430 scit
3653 1376 3875 1445 cogita-

2276 1488 2296 1523 ι
2340 1469 2517 1525 tiones
2539 1467 2841 1533 hominum,
2868 1466 3123 1537 quoniam
3150 1480 3305 1522 vana:
3329 1453 3475 1521 sunt.
3529 1465 3739 1521 Beatus
3763 1466 3874 1522 ho-

2276 1579 2295 1612 c
2338 1575 2428 1615 mo
2476 1574 2638 1629 quem
2690 1564 2745 1614 tu
2782 1557 3078 1624 erudieris,
3128 1555 3374 1619 Domine,
3402 1566 3461 1610 et
3487 1554 3559 1612 de
3604 1556 3731 1627 lege
3774 1566 3871 1612 tua

2274 1671 2295 1704 ι
2337 1649 2586 1708 docueris
2612 1664 2760 1706 eum.
2788 1649 2860 1705 llt
2887 1649 3103 1720 mitiges
3128 1648 3176 1704 ei
3207 1663 3238 1703 a
3267 1648 3458 1707 diebus
3478 1645 3662 1714 malis,
3690 1647 3874 1705 donec

2275 1761 2294 1795 ι
2340 1740 2578 1797 fodiatur
2603 1739 2874 1812 peccaturi
2903 1737 3081 1796 fovea.
3113 1737 3252 1807 Quia
3283 1753 3389 1793 non
3424 1736 3655 1808 repellet
3678 1736 3871 1793 Domi-

2276 1849 2296 1883 ι
2336 1845 2439 1888 nus
2468 1829 2678 1902 plebem
2709 1844 2888 1895 suam,
2935 1836 2991 1885 et
3036 1828 3406 1885 bzereditatetn
3434 1842 3596 1883 suam
3631 1843 3746 1883 non
3776 1829 3871 1884 de-

576 1954 752 1994 vocem
792 1956 965 2007 suam,
1013 1941 1086 1996 ad
1111 1926 1541 1997 enbortationem
1580 1939 1810 1995 aliorutn
1839 1915 2163 1995 elevabat-unt

2277 1938 2295 1974 ι
2338 1921 2626 1992 relinquet.
2653 1919 3017 1989 Quoadusque
3059 1917 3269 1989 iustitia
3306 1925 3663 1974 convertatur
3690 1919 3751 1973 in
3775 1918 3867 1988 in-

573 2028 798 2093 ﬂumina
827 2029 916 2085 illa
944 2037 1001 2086 ct
1025 2032 1216 2101 ﬂuctus
1243 2047 1368 2086 suos
1389 2069 1406 2096 ,
1451 2029 1506 2086 Id
1530 2038 1635 2096 est,
1681 2027 2131 2086 comminationcs
2149 2066 2165 2095 ,

577 2118 826 2176 dicentes
866 2136 880 2174 :
933 2119 1058 2175 Nisi
1096 2121 1454 2192 penitentiam
1493 2120 1720 2191 egeritis,
1748 2119 1982 2191 peribitis
2010 2116 2163 2189 (Luc.

580 2207 727 2263 xntl.
753 2209 822 2264 Et
847 2209 902 2264 hi
938 2207 1133 2266 ﬁuctus
1164 2217 1548 2278 processerunt
1587 2226 1623 2263 a
1649 2207 1860 2263 uocibus
1905 2220 2167 2278 aquarum

578 2298 889 2369 multarum,
915 2301 1044 2372 quia
1072 2301 1166 2356 alii
1198 2300 1582 2373 predicatores
1608 2299 1761 2355 multi
1791 2297 2168 2356 consonabant

460 2429 473 2441 .
580 2390 843 2460 apostolis
880 2391 1031 2463 prius
1056 2390 1500 2462 praedicantibus,
1544 2398 1602 2446 et
1628 2389 1710 2446 sic
1733 2387 1890 2445 facta:
1915 2385 2168 2443 elationes

578 2478 746 2534 maris
772 2480 1038 2536 mirabiles
1055 2520 1071 2546 ,
1099 2479 1226 2551 quia
1253 2479 1382 2553 elati
1417 2480 1559 2536 inter
1583 2488 1774 2552 gentes
1799 2478 2172 2534 intumuerunt

580 2579 770 2626 contra
797 2571 1237 2641 praedicationem
1265 2571 1412 2628 sedis
1448 2571 1669 2627 Domini
1701 2578 1756 2626 et
1784 2568 1984 2625 ﬂuctus
2024 2582 2169 2639 prte-

582 2659 906 2716 dicatorum.
956 2660 1110 2730 Quod
1154 2670 1333 2718 tamen
1386 2677 1493 2718 non
1525 2660 1627 2717 fuit
1652 2660 1978 2726 curandum,
2035 2658 2168 2730 quia

582 2747 844 2804 Dominus
880 2748 984 2805 fuit
1009 2751 1268 2806 mirabilis
1309 2752 1367 2805 in
1403 2750 1532 2806 altis
1562 2749 1820 2806 fluctibus
1867 2747 2037 2803 maris
2079 2748 2173 2803 dc-

581 2840 902 2910 primentlis,
947 2851 1004 2898 et
1051 2842 1158 2899 hoc
1201 2842 1362 2898 modo
1395 2857 1492 2913 per
1519 2842 1771 2897 elationes
1801 2839 1989 2905 maris,
2020 2836 2172 2894 testi-

580 2931 762 2985 monia
795 2941 890 2986 tua
917 2932 1188 2987 credibilia
1213 2932 1356 3004 facta
1381 2943 1502 2986 sunt
1530 2931 1711 2995 nimis,
1743 2930 1870 3000 quia
1898 2931 2003 2986 hoc
2025 2927 2173 3000 quod

585 3029 642 3075 tu
674 3030 904 3079 testatus
931 3038 1012 3090 es,
1043 3023 1099 3077 in
1124 3022 1322 3078 mundo
1352 3037 1652 3094 pressuram
1678 3020 1958 3087 habebitis,
1990 3019 2045 3074 in
2084 3032 2173 3075 me

583 3126 717 3168 vero
736 3128 924 3184 pacem
945 3112 1130 3187 (Joan.
1163 3113 1298 3184 xvi),
1330 3113 1384 3168 in
1415 3126 1475 3169 se
1502 3110 1634 3182 ipsis
1658 3110 1871 3181 experti
1894 3119 2018 3165 sunt
2040 3122 2174 3179 prae-

2264 2030 2293 2067 ³(
2337 2012 2575 2080 (licium,-
2603 2020 2662 2070 et
2689 2012 2782 2084 qui
2821 2010 2978 2082 iuxta
3021 2011 3167 2067 illam
3196 2024 3389 2067 omnes
3428 2011 3525 2080 qui
3555 2020 3715 2068 recte
3739 2024 3871 2067 sunt

2272 2125 2292 2161 ι
2331 2106 2514 2165 corde.
2537 2103 2669 2175 Quis
2695 2113 2986 2176 consurget
3011 2103 3146 2161 mihi
3172 2102 3435 2160 adversus
3456 2102 3823 2174 malignantes
3838 2102 3869 2155 ἲ

2258 2221 2293 2255 -‹
2345 2209 2440 2259 aut
2460 2200 2586 2272 quis
2612 2199 2779 2257 stabit
2805 2213 3014 2256 meeum
3057 2197 3317 2253 adversus
3340 2203 3640 2267 cperantes
3665 2194 3871 2266 iniqui-

2274 2310 2294 2346 ι
2338 2291 2544 2348 tatem?
2571 2288 2685 2349 Nisi
2710 2290 2835 2361 quia
2865 2287 3126 2345 Dominus
3153 2285 3359 2357 adjuvit
3384 2300 3494 2350 me,
3518 2285 3872 2356 paulominu

2273 2401 2294 2437 ι
2338 2382 2638 2440 habitasset
2684 2380 2740 2436 in
2787 2379 3001 2437 inferno
3046 2378 3231 2434 anima
3278 2392 3418 2432 mea.
3465 2375 3526 2433 Si
3550 2375 3803 2432 dicebam
3846 2392 3863 2428 :

2262 2494 2293 2535 at
2339 2472 2515 2531 Motus
2541 2480 2627 2529 est
2648 2484 2747 2544 pes
2772 2484 2958 2536 meus,
3007 2466 3383 2525 misericordia
3411 2474 3501 2522 tua
3521 2503 3538 2532 ,
3593 2464 3826 2521 Domine
3848 2506 3868 2530 ,

2272 2586 2293 2620 ι
2339 2565 2622 2641 adiuvabit
2669 2579 2775 2621 me.
2818 2561 3127 2621 Secundum
3169 2558 3570 2617 multitudinem
3615 2558 3870 2615 dolorem

2274 2678 2295 2713 ι
2336 2672 2581 2716 meorum
2611 2657 2667 2713 in
2708 2656 2875 2714 corde
2904 2668 3048 2721 meo,
3095 2651 3494 2710 consolationes
3542 2658 3654 2706 tuae
3686 2649 3869 2706 letiﬁ-

2274 2768 2296 2803 ι
2337 2754 2599 2806 caverunt
2640 2745 2880 2802 animum
2928 2759 3127 2801 meam.
3168 2741 3426 2814 Nunquid
3469 2740 3723 2797 adhaaret
3775 2741 3869 2796 tibi

2274 2855 2293 2890 ι
2340 2836 2498 2894 sedes
2525 2835 2846 2906 iniquitatis,
2877 2833 2975 2906 qui
3012 2833 3173 2906 lingis
3199 2832 3441 2889 laborem
3458 2831 3527 2887 iin
3554 2831 3872 2903 precepts?

2275 2945 2297 2981 ι
2335 2927 2642 2999 Captabunt
2672 2927 2726 2982 in
2755 2925 2993 2982 animam
3016 2923 3150 2997 iusti
3175 2931 3231 2981 et
3256 2922 3578 2993 sanguinem
3604 2921 3870 2979 innocen-

2277 3037 2295 3072 ι
2343 3027 2453 3074 tem
2481 3016 2936 3073 condemnabunt.
2966 3014 3034 3070 Et
3064 3014 3243 3071 factus
3284 3020 3369 3070 est
3414 3011 3549 3067 mihi
3598 3011 3873 3067 Dominus

2262 3127 2297 3171 it
2341 3109 2397 3166 in
2444 3108 2734 3182 refugium,
2778 3116 2836 3164 et
2887 3108 3030 3164 Deus
3074 3121 3231 3164 meus
3279 3106 3337 3162 in
3386 3104 3725 3175 adiutorium
3755 3105 3869 3174 spei

586 3202 858 3260 dicatores
900 3203 1008 3270 tui;
1049 3212 1107 3260 et
1133 3219 1240 3259 non
1270 3204 1377 3260 boc
1400 3202 1690 3259 conturbet
1722 3192 1955 3270 aliquem
1978 3240 1994 3266 ,
2040 3198 2170 3269 quia
2212 3265 2241 3270 _
2279 3218 2299 3254 ι
2341 3215 2495 3257 metu.
2529 3200 2597 3255 Et
2636 3199 2824 3257 reddet
2866 3197 2975 3254 illis
3011 3197 3354 3269 iniquitatem
3387 3195 3656 3266 ipsorum,
3707 3203 3769 3250 et
3813 3195 3868 3249 in

584 3295 884 3351 sanctitudo
912 3265 1056 3362 talis,
1106 3295 1160 3352 id
1185 3303 1289 3363 est,
1335 3309 1457 3366 qua:
1485 3308 1583 3363 per
1604 3265 2020 3347 tribulationem
2046 3265 2245 3345 ἰαιίεῦ
2280 3311 2300 3345 t
2343 3290 2549 3347 malitia
2593 3304 2783 3347 eorum
2812 3288 3089 3360 disperdet
3106 3265 3231 3356 eos,
3276 3265 3554 3358 disperdat
3590 3284 3722 3343 illos
3764 3284 3874 3342 Do-

585 3383 837 3453 eﬁleitur,
892 3386 1038 3442 decet
1087 3386 1302 3441 domum
1345 3395 1527 3449 tuam,
1580 3381 1883 3438 Ecclesium
1929 3378 2177 3435 videlicet

587 3475 896 3533 tendentem
925 3478 981 3532 in
1010 3476 1406 3549 longitudinem
1430 3476 1656 3539 dierum,
1709 3471 1764 3528 id
1792 3479 1895 3536 εει,
1929 3470 1984 3525 in
2019 3476 2180 3525 :eter-

588 3569 835 3625 uitatem.
873 3569 970 3626 Vel
998 3568 1157 3625 aliter
1182 3586 1196 3622 :
1232 3565 1430 3622 Parata
1460 3565 1606 3620 sedes
1641 3574 1732 3618 tua
1760 3578 1825 3618 ea:
1854 3570 1996 3624 tunc,
2023 3577 2056 3614 a
2077 3574 2180 3615 suto

588 3662 707 3717 culo
733 3673 791 3717 tu
817 3678 893 3728 es,
918 3673 973 3718 et
1001 3671 1129 3719 tunc
1154 3661 1370 3734 quando
1393 3660 1551 3717 sedes
1578 3668 1693 3723 tua,
1718 3672 1752 3713 o
1783 3657 1946 3720 Deus,
1970 3668 2180 3724 prtepth

589 3753 836 3821 rabatur,
867 3754 1191 3810 elevaverunt
1217 3753 1462 3825 ﬂumina,
1489 3749 1545 3805 id
1572 3756 1675 3815 est,
1708 3745 1967 3802 mundani
1995 3742 2175 3816 philo-

589 3845 745 3913 sophi
791 3844 1015 3901 exaltati
1044 3854 1172 3901 sunt
1203 3846 1258 3899 in
1303 3842 1540 3900 elatione
1586 3840 1807 3907 mentis,
1856 3836 2179 3893 elevavernnt

587 3934 755 3991 etiam
778 3951 957 3992 vocem
979 3952 1133 3992 suam
1159 3945 1221 3993 ut
1255 3933 1714 4007 disputationibus
1757 3930 1916 3989 vanis
1961 3937 2182 3985 contra-

592 4023 736 4079 irent
751 4023 1200 4095 pmdicatoribus
1228 4025 1335 4081 tuis
1363 4040 1378 4078 :
1411 4021 1755 4079 Eleaquerunt
1780 4030 1831 4076 et
1855 4019 2098 4092 ﬂumina,
2127 4015 2183 4072 id

592 4122 698 4179 εει,
742 4114 1018 4186 principes
1045 4114 1284 4187 gentium
1335 4114 1527 4184 ﬂuctus
1572 4127 1718 4177 suos,
1768 4108 1822 4165 id
1859 4115 1967 4174 est,
2016 4106 2183 4162 verba

592 4207 921 4263 comminata
942 4247 958 4275 ,
1023 4215 1080 4263 et
1126 4207 1230 4263 hoc
1275 4205 1543 4278 processit
1586 4221 1620 4258 α
1662 4203 1874 4258 vocibus
1921 4214 2182 4273 aquarum

593 4298 902 4365 multarunt,
951 4299 1006 4355 id
1030 4308 1136 4365 est,
1186 4312 1220 4353 a
1250 4295 1602 4353 consonantia
1632 4294 1921 4350 multorum
1954 4291 2183 4364 pepulo-

591 4405 735 4455 rum,
778 4398 835 4445 et
860 4389 1021 4446 facta:
1066 4396 1194 4444 sunt
1238 4385 1507 4442 mirabiles
1552 4384 1802 4441 elationes
1848 4382 2185 4438 maris:etc

593 4490 783 4537 contra
811 4481 1067 4537 Dominus
1098 4479 1354 4536 mirabilis
1383 4478 1558 4536 factus
1582 4487 1667 4534 est
1696 4478 1752 4532 in
1777 4475 1899 4532 altis
1931 4474 2040 4531 illis
2067 4473 2183 4530 ela—

593 4572 831 4628 tionibus
869 4572 1256 4645 deprimendis,
1305 4579 1363 4628 et
1404 4572 1505 4639 sic,
1548 4570 1705 4643 quasi
1751 4569 1858 4625 illis
1886 4567 2181 4638 depressis,

595 4661 891 4717 testimonia
916 4671 1030 4731 tua,
1065 4663 1120 4721 id
1147 4671 1253 4730 est,
1283 4661 1542 4718 miracula
1575 4671 1666 4716 tua
1691 4674 1812 4731 qua:
1839 4656 2181 4715 testabantur

595 4753 696 4820 tui,
746 4755 902 4811 nimis
958 4756 1099 4827 facta
1140 4767 1262 4813 sunt
1311 4754 1603 4812 credibilia.
1659 4754 1855 4822 Nimis,
1905 4753 2026 4809 ideo
2053 4753 2180 4823 quia

596 4845 749 4916 signa
793 4847 1194 4905 conﬁrmabant
1242 4849 1388 4905 dicta
1421 4862 1630 4904 eorum.
1683 4846 1839 4902 Unde
1871 4845 2038 4901 illud:
2073 4843 2182 4898 Do-

595 4940 740 4993 mino
769 4948 1076 5009 cooperante
1121 4951 1169 4995 et
1197 4956 1489 4994 sermonem
1528 4940 1894 5009 conﬁnnante,
1922 4938 2182 5007 sequenti-

596 5028 692 5083 bus
718 5030 880 5102 signis
908 5029 1103 5103 (Marc.
1134 5028 1280 5103 xw).
1310 5030 1377 5085 Et
1405 5031 1519 5087 haec
1549 5031 1675 5086 talis
1711 5030 2009 5085 sanctitudo
2037 5030 2180 5083 decet

594 5119 808 5173 domum
833 5130 1001 5187 tuam,
1028 5121 1082 5177 id
1106 5131 1211 5189 est,
1261 5120 1560 5178 Ecclesium
1593 5129 1739 5175 tuam
1787 5120 2096 5176 tendentem
2127 5118 2183 5172 in

597 5207 971 5283 longitudinem
1002 5212 1226 5267 dierum.

1115 5346 1442 5406 PSALMUS
1480 5346 1659 5405 XCIII.

912 5476 1146 5521 ΡεΔιιωε
1181 5478 1343 5520 DAVID
1380 5477 1597 5529 QUABTA
1635 5473 1880 5517 SADBA‘I‘I.

675 5588 696 5624 α
742 5572 907 5641 Deus,
937 5574 1203 5632 ultionum
1235 5576 1513 5640 Dominus,
1544 5574 1688 5630 Deus
1719 5571 1980 5627 ultionum
2011 5567 2181 5624 libere

603 5677 623 5712 ι
669 5662 797 5733 egit.
828 5662 1103 5731 Esaltare,
1132 5667 1225 5739 qui
1251 5666 1467 5738 iudicas
1498 5674 1722 5729 terram,
1757 5659 1920 5717 redde
1952 5660 2185 5715 retribu-

604 5771 623 5803 ι
670 5752 871 5810 tionem
901 5757 1170 5827 superbis.
1222 5758 1515 5830 Usquequo
1550 5763 1887 5828 peccatores,
1938 5750 2182 5814 Domine,

605 5861 624 5893 ⁴
670 5858 948 5917 ιιδίίυθίιιιο
976 5857 1290 5918 peccatores
1329 5847 1742 5921 gloriabuntur?
1786 5840 2106 5899 Eiiabuntur
2135 5850 2190 5896 et

2280 3399 2301 3435 t
2346 3383 2525 3440 minus
2558 3382 2701 3438 Deus
2728 3389 2933 3437 noster.
2981 3398 3001 3433 ι

2837 3504 3290 3568 ENARRATIO.
3374 3520 3381 3523 '

2348 3646 2537 3706 Solent
2569 3646 2750 3703 minus
2792 3642 3016 3711 eruditi,
3067 3642 3123 3700 id
3163 3651 3269 3707 est,
3307 3641 3487 3699 minus
3532 3638 3773 3712 perfecti
3817 3640 3871 3695 in

2276 3752 2504 3808 corpore
2546 3736 2770 3802 Christi,
2797 3735 2941 3807 quod
2965 3741 3050 3791 est
3078 3731 3342 3798 Ecclesia,
3378 3742 3639 3802 perverse
3666 3730 3872 3800 cogita-

2277 3843 2360 3895 re,
2387 3826 2548 3884 tacite
2592 3823 2794 3890 dolere,
2845 3823 2901 3879 itt
2935 3837 3124 3879 vocent
3153 3821 3319 3878 etiam
3368 3818 3667 3890 aliquando
3699 3833 3853 3873 mur-

2279 3918 2545 3973 murando
2572 3927 2954 3987 prorunmere,
2993 3911 3246 3968 videntes
3281 3908 3467 3965 ﬁerem
3514 3905 3793 3963 malorum
3818 3914 3875 3963 ct

2278 4008 2519 4064 laborem
2544 4005 2846 4071 bonorum;
2874 4002 2995 4059 illos
3022 4015 3273 4073 regnare,
3306 4000 3441 4057 istos
3466 3997 3679 4055 servire
3695 4014 3727 4062 ;.
3748 3996 3867 4051 illos

2279 4097 2529 4163 exaltari,
2563 4094 2696 4152 istos
2724 4092 2989 4166 deprimi;
3025 4090 3145 4147 illos
3174 4088 3474 4152 abundare,
3504 4088 3645 4143 istos
3668 4100 3864 4155 egere;

2280 4200 2338 4250 et
2365 4191 2553 4247 dicunt
2596 4203 2656 4245 se
2692 4185 2894 4244 frustra
2923 4182 3241 4247 credidisse,
3289 4187 3347 4237 et
3373 4178 3453 4236 sie
3482 4178 3791 4234 incitantur
3813 4178 3877 4231 ad

2281 4281 2783 4344 malitiam‘eorum,
2808 4274 2914 4342 vel,
2946 4275 2993 4331 si
3022 4287 3129 4329 non
3157 4270 3359 4327 audent
3386 4276 3613 4340 propter
3642 4266 3874 4322 inﬁrmi-

2283 4382 2474 4438 tatem,
2500 4371 2627 4443 quia
2657 4370 2853 4425 timent
2872 4366 3171 4422 humanum
3187 4361 3471 4434 iudicione,
3499 4360 3629 4415 licet
3656 4367 3877 4416 servent

2283 4476 2478 4519 manus
2508 4458 2779 4525 innoxias,
2808 4463 3046 4513 mentem
3076 4462 3262 4509 tamen
3292 4450 3655 4522 coinquinant
3698 4458 3759 4505 et
3794 4448 3874 4502 in-

2287 4562 2370 4610 ter
2412 4544 2637 4609 caeteras
2683 4549 2900 4619 iniquas
2942 4544 3301 4618 cogitationes
3347 4540 3553 4599 habent
3580 4551 3749 4613 caput
3779 4539 3879 4595 ini-

2210 4625 2261 4686 D
2284 4658 2514 4717 quarum
2545 4641 2951 4714 cogitationum,
2993 4637 3240 4694 dicentes
3269 4631 3414 4707 quod
3439 4633 3586 4689 Dens
3613 4630 3875 4687 averterit

2283 4737 2470 4795 oculos
2514 4749 2643 4792 suos
2673 4748 2703 4788 a
2751 4730 3022 4796 ﬁdelibus,
3070 4736 3129 4785 et
3153 4727 3343 4786 dicunt
3393 4724 3539 4795 quod
3572 4723 3724 4780 Deus
3773 4736 3874 4777 non

2284 4838 2441 4888 curet
2470 4828 2775 4902 gubernare
2800 4825 2916 4881 htec
2943 4822 3161 4888 inﬁma;
3214 4818 3297 4877 vel
3327 4818 3514 4876 dicunt
3537 4830 3666 4873 cum
3693 4829 3875 4886 aequa-

2285 4924 2410 4980 liter
2455 4921 2681 4992 diligam
2709 4919 2879 4977 bonos
2916 4923 2972 4972 et
2996 4914 3190 4982 malos,
3236 4911 3344 4979 vel,
3392 4910 3539 4981 quod
3590 4908 3750 4980 peius
3773 4916 3873 4971 est,

2287 5018 2457 5074 bonos
2486 5012 2763 5077 insectari,
2813 5009 2970 5066 malis
2999 5008 3204 5073 favere,
3250 5012 3326 5072 et,
3374 5018 3499 5059 cum
3528 5001 3612 5057 sic
3639 5015 3876 5057 murmu-

2290 5115 2436 5173 rant,
2467 5104 2596 5161 nulli
2626 5105 2883 5160 damnum
2914 5099 3137 5165 faclunt,
3187 5096 3291 5154 sibi
3324 5102 3535 5151 tantum
3579 5092 3877 5148 maximum

2296 5197 2496 5254 malum
2549 5193 2810 5258 inferunt,
2858 5192 2987 5262 quia
3020 5204 3130 5246 non
3156 5186 3363 5245 habent
3385 5197 3574 5241 verum
3621 5183 3878 5239 innocen-

2295 5295 2446 5351 tiam.
2495 5291 2638 5348 Vera
2667 5289 2812 5347 enim
2855 5285 3167 5343 innocentia
3194 5291 3280 5340 est
3307 5292 3447 5352 qua:
3474 5291 3580 5335 nec
3627 5276 3734 5333 sibi
3784 5289 3878 5331 nec

2291 5382 2449 5440 alteri
2474 5382 2650 5438 obest.
2701 5378 2853 5434 Hanc
2898 5374 3265 5432 innocentiam
3295 5370 3374 5425 illi
3416 5366 3789 5425 observabant
3814 5363 3876 5420 de

2294 5475 2487 5547 quibus
2512 5473 2716 5528 dictum
2746 5478 2833 5527 est
2858 5488 2873 5521 :
2903 5468 3007 5536 Qui
3041 5465 3209 5539 potuit
3232 5460 3552 5533 transgredi,
3579 5468 3632 5514 et
3662 5474 3771 5547 non
3796 5465 3869 5513 est

2289 5545 2665 5635 transgressus,
2699 5569 2757 5616 et
2787 5558 2958 5630 facere
2991 5557 3215 5621 malum,
3259 5563 3307 5609 et
3342 5569 3446 5606 non
3492 5549 3620 5620 fecit
3668 5545 3866 5619 (Ereti.

2289 5654 2467 5726 Inst).
2504 5651 2617 5708 Hos
2644 5650 2859 5707 dolores
2885 5658 2942 5704 et
2993 5648 3208 5717 iniquas
3234 5643 3589 5718 cogitationes
3616 5647 3872 5711 procurat

2286 5746 2525 5818 psalmus
2576 5744 2701 5811 iste,
2752 5740 3090 5798 exhortando
3138 5739 3286 5809 ipsos
3331 5741 3738 5790 murmurantes
3794 5742 3857 5783 ne

2290 5846 2476 5894 contra
2505 5833 2691 5893 florem
2719 5834 2985 5891 malorum
3014 5831 3250 5889 habeant
3293 5825 3578 5891 invidiam,
3626 5823 3763 5880 etin
3793 5820 3868 5875 la‘-
