3868 5722
44 375 117 431 537
1102 369 1631 426 ENARRATIONES
1669 360 1737 425 IN
1773 372 2109 431 PSALMOS.

3133 384 3239 444 638

43 498 140 541 bore
164 484 405 537 bonorum
430 481 659 535 habeant
683 490 1015 551 patientiam,
1040 482 1174 538 Nam
1198 484 1565 552 utmsquisque
1596 485 1638 542 Α
1668 489 1853 554 cuique
1892 488 2069 543 reddet
2096 489 2381 544 secundum
2411 507 2570 562 opera
2591 509 2712 546 sua.
2748 491 3027 565 Usquequo
3054 514 3239 566 pecca-

44 577 107 643 qui
131 587 239 627 vere
264 580 342 626 cst
369 571 725 635 Christianus,
772 589 894 627 cum
926 575 1071 627 videt
1118 574 1299 628 taliter
1323 589 1565 628 murmu-

43 675 201 726 rantes,
243 663 381 717 dolet
427 672 482 717 et
512 663 721 727 irridet,
751 673 806 719 et
838 666 1008 720 dicit:
1048 665 1163 720 Non
1192 674 1284 721 est
1327 665 1565 721 hominis

43 759 317 825 investigare
339 772 437 812 cur
464 756 605 812 Deus
632 758 872 826 patiatur
895 760 1066 813 boms
1093 758 1341 813 laborare
1366 767 1421 813 et
1450 773 1566 812 ma-

43 851 98 905 lus
136 848 347 911 ﬂorere;
391 846 587 902 suﬂicit
635 848 766 903 mihi
816 850 958 904 scire
1004 850 1244 904 laborem
1296 850 1564 904 bonorum

44 953 130 992 esse
157 936 507 1005 temporalem,
557 944 613 991 et
662 936 846 992 ﬂorem
902 938 1185 992 malorum.
1236 937 1303 991 Et
1344 937 1457 993 haec
1485 937 1566 991 di-

43 1028 193 1089 cendo,
235 1026 477 1095 proponit
521 1026 622 1081 sibi
657 1027 972 1097 patientiam
1025 1037 1216 1083 contra
1253 1028 1566 1083 felicitatem

43 1120 254 1174 malorum
283 1128 336 1173 et
380 1118 656 1175 miseriam
706 1122 991 1175 honorum.
1030 1120 1200 1186 Quam
1249 1122 1565 1191 patientiam

44 1213 162 1265 docet
203 1210 429 1279 psalmus
471 1210 596 1273 iste,
647 1211 732 1267 cui
786 1212 908 1265 talis
958 1214 1288 1281 pnrpouitur
1338 1212 1563 1268 titulus:

44 1299 237 1353 l’salmus
262 1298 426 1353 Dauid
453 1310 646 1369 quarta
676 1299 910 1354 Sabbali.
938 1300 993 1354 lu
1021 1310 1210 1371 quarta
1240 1299 1462 1357 Sabbati
1488 1301 1567 1355 le-

43 1392 148 1461 gi:ur
175 1390 299 1447 Deus
324 1392 511 1447 fecisse
543 1392 827 1447 luminaria
856 1393 908 1447 in
943 1393 1287 1449 ﬁrmamento
1316 1392 1469 1465 (Gen.
1500 1396 1561 1463 ι),

43 1480 159 1533 solem
190 1482 239 1532 in
265 1490 563 1549 potestatem
592 1483 719 1548 diei,
756 1488 937 1536 lunam
966 1493 1014 1537 et
1044 1483 1222 1538 stellas
1256 1485 1310 1537 in
1335 1494 1567 1554 potesta-

43 1580 113 1623 lem
137 1572 281 1625 noctis
324 1570 492 1640 (Psal.
524 1573 748 1642 cxxxv).
800 1573 927 1629 Haec
960 1574 1245 1629 luminaria
1276 1558 1568 1646 quantum-

43 1676 205 1729 cunque
246 1662 481 1716 homines
524 1663 862 1719 mentiuntur
889 1664 957 1720 de
986 1665 1085 1731 eis,
1134 1674 1568 1738 quantaecunque

43 1762 189 1812 ralant
212 1759 508 1828 grandines,
540 1770 964 1829 quantacunque
1012 1763 1147 1835 fiant
1196 1762 1434 1832 pericula
1462 1806 1478 1829 ,
1533 1778 1562 1818 a

1664 588 1823 644 tores,
1880 578 2123 646 Domine,
2168 598 2435 653 usquequo
2484 583 2891 653 gloriabuntur?
2937 586 3243 643 Artiﬁciose

1664 669 1844 737 agitur
1877 669 1930 723 in
1962 671 2062 726 hoc
2092 672 2297 740 psalmo
2326 682 2517 727 contra
2548 675 2727 729 minus
2755 676 2997 732 eruditos
3016 686 3070 731 et
3096 694 3245 733 mur-

1674 768 1954 814 murantes
2001 769 2192 815 contra
2238 761 2546 828 Dominum,
2576 764 2701 832 quia
2731 766 2822 834 qui
2874 766 2959 821 hic
2992 766 3232 836 loquitur

1666 858 1723 903 ut
1749 850 2143 919 competentius
2164 850 2231 905 ad
2258 852 2512 921 gaudium
2539 861 2592 907 et
2616 854 2683 908 ad
2711 855 3027 922 patientiam
3058 872 3244 912 secum

1665 939 1849 1002 ducat,
1888 938 2040 1007 prius
2067 953 2257 994 vocem
2286 954 2474 995 eorum
2502 942 2554 996 in
2586 958 2645 997 se
2671 943 2950 1009 transfert,
2977 955 3031 1001 et
3061 947 3140 1002 sic
3165 949 3247 1004 eis

1666 1032 1821 1100 quasi
1863 1033 2196 1089 condolendo
2226 1046 2577 1106 repraasentat
2617 1053 2803 1094 vocem
2836 1040 3073 1106 illorum,
3105 1052 3163 1096 ut
3192 1052 3249 1098 et

1668 1122 1766 1191 ipsi
1787 1131 1972 1192 postea
2005 1135 2287 1180 assumant
2314 1141 2502 1182 vocem
2534 1128 2781 1183 istorum.
2809 1130 2908 1197 Qui
2934 1134 3248 1188 consolatur

1667 1214 1922 1279 amicum,
1958 1229 2065 1270 non
2097 1217 2492 1287 competentius
2532 1217 2635 1273 hoc
2660 1218 2825 1274 faciet
2854 1236 3016 1289 quam
3045 1222 3089 1276 si
3120 1238 3245 1277 cum

1666 1305 1842 1359 amico
1865 1320 1924 1360 se
1948 1305 2131 1361 dolere
2157 1306 2427 1372 ostendat,
2453 1308 2709 1377 quoniam
2742 1309 2820 1364 sic
2862 1308 3032 1365 levius
3063 1326 3246 1366 secum

1667 1396 1936 1451 dolentem
1965 1397 2031 1451 ad
2055 1397 2310 1468 gaudium
2338 1401 2536 1454 ducere
2561 1409 2755 1469 potest.
2777 1400 2927 1467 Quod
2959 1401 3037 1455 sic
3082 1400 3246 1456 dicit:

1667 1486 1948 1558 Usquequo
1981 1499 2300 1559 peccatores,
2353 1489 2593 1557 Domine,
2641 1492 3048 1563 gloriabuntur?
3076 1493 3128 1545 id
3166 1501 3252 1547 est

1667 1594 1949 1649 quousque
1999 1580 2224 1649 patieris
2278 1591 2594 1651 peccatores
2641 1599 2802 1654 agere
2857 1599 2978 1653 qua:
3028 1583 3251 1639 volunt?

1666 1679 1722 1726 et
1759 1685 2042 1741 quousque
2084 1670 2454 1741 gloriabuntur
2481 1673 2531 1727 in
2583 1672 2839 1728 felicitate
2868 1675 3003 1727 sua?
3032 1674 3098 1727 Et
3122 1688 3252 1729 ecce

1669 1769 1894 1831 apparet
1938 1761 2126 1831 inquo
2176 1762 2498 1833 gloriantur.
2538 1763 2863 1833 E/fabuntur
2891 1777 2937 1820 et
2977 1765 3253 1836 loquentur

43 1861 146 1905 statu
170 1867 255 1903 suo
280 1867 380 1904 non
408 1828 715 1912 morentur.
761 1854 855 1907 sed
880 1828 1117 1909 icui-sum
1152 1828 1306 1910 suum
1340 1856 1429 1925 qui
1459 1828 1563 1912 sibi
1597 1828 1641 1887 Β
1669 1828 2017 1923 iniquitatem.
2040 1828 2293 1907 'Ordovest
2321 1828 2763 1924 prmposterattts,
2784 1855 2911 1924 quia
2932 1828 3083 1926 prius
3107 1856 3249 1923 apud

44 1954 100 1997 est
122 1960 145 1995 a
183 1945 280 1998 Deo
304 1945 597 2015 dispositus
622 1955 906 2017 peragunt.
955 1947 1061 2004 Per
1085 1948 1199 2004 lucc
1228 1950 1353 2004 talia
1403 1950 1565 2005 lumi-

43 2036 154 2089 naria
193 2036 553 2106 signilicantur
606 2038 680 2093 illi
734 2039 1021 2108 dequibus
1071 2040 1204 2095 dicit
1229 2041 1561 2111 Apostolus:

43 2126 187 2178 Omnia
212 2126 355 2193 facite
381 2125 493 2182 sine
530 2122 925 2198 disceptatione
952 2138 1001 2183 et
1038 2132 1490 2196 murmuratione,
1510 2142 1568 2186 ut

43 2214 123 2266 iiiis
140 2215 612 2285 imprehensibiles
642 2227 698 2273 et
722 2219 944 2282 sinceri,
968 2219 1300 2275 immaculati
1323 2221 1423 2289 ﬁlii
1448 2220 1565 2285 Dei,

43 2307 77 2356 in
97 2308 233 2359 medio
248 2310 465 2362 nationis
502 2326 682 2379 pravae
712 2320 759 2363 et
787 2327 1059 2379 perversa,
1101 2312 1191 2365 ubi
1221 2312 1403 2367 lucetis
1429 2312 1568 2366 velut

43 2392 261 2447 luminaria
299 2394 397 2449 lixa
424 2396 478 2450 in
513 2396 882 2462 firmamento,
915 2398 1124 2452 verbum
1156 2400 1274 2454 vita’
1300 2401 1568 2454 continen-

43 2478 247 2545 mil’lu't.
280 2483 356 2549 ιι).
403 2483 620 2538 Lucem
662 2485 759 2547 illi,
787 2485 935 2540 velut
974 2486 1242 2543 luminare
1282 2488 1337 2542 in
1380 2488 1566 2544 ﬁrma-

43 2581 192 2632 utrum,
220 2575 301 2642 qui
344 2575 395 2628 in
432 2573 743 2645 Scripturis
793 2576 966 2631 sacris
1018 2577 1409 2646 promissiones
1453 2580 1564 2633 Do-

43 2661 131 2713 mini
169 2666 447 2719 attendunt.
483 2666 631 2720 Nam
666 2666 764 2735 qui
794 2682 886 2721 eas
923 2668 1229 2732 attendunt,
1264 2669 1361 2739 ips:
1412 2670 1567 2740 quasi

43 2752 78 2803 ia
102 2754 401 2811 lirunameuto
425 2773 656 2813 cursum
683 2774 839 2813 suum
868 2768 1156 2830 peragunt,
1186 2760 1450 2817 habentes
1471 2779 1570 2817 un-

44 2844 165 2911 dique
208 2847 512 2914 patientiam
563 2858 622 2904 et
658 2849 710 2904 in
756 2851 877 2917 hoc,
906 2851 1159 2907 videlicet
1211 2853 1355 2922 quod
1385 2854 1571 2909 vident

44 2935 174 2991 malos
212 2936 409 3005 ﬂorere,
458 2941 636 2997 bonos
664 2940 935 2997 laborare.
970 2942 1072 3010 Qui
1113 2958 1243 3016 vero
1270 2944 1372 2999 hoc
1400 2945 1571 3016 impa-

44 3026 195 3082 tienter
216 3029 403 3097 ferunt,
427 3033 530 3103 ipsi
555 3033 714 3104 quasi
742 3034 797 3088 in
827 3033 1177 3089 ﬁrmamento
1204 3037 1428 3103 cadunt,
1460 3052 1568 3093 non

44 3126 154 3170 recte
195 3130 377 3176 statum
432 3139 630 3180 cursus
673 3123 759 3179 sui
791 3123 1155 3194 perﬂeientes.
1197 3125 1262 3180 Et
1312 3128 1567 3196 quoniam

44 3208 231 3274 psalmus
264 3212 361 3269 iste
382 3214 704 3284 patientiam
738 3214 1012 3283 proponit,
1040 3215 1237 3270 merito
1264 3216 1571 3273 intitulatus

43 3306 102 3349 est
118 3311 279 3368 quarta
300 3302 534 3369 Sabbati,
567 3320 679 3359 non
712 3304 855 3374 quod
892 3305 1133 3373 psalmus
1163 3314 1289 3376 agat
1313 3308 1379 3361 de
1407 3310 1570 3364 rebus

43 3390 195 3445 creatis
217 3402 394 3459 quarta
442 3393 693 3455 Sobbati,
724 3394 819 3449 sed
846 3392 915 3449 de
943 3393 1106 3449 rebus
1131 3394 1452 3463 significatis
1478 3412 1573 3465 per

44 3492 106 3532 res
124 3489 308 3538 creatas
333 3492 523 3555 quarta
567 3482 811 3538 Sabbati.
874 3482 1012 3537 Nam
1058 3498 1159 3537 vox
1187 3498 1373 3537 eorum
1404 3494 1487 3539 est
1517 3485 1569 3539 in

43 3569 117 3623 hoc
150 3572 356 3640 psalmo,
385 3576 478 3646 qui
510 3574 897 3646 significantur
924 3590 1021 3643 per
1051 3573 1343 3628 luminaria
1379 3584 1573 3645 quarta

44 3656 212 3714 Sabboti
232 3662 280 3716 in
306 3663 654 3719 ﬁrmamento
676 3664 872 3733 posita,
906 3672 965 3717 et
989 3663 1212 3718 dicunt:

93 3747 206 3805 Deus
228 3752 477 3809 ultionum
511 3753 794 3821 Dominus,
830 3754 967 3809 Deus
990 3754 1249 3808 ultionem
1271 3753 1429 3809 libere
1449 3756 1571 3825 egit.

43 3838 166 3903 Quasi
188 3844 358 3901 dicat:
387 3847 570 3903 nullus
607 3846 849 3902 iuvith
878 3847 1036 3902 malis
1066 3846 1119 3903 in
1150 3846 1280 3902 ﬂore
1324 3863 1445 3913 suo,
1473 3863 1576 3904 nec

43 3928 243 3988 iloleatsi
266 3935 385 3990 boni
415 3936 694 4003 laborant,
745 3936 838 3992 sed
866 3952 959 3992 cor
981 3952 1199 3992 sursum
1229 3953 1447 4008 semper
1482 3939 1577 3992 ha-

43 4018 281 4091 beat,quia
312 4026 451 4083 Deus
472 4037 561 4085 est
589 4028 845 4083 Dominus
870 4028 1152 4097 ultionum,
1181 4030 1391 4086 scilicet
1412 4047 1574 4102 agen—

43 4108 210 4177 darum,
237 4130 264 4170 a
298 4132 405 4188 quo
448 4135 559 4175 non
610 4118 719 4174 erit
765 4120 1090 4190 impunitum
1139 4136 1298 4177 omne
1355 4123 1574 4178 malum.

43 4194 150 4253 Deus
164 4212 239 4257 est
260 4207 515 4262 uttionum
542 4208 689 4273 dico,
720 4209 846 4277 quia
880 4208 1040 4264 libere
1063 4212 1164 4280 egit
1204 4211 1259 4265 in
1292 4209 1486 4277 Verbo,
1523 4220 1580 4266 et

43 4285 132 4343 ideo
155 4291 298 4349 libere
333 4306 456 4368 aget
493 4298 548 4353 in
590 4296 819 4367 judicio.
853 4298 1036 4353 Libera
1066 4300 1169 4371 egit
1198 4301 1250 4355 in
1284 4301 1483 4367 Verbo,
1523 4311 1582 4356 ut

43 4378 251 4446 scriptum
276 4394 398 4442 est:
431 4387 498 4441 Et
539 4398 657 4442 erat
683 4385 905 4457 loquens
933 4398 1188 4459 tanquam
1231 4390 1317 4443 vir
1352 4402 1581 4459 potesta-

1668 1956 1729 1997 se
1782 1942 2088 2012 loquentur.
2122 1950 2178 1998 et
2207 1953 2394 2012 postea
2436 1944 2559 2000 aliis
2592 1955 2744 2001 extra
2775 1945 3081 2013 loquentur.
3109 1944 3251 2012 Quid

1666 2030 1982 2101 loquentur?
2004 2030 2257 2103 Cogitant
2284 2034 2424 2103 apud
2458 2050 2517 2089 se
2539 2035 2681 2103 quod
2708 2036 2818 2090 Deo
2840 2050 2944 2090 non
2974 2036 3255 2105 displiceat

1668 2121 1808 2175 mala
1854 2121 1963 2175 vita
2011 2137 2200 2176 eorum
2232 2141 2245 2176 :
2279 2124 2403 2192 quia
2444 2125 2488 2179 si
2537 2125 2867 2194 displiceret,
2905 2125 2985 2180 vel
3032 2126 3250 2194 penitus

1666 2227 1764 2267 eos
1788 2228 1820 2268 e
1846 2212 1955 2266 vita
1984 2212 2227 2268 auferret
2255 2215 2339 2268 vel
2364 2216 2442 2270 sic
2471 2231 2565 2271 eos
2600 2216 2794 2272 ﬂorere
2841 2232 2945 2270 non
2976 2215 3253 2285 permitte-

1670 2311 1774 2367 ret,
1802 2311 1878 2365 et,
1911 2304 2026 2359 haec
2067 2304 2379 2374 cogitando,
2424 2315 2654 2377 surgunt
2682 2315 2874 2361 contra
2923 2306 3058 2361 alios
3082 2308 3135 2361 in
3160 2305 3255 2361 de-

1668 2392 1972 2449 fensionem
2022 2404 2393 2464 peccatorum.
2449 2395 2603 2464 Quod
2655 2397 2811 2462 dicit,
2855 2397 3158 2465 eﬂ'abunlur
3203 2404 3254 2450 et

1669 2472 1947 2556 loquentur
1989 2486 2319 2557 iniquitatem
2360 2502 2379 2541 :
2411 2486 2710 2558 loquentur,
2755 2488 2899 2552 dico,
2947 2503 3123 2541 omnes
3164 2486 3256 2557 qui

1671 2587 1954 2647 operantur
1980 2578 2314 2646 injustitiam,
2364 2578 2490 2648 quia
2538 2578 2814 2647 operando
2862 2578 3158 2648 loquentur.
3190 2578 3258 2631 Et

1670 2680 1799 2721 ecce
1832 2666 2089 2735 iniquitas
2115 2682 2276 2736 quam
2300 2668 2615 2737 loquuntur.
2639 2668 2773 2735 Quia
2802 2668 3050 2737 populum
3081 2678 3253 2732 tuum,

1671 2756 1916 2821 Domine,
1939 2756 2344 2811 humiliaverunt
2366 2757 2419 2811 in
2451 2757 2575 2821 fide,
2605 2756 2707 2811 sibi
2736 2756 3125 2811 conformando
3148 2757 3253 2810 hu-

1670 2848 1962 2904 miliandos
2012 2847 2380 2913 reddiderunt,
2415 2857 2461 2902 et
2504 2847 2861 2904 Iuereditatem
2919 2855 3087 2909 tuam,
3134 2860 3256 2915 pcr-

1674 2939 1847 2995 fectos
1890 2939 2162 3006 videlicet,
2190 2940 2315 3009 quia
2362 2956 2392 2995 a
2438 2952 2488 2995 te
2537 2955 2709 3011 usque
2749 2940 2816 2994 ad
2870 2938 3259 3010 perfectionem
3352 2942 3353 2945 ‘

1670 3030 1802 3086 culti
1842 3040 1992 3096 sunt,
2049 3045 2189 3100 quos
2236 3046 2341 3085 non
2408 3038 2701 3101 potuerunt
2748 3029 3052 3094 humiliore,
3103 3044 3259 3083 vexa-

1677 3134 1820 3190 runt,
1870 3124 1923 3178 id
1977 3132 2060 3179 est
2112 3124 2299 3179 multis
2351 3124 2791 3179 tribulationibus
2823 3121 3143 3178 afﬂixerunt.
3189 3120 3260 3176 Et

1652 3231 1797 3285 -qu:e
1843 3215 1915 3269 sit
1955 3216 2247 3270 limreditas
2286 3230 2452 3285 quam
2509 3224 2862 3281 vexaverant,
2916 3212 3195 3283 subjungit
3243 3230 3255 3265 :

1688 3305 1913 3361 Viduam
1968 3316 2014 3360 ‘et
2085 3307 2342 3360 advenam
2397 3306 2766 3374 interfecerunt
2810 3315 2859 3359 et
2905 3302 3131 3374 pupillos
3180 3319 3262 3355 oe-

1678 3398 1935 3452 eiderunt.
1974 3396 2131 3451 Vidui
2182 3405 2309 3449 sunt
2359 3410 2551 3450 omnes
2598 3395 2674 3450 illi
2726 3395 2817 3465 qui
2870 3410 2928 3449 se
2967 3410 2996 3447 a
3035 3391 3255 3462 copula-

1679 3488 1825 3542 tione
1847 3485 2040 3541 diaboli
2068 3492 2322 3554 separant
2352 3484 2438 3539 cui
2482 3486 2713 3554 quisque
2748 3484 3048 3553 copulatur,
3093 3496 3262 3549 quan-

1677 3580 1746 3634 do
1793 3579 1846 3632 in
1891 3585 2177 3647 peccaturo
2244 3574 2408 3630 cadit.
2459 3576 2696 3630 Adveme
2745 3584 2873 3630 sunt
2928 3574 2999 3629 illi
3046 3572 3137 3643 qui
3182 3575 3267 3627 iu-

1681 3670 1925 3741 telligunt
1977 3683 2171 3724 senon
2220 3668 2423 3724 habere
2462 3669 2553 3723 hic
2599 3677 2909 3723 manentem
2964 3668 3264 3729 civitatem,

1678 3762 1773 3814 sed
1835 3758 2067 3811 futuram
2130 3757 2411 3826 inquirunt
2462 3757 2648 3829 (Hebr.
2695 3756 2841 3829 xui).
2894 3757 3087 3827 Pupilli
3142 3764 3269 3811 sunt

1676 3850 1768 3920 qui
1795 3849 2104 3919 relinquunt
2134 3850 2388 3918 parentes
2417 3850 2703 3904 mundana:
2728 3849 2987 3904 civitatis.
3028 3846 3094 3900 Hi
3131 3836 3271 3905 tales'

1679 3944 1876 4011 saepius
1930 3941 2109 3995 vexati
2164 3950 2291 3994 sunt
2336 3941 2404 3995 ab
2450 3940 2653 4010 impiis,
2695 3950 2744 3995 et
2772 3940 3016 3994 dixerunt
3067 3938 3119 3992 in
3154 3938 3269 4007 ipsa

1678 4030 1965 4087 vexatione
1992 4038 2183 4085 contra
2216 4029 2498 4084 Dominum
2523 4038 2925 4084 murmurantes
2952 4045 2964 4081 :
3007 4045 3110 4081 non
3140 4026 3275 4080 nide-

1680 4123 1751 4177 bit
1781 4121 2033 4176 Dominus
2058 4136 2185 4175 suos
2210 4120 2287 4175 sic
2310 4120 2513 4191 plagari
2546 4120 2614 4174 ab
2649 4120 2850 4190 impiis,
2878 4118 3001 4188 quia
3032 4118 3075 4171 si
3107 4117 3271 4179 videt,

1680 4225 1783 4267 cur
1807 4210 2054 4282 patitur?
2082 4218 2136 4263 et
2165 4210 2209 4264 si
2240 4210 2467 4279 patitur,
2491 4223 2595 4262 non
2623 4218 2704 4263 est
2727 4208 2937 4276 justas;
2966 4216 3020 4261 et
3050 4206 3128 4260 sic
3153 4220 3275 4273 pos-

1682 4314 1805 4362 sent
1833 4304 1899 4358 ad
1933 4304 2037 4357 hoc
2061 4302 2249 4356 venire
2284 4310 2348 4356 ut
2377 4317 2481 4355 non
2520 4310 2664 4355 esset
2693 4299 2855 4364 Deus,
2888 4298 3011 4366 quia
3042 4296 3131 4365 qui
3180 4311 3275 4348 au-

1686 4394 1794 4451 fert
1811 4394 2078 4465 justitiam
2103 4392 2278 4446 aufert
2302 4399 2356 4445 et
2379 4391 2656 4445 deitatem.
2690 4388 2843 4456 Quod
2871 4388 3020 4451 dicit,
3052 4385 3175 4440 Non
3200 4391 3275 4440 ri-

44 4475 116 4519 lem
152 4472 343 4542 habens,
378 4493 481 4531 non
514 4487 777 4547 tanquam
808 4476 1003 4532 Scriba:
1032 4489 1078 4532 et
1110 4476 1372 4534 Pharismi
1401 4497 1579 4534 eorum
1614 4501 1658 4559 ι)
1684 4485 1821 4539 debit
1848 4484 2134 4547 Dominus,
2166 4499 2256 4536 nec
2278 4481 2441 4536 etiam
2480 4480 2722 4550 intelliget
2746 4478 2887 4532 Deus
2915 4477 3101 4540 Jacob,
3135 4477 3279 4544 quod

43 4557 217 4618 (Matth.
248 4568 361 4637 vn).
405 4569 593 4624 Libera
618 4571 745 4641 egit,
774 4582 1063 4639 passurus;
1093 4579 1146 4625 et
1172 4571 1579 4627 ideoneminem

44 4651 230 4721 timebit,
275 4676 395 4715 cum
444 4664 634 4718 veniet
681 4662 1038 4733 iudicaturus.
1074 4661 1145 4718 Ut
1190 4672 1369 4718 autem
1425 4662 1585 4720 libere

44 4755 142 4811 agas
167 4748 211 4801 in
236 4750 456 4821 judicio,
503 4768 755 4819 nascere,
790 4768 1004 4810 morere
1038 4765 1093 4809 et
1126 4769 1378 4825 exsurge,
1407 4763 1458 4808 et
1482 4755 1583 4821 sic,

44 4836 254 4905 exultare,
289 4846 376 4911 qui
412 4846 637 4914 judicas
669 4856 885 4911 terram,
931 4846 983 4900 id
1028 4846 1225 4915 estqui
1254 4845 1468 4914 judicas
1492 4862 1586 4903 eos

44 4926 113 4991 qui
138 4937 264 4986 terra
290 4944 437 5002 sunt,
464 4945 520 4991 et
566 4935 729 4990 redde
776 4938 1166 4991 retributionem
1193 4937 1447 5005 superbis.
1490 4937 1585 4995 Su-

46 5021 164 5083 ρει-ιιι
186 5034 320 5091 sunt,
352 5029 443 5099 qui
474 5029 672 5083 nolunt
695 5038 913 5096 peccata
945 5043 1041 5083 sua
1065 5029 1311 5084 conliteri
1344 5046 1359 5085 :
1394 5030 1590 5100 quibus

46 5114 202 5171 reddet
245 5120 498 5179 Dominus
524 5122 821 5179 secundum
864 5138 1029 5192 opera
1059 5138 1174 5177 sua.
1208 5122 1303 5178 Vel
1333 5123 1377 5177 si
1417 5126 1586 5184 c'onti-

48 5216 229 5263 uuatur.
262 5210 439 5268 Libera
475 5216 579 5284 egit
629 5213 683 5266 in
710 5210 911 5277 Verbo,
944 5222 1000 5267 et
1042 5213 1160 5269 ideo
1206 5213 1370 5268 libere
1400 5217 1511 5286 agit
1533 5221 1586 5275 in

45 5289 231 5357 judicio.
275 5302 505 5375 Populus
535 5318 666 5359 vero
712 5302 978 5373 malignus
1008 5319 1112 5358 non
1162 5304 1425 5360 intellexit
1460 5324 1583 5367 cum

48 5380 177 5439 libere
212 5393 306 5461 egit
337 5394 388 5448 in
418 5395 616 5451 Verbo.
652 5392 726 5449 Ut
756 5404 938 5448 autem
980 5394 1244 5467 intelligat
1272 5397 1499 5465 populus
1533 5412 1585 5459 te

48 5469 180 5529 libere
205 5490 441 5541 acturum
479 5487 532 5541 in
560 5485 793 5555 judicio,
825 5485 1058 5541 exaliare
1099 5490 1188 5558 qui
1220 5487 1434 5557 judicas
1484 5503 1589 5549 ter.

47 5575 138 5617 ram
168 5581 183 5617 :
213 5575 359 5630 redde
387 5578 781 5631 retributionem
805 5578 1061 5645 superbis,
1092 5579 1180 5647 qui
1220 5587 1271 5631 te
1298 5578 1591 5642 noluerunt

48 5647 118 5705 hic
148 5656 385 5719 humilem
418 5677 752 5722 cosmoscere
780 5683 793 5717 :
836 5666 919 5720 vel
948 5666 1104 5722 libere
1130 5668 1240 5722 aait
1283 5667 1334 5722 in
1364 5665 1582 5722 iudicio-

1688 4575 1863 4630 adhuc
1884 4574 2056 4644 majus
2070 4581 2174 4627 est.
2192 4570 2497 4640 lnleliigile,
2518 4571 2815 4638 insipientes
2838 4567 2889 4621 in
2912 4566 3100 4638 papqu
3118 4583 3136 4619 :
3152 4566 3282 4619 Pro-

1687 4666 1884 4737 pheta,
1934 4665 2235 4735 przuvidens
2272 4679 2366 4719 cos
2400 4663 2479 4718 sic
2522 4662 2720 4732 injuste
2763 4670 2953 4714 contra
2998 4658 3281 4715 Dominum

1690 4769 2067 4818 murmurare,
2108 4752 2385 4823 redarguit
2430 4767 2526 4808 eos
2569 4753 2635 4807 de
2679 4749 3112 4804 murmuratione
3154 4762 3282 4810 sua,

1690 4846 1845 4917 quasi
1871 4845 2012 4899 dicat
2041 4864 2054 4898 :
2083 4843 2206 4906 Vos,
2239 4844 2329 4913 qui
2359 4844 2494 4898 estis
2529 4841 2848 4912 insipientes
2877 4838 3080 4911 populi,
3109 4843 3286 4891 atten-

1687 4936 1879 4992 dentes
1930 4936 2111 4991 ﬂorem
2165 4937 2430 4991 malorum
2486 4930 2869 5005 temporalem,
2922 4948 3026 4987 non
3075 4940 3289 4998 pomum

1691 5030 2034 5095 aaternalem,
2084 5038 2139 5085 ct
2186 5030 2426 5085 laborem
2474 5029 2743 5085 honorum
2788 5022 3143 5094 temporalem
3186 5030 3292 5067 non

1700 5127 1925 5198 gloriam
1968 5128 2374 5197 sempiternam,
2402 5124 2701 5193 intelligue,
2742 5117 3065 5186 insipientes,
3104 5112 3155 5166 id
3179 5117 3297 5170 est,

1700 5218 2061 5289 intelligenter
2090 5220 2257 5289 agite,
2296 5214 2484 5271 oculos
2514 5209 2770 5269 videlicet
2790 5206 2859 5260 ad
2898 5207 3076 5261 futura
3109 5202 3300 5289 levem.

1699 5318 1755 5363 ot
1783 5284 2093 5377 intelligetis
2121 5284 2244 5378 quia
2270 5305 2414 5360 videt
2451 5303 2716 5360 Dominus
2749 5303 2804 5386 et
2830 5294 3114 5364 intelliget.
3153 5284 3308 5386 Quod

1703 5398 1852 5466 dicit,
1882 5376 2171 5469 intelligite,
2205 5395 2509 5465 insipientes
2536 5396 2589 5446 in
2617 5382 2842 5458 ροριιιοι
2885 5395 2980 5452 οι,
3008 5396 3102 5437 "05
3132 5376 3310 5439 sum"

1703 5489 1987 5559 aliquando
2016 5492 2180 5558 sapite
2224 5502 2241 5541 :
2281 5484 2370 5554 qui
2413 5486 2505 5540 hic
2536 5475 2744 5537 ﬂorelis
2781 5482 2836 5528 et
2866 5477 2967 5544 qui
3001 5473 3151 5529 vobis
3178 5469 3317 5523 bene

1703 5579 1908 5646 putatis
1940 5592 2078 5631 esse.
2112 5579 2243 5632 Cum
2275 5571 2413 5628 male
2448 5581 2555 5637 est,
2584 5561 2882 5633 aliquando
2915 5565 3104 5636 sapite,
3135 5559 3190 5615 id
3212 5563 3316 5619 est,

1706 5668 1923 5722 tandem
1949 5667 2320 5722 recognoscite
2341 5661 2529 5716 ﬂorem
2554 5664 2794 5714 vestrum
2820 5666 2889 5706 ex
2919 5665 3160 5722 tempore
3180 5660 3319 5707 esse,
