4034 6422
631 454 736 518 639

1243 459 1501 520 REillGll
1536 459 2187 519 ANTISSiODORENSlS
2222 459 2371 516 OPP.
2412 459 2610 517 PARS.
2651 460 2692 518 l.
2729 493 2799 504 —
2834 461 3240 521 EXEGETICA.

3772 464 3883 524 tuo

630 571 757 623 tavit
786 585 988 633 aurem,
1027 586 1131 625 non
1170 572 1395 627 audiet?
1421 582 1514 626 aut
1538 572 1627 643 qui
1651 571 1803 640 ﬁnxit
1831 570 2057 634 oculum,
2094 587 2196 623 non
2224 575 2271 631 Α
2299 569 2435 640 gula:
2471 569 2696 639 jnstitias
2739 570 2874 640 ejus.
2907 574 3015 630 νει·
3036 575 3153 630 sic:
3192 574 3635 648 Quandoquidem
3659 578 3884 647 justitia

631 657 925 711 considerat
954 659 981 711 ?
1014 657 1179 724 Quasi
1223 659 1402 715 dicat:
1442 658 1724 729 Intelligite
1763 673 1858 713 vos
1900 659 2195 723 insipientes

604 792 609 797 .
631 744 772 799 istud
796 761 811 797 :
850 743 954 811 Qui
971 745 1218 815 plantavit
1240 762 1423 801 aurem
1459 747 1512 800 in
1542 746 1662 800 aliis
1681 786 1695 812 ,
1721 762 1823 800 non
1846 747 2021 801 audiet
2046 746 2154 815 ipse
2173 747 2199 799 2’

629 844 723 887 aut
764 836 853 900 qui
895 836 1046 904 ﬁnxit
1089 836 1330 901 oculum,
1372 852 1475 890 non
1504 838 1796 891 considerat
1836 839 2010 892 omnia
2035 839 2061 891 ?
2094 837 2197 903 Qui

632 922 844 991 corripit
867 932 1041 992 gentes
1061 939 1157 994 per
1175 926 1483 995 prophetas,
1507 940 1605 997 per
1623 926 1915 996 apostolos,
1938 936 2200 999 martyres

631 1029 846 1083 quoque
873 1016 1044 1071 zelum
1075 1019 1169 1074 Dei
1198 1019 1487 1085 habentes,
1517 1036 1620 1075 non
1656 1031 1836 1092 arguet
1868 1022 1982 1092 ipse
2023 1022 2077 1076 in
2116 1020 2200 1076 fu-

631 1106 797 1161 turo?
824 1105 938 1172 Vel,
968 1109 1059 1180 qui
1081 1111 1295 1181 corripit
1322 1121 1495 1182 gentes
1523 1112 1575 1167 in
1601 1116 1775 1183 parte,
1805 1129 1909 1167 non
1935 1124 2115 1183 arguet
2143 1114 2199 1170 in

632 1196 790 1250 toto?
828 1197 895 1253 Et
935 1199 1026 1270 qui
1067 1200 1214 1255 docet
1243 1202 1505 1259 hominem
1548 1206 1849 1268 scientiam,
1883 1205 1936 1259 id
1962 1215 2075 1269 est,
2106 1207 2198 1276 qui

628 1283 759 1340 facit
781 1287 1053 1347 hominem
1083 1291 1342 1347 scientem
1378 1308 1484 1349 non
1513 1296 1685 1351 nescit
1707 1297 1929 1352 omnia?
1962 1296 2074 1352 Scit
2094 1298 2200 1352 uli-

628 1396 752 1449 qne.
782 1382 915 1451 Quia
951 1384 1203 1441 Dominus
1231 1404 1336 1443 non
1364 1384 1569 1444 tantum
1591 1390 1686 1444 scit
1714 1405 1898 1460 opera,
1922 1393 2012 1447 sed
2038 1392 2198 1447 etiam

628 1471 960 1540 cogitationes
990 1472 1282 1541 hominum,
1312 1477 1412 1532 scit
1438 1478 1588 1542 dico,
1620 1493 1725 1533 non
1765 1488 1823 1533 ut
1859 1479 2078 1549 probet,
2105 1482 2199 1536 sed

631 1570 687 1614 ut
706 1576 871 1619 vanas
891 1579 984 1619 eas
1001 1567 1259 1622 attendat.
1282 1568 1432 1635 Quod
1454 1569 1602 1633 dicit,
1623 1572 1868 1639 quoniam
1895 1566 2197 1638 vanre’sant,

629 1658 686 1703 et
713 1651 756 1735 si
781 1651 903 1715 scit,
933 1656 1276 1735 ctmsequitur
1307 1665 1364 1712 ut
1401 1658 1815 1725 animadvertat,
1849 1659 2085 1730 alioquin
2108 1661 2198 1730 ju-

629 1733 746 1794 stus
776 1756 880 1796 non
914 1733 1075 1799 esset.
1106 1743 1299 1800 Beatus
1321 1747 1474 1802 homo
1499 1764 1649 1815 quem
1686 1758 1742 1802 tu
1783 1750 2058 1815 erudieris,
2088 1751 2199 1805 Do-

2295 661 2681 713 converteturin
2687 661 2973 730 judicium,
2988 664 3078 732 qui
3103 673 3224 719 sunt
3240 664 3328 718 hic
3331 664 3492 735 juxta
3506 665 3678 731 illam,
3692 666 3751 723 id
3771 673 3884 731 est,

2294 746 2387 815 qui
2414 756 2538 802 sunt
2579 748 2657 802 illi
2681 748 2773 818 qui
2807 750 2953 819 juste
2978 751 3209 806 vivunt?
3235 751 3425 807 Omnes
3447 754 3540 824 qui
3575 764 3717 808 recto
3756 764 3885 808 sunt

2295 838 2467 892 corde.
2520 837 2655 904 Quis
2694 850 2969 913 consurget
3014 843 3146 898 mihi
3188 844 3435 900 adversus
3483 844 3888 915 malignantes?

2294 941 2388 984 aut
2439 934 2554 1003 quis
2591 933 2745 988 stabit
2788 951 2990 989 mecum
3028 934 3276 989 adversus
3311 938 3581 1005 operantes
3626 934 3887 1004 iniquita-

2296 1029 2397 1076 tem
2413 1021 2440 1075 ?
2466 1021 2604 1077 Ecce
2625 1022 2715 1077 ille
2735 1022 2827 1092 qui
2853 1022 2907 1077 in
2934 1023 3038 1078 hoc
3063 1022 3268 1093 psalmo
3286 1022 3542 1092 loquitur,
3570 1036 3697 1077 cum
3719 1035 3887 1090 sape.

2296 1109 2410 1165 rius
2465 1124 2525 1165 se
2567 1111 2838 1179 posuisset
2884 1111 2938 1164 in
2984 1124 3173 1165 vocem
3231 1110 3709 1175 murmurantium,
3763 1110 3882 1178 jam

2296 1199 2442 1270 ipsos
2485 1210 2884 1257 murmurantes
2912 1201 2964 1256 in
2992 1215 3126 1257 voce
3170 1216 3352 1257 secum
3383 1201 3617 1256 assumit
3661 1216 3787 1265 sua,
3824 1208 3886 1252 ut

2288 1306 2440 1346 nunc
2466 1306 2648 1347 secum
2696 1292 2966 1363 gaudeant
2994 1293 3192 1364 quibus
3232 1293 3347 1363 ipse
3386 1293 3636 1360 superius
3675 1292 3884 1347 condo-

2294 1380 2413 1436 luit.
2449 1379 2615 1448 Quasi
2641 1381 2789 1437 dicat
2824 1382 2905 1438 sic
2924 1383 3329 1453 unusquisque:
3352 1382 3600 1452 Intelligo
3650 1384 3731 1437 ita
3757 1397 3883 1436 esse

2294 1469 2618 1536 faciendum,
2658 1472 2828 1528 malus
2858 1473 3191 1539 tolerandos;
3233 1473 3326 1528 sed
3370 1473 3474 1528 hoc
3506 1488 3604 1541 per
3639 1488 3735 1527 me
3772 1488 3880 1526 nou

2297 1575 2539 1632 possum,
2582 1570 2641 1617 et
2683 1563 2806 1632 quis
2854 1562 2985 1617 mihi
3029 1562 3136 1618 erit
3177 1562 3377 1617 auxilio
3424 1561 3686 1615 interim?
3722 1562 3880 1627 Quod

2298 1653 2460 1717 dicit,
2498 1652 2613 1723 quis
2641 1662 2914 1723 consurget
2936 1652 3083 1718 mihi,
3112 1653 3163 1707 id
3184 1661 3269 1708 est
3285 1653 3408 1723 quis
3433 1665 3770 1722 consurgere
3794 1666 3881 1705 me

2298 1741 2459 1796 faciet
2485 1743 2743 1798 adversus
2766 1738 3157 1812 malignantes?
3185 1744 3289 1797 Aut
3319 1742 3434 1814 quis
3469 1743 3625 1796 stabit
3649 1758 3880 1803 mecm,

626 1832 765 1886 mine
786 1847 805 1886 :
844 1832 1005 1899 Quasi
1042 1835 1220 1890 dicat:
1262 1834 1512 1892 Dominus
1536 1838 1632 1892 scit
1659 1840 1994 1908 cogitationes
2024 1841 2196 1894 homi-
2228 1898 2267 1908 __
2299 1832 2352 1887 id
2378 1841 2478 1889 eest
2508 1832 2629 1904 quis
2657 1846 2744 1887 me
2779 1832 3107 1888 immobilem
3152 1833 3304 1899 facit.
3328 1842 3390 1889 ut
3427 1847 3531 1888 non
3555 1833 3759 1888 cadam
3791 1832 3883 1887 ad-

627 1937 749 1975 num
771 1938 791 1976 :
830 1898 991 1979 homo
1015 1935 1192 1982 autem
1234 1928 1405 1983 nescit
1443 1898 1800 1998 cogitationes
1830 1931 1950 1990 Dei,
1982 1940 2037 1986 et
2074 1932 2194 1986 idco
2227 1898 2271 1957 Β
2299 1937 2488 1979 versus
2512 1898 2699 1979 omnes
2723 1923 2812 1992 qui
2855 1932 3148 1992 operantur
3172 1923 3525 1994 iniquitatem
3547 1924 3574 1976 ἴ
3613 1923 3883 1977 Domit!!!

628 2010 894 2080 relinquat
920 2014 1079 2092 homo
1107 2017 1457 2086 cogitationes
1482 2033 1609 2074 suas
1634 2034 1803 2074 vanas
1819 2060 1836 2086 ,
1872 2028 1925 2075 et
1948 2035 2196 2099 perscrua-

628 2109 771 2155 tetur
790 2104 1143 2174 cogitationes
1164 2106 1256 2161 Dei
1285 2114 1458 2162 veras.
1489 2106 1622 2162 Nam
1650 2110 1804 2163 homo
1827 2108 1936 2175 ille,
1965 2126 2116 2180 quem
2138 2108 2194 2164 tu

625 2192 901 2258 erudieris,
925 2193 1169 2260 Domine,
1198 2182 1264 2251 ut
1285 2196 1524 2253 attendat
1543 2198 1684 2266 quod
1712 2198 1795 2253 vis
1821 2199 2044 2266 attendi,
2071 2198 2195 2253 bea-

625 2290 710 2336 tus
731 2290 831 2348 est,
864 2294 912 2337 et
932 2284 1000 2338 de
1024 2283 1132 2352 leqe
1161 2295 1251 2341 tua
1284 2288 1525 2342 docueris
1560 2305 1696 2342 eum.
1731 2288 1837 2343 Lex
1870 2290 2078 2344 Domini
2098 2291 2199 2345 do-

625 2378 711 2423 cet
754 2369 843 2425 hic
870 2370 979 2440 pati
1010 2387 1279 2443 quemque
1324 2375 1693 2435 tribulationes
1732 2386 1788 2432 et
1830 2392 2113 2447 pressuras
2141 2379 2195 2434 iu

606 2459 732 2515 hoc
753 2462 952 2516 mundo
970 2503 985 2527 ,
1010 2471 1070 2517 ut
1098 2463 1151 2518 in
1174 2479 1232 2521 se
1257 2479 1439 2520 veram
1476 2481 1661 2536 pacem
1691 2467 1947 2534 inveniat,
1973 2484 2196 2540 regnum

626 2566 781 2606 ειιιιιιι
811 2553 997 2625 venale
1021 2555 1232 2622 habeat,
1258 2571 1375 2634 pro.
1395 2570 1501 2626 quo
1537 2558 1780 2615 laborare
1822 2562 2094 2631 pmcepit.
2112 2562 2199 2630 Et

625 2650 769 2709 esset
813 2642 1164 2701 laborandum
1208 2648 1533 2717 :eternaliter
1582 2664 1679 2718 pro
1726 2665 1891 2721 regno
1931 2651 2052 2719 illo,
2103 2653 2198 2709 sed

624 2733 770 2802 quia,
798 2734 843 2788 si
867 2734 1019 2791 labor
1039 2746 1182 2793 esset
1201 2739 1493 2807 aitcrnalis,
1516 2726 1657 2795 nulla
1684 2751 1825 2797 esset
1847 2741 2014 2814 gloria
2035 2759 2196 2813 quam

627 2822 862 2878 habituri
887 2835 1065 2885 essent
1092 2826 1415 2892 laborantes,
1447 2829 1567 2885 ideo
1591 2845 1656 2885 ex
1685 2842 1924 2902 tempore
1949 2833 2199 2891 laborare

624 2913 877 2983 praecepit
893 2915 1087 2983 quibus
1104 2926 1360 2973 sternam
1383 2918 1613 2990 gloriam
1630 2922 1893 2990 promisit,
1917 2938 2017 2979 nec
2034 2923 2198 2979 etiam

622 3015 721 3067 pro
748 3015 937 3072 magna
966 3004 1132 3089 gloria
1157 3014 1436 3089 etaeterna
1464 3024 1657 3081 magno
1686 3019 1924 3082 tempore
1952 3012 2199 3072 laborare

625 3089 897 3161 praecepit.
935 3088 1051 3146 Non
1077 3092 1220 3149 enim
1256 3093 1427 3149 dixit:
1455 3095 1659 3151 Labora
1689 3112 1787 3166 per
1823 3099 1969 3159 mille
1991 3117 2196 3170 annos,

624 3193 721 3246 per
740 3190 976 3247 centum,
999 3184 1090 3236 sed
1118 3183 1299 3239 labora
1325 3186 1558 3254 quandiu
1580 3186 1814 3244 vixeris:
1846 3190 1987 3260 quod
2020 3200 2195 3249 tamen

627 3279 799 3338 potest
822 3272 1132 3344 contingere
1162 3283 1220 3328 ut
1242 3285 1365 3346 post
1391 3284 1501 3332 tres
1529 3276 1646 3333 dies
1669 3294 1775 3335 non
1798 3280 1968 3349 vivas,
1997 3292 2058 3337 ut
2076 3292 2205 3353 post

623 3366 878 3414 mlernam
925 3361 1149 3432 gloriam
1194 3365 1438 3436 recipias.
1481 3367 1579 3424 Vel
1624 3369 1751 3425 sic:
1806 3371 2056 3429 Dominus
2101 3376 2198 3433 scit

623 3447 960 3517 cogitationes
979 3452 1279 3509 hominum:
1300 3464 1354 3511 et
1376 3464 1554 3512 tamen
1578 3460 1837 3529 permittit
1857 3460 2027 3519 bonos
2049 3463 2199 3521 labo-

626 3551 769 3603 rare,
796 3539 964 3595 malos
990 3540 1198 3599 ﬂorere.
1226 3544 1393 3611 Quem
1417 3555 1620 3616 autem,
1642 3565 1676 3604 ο
1700 3550 1942 3619 Domine,
1974 3561 2028 3609 tu
2051 3553 2199 3612 labo—

625 3642 738 3681 rem
765 3629 963 3685 erndiri
988 3633 1277 3703 permittis,
1305 3637 1436 3692 etde
1458 3637 1567 3709 lege
1585 3649 1676 3694 tua
1700 3641 1937 3697 docueris
1963 3661 2105 3710 eum,
2127 3646 2196 3703 ad

624 3717 752 3785 quid
778 3718 982 3774 doces?
1019 3720 1088 3776 Ut
1115 3724 1314 3794 mitiges
1339 3727 1388 3780 ei
1418 3743 1449 3781 a
1477 3728 1655 3800 diebus
1681 3730 1855 3797 malis,
1888 3732 1942 3787 id
1964 3742 2067 3800 est,
2096 3735 2197 3790 mi-

627 3808 935 3877 tigationcm
966 3810 1130 3869 facias
1154 3815 1225 3881 ei,
1252 3818 1620 3886 ptenitentiam
1645 3820 1696 3876 ei
1722 3822 2014 3891 reddendo,
2035 3825 2196 3882 donec

596 3930 601 3937 α
623 3898 1143 3978 [υίιίέιιιιτρρεεαιονὶ
1165 3908 1335 3975 fovea,
1375 3910 1430 3965 id
1472 3920 1577 3978 est,
1610 3915 1919 3982 perliciatur
1941 3916 2196 3995 iniquitas

622 3995 963 4054 peccatorum
991 4009 1005 4057 ;
1035 4009 1154 4063 qua:
1179 3996 1276 4065 ipsi
1303 4000 1571 4066 peccatori
1597 4001 1702 4056 erit
1726 4000 1901 4070 fovea,
1928 4004 2054 4073 quia
2079 4005 2193 4074 ipse

621 4087 875 4147 peccator
901 4083 991 4151 qui
1034 4100 1138 4139 non
1168 4086 1280 4140 vult
1319 4088 1594 4145 attendere
1631 4091 1798 4147 Deum
1824 4093 1892 4147 ad
1928 4093 2193 4163 pmniten-

625 4169 751 4224 tiam
779 4182 1080 4241 vocantem,
1112 4177 1435 4234 thesaurizat
1465 4180 1568 4236 sibi
1603 4181 1735 4237 iram
1764 4182 1817 4238 in
1843 4183 1931 4238 die
1953 4187 2046 4240 irae
2062 4184 2192 4255 justi

614 4255 803 4325 judicii
843 4260 933 4317 Dei
962 4263 1138 4333 (Rom.
1170 4265 1251 4337 ιι).
1279 4265 1418 4334 Quia
1447 4285 1550 4323 non
1579 4270 1783 4340 repellet
1812 4270 2064 4328 Dominus
2088 4274 2195 4343 ple—

620 4350 730 4403 bem
775 4368 946 4408 suam.
978 4353 1140 4420 Quasi
1172 4357 1352 4413 dicat:
1395 4356 1532 4415 Vere
1571 4361 1904 4432 mitigabitur
1938 4363 2193 4433 Dominus

620 4439 673 4493 in
697 4455 757 4497 se
783 4444 1018 4500 credenti
1041 4462 1072 4500 a
1098 4448 1284 4505 diebus
1312 4450 1488 4519 malis,
1509 4453 1633 4523 quia
1656 4470 1758 4508 non
1782 4455 1986 4526 repellet
2006 4454 2192 4512 Domi-

2292 2012 2385 2083 qui
2428 2011 2630 2082 adjuvit
2681 2026 2783 2066 me.
2820 2011 2887 2066 Et
2925 2010 3197 2081 quomodo
3235 2011 3434 2080 adjuvit
3441 2012 3476 2072 1
3513 2010 3644 2065 Nam
3690 2011 3884 2063 animo

2292 2116 2409 2155 mea
2455 2099 2714 2156 habitavit
2755 2100 2811 2153 in
2860 2100 3087 2177 inferno,
3125 2100 3507 2157 consentiendo
3540 2100 3647 2154 illis
3669 2098 3881 2168 quibus

2293 2189 2478 2246 ﬂorem
2509 2189 2854 2260 temporalem
2887 2190 3029 2246 Deus
3064 2189 3309 2260 permisit
3349 2190 3581 2255 habere,
3604 2199 3658 2245 et
3713 2189 3883 2259 paulo

2296 2282 2468 2343 minus
2520 2281 2822 2346 habitasset,
2871 2280 2925 2335 id
2978 2287 3063 2336 est
3120 2279 3347 2337 multum
3390 2295 3576 2352 parum
3632 2280 3883 2335 distabat

2294 2373 2438 2444 quod
2465 2388 2571 2428 non
2597 2372 2669 2427 ibi
2698 2382 3120 2442 perseverasset,
3155 2388 3261 2428 non
3281 2373 3407 2443 quia
3432 2371 3684 2426 Donsinus
3716 2372 3884 2440 adju-

2296 2467 2367 2521 vit
2413 2480 2515 2520 me.
2564 2464 2631 2518 Et
2675 2463 2944 2531 quomodo
2986 2464 3233 2534 adjuvit?
3279 2463 3422 2528 Dixi,
3459 2473 3630 2518 motus
3660 2472 3751 2516 est
3793 2479 3881 2531 pes

2296 2573 2463 2623 meus,
2513 2555 2567 2612 id
2616 2565 2701 2611 est
2745 2554 2963 2611 alllictio
3006 2570 3125 2610 mea
3174 2564 3319 2611 mota
3361 2562 3446 2611 est
3484 2555 3550 2609 ab
3590 2555 3885 2624 optatione

2294 2646 2459 2704 ﬂoris
2491 2645 2775 2709 malorum,
2818 2653 2877 2700 et
2916 2645 3029 2715 ipse
3056 2644 3260 2701 audivit
3294 2660 3403 2709 me,
3435 2652 3491 2700 et
3525 2659 3630 2699 non
3656 2652 3879 2697 tantum

2296 2741 2497 2797 audivit
2527 2754 2614 2794 mc
2637 2746 2756 2808 post
2782 2735 3196 2802 confessionem,
3222 2735 3315 2792 sed
3335 2736 3495 2792 etiam
3523 2734 3567 2789 si
3607 2734 3880 2794 dicebam,

2297 2841 2470 2886 motus
2503 2838 2578 2883 est
2615 2844 2702 2899 pes
2746 2843 2912 2891 meus,
2945 2826 2996 2881 id
3022 2834 3128 2893 cst,
3154 2841 3276 2881 mox
3306 2833 3365 2880 ut
3390 2824 3691 2895 fragilitatis
3742 2838 3880 2877 sua:

2298 2921 2644 2977 mobilitatem
2674 2917 3144 2989 recognoscebam,
3175 2916 3661 2980 tuandsericordin,
3689 2913 3881 2968 Dos-r-

2297 3031 2382 3080 ne,
2403 3013 2685 3089 adjuvabat
2708 3029 2810 3076 me,
2840 3014 2964 3081 quis
2997 3012 3188 3068 similis
3213 3019 3334 3067 erat
3363 3020 3453 3067 tua
3498 3009 3877 3064 misericordia

2298 3121 2422 3162 cum
2456 3118 2576 3161 mea
2602 3104 2955 3161 confessione.
2987 3103 3123 3159 Ecce
3158 3103 3349 3168 habes,
3374 3101 3500 3172 quia
3534 3100 3581 3155 si
3614 3109 3669 3153 tu
3705 3115 3880 3170 agno-

2296 3198 2406 3254 scis
2435 3197 2577 3272 quod
2604 3197 2744 3253 Deus
2767 3192 3016 3268 ignoscit,
3031 3202 3087 3250 et
3104 3202 3330 3251 eatenus
3357 3192 3579 3263 ignoscit
3598 3199 3878 3261 quamuis

2301 3299 2356 3344 tu
2382 3296 2661 3361 agnoscas.
2688 3286 2839 3354 Quod
2866 3286 3197 3354 subsequens
3232 3297 3420 3340 versus
3452 3281 3876 3337 demonstrabit.

2288 3379 2592 3434 Secundum
2634 3378 3021 3431 multitudinem
3064 3374 3327 3430 dolorum.
3349 3389 3580 3428 meorum
3624 3372 3680 3426 in
3720 3374 3881 3426 corde

2286 3485 2430 3534 meo,
2457 3468 2832 3524 consolationes
2861 3476 2968 3521 tute
3001 3466 3393 3533 ltetilicaverunt
3420 3479 3672 3517 animum.
3710 3463 3877 3530 Quasi

2295 3560 2471 3616 (ﬂeat:
2528 3557 2882 3612 Misericordia
2934 3567 3024 3612 tua
3050 3556 3345 3627 .adjuvabat
3387 3571 3490 3620 me,
3519 3564 3575 3609 et
3620 3555 3729 3610 hoc
3774 3571 3875 3609 non

2295 3651 2587 3714 modicum,
2611 3649 2736 3720 quia
2779 3649 2931 3704 multi
2964 3648 3181 3716 fuerunt
3218 3646 3563 3703 mei'dulores
3589 3654 3646 3701 et
3673 3655 3876 3702 secutae

2296 3749 2421 3798 sunt
2474 3740 2656 3795 multa:
2723 3747 2827 3794 tute
2893 3739 3272 3794 miserationes
3316 3737 3401 3792 vel
3448 3736 3871 3792 consolationes.

2294 3833 2692 3890 Pnecesserunt
2728 3831 2950 3887 vulnera
2981 3846 3098 3886 mea
3129 3830 3485 3895 ainarissima,
3523 3840 3714 3886 secuta
3745 3837 3871 3883 sunt

2293 3924 2684 3981 medicamenta
2742 3930 2835 3977 tua
2885 3922 3230 3986 suavissima,
3258 3931 3313 3976 et
3351 3920 3431 3976 sic
3476 3922 3875 3990 lcriiﬁcaeernnt

2297 4018 2526 4072 animam
2558 4033 2738 4080 .meam
2760 4016 2826 4070 ~in
2869 4016 2972 4070 hoc
3020 4014 3267 4069 videlicet
3297 4012 3437 4082 quod
3482 4012 3726 4083 intelligo
3753 4014 3873 4082 quia

2296 4108 2472 4163 nullus
2508 4107 2702 4177 impius
2750 4107 2854 4161 erit
2905 4105 3003 4162 tibi
3059 4106 3233 4161 sedes.
3287 4104 3439 4173 Quod
3494 4103 3875 4173 interrogando

2293 4199 2461 4255 dicit:
2488 4196 2741 4264 Nunquid
2778 4199 3008 4252 adiceret
3040 4197 3132 4251 tibi
3161 4195 3306 4250 sedes
3336 4195 3630 4266 iniquitatis
3655 4194 3763 4247 Hd
3795 4200 3875 4246 est

2292 4288 2535 4360 nunquid
2565 4286 3081 4358 tandem'eliges-tibi
3112 4285 3268 4342 sedes
3304 4284 3424 4339 illos
3451 4284 3547 4352 qni
3575 4291 3874 4353 operantur

2294 4381 2672 4453 iniquitatem?
2723 4380 2802 4436 Tu
2848 4380 2992 4445 dico,
3034 4381 3124 4450 qui
3169 4379 3322 4450 ﬁngis
3371 4378 3603 4432 laborem
3643 4378 3700 4431 in
3739 4392 3874 4445 pne-

2294 4482 2463 4542 cepto,
2489 4471 2542 4526 id
2563 4479 2670 4534 est,
2697 4470 2785 4538 qui
2816 4469 2949 4524 facis
2977 4469 3225 4525 laborare
3243 4488 3247 4493 τ
3264 4469 3315 4522 in
3346 4474 3622 4537 pmccpto
3651 4474 3744 4522 tuo
3765 4484 3873 4523 ma-

619 4544 718 4631 nus
761 4532 957 4646 plebem
989 4551 1168 4646 suam.
1204 4537 1595 4646 'Quidnvidetur
1622 4542 1779 4600 malis
1811 4544 1936 4646 dum
1963 4545 2191 4603 saeviunt
2219 4586 2268 4646 Β
2524 4532 2679 4615 unde
2696 4532 2887 4615 [icti-us
2910 4577 2925 4614 :
2955 4559 3177 4630 Tempus
3196 4568 3270 4613 est
3292 4532 3361 4611 uti
3381 4532 3599 4627 incipiat
3611 4558 3870 4627 judicium

619 4627 674 4673 i"
701 4634 799 4718 Ῡθξ
830 4627 1035 4718 ἐξα-³⁵³
1062 4627 1292 4718 Ῑιιέθθίίαζ
1329 4628 1581 4685 Domini“
1615 4648 1816 4687 omnem
1844 4633 2014 4702 ﬁlium
2041 4652 2191 4705 quem
2222 4627 2265 4646 υ
2295 4670 2328 4707 a
2360 4653 2523 4707 domo
2554 4651 2682 4707 .Dci.
2728 4650 2798 4705 Et
2838 4651 2883 4705 si
2903 4627 3111 4705 initium
3141 4666 3174 4703 a
3204 4647 3365 4713 vobis,
3400 4646 3517 4718 quis
3544 4646 3669 4715 finis
3695 4650 3791 4702 erit
3818 4649 3870 4701 in

618 4708 801 4815 feci?“
827 4709 1011 4780 (Πεθνο
1039 4716 1160 4815 m‘)’
1185 4727 1233 4815 εξ
1262 4717 1786 4815 Ῐξίενεάίίατεηξωαηι
1821 4739 1925 4778 ηοη
1962 4725 2190 4809 ἀενείίηῗ
2284 4744 2400 4798 illis
2425 4745 2516 4815 qui
2534 4760 2638 4798 non
2660 4743 2905 4797 obediunt
2937 4739 3218 4811 Evangelia
3241 4740 3268 4794 2’
3294 4708 3363 4794 Si
3368 4708 3555 4806 justus
3578 4740 3668 4793 vis
3690 4738 3869 4799 ’καικ-

617 4806 762 4899 qu“:
791 4804 1157 4903 θίξξξξθηξθ-ηάο
1180 4806 1247 4903 al.)
1286 4807 1720 4903 imP"8“a““_b“5
1745 4806 2190 4885 θδηινίιιιοηςιυεέ
2294 4804 2465 4899 ὺὶιηνξ
2508 4833 2698 4898 impius
2725 4831 2812 4885 ubi
2836 4830 3033 4901 parebit
3075 4804 3139 4900 (⁷1
3169 4829 3306 4883 Pctr.
3350 4804 3479 4899 IV)?
3522 4827 3622 4883 Vel
3678 4828 3867 4883 aliter:

617 4902 731 4991 que
741 4893 990 4991 justitian
1006 4893 1058 4947 id
1085 4904 1186 4960 est,
1222 4894 1410 4991 jus-tus
1424 4909 1479 4991 et
1508 4901 1776 4991 perfectus
1803 4905 2030 4975 quisque
2059 4921 2188 4962 con-
2294 4922 2399 4988 ρκδ
2418 4893 2893 4991 ῥηρῑίιαθοηπιὶη
2911 4893 3185 4990 prompto,
3213 4918 3265 4972 id
3296 4927 3398 4983 est,
3424 4893 3604 4988 ipsum:
3636 4919 3869 4973 laborem

618 4986 861 5033 vertatur
883 4981 949 5035 ad
977 4980 1098 5049 hoc,
1128 4993 1187 5039 ut
1215 4986 1281 5041 ad
1299 4985 1558 5054 judicium
1586 4990 1764 5044 veniat
1792 5006 1914 5046 cum
1943 4992 2182 5059 Domino,

603 5070 701 5149 vel
735 5071 1079 5144 judicandus,
1114 5079 1572 5148 veljudicatnrus.
1603 5082 1970 5159 Judicaturus,
1999 5101 2190 5141 secun-

619 5160 747 5217 dum
780 5164 920 5220 hoc:
962 5165 1228 5226 Sedebitis
1267 5188 1423 5242 super
1451 5175 1667 5229 thronos
1708 5174 2001 5240 iudicantes
2038 5175 2188 5247 (Luc.

618 5252 771 5323 xm),
789 5264 894 5311 etc.
924 5257 1017 5313 Vel
1039 5260 1150 5315 sic:
1173 5262 1511 5334 quoadusque
1529 5264 2028 5335 justitia,Cbristus
2049 5268 2194 5324 vide.

614 5340 765 5407 licet,
794 5344 885 5414 qui
921 5361 1065 5403 nunc
1090 5357 1174 5404 est
1211 5338 1575 5417 absconditus,
1617 5365 1948 5410 convertatur
1974 5356 2028 5412 in
2046 5358 2195 5428 judi-

613 5433 774 5498 cium,
803 5434 985 5502 idest,
1020 5437 1073 5492 in
1112 5439 1397 5496 manifesto
1420 5442 1594 5498 veniet
1624 5452 1683 5497 ut
1708 5443 1915 5515 judicet
1937 5447 2091 5503 alios.
2124 5448 2192 5503 Et

613 5520 704 5590 qui
717 5521 878 5589 juxta
905 5522 1072 5591 illam,
1093 5526 1145 5581 id
1170 5529 1381 5598 est,qui
1405 5540 1564 5585 erunt
1587 5531 1660 5587 illi
1685 5534 1776 5602 qui
1802 5535 1853 5589 in
1872 5536 2074 5603 judicio
2094 5553 2192 5595 suo

614 5613 815 5668 sessuri
840 5625 965 5671 sunt
991 5616 1046 5671 in
1075 5616 1243 5675 latere
1272 5620 1484 5677 Christi.
1512 5624 1590 5694 ιιιί
1621 5623 1710 5679 hic
1743 5627 1898 5681 nobis
1920 5637 2004 5683 est
2025 5629 2189 5700 justi-

615 5702 710 5757 tia.
735 5702 924 5762 Omnes
943 5708 1186 5767 videlicet
1206 5714 1294 5785 qui
1319 5724 1453 5768 recto
1475 5726 1593 5770 sunt
1619 5717 1793 5783 corde,
1810 5718 1862 5773 id
1887 5728 1986 5783 est,
2004 5735 2191 5776 omnes

616 5792 689 5848 illi
720 5810 946 5867 quorum
974 5815 1069 5857 cor
1106 5801 1193 5857 hic
1230 5803 1603 5875 complanatur
1646 5807 2068 5866 incommutabili
2106 5788 2187 5866 re-

2290 5025 2451 5081 quem
2476 5011 2771 5079 patiuntur,
2803 5017 2858 5065 tu
2888 5008 3022 5064 facis
3043 5023 3163 5065 esse
3190 5018 3516 5077 [incoeptum
3547 5016 3727 5069 tuum,
3749 5009 3869 5078 quia

2295 5098 2349 5153 in
2389 5098 2572 5153 labore
2618 5113 2805 5154 eorum
2855 5107 3180 5168 praeceptum
3234 5106 3383 5151 ιιιιιιιι
3429 5097 3770 5166 intelligitur.
3811 5097 3871 5151 Et

2298 5199 2425 5243 ecce
2445 5186 2677 5257 qualiter
2703 5189 2757 5242 in
2782 5196 3036 5257 praecepto
3062 5187 3218 5257 ﬁngis
3239 5185 3487 5240 laborem.
3518 5184 3657 5251 Quia
3692 5196 3868 5249 capta-

2297 5274 2418 5331 bant
2444 5277 2498 5331 in
2528 5277 2757 5330 animam
2775 5276 2929 5345 justi,
2967 5276 3020 5330 id
3040 5284 3125 5331 est
3146 5276 3465 5330 insirlianter
3482 5285 3720 5344 egerunt
3747 5290 3873 5331 eun-

2297 5371 2379 5419 tra
2405 5364 2640 5419 animam
2655 5364 2810 5435 justi,
2834 5363 3034 5420 Christi
3055 5362 3325 5429 videlicet,
3360 5370 3418 5418 et
3441 5363 3565 5417 ideo
3589 5363 3868 5432 captabant

2296 5455 2351 5510 in
2377 5457 2608 5510 animam
2624 5456 2761 5526 justi
2800 5454 3058 5525 cujusque
3082 5455 3330 5518 membri,
3370 5454 3623 5510 videlicet
3644 5455 3869 5518 Christi,

2294 5554 2342 5599 et
2367 5544 2673 5614 sanguinem
2710 5545 3034 5599 innocentem
3075 5543 3507 5606 condemnabam,
3545 5542 3600 5601 id
3628 5552 3715 5598 est
3743 5559 3864 5597 sun-

2291 5636 2498 5704 guinem
2520 5635 2740 5700 Christi,
2764 5646 3023 5704 quantum
3046 5634 3101 5689 in
3129 5647 3189 5689 se
3211 5634 3330 5697 fuit,
3354 5634 3792 5698 condemnabam,
3812 5642 3864 5688 et

2289 5724 2410 5778 ideo
2436 5723 2846 5777 condemnabant
2866 5722 3169 5792 sanguinem
3196 5721 3459 5791 cujusque
3484 5722 3624 5791 justi
3648 5737 3715 5776 ex
3743 5737 3860 5777 cor-

2281 5828 2417 5874 pore
2439 5814 2638 5870 Christi
2665 5831 2679 5868 :
2704 5813 2798 5870 sed
2826 5812 2950 5869 inde
2969 5829 3075 5870 non
3102 5813 3521 5881 estcurandum,
3546 5812 3675 5895 quia
3699 5812 3859 5884 factus
