3868 5414
45 324 120 381 5i!

1107 303 1642 365 ENARRATIONES
1681 305 1748 360 lN
1789 305 2127 365 PSALMOS.

3148 314 3252 372 641

45 435 276 496 Dominus,
313 426 432 482 mihi
469 425 522 480 in
553 422 810 494 refugium
835 419 1050 477 tandem
1078 432 1134 476 et
1163 420 1378 476 interim
1403 419 1574 474 donec
1601 421 1652 478 Α
1681 417 2011 488 usquemodo
2055 417 2426 475 cxsultavislis
2455 419 2690 486 diabolo,
2735 422 2936 479 mundo
2978 424 3253 496 deceptori

45 533 280 594 superatus
321 521 386 575 ab
425 517 655 573 inimicis
700 515 768 569 ad
812 529 936 570 eum
983 511 1266 584 refugium,
1299 519 1382 567 est
1424 511 1565 565 Dens

45 634 155 671 nteit:
179 617 224 668 in
248 611 555 680 adjutorium
583 609 690 678 spei
715 623 866 673 mete,
895 606 1152 677 adjuvans
1179 620 1266 659 me
1297 603 1564 667 videlicet,

45 721 86 763 ιιι
113 723 198 761 non
229 705 458 760 deliciam
488 703 540 756 in
569 716 664 771 spe
691 715 831 765 mea,
859 710 913 756 et
941 709 1072 755 tunc
1097 698 1314 769 quando
1339 699 1404 752 ad
1441 711 1567 752 eum

45 800 277 870 rcfngiam,
305 796 472 850 reddet
496 794 600 848 illis
620 795 942 864 iniquitatem
965 795 1217 864 ipsorum,
1246 807 1348 847 non
1375 806 1567 846 secun-

45 893 140 945 dum
163 890 252 942 hoc
275 885 410 956 quod
440 885 567 938 mih"
589 893 673 940 est
691 884 988 954 praestitum
1021 899 1050 938 a
1077 883 1279 937 malitia
1305 883 1564 952 ipsorum,

45 981 113 1034 sed
145 978 408 1033 secundum
453 975 594 1044 quod
625 975 724 1044 ipsi
750 974 1118 1039 intendebant,
1151 973 1300 1042 quia,
1347 971 1470 1024 licet
1498 985 1566 1025 ex

45 1069 277 1138 iniquitate
321 1065 468 1120 ludas
523 1079 721 1135 magna
769 1065 941 1135 gratia
986 1065 1059 1119 sit
1099 1064 1256 1118 nobis
1300 1062 1563 1132 praestita,

45 1161 130 1229 ipse
153 1168 308 1212 tamen
350 1156 577 1224 pretium
617 1171 728 1210 suae
775 1155 979 1226 recepit
1007 1154 1254 1217 malitia);
1294 1152 1419 1221 quia
1458 1166 1566 1206 non

45 1247 494 1303 intendebat‘lacerc
515 1247 582 1300 ad
611 1254 853 1301 nostram
883 1245 1130 1310 salutem,
1165 1243 1260 1298 sed
1281 1242 1348 1296 ad
1381 1242 1566 1296 Domi-

45 1341 84 1393 ni
108 1341 172 1393 sui
211 1339 576 1407 perditionem,
609 1347 658 1391 et
701 1337 823 1392 ideo
867 1337 941 1392 illi
979 1345 1036 1391 et
1071 1329 1424 1405 complicibus
1447 1334 1566 1404 ejus

45 1428 179 1480 reddet
213 1427 456 1482 Dominus
507 1428 838 1496 iniquitatem
890 1427 1145 1496 ipsorum.
1193 1425 1260 1478 Et
1296 1423 1564 1492 quomodo

45 1519 218 1573 reddet?
261 1518 325 1572 In
371 1520 570 1573 malitia
619 1537 800 1574 eorum
849 1520 1108 1590 disperdel
1147 1535 1256 1585 eos,
1303 1519 1562 1589 disperdat

45 1613 148 1680 illos,
177 1613 302 1679 dico,
326 1613 576 1668 Dominus
605 1614 742 1668 Deus
775 1623 969 1667 noster.
1289 1613 1294 1618 ’
1521 1604 1529 1612 ’

498 1705 822 1761 PSALMUS
857 1704 1040 1760 XCIV.

402 1813 531 1853 ιΑῠε
564 1813 776 1853 CANTICI
817 1813 915 1852 IPSI
957 1813 1140 1851 DAVID.

98 1904 114 1937 ε
147 1887 331 1951 Venite,
360 1887 693 1940 exsultetnus
719 1887 971 1950 Domino,
1012 1884 1306 1953 jnbilemus
1337 1885 1446 1939 Deo
1475 1899 1562 1938 sa-

46 1993 59 2023 ι
90 1974 216 2028 ὶιιεειγὶ
238 1984 426 2029 nostro.
456 1975 897 2046 Ptmoccupemus
920 1974 1109 2030 faciem
1140 1976 1255 2045 ejus
1275 1975 1330 2028 in
1353 1974 1565 2029 confes-

46 2083 58 2112 ι
89 2066 228 2130 sione,
260 2074 310 2119 et
347 2064 400 2118 in
430 2065 654 2134 psalmis
687 2063 980 2134 jubilemus
1007 2065 1077 2120 ei.
1113 2055 1563 2132 Quoniatn'Deus

45 2172 280 2226 tntagnus
325 2159 596 2222 Dominus,
650 2169 707 2213 et
751 2175 845 2214 rex
892 2174 1117 2230 magnus
1167 2175 1331 2229 super
1373 2174 1562 2213 omnes

46 2269 58 2299 ι
90 2250 208 2304 deos.
237 2251 360 2316 Quia
392 2251 442 2305 in
489 2268 652 2306 manu
684 2250 800 2320 ejus
838 2260 962 2306 sunt
991 2268 1179 2306 omnes
1221 2254 1355 2305 lines
1381 2259 1556 2313 terrae,

46 2348 136 2392 tet
179 2341 468 2396 altitudines
528 2343 795 2396 montium
865 2343 1032 2412 ipsius
1084 2351 1230 2397 sunt.
1294 2342 1557 2408 Quoniam

45 2446 58 2475 t
92 2430 224 2496 ipsius
248 2440 325 2484 est
357 2445 522 2495 mare,
553 2441 610 2486 et
639 2433 753 2501 ipse
789 2430 916 2486 fecit
950 2432 1101 2496 illud,
1133 2441 1186 2487 et
1211 2432 1412 2486 siccam
1441 2449 1558 2485 ma-

45 2536 57 2566 l
88 2534 165 2572 nus
182 2519 280 2587 ejus
306 2519 906 2588 formaveruntﬂenite,
928 2523 1234 2586 adoremus,
1249 2531 1299 2577 et
1317 2522 1562 2590 procida-

45 2626 56 2656 l
90 2622 201 2671 mus,
227 2619 276 2663 et
317 2613 586 2680 ploremus
639 2621 765 2668 ante
814 2614 1096 2668 Dominum
1135 2614 1224 2682 qui
1269 2612 1396 2668 fecit
1440 2629 1556 2676 nos,

46 2715 56 2744 ι
90 2698 188 2766 quia
213 2699 314 2768 ipse
337 2709 419 2755 est
441 2703 709 2757 Dominus
727 2703 1082 2757 Deusuoster.
1115 2702 1180 2755 Et
1209 2717 1308 2756 nos
1333 2701 1560 2771 populus

45 2804 55 2834 ι
91 2803 267 2856 pascua:
293 2789 422 2860 ejus,
455 2801 508 2847 et
546 2808 678 2849 oves
707 2808 898 2847 manus
942 2791 1077 2860 ejus.
1109 2792 1279 2847 llodie
1305 2794 1349 2847 si
1374 2808 1557 2848 vocem

45 2895 56 2925 ι
89 2877 181 2946 ejus
200 2883 485 2948 audieritis,
517 2884 684 2938 nolite
704 2885 973 2939 obdurare
998 2884 1160 2938 corda
1189 2899 1388 2938 vesvra.
1410 2885 1562 2939 Sicut

45 2983 57 3015 ι
92 2969 132 3020 in
169 2969 467 3038 irritatione,
518 2974 815 3029 secundum
857 2974 999 3028 diem
1038 2973 1354 3028 tentationis
1385 2977 1437 3026 in
1468 2975 1561 3028 dc—

46 3073 59 3106 t
91 3069 224 3113 serto.
256 3060 348 3117 Ubi
379 3071 726 3118 tentaverunt
763 3080 848 3120 mc
879 3075 1062 3134 patres
1085 3066 1275 3128 vestri,
1303 3066 1558 3134 probave-

45 3165 53 3194 ι
90 3159 188 3202 runt
229 3166 328 3217 me,
375 3162 432 3207 et
477 3155 731 3208 viderunt
779 3170 946 3224 opera
993 3171 1132 3209 mea.
1195 3156 1560 3227 Quadraginta
1591 3154 1633 3174 "

45 3255 53 3287 l
87 3242 212 3296 annis
229 3243 453 3300 ollensus
476 3244 554 3299 l'ui
587 3246 922 3317 generationi
951 3246 1046 3311 illi,
1079 3256 1133 3301 et
1157 3247 1266 3301 dixi
1294 3264 1306 3300 :
1339 3246 1565 3315 Semper

45 3330 152 3392 llll,
179 3343 346 3388 errent
391 3336 572 3391 corde.
629 3336 698 3390 Et
739 3336 828 3391 isti
880 3352 987 3391 non
1035 3346 1402 3408 cognoverunt
1449 3339 1564 3392 vias

45 3436 53 3468 ι
88 3437 230 3490 meas,
275 3436 329 3481 et
369 3427 549 3496 jnravi
604 3429 662 3483 in
713 3428 809 3484 ira
840 3445 960 3485 mea
999 3448 1012 3484 :
1063 3429 1122 3486 Si
1164 3431 1463 3486 introibant
1507 3433 1560 3486 in

45 3528 53 3562 l
88 3517 290 3585 requiem
310 3535 504 3577 meam.
539 3541 558 3575 ι

545 3613 998 3671 ENARRATIO.

83 3697 343 3767 Canticum,
378 3705 535 3760 sicuti
569 3707 746 3770 scitis,
783 3709 1001 3776 ponitur
1039 3723 1138 3777 pro
1177 3709 1560 3766 exsultatione.

45 3784 90 3838 ie
113 3801 263 3845 autem
302 3795 366 3849 de
405 3796 642 3850 humana
671 3798 870 3852 virtute
906 3799 957 3852 in
1002 3801 1102 3854 Itoc
1143 3801 1350 3870 psalmo
1380 3801 1564 3855 exsul-

46 3894 122 3932 .are
143 3883 281 3963 vellet
307 3883 520 3956 aliquis,
553 3890 861 3958 appositum
891 3899 972 3945 est
995 3890 1111 3943 laus
1143 3893 1356 3956 cantici,
1391 3904 1445 3945 ut
1470 3907 1568 3960 per

51 3983 120 4022 nec
144 3971 233 4026 duo
268 3976 632 4049 intelligamus
663 3981 730 4034 de
752 3981 930 4036 divina
965 3982 1166 4036 virtute
1198 3983 1248 4036 in
1273 3984 1392 4037 -hoc
1423 3983 1568 4053 psal-

50 4075 100 4112 no
121 4066 470 4126 exsultantium
507 4087 650 4126 esse.
682 4072 776 4126 Est
798 4087 904 4127 vox
947 4074 1139 4143 capitis
1178 4076 1344 4129 nostri
1377 4077 1426 4128 in
1466 4075 1567 4130 hoc

46 4150 196 4204 isalmo
229 4164 524 4216 revocantis
568 4162 844 4230 dispersos
883 4163 1068 4227 lsracl,
1104 4165 1268 4218 lilium
1318 4166 1568 4219 videlicet

52 4237 147 4292 llum
179 4246 280 4312 qui,
333 4259 552 4319 accepta
607 4241 762 4322 parte
804 4253 1122 4308 substantia:
1163 4271 1294 4321 sum,
1325 4256 1458 4309 abiit.
1513 4257 1566 4310 in

46 4331 258 4396 legionem
286 4339 755 4407 dissimilitudinis,
784 4344 870 4398 ubi
897 4345 1170 4400 luxuriose
1199 4347 1424 4401 vivendo
1455 4348 1565 4402 dis-

45 4418 189 4485 sipavit
227 4426 357 4483 bona
404 4447 523 4497 sua,
567 4441 624 4487 et
663 4435 729 4489 ad
765 4435 1010 4490 ultimum
1055 4446 1202 4490 tanta
1246 4439 1566 4494 neressitalc
1599 4459 1642 4516 υ

46 4527 212 4572 :oactus
237 4531 315 4576 est
343 4532 398 4577 ut
437 4539 637 4595 porcos
665 4537 908 4597 pasceret
943 4528 1103 4598 (Luc.
1135 4530 1249 4599 xv).
1287 4530 1568 4584 Filiusistc

46 4604 121 4668 'jlzi,
143 4608 342 4681 accepta
383 4617 635 4685 portione
681 4633 798 4682 sua,
838 4634 867 4671 a
911 4628 1062 4688 patre
1093 4619 1364 4683 disces~il,
1396 4634 1566 4686 genus

46 4707 280 4756 nuntanum
310 4706 579 4776 signiﬁcat
627 4711 792 4778 quod,
840 4721 1058 4780 accepta
1101 4712 1370 4780 portione,
1407 4711 1456 4763 id
1487 4722 1570 4764 est

45 4786 222 4856 ratione,
251 4791 301 4847 in
327 4811 428 4866 qua
454 4797 583 4852 illud
609 4797 747 4854 Deus
774 4800 838 4854 ad
869 4801 1156 4870 imaginem
1179 4817 1331 4855 suam
1366 4801 1568 4854 forma-

45 4873 110 4938 tit,
133 4877 358 4939 discessit
396 4903 426 4941 a
459 4889 571 4943 Deo
607 4889 659 4942 iu
693 4891 964 4962 regionem
997 4891 1474 4958 di5sin‘iilitudinis,
1517 4892 1570 4946 id

45 4973 101 5016 Bst
135 4968 180 5022 in
222 4973 528 5032 dissimilem
586 4980 778 5044 vitam,
837 4984 962 5051 quia
1015 4999 1119 5037 non
1176 4984 1351 5051 potuit
1394 4984 1462 5038 ab
1505 4997 1570 5038 eo

45 5055 270 5117 discedere
297 5081 539 5136 corpore,
577 5071 668 5139 qui
699 5073 896 5140 ubique
926 5089 1164 5142 praesens
1190 5073 1290 5127 fuit
1321 5074 1571 5128 divinita-

45 5155 95 5209 ιε,
120 5154 198 5206 sed
219 5156 460 5214 discessit
487 5163 554 5217 ab
587 5179 652 5216 eo
673 5163 982 5231 'aﬂcctidue,
1008 5177 1062 5221 et
1085 5167 1423 5222 dissimiliter
1454 5179 1570 5223 stu-

45 5236 142 5292 duit
167 5246 329 5304 vivere
358 5267 387 5304 a
430 5254 558 5318 Deo,
608 5263 681 5319 et,
736 5268 952 5312 coaetus
1001 5259 1340 5326 necessitate,
1381 5273 1573 5331 porcos

45 5334 159 5378 navit
177 5341 495 5398 eitlmmonia
526 5345 691 5399 coluit
713 5361 834 5414 qua:
863 5363 957 5414 per
975 5365 1165 5414 porcos
1186 5350 1567 5414 designantur:

1668 515 1871 574 vestro,
1907 509 2163 579 deinceps
2185 509 2452 564 exsultate
2483 510 2594 567 Deo
2615 512 2705 580 qui
2731 527 2829 581 per
2853 528 2942 570 me
2991 519 3252 573 mundum

1667 599 1769 653 sibi
1801 599 2136 654 reconciliari
2165 600 2333 655 voluit
2387 599 2485 672 (ΙΙ
2517 600 2640 655 Cor.
2673 603 2726 674 v)
2756 612 2813 658 et
2836 619 2867 658 a
2912 621 2998 660 me
3021 609 3254 673 moneri,

1667 697 1726 742 ut
1746 689 1837 758 qui
1867 689 1958 744 Dei
1980 698 2106 745 sunt
2125 691 2422 760 junguntur
2443 692 2596 756 mibi,
2621 701 2676 748 et
2700 695 2881 762 venite,
2909 711 3012 752 non
3042 698 3256 755 incessu

1664 784 1884 854 pedum,
1908 785 2002 840 sed
2029 785 2396 840 allectionum.
2421 785 2760 843 Exsultemus
2791 788 3039 856 Domino,
3051 792 3256 860 jubile-

1666 891 1782 928 mus
1813 873 1922 928 Deo
1968 875 2190 929 salutari
2223 885 2420 941 nostro,
2473 891 2594 931 meo
2636 877 2885 934 videlicet
2933 888 2989 934 et
3032 891 3253 949 vestro;

1666 979 1805 1030 meo,
1832 980 1930 1034 per
1968 974 2217 1020 naturam
2245 982 2259 1019 :
2290 974 2492 1032 vestro,
2543 982 2642 1038 per
2669 969 2900 1039 gratiam
2926 987 2940 1036 ;
2974 980 3028 1026 et
3055 989 3257 1042 prwoc-

1666 1071 1930 1125 cupemus,
1975 1055 2029 1111 id
2079 1064 2164 1110 est
2215 1057 2612 1125 pmveniamus
2651 1058 2841 1127 faciem
2873 1061 3008 1129 ejus,
3041 1062 3256 1118 scilicet

1665 1148 1875 1204 venturi
1903 1149 1968 1202 ad
1992 1147 2280 1217 judicium,
2305 1151 2484 1205 ethoc
2521 1151 2579 1205 in
2621 1152 2964 1222 confessione,
3001 1153 3052 1208 id
3083 1164 3169 1210 est
3198 1157 3256 1210 in

1667 1237 1825 1292 laude
1866 1238 2002 1308 ejus.
2035 1238 2319 1294 Confessio
2343 1248 2427 1294 est
2453 1240 2670 1309 duplex,
2694 1242 2819 1309 quia
2849 1253 2930 1296 est
2958 1242 3250 1307 confessio,

1664 1327 1748 1381 vel
1779 1328 2063 1396 gementis,
2091 1327 2173 1382 vel
2200 1328 2508 1384 laudantis:
2537 1345 2656 1399 quze
2687 1339 2915 1400 utraque
2945 1333 3011 1387 ad
3035 1333 3249 1388 laudern

1666 1419 1874 1472 Domini
1908 1419 2158 1488 pertinet.
2191 1419 2326 1474 Nam
2376 1421 2698 1476 laudabilem
2745 1422 3138 1478 confessionem
3185 1427 3252 1481 ad

1665 1512 1878 1566 laudem
1902 1513 2112 1568 Domini
2146 1515 2418 1583 pertinere
2449 1531 2555 1571 non
2591 1516 2810 1571 dubium
2840 1527 2941 1572 est.
2972 1517 3255 1575 Confessio

1664 1605 1826 1658 etiam
1855 1606 2121 1673 gementis
2161 1606 2219 1661 lit
2265 1607 2331 1660 ad
2377 1607 2592 1662 laudem
2639 1608 3024 1679 Domini,qnia
3052 1620 3256 1680 quanto

1669 1692 1841 1761 major
1870 1703 1952 1749 est
1994 1697 2340 1765 exaggeratio
2377 1697 2428 1750 in
2473 1705 2698 1766 peccato
2742 1698 3071 1763 conﬁtentis,
3104 1710 3256 1754 tanto

1593 1769 1639 1827 Β
1669 1781 1841 1850 major
1877 1795 1961 1838 est
1999 1785 2115 1838 laus
2162 1786 2506 1856 ignoscentis.
2534 1785 2686 1853 Quod
2727 1788 2879 1855 dicit,
2925 1807 3259 1860 pra’occupe-

1663 1889 1778 1927 mus
1821 1871 2007 1942 [aciem
2047 1876 2162 1945 ejus
2191 1877 2244 1930 in
2275 1877 2617 1944 confessione,
2648 1887 2696 1932 et
2735 1879 2788 1932 in
2812 1878 3030 1948 psalmis
3069 1879 3257 1945 iubile—

1664 1979 1796 2026 mus,
1833 1963 1884 2017 id
1910 1974 1992 2018 est
2021 1965 2073 2017 in
2117 1965 2274 2018 bonis
2298 1967 2572 2035 operibus.
2596 1965 2798 2022 Jubilat
2828 1969 2879 2022 in
2913 1968 3134 2038 psalmis
3156 1969 3248 2038 qui

1663 2055 1717 2108 in
1755 2055 1910 2110 bonis
1937 2057 2192 2124 operibus
2235 2058 2493 2128 majorem
2520 2058 2684 2115 habet
2725 2059 3056 2115 voluntatem
3085 2076 3250 2132 quam

1661 2147 1834 2214 possit
1881 2150 2172 2202 ostendere
2202 2163 2298 2218 per
2335 2150 2625 2204 actionem.
2661 2148 2922 2214 Quoniam
2952 2150 3092 2204 Deus
3135 2167 3252 2204 ma-

1660 2252 1793 2306 gnus
1837 2236 2113 2290 Dontinus.
2151 2237 2314 2304 Quasi
2354 2238 2534 2292 dicat:
2583 2237 2719 2292 Huic
2760 2238 3100 2308 jubilandutn
3148 2249 3252 2305 est,

1661 2329 1939 2398 quoniam,
1989 2346 2112 2385 cum
2164 2331 2253 2384 alii
2308 2330 2444 2385 falso
2484 2329 2664 2400 magni
2720 2329 2993 2394 dicuntur,
3023 2331 3132 2398 ipse
3181 2339 3254 2383 est

1660 2419 1804 2475 Deus
1834 2438 2053 2492 magnus
2085 2422 2363 2486 Dominus,
2410 2432 2458 2477 et
2504 2438 2597 2476 rex
2639 2437 2860 2492 magnus
2899 2437 3055 2490 super
3079 2437 3254 2476 omnes

1659 2514 1802 2566 deos.
1833 2512 1946 2567 Non
1969 2515 2096 2568 deos
2121 2514 2361 2584 gentium
2382 2513 2576 2582 quibus
2596 2511 2840 2583 praeferri
2872 2512 3004 2566 nihil
3027 2521 3132 2574 est,
3159 2511 3254 2567 sed

1659 2617 1820 2673 super
1848 2603 1965 2658 illos
1985 2605 2074 2672 qui
2095 2619 2190 2673 per
2211 2604 2437 2673 gratiam
2462 2619 2612 2658 suam
2638 2603 2709 2657 dii
2735 2602 2861 2656 facti
2886 2611 3028 2669 sunt,
3059 2602 3254 2671 quibus

1660 2692 1899 2763 prtelerri
1941 2709 2191 2763 magnum
2240 2700 2342 2748 est.
2389 2693 2454 2746 Et
2489 2706 2611 2746 vere
2640 2692 2754 2761 ipse
2781 2701 2865 2746 est
2893 2707 2989 2744 rex
3027 2707 3254 2761 magnus

1660 2796 1823 2849 super
1847 2795 2038 2836 omnes
2067 2782 2219 2846 deos,
2242 2782 2366 2850 quia
2392 2781 2446 2834 in
2485 2795 2643 2832 manu
2678 2779 2816 2848 ejus,
2842 2779 2894 2832 id
2917 2787 3000 2832 est
3029 2779 3080 2831 iu
3104 2788 3256 2846 pote-

1661 2882 1800 2928 state
1823 2873 1939 2943 ejus
1981 2884 2101 2928 sunt
2153 2890 2328 2928 omnes
2350 2873 2481 2942 fines
2521 2883 2696 2935 terrae,
2747 2871 2800 2924 id
2840 2878 2924 2924 est
2961 2868 3129 2924 Judwi
3160 2868 3254 2937 qui

1663 2967 1964 3022 lerrenitati
1995 2982 2110 3022 sua:
2133 2968 2292 3021 linem
2323 2971 2640 3035 posuerunt,
2671 2971 2719 3016 et
2741 2960 3041 3015 altitudines
3064 2960 3252 3022 maris,

1667 3061 1717 3114 id
1747 3069 1830 3114 est
1872 3060 2071 3130 quique
2110 3060 2411 3114 eminentes
2453 3057 2507 3111 in
2552 3054 2643 3110 iilo
2691 3053 2888 3124 populo
2936 3052 3252 3114 virtutibus,

1667 3151 1830 3221 ipsius
1865 3160 2006 3216 sunt,
2041 3151 2319 3220 quoniam,
2367 3146 2627 3218 quidquid
2669 3145 2796 3200 boni
2828 3153 3146 3214 operantur,
3189 3157 3257 3197 ex

1665 3242 1784 3312 ipso
1810 3242 2028 3296 habent.
2060 3242 2210 3296 Unde
2231 3239 2541 3311 Apostolus.
2593 3236 2752 3300 Deus,
2780 3235 2974 3304 inquit,
3007 3243 3256 3304 operatur

1667 3336 1721 3388 in
1764 3333 1904 3387 vobis
1950 3344 1996 3386 et
2043 3332 2166 3386 relle
2215 3342 2262 3384 et
2302 3329 2548 3400 per/icere
2598 3325 2775 3398 (Phil.
2830 3331 2913 3395 tt).
2954 3324 3095 3378 Ecce
3138 3323 3254 3392 jam

1665 3423 1963 3477 aediﬁcatus
1990 3431 2071 3474 cst
2112 3420 2291 3489 paries
2319 3433 2457 3471 unus
2484 3417 2536 3470 in
2561 3416 2721 3470 domo
2750 3413 2986 3476 Domini,
3017 3410 3250 3480 populus

1665 3514 1913 3569 videlicet
1943 3528 2007 3567 ex
2039 3509 2471 3566 circumcisione.
2521 3506 2750 3560 Notatur
2797 3503 2960 3559 etiam
3006 3501 3096 3556 ille
3121 3499 3259 3554 alius

1666 3606 1878 3676 paries,
1935 3604 1987 3658 id
2051 3611 2136 3658 cst
2185 3600 2411 3672 populus
2470 3614 2538 3652 ex
2599 3595 2899 3667 praeputio,
2957 3594 3077 3649 sic:
3112 3591 3258 3656 Quo-

1667 3701 1808 3754 niam
1831 3699 1993 3768 ipsius
2023 3707 2098 3752 est
2128 3712 2290 3760 mare,
2331 3705 2377 3748 et
2408 3696 2516 3764 ipse
2542 3693 2663 3762 fecit
2690 3691 2858 3746 istud.
2881 3688 3048 3757 Quasi
3073 3687 3254 3742 dicat:

1667 3793 1808 3846 Vere
1865 3799 1946 3845 est
1995 3804 2088 3843 rex
2149 3802 2395 3858 magnus,
2447 3786 2704 3854 quoniam
2739 3783 2908 3852 ipsius
2953 3788 3038 3835 est
3084 3792 3260 3842 mare,

1668 3884 1720 3938 id
1750 3892 1833 3938 est
1857 3881 2073 3951 gentilis
2103 3878 2353 3949 populus,
2397 3876 2509 3930 sale
2550 3871 2950 3928 amaritudinis
2973 3870 3182 3940 plenus,
3204 3875 3254 3920 et

1667 3976 1776 4044 ipse
1803 3973 1922 4043 fecit
1951 3970 2103 4035 illud,
2153 3984 2257 4024 non
2284 3976 2341 4021 ut
2373 3981 2522 4021 mare
2558 3971 2882 4027 remaneret,
2913 3962 3007 4016 sed
3043 3969 3102 4014 ut
3135 3973 3256 4013 ara-

1669 4065 1792 4120 bilis
1821 4075 1961 4118 terra
1993 4062 2164 4117 fieret.
2198 4061 2264 4114 Et
2286 4060 2480 4114 siccant
2503 4073 2689 4110 manus
2717 4058 2833 4125 ejus
2865 4054 3248 4123 formaverunt,

1669 4156 1720 4210 id
1735 4164 1810 4210 est
1825 4195 1838 4220 ,
1861 4169 1925 4208 ex
1943 4153 1989 4221 ej
1999 4163 2058 4205 us
2075 4149 2314 4222 potentia
2332 4147 2531 4203 factum
2555 4145 2778 4207 esthoc,
2799 4141 2942 4213 quod
2965 4156 3106 4194 mare
3127 4137 3262 4192 illud

1670 4248 1821 4302 ﬁeret
1847 4259 1991 4300 terra
2023 4246 2190 4308 sicca,
2230 4255 2443 4310 semper
2475 4239 2664 4293 sitiens
2695 4237 2922 4290 imbrem
2950 4231 3141 4286 salutis
3164 4244 3259 4312 sm-

1669 4355 1766 4411 per
1793 4353 1851 4392 se
1881 4339 2206 4391 venientem.
2239 4334 2380 4387 Ecce
2425 4328 2633 4384 collecti
2681 4332 2808 4380 sunt
2845 4323 2950 4411 duo
2987 4320 3257 4411 parietes,

1671 4409 1992 4499 adjungatnr
2017 4441 2146 4496 ergo
2177 4425 2317 4492 lapis‘
2340 4417 2633 4489 angularis,
2663 4425 2719 4469 et
2746 4429 2813 4468 ex
2844 4410 2948 4464 illis
2975 4409 3067 4462 ﬁat
3095 4419 3263 4460 unum

1674 4522 1980 4576 a-diliciunt.
2022 4516 2221 4580 Venite,
2259 4517 2555 4568 adoremus.
2589 4507 2754 4576 Quasi
2783 4506 2962 4560 dicat:
3009 4499 3265 4569 Quando-

1675 4615 1890 4684 quidem
1931 4626 2157 4681 magnus
2197 4591 2286 4661 est
2323 4604 2610 4664 Dominus,
2657 4613 2788 4668 ergo
2813 4595 2976 4650 venite
3019 4590 3265 4684 passibus

1677 4680 1822 4767 lidei,
1855 4680 2152 4760 adoremus,
2187 4699 2239 4750 id
2269 4706 2376 4760 est,
2411 4705 2731 4746 venerentur
2766 4702 2914 4751 eum,
2943 4693 2993 4738 et
3023 4680 3268 4753 procida-

1676 4811 1811 4858 mus,
1843 4791 2169 4847 lnnniliando
2199 4789 2581 4857 nosmetipsos,
2623 4791 2686 4836 ut
2729 4778 3043 4848 eumdigne
3077 4773 3268 4827 adore-

1678 4904 1816 4953 mus,
1857 4897 1911 4943 el
1952 4887 1996 4942 si
2037 4885 2268 4954 aliquem
2298 4876 2633 4937 conscientia
2678 4889 2844 4944 prava
2883 4875 3103 4942 gravat,
3148 4863 3268 4954 plus

1672 4995 1757 5040 ret
1807 4998 1990 5039 coram
2037 4953 2264 5035 Domino
2317 4989 2419 5044 pro
2471 4975 2697 5042 peccato
2744 4969 3073 5052 perpetrato.
3117 4953 3272 5052 Quod

1673 5076 1831 5140 dicit,
1883 5073 2214 5145 procidamus
2263 5076 2314 5119 et
2365 5065 2628 5138 ploremus
2679 5067 2800 5110 ante
2847 5049 3126 5145 Dominum
3179 5049 3274 5110 qui

1675 5167 1793 5237 fecit
1844 5143 1959 5233 nos,
1991 5180 2074 5220 me
2120 5157 2376 5229 quidem.
2423 5155 2478 5212 id
2531 5157 2634 5212 εει,
2685 5148 2980 5200 humanam
3024 5143 3275 5237 naturam

1676 5261 1855 5314 Verbo
1879 5254 2238 5330 personaliter
2269 5254 2502 5313 unitum,
2536 5244 2650 5311 ipse
2679 5249 2861 5308 caput,
2888 5246 2983 5333 vos
3011 5223 3274 5333 membr-2:.

1680 5351 1795 5414 Vel,
1827 5326 1918 5414 qui
1949 5351 2066 5414 fecit
2097 5359 2212 5405 nos,
2246 5341 2301 5396 id
2330 5352 2434 5404 est,
2463 5335 2558 5406 qui
2589 5344 2686 5382 nos
2718 5326 2984 5414 recreavit
3019 5326 3286 5414 inapert-
