4034 6420
586 348 694 405 645

584 475 720 530 ejus.
769 455 1190 514 Coovenientius
1218 455 1493 510 videretur
1529 451 1762 514 dixisse,
1793 444 2017 518 populus
2057 444 2170 514 ejus
2200 449 2248 507 Α

587 561 645 608 et
665 567 781 606 oves
810 564 1022 619 pascua:
1041 547 1176 617 ejus.
1201 546 1311 602 Sed
1335 555 1395 600 ut
1414 543 1724 599 ostenderet
1744 538 1998 611 populum
2021 537 2089 590 ab
2109 551 2173 591 eo
2230 585 2231 588 η

588 642 743 715 pasci
767 640 916 696 velut
947 654 1097 704 oves,
1134 638 1308 693 dixit:
1346 648 1392 690 et
1429 652 1521 691 nos
1549 632 1772 704 populus
1801 645 2010 702 pascua:
2036 627 2174 698 ejus,

589 741 638 786 et
668 747 805 794 oues.
832 744 936 786 non
965 743 1100 800 quas
1125 728 1238 797 ipse
1257 727 1389 781 emit
1414 725 1498 781 vel
1521 724 1663 779 l‘urto
1689 720 1917 790 accepit,
1947 719 2040 774 sed
2065 735 2175 772 ma-

593 840 692 879 nus
718 822 854 893 ejus,
878 836 1014 892 quas
1043 819 1294 875 videlicet
1315 817 1462 884 fecit,
1490 826 1546 872 et
1571 816 1698 887 quia
1725 812 1947 885 populus
1978 821 2032 866 et
2061 826 2176 864 ores

592 915 744 978 estis,
770 929 896 985 ergo
920 915 966 969 si
990 913 1263 968 audieritis
1294 926 1466 965 vocem
1493 909 1608 979 ejus
1648 922 1746 978 per
1788 919 1896 971 me,
1927 901 2180 959 videlicet

593 1008 819 1062 missum
844 1005 1131 1069 haeredem,
1159 1002 1246 1057 vel
1270 1017 1369 1072 per
1401 999 1677 1072 apostolos
1702 1011 1871 1060 meos,
1903 993 2061 1048 nolite
2090 991 2180 1045 ob-

595 1099 787 1152 durare
814 1096 974 1152 corda
1002 1106 1197 1160 vestra,
1225 1104 1281 1150 et
1307 1095 1412 1148 hoc
1431 1093 1572 1157 dico,
1599 1090 1773 1152 hodie,
1799 1087 1854 1142 id
1876 1095 1982 1150 est,
2008 1099 2182 1154 quau-

597 1188 686 1241 -liu
736 1188 839 1242 hoc
883 1195 1099 1256 tempus
1128 1184 1310 1254 agitur
1354 1183 1612 1237 adhortor
1649 1194 1745 1234 vos
1780 1192 1885 1232 non
1915 1175 2182 1230 obdurare

601 1277 760 1332 aorda
790 1283 993 1330 vestra.
1031 1273 1184 1329 Unde
1207 1271 1535 1341 Apostolus:
1579 1268 1793 1332 Videte,
1838 1264 2039 1334 inquit,
2072 1262 2182 1331 fra-

595 1379 716 1429 tres,
748 1381 810 1420 ne
834 1367 900 1419 sit
929 1365 984 1418 in
1016 1362 1193 1433 aliquo
1221 1370 1446 1416 oestrum
1473 1375 1563 1414 cor
1583 1357 1780 1412 malum
1801 1351 2182 1410 incredulitatis

595 1453 896 1509 discedendi
922 1469 955 1507 a
983 1451 1211 1506 Domino
1239 1449 1349 1504 Deo
1388 1463 1515 1502 vero
1544 1447 1684 1512 riro,
1715 1444 1805 1499 sed
1830 1439 2183 1497 adhortamini

599 1560 686 1598 eos
715 1559 808 1614 per
836 1540 1069 1612 singulos
1097 1539 1207 1593 dies
1252 1538 1416 1592 donec
1463 1537 1616 1590 Itoaie
1660 1533 2088 1604 cognominatur,
2129 1539 2185 1584 ut

596 1650 701 1687 non
727 1633 955 1687 obduret
979 1632 1094 1702 quis
1119 1645 1211 1686 cor
1248 1647 1312 1684 ex
1341 1629 1484 1684 vobis
1519 1626 1735 1697 fallacia
1759 1619 1956 1695 peccati
1986 1620 2183 1691 (IIebr.

1193 343 1451 400 REMICH
1486 334 2148 398 ANTISSIODORENSIS
2186 334 2334 391 OPP.
2381 334 2581 390 PARS.
2625 335 2663 390 ἰ.
2706 366 2778 377 -
2815 334 3226 392 EXEGETICA.

3759 341 3871 396 συ

2838 443 3288 500 ENARRATIO.

2349 540 2566 610 Legitur
2595 537 2715 609 (IV
2746 538 2874 610 Reg.
2906 555 3043 602 xxv,
3077 538 3107 592 Ι
3139 536 3301 594 Esdr.
3342 538 3411 609 ν)
3462 542 3721 611 templum
3772 541 3875 596 Do-

2276 629 2431 693 mini,
2461 629 2605 700 quod
2635 645 2666 684 a
2697 628 2987 685 Salomone
3013 627 3336 684 aediﬁcatum
3367 639 3488 695 est,
3526 645 3556 685 a
3600 631 3878 687 Chr-ishis

2275 719 2444 775 fuisse
2471 721 2832 787 destructum,
2870 730 2925 776 et
2951 719 3147 776 iterum
3173 721 3242 777 ab
3277 719 3406 777 Jesu
3443 736 3637 794 magno
3684 738 3879 778 sacer-

2275 815 2404 870 dote
2440 813 2845 869 reaediﬁeatum.
2895 813 3099 869 Domus
3143 813 3245 869 ista
3277 814 3566 869 humanam
3614 823 3877 868 naturam

2277 903 2544 975 signiﬁcat
2580 918 2700 973 quae
2737 904 2797 958 in‘
2840 903 3015 974 primo
3061 912 3288 974 parente
3330 919 3362 958 a
3405 919 3535 960 vero
3579 903 3881 958 Salomone

2276 1002 2362 1048 est
2423 992 2716 1058 aediﬁcata,
2781 993 2833 1047 id
2903 1001 3020 1057 est,
3083 993 3136 1048 in
3198 991 3529 1049 abundantia
3604 993 3878 1046 virtutum

2278 1081 2484 1153 posita,
2531 1081 2628 1136 sed
2676 1090 2861 1151 postea
2915 1083 3189 1138 destructa
3240 1089 3358 1146 est,
3410 1081 3573 1136 etiam
3624 1096 3656 1136 a
3709 1080 3879 1136 Cha!-

2279 1171 2407 1228 dasis
2471 1171 2774 1241 captivata,
2845 1172 3063 1242 quando
3135 1171 3346 1241 primus
3411 1171 3573 1227 homo
3632 1169 3881 1240 serpenti

2279 1264 2422 1320 male
2475 1264 2819 1335 persuadenti
2872 1264 3157 1321 succubuit
3205 1282 3218 1319 ε
3267 1264 3395 1334 quia
3445 1263 3685 1320 comedit
3744 1264 3886 1318 teti-

2284 1363 2432 1420 tum,
2480 1353 2663 1410 amisit
2696 1354 3084 1410 abundantiam
3133 1353 3436 1419 virtutum,
3484 1362 3750 1425 expertus
3797 1362 3883 1407 est

2282 1444 2426 1514 quod
2464 1445 2700 1508 minatus
2744 1452 2831 1500 est
2879 1445 3167 1510 Dominus,
3221 1453 3277 1498 et
3322 1457 3429 1499 non
3485 1443 3696 1500 invenit
3735 1444 3882 1513 quod

2284 1536 2531 1606 promisit
2577 1535 2843 1592 diabolus.
2898 1534 3132 1590 Minatus
3179 1544 3264 1591 est
3310 1533 3605 1600 Dominus,
3673 1536 3728 1589 si
3793 1550 3886 1589 co-

2285 1623 2550 1688 mederit,
2600 1633 2831 1680 mortem
2863 1639 2879 1678 :
2911 1623 3159 1679 diabolus
3205 1624 3454 1694 promisit
3500 1623 3884 1684 divinitatem;

597 1722 713 1792 ιιι).
744 1721 923 1776 Nolite
943 1721 1202 1775 obdurare
1221 1720 1382 1774 corda
1399 1717 1736 1782 vestra,sicut
1760 1715 1965 1771 scilicet
1989 1712 2186 1768 factum
2216 1784 2255 1792 ἡ
2287 1715 2382 1771 sed
2445 1716 2606 1770 homo
2663 1714 2965 1787 concedens
3019 1714 3293 1784 serpenti,
3344 1715 3578 1770 comedit
3608 1731 3623 1770 :
3657 1725 3724 1770 et
3779 1730 3884 1767 tum

598 1784 1093 1873 cstinirritatione,
1133 1809 1184 1864 id
1214 1816 1330 1872 est,
1379 1807 1430 1861 in
1478 1805 1861 1878 provocatione
1884 1803 1977 1858 Dei
2010 1801 2184 1870 facta,
2216 1784 2260 1844 Β
2293 1814 2498 1862 tantum
2552 1823 2660 1862 non
2708 1785 2932 1862 eﬁ'ectus
2991 1814 3078 1861 est
3127 1804 3298 1872 Deus,
3345 1805 3442 1862 sed
3492 1805 3654 1860 etiam
3714 1807 3886 1858 miser

601 1901 694 1955 sed
721 1915 826 1955 non
857 1908 1065 1953 tantum
1105 1898 1157 1953 in
1200 1899 1314 1969 ipsa
1343 1897 1450 1963 die,
1480 1898 1574 1953 sed
1601 1897 1887 1952 secundum
1912 1896 2048 1950 diem
2075 1905 2188 1949 ten-

596 1990 812 2044 tationis
842 1988 997 2045 facta:
1019 1989 1073 2044 in
1095 1988 1296 2044 deserto
1321 2005 1339 2044 :
1368 1989 1653 2044 secundum
1678 1989 1836 2052 diem,
1867 1986 1918 2041 id
1943 1993 2044 2052 est,
2067 1993 2188 2057 post

598 2078 738 2132 diem
764 2078 852 2131 ubi
881 2086 1203 2132 tentaverunt
1237 2087 1412 2149 patres
1440 2078 1593 2132 vestri
1625 2093 1728 2145 me,
1758 2075 2010 2132 videlicet
2059 2073 2185 2130 Ver-

602 2169 723 2222 bum
753 2167 896 2238 quod
924 2168 978 2222 in
1005 2167 1258 2238 ptincipio
1282 2177 1393 2222 erat
1423 2168 1562 2238 apud
1593 2167 1755 2222 Deum
1777 2166 1958 2238 (Joan.
1985 2165 2047 2235 I),
2067 2181 2190 2236 pro-

603 2255 850 2309 baverunt
875 2264 922 2310 et
951 2263 1128 2310 tamen
1152 2255 1388 2310 viderunt
1421 2272 1575 2326 opera
1599 2270 1737 2321 mea,
1767 2268 1864 2324 per
1884 2269 2004 2324 quae
2038 2262 2188 2323 pote-

605 2356 733 2400 rant
758 2345 1057 2416 intelligere
1083 2347 1227 2415 quod
1258 2361 1364 2401 non
1399 2360 1551 2401 eram
1578 2345 1904 2416 probandus.
1943 2343 2189 2410 Quadra-

602 2435 746 2506 ginta
772 2436 924 2490 annis
950 2436 1178 2505 oﬂ'ensus
1206 2434 1287 2505 fui
1307 2436 1628 2506 generationi
1649 2435 1790 2490 huic.
1825 2433 2187 2504 Quadraginta

605 2525 735 2578 anni
775 2524 1084 2595 signiﬁcant
1109 2539 1325 2579 onmem
1352 2540 1570 2581 cursum
1596 2525 1720 2580 vita:
1757 2533 1972 2589 nostrae,
2001 2523 2052 2578 in
2083 2539 2190 2592 qua

605 2614 661 2668 in
689 2614 790 2669 hoc
818 2615 1020 2670 mundo
1050 2616 1203 2686 quasi
1245 2615 1298 2670 in
1340 2617 1557 2671 deserto
1595 2629 1872 2680 erramus,
1901 2623 1955 2669 et
1994 2613 2190 2683 sacpius

607 2705 775 2761 Deum
801 2704 1141 2762 oll‘endimus.
1177 2703 1244 2759 Et
1272 2706 1383 2760 dixi
1406 2721 1424 2758 :
1456 2705 1670 2776 Semper
1711 2706 1764 2761 Iri
1795 2714 1972 2760 errant
2001 2703 2187 2770 corde,

600 2807 648 2852 et
671 2798 756 2850 isti
778 2813 880 2852 non
903 2807 1246 2868 cognorerunt
1271 2799 1378 2852 vias
1400 2815 1561 2862 meas,
1583 2799 1634 2854 id
1657 2806 1757 2861 est,
1781 2806 2048 2868 praecepta
2072 2812 2187 2852 mea

605 2887 804 2958 quibus
830 2888 1148 2944 innocenter
1178 2888 1328 2959 gradi
1357 2888 1572 2954 debent,
1604 2887 1797 2958 quibus
1813 2888 1994 2958 juravi
2024 2888 2076 2941 in
2107 2888 2190 2941 ira

603 2994 719 3031 mea
745 2993 762 3031 :
793 2976 850 3033 Si
876 2979 1162 3033 introibant
1195 2979 1247 3034 in
1273 2981 1498 3051 requiem
1527 2996 1716 3034 meam.
1744 2978 1897 3034 Tunc
1921 2979 2050 3034 nulli
2089 2979 2191 3034 sci-

604 3066 731 3122 licet
756 3062 1071 3123 introibunt.
1103 3068 1220 3135 Vel,
1249 3071 1294 3124 si
1321 3070 1623 3132 introibant,
1660 3070 1712 3125 id
1746 3078 1846 3133 est,
1885 3086 1990 3125 non
2023 3072 2190 3126 intro-

608 3155 781 3210 ibunt.
815 3155 929 3220 Vel,
956 3173 1061 3211 non
1083 3168 1428 3228 cognoverunt
1459 3159 1568 3213 vias
1613 3175 1786 3223 meas,
1823 3168 1879 3214 et
1917 3158 2039 3214 ideo
2081 3174 2186 3214 non
2215 3148 2260 3209 C

607 3247 890 3305 intrabunt
909 3249 964 3303 in
991 3250 1216 3320 requiem
1245 3266 1436 3315 meam,
1469 3259 1521 3304 ut
1537 3249 1714 3320 jurari
1739 3250 1792 3304 in
1827 3252 1905 3305 ira
1935 3264 2069 3304 utea.

1133 3382 1257 3438 PSA
1267 3382 1455 3440 LMUS
1492 3383 1652 3440 XCV.

605 3528 836 3570 ΡεΑωιυθ
883 3529 1072 3582 ΒᾹΥΙΙ),
1121 3530 1331 3579 QUANDO
1385 3531 1558 3571 DOMUS
1603 3531 2012 3574 EDIFICADATUR
2060 3533 2190 3575 POST

1195 3601 1615 3641 CAI'TIVITATEM.

681 3737 701 3771 ε
737 3719 963 3775 Cantate
998 3720 1226 3776 Domino
1265 3719 1535 3776 canticum
1576 3738 1808 3790 novum,
1849 3732 2064 3780 cantate
2089 3724 2194 3780 Do-

611 3832 629 3864 ι
667 3813 837 3878 mino,
866 3813 1044 3868 omnis
1079 3822 1245 3868 terra.
1270 3811 1499 3868 Cantate
1539 3813 1787 3881 Domino,
1816 3824 1868 3871 et
1892 3816 2195 3872 benedicite

611 3923 630 3953 ι
668 3903 868 3958 nomini
900 3901 1051 3970 ejus,
1091 3904 1409 3959 annuntiate
1439 3907 1504 3960 de
1546 3905 1634 3960 die
1681 3905 1732 3960 in
1775 3905 1915 3962 diem
1959 3907 2194 3964 salutare

612 4010 630 4041 ι
663 3991 799 4058 ejus.
828 3992 1160 4049 Anuuntiate
1189 3994 1333 4050 inter
1357 4005 1544 4064 gentes
1567 3997 1790 4066 gloriam
1813 3997 1929 4069 ejus
1948 4039 1964 4065 ,
1999 3999 2052 4053 in
2079 4013 2193 4054 om-

614 4104 631 4135 ι
669 4085 826 4140 uibus
849 4085 1065 4156 populis
1091 4085 1356 4142 mirabilia
1383 4086 1520 4156 ejus.
1550 4087 1814 4154 Quoniam
1841 4105 2067 4160 magnus
2093 4091 2195 4145 Do-

613 4197 632 4228 ι
673 4177 851 4232 minus
878 4187 935 4232 et
967 4177 1250 4234 laudabilis
1289 4179 1469 4243 nimis,
1502 4180 1758 4237 terribilis
1782 4191 1866 4238 est
1894 4197 2059 4252 super.
2079 4198 2193 4238 om-

609 4287 630 4318 ι
666 4283 760 4322 nes
797 4267 946 4322 deos.
975 4266 1239 4334 Quoniam
1277 4283 1468 4324 omnes
1511 4269 1584 4324 dii
1631 4269 1872 4340 gentium
1899 4273 2191 4337 insitionis,

613 4379 631 4410 ι
669 4360 926 4415 Dominus
967 4370 1147 4414 autem
1187 4359 1353 4414 etelos
1397 4361 1542 4415 fecit.
1573 4360 1852 4418 Confessio
1881 4372 1937 4418 et
1966 4364 2196 4434 pulchri-

2286 1896 2461 1953 factus
2487 1897 2940 1967 estetcaptivus.
2973 1896 3237 1954 Restituta
3282 1905 3366 1952 est
3408 1895 3598 1952 domus
3639 1895 3792 1957 ista,
3834 1894 3883 1947 id

2285 1999 2403 2056 est,
2462 1990 2696 2045 humana
2764 1996 2956 2044 natura
3012 1988 3267 2059 quoniam
3335 1985 3557 2042 Verbum
3621 1988 3782 2057 quod
3833 1989 3885 2038 in

2285 2080 2542 2153 principio
2567 2089 2680 2135 erat
2715 2080 2857 2151 apud
2886 2081 3055 2134 Deum
3103 2078 3286 2152 (Joan.
3332 2078 3394 2150 l).
3460 2079 3759 2135 humanam
3792 2092 3879 2133 as-

2289 2173 2520 2242 sumpsit
2547 2171 2799 2238 formam,
2827 2184 2884 2228 ut
2918 2172 3192 2227 hominem
3225 2179 3505 2228 revocaret
3529 2172 3595 2226 ad
3619 2169 3881 2242 gloriam.

2292 2261 2362 2320 Ut
2407 2273 2588 2318 autem
2637 2263 2692 2318 in
2741 2263 2844 2318 hoc
2893 2261 3123 2318 aediﬁcio
3174 2262 3346 2318 simus
3397 2263 3720 2318 adhortatur
3785 2277 3883 2314 nos

2291 2354 2561 2426 Propheta
2615 2354 2668 2408 in
2713 2354 2817 2409 hoc
2866 2353 3092 2424 psalmo,
3148 2351 3417 2408 laudando
3465 2351 3613 2408 illum
3639 2350 3746 2422 qui
3787 2365 3885 2407 nes

2293 2443 2420 2502 fecit
2456 2444 2618 2514 hujus
2643 2445 2833 2500 domus
2862 2441 3172 2508 aedilicium,
3201 2452 3257 2497 et
3283 2441 3417 2497 dicit
3443 2442 3522 2497 sic
3547 2459 3560 2498 :

2362 2534 2500 2599 Vos,
2566 2533 2659 2604 qui
2705 2532 3036 2602 usquemodo
3087 2531 3348 2587 imitando
3404 2538 3636 2586 veterem
3707 2532 3885 2586 homi-

2293 2639 2444 2691 nem,
2517 2633 2674 2680 vetus
2737 2624 3010 2679 canticum
3072 2622 3352 2688 ululastis,
3424 2637 3552 2688 vos,
3621 2621 3886 2693 deinceps

2291 2727 2498 2773 cantate
2562 2716 2783 2770 Domino
2853 2713 3000 2768 Patri
3071 2709 3334 2768 canticum
3396 2729 3612 2778 irarum,
3681 2729 3886 2769 novam

2291 2810 2553 2880 gratiam,
2625 2822 2820 2862 novam
2889 2805 3275 2883 hutnilitatem.
3347 2803 3567 2860 Cuntate
3650 2804 3887 2860 Domine

2290 2900 2452 2965 Filio,
2483 2901 2652 2956 ontnis
2697 2909 2861 2964 terra,
2913 2915 3017 2954 non
3064 2897 3238 2952 solum
3286 2895 3492 2962 Iudaea,
3545 2910 3652 2951 non
3709 2908 3888 2951 ευηιιει

2291 2991 2493 3056 Africa,
2554 2991 2648 3047 sed
2712 2991 2876 3046 etiam
2923 2990 3094 3045 omnis
3155 2999 3318 3043 terra.
3385 2987 3606 3043 Caritate
3652 2987 3889 3042 Domino

2294 3086 2520 3158 Spiritui
2565 3095 2788 3151 sancto,
2831 3095 2880 3139 et
2924 3083 3240 3146 benedicite,
3285 3097 3392 3138 non
3433 3082 3636 3137 nomini
3663 3094 3889 3148 vestro,

2291 3180 2387 3235 sed
2456 3178 2655 3232 nomini
2735 3177 2852 3246 ejus
2919 3174 3291 3246 gloriﬁcando.
3358 3172 3497 3229 Nota
3566 3174 3714 3245 quod
3780 3185 3890 3228 tres

2291 3284 2538 3340 personae
2590 3267 2806 3322 deitatis
2861 3275 2987 3321 sunt
3043 3266 3098 3320 in
3160 3265 3398 3321 essentia
3450 3264 3714 3329 unitatis,
3770 3265 3892 3319 ideo

2292 3375 2415 3415 cum
2471 3358 2698 3414 dixisset
2739 3356 2847 3411 illis
2897 3357 3068 3410 tribus
3121 3355 3368 3426 personis
3407 3353 3741 3410 cantandum
3772 3369 3892 3409 esse

2293 3449 2574 3520 aequaliter
2607 3490 2622 3514 ,
2693 3447 3029 3518 subjunxit:
3085 3444 3381 3500 Benedicite
3454 3445 3656 3500 nomini
3727 3446 3888 3513 ejus;

2293 3542 2600 3595 annuntiate
2651 3539 2716 3593 de
2772 3540 2856 3593 die
2896 3540 2952 3592 in
3019 3539 3158 3593 diem
3211 3537 3445 3593 salutare
3509 3536 3644 3607 ejus.
3726 3535 3893 3604 Quasi

2294 3633 2440 3687 dicat
2485 3650 2498 3686 :
2555 3631 2776 3686 Cantate
2833 3630 3075 3695 Domino,
3125 3631 3294 3684 omnis
3345 3641 3509 3684 terra.
3562 3630 3674 3685 Vos
3710 3640 3891 3684 autem

2294 3737 2362 3777 cx
2406 3720 2639 3786 Judaiis,
2696 3722 3008 3776 annuntiute
3061 3721 3125 3775 de
3181 3721 3266 3776 die
3315 3722 3371 3776 in
3435 3721 3612 3788 diem,
3669 3723 3726 3776 id
3775 3733 3889 3782 est,

2293 3811 2442 3867 omni
2493 3823 2771 3883 tempore,
2823 3810 3058 3866 salutare
3106 3811 3250 3882 ejus,
3308 3811 3590 3868 Christum
3642 3812 3894 3868 videlicet

2295 3919 2394 3974 per
2455 3919 2617 3974 quem
2675 3903 2924 3958 restituta
2993 3911 3078 3958 est
3137 3902 3422 3973 captivitas
3480 3902 3748 3959 hominis.
3799 3902 3894 3958 Vel

2294 3997 2409 4062 sic,
2463 3996 2773 4064 annuntiate
2814 3995 2880 4049 de
2924 3995 3009 4048 die
3057 3995 3112 4048 in
3156 3995 3294 4050 diem
3342 3994 3610 4063 salutare,
3663 3995 3720 4051 id
3773 4005 3893 4061 est,

2295 4087 2362 4143 de
2424 4087 2627 4142 virtute
2685 4087 2738 4140 in
2797 4085 3052 4141 virtutem
3107 4085 3398 4156 praedicata
3453 4086 3691 4142 salutare
3748 4087 3893 4157 ejus,

2295 4178 2415 4243 vel,
2468 4177 2548 4233 sic
2599 4177 2908 4231 annuntiate
2959 4175 3140 4232 eundo
3200 4175 3268 4232 de
3323 4175 3411 4234 die
3451 4175 3592 4232 Filio
3649 4176 3706 4231 in
3753 4176 3892 4232 diem

2297 4268 2544 4333 Patrem,
2602 4277 2662 4324 ut
2723 4283 2819 4340 per
2881 4282 3045 4338 opera
3103 4266 3359 4324 videlicet
3418 4266 3541 4324 Filii
3604 4269 3896 4324 notiﬁcetis

2295 4377 2458 4431 opera
2522 4361 2744 4427 Patris,
2815 4375 2938 4416 eum
3007 4361 3148 4417 idem
3220 4360 3383 4416 Pater
3451 4360 3526 4416 sit
3581 4369 3641 4416 et
3698 4360 3892 4416 Filius.

614 4468 632 4500 ι
671 4449 799 4505 tudo
827 4450 879 4505 in
932 4460 1221 4520 conspectu
1256 4449 1403 4519 ejus,
1436 4453 1792 4508 sanctimonia
1846 4463 1901 4508 et
1946 4456 2193 4524 magniﬁ-
2224 4491 2274 4551 Β
2301 4451 2453 4507 Unde
2480 4451 2627 4518 illud,
2653 4451 2756 4518 Qui
2779 4454 2913 4508 uidet
2943 4468 3046 4517 me,
3073 4453 3206 4508 videt
3229 4462 3276 4507 et
3300 4452 3515 4507 Patrem
3545 4451 3735 4521 (Joan.
3761 4456 3888 4524 xiv).

615 4559 634 4590 ε
667 4543 844 4596 centia
874 4543 926 4596 in
954 4544 1382 4599 sanctiﬁcatione
1415 4546 1552 4617 ejus.
1582 4547 1784 4604 Alferte
1817 4547 2068 4615 Domino,
2097 4567 2193 4620 pa.

619 4650 636 4682 ι
675 4633 790 4687 tria:
815 4635 1077 4704 gentium,
1105 4637 1291 4691 allerte
1321 4636 1548 4693 Domino
1576 4638 1800 4710 gloriam
1827 4649 1881 4695 et
1909 4641 2189 4707 honorem,

619 4739 636 4771 ι
677 4720 864 4776 alierte
910 4723 1134 4778 Domino
1173 4726 1398 4796 gloriam
1432 4729 1635 4782 nomini
1672 4727 1808 4798 ejus.
1857 4730 2050 4787 Tollite
2091 4733 2191 4788 Ill)-

619 4831 637 4862 ι
673 4813 826 4879 stias,
856 4824 910 4868 ct
938 4814 1156 4869 introite
1181 4817 1234 4870 in
1267 4818 1401 4871 atria
1446 4818 1596 4886 ejus,
1639 4822 1861 4876 adorate
1904 4822 2189 4879 Dominum

620 4920 638 4951 ι
676 4901 729 4955 in
773 4902 911 4956 atrio
946 4913 1132 4958 sancto
1177 4903 1314 4972 ejus.
1365 4906 1782 4964 Commoveatur
1821 4927 1851 4966 a
1901 4912 2037 4968 facie
2078 4915 2194 4985 ejus

621 5014 637 5044 ι
677 4995 925 5050 universa
957 5005 1124 5062 terra,
1156 4998 1318 5054 dicite
1353 4999 1406 5053 in
1440 5002 1725 5071 gentibus:
1765 5003 1899 5070 Quia
1938 5006 2196 5062 Dominus

620 5105 636 5136 ι
674 5088 936 5157 regnavit.
979 5087 1192 5142 Etenim
1238 5092 1474 5146 correxit
1515 5093 1700 5149 orbem
1749 5104 1906 5149 terrae
1953 5097 2041 5165 qui
2087 5113 2193 5153 non

620 5199 638 5229 ι
675 5181 1123 5247 commovebitur,
1147 5182 1414 5253 judicabit
1449 5186 1668 5254 populos
1698 5188 1748 5242 in
1775 5189 2046 5257 aequitate.
2083 5190 2195 5246 La:-

621 5289 640 5320 ι
683 5280 860 5324 tentur
887 5270 1030 5337 cmli,
1061 5280 1116 5326 et
1141 5273 1374 5329 exsultet
1404 5284 1580 5342 terra,
1621 5290 2022 5334 commoveatur
2049 5297 2196 5337 mare

622 5375 642 5408 ι
675 5367 730 5413 et
757 5361 1032 5430 plenitudo
1059 5362 1197 5433 ejus,
1229 5365 1538 5435 gaudebunt
1568 5369 1741 5438 campi
1780 5378 1835 5424 et
1870 5372 2048 5426 omnia
2077 5388 2197 5443 quae

623 5465 642 5499 ι
680 5449 732 5503 in
755 5450 835 5505 eis
863 5461 1008 5506 sunt.
1041 5452 1192 5508 Tunc
1211 5455 1752 5514 exsultabuntomnia
1778 5459 1918 5532 ligna
1939 5461 2196 5517 silvarum

622 5555 646 5593 s
679 5557 708 5595 a
737 5541 872 5599 facie
899 5544 1136 5610 Domini,
1165 5548 1291 5617 quia
1319 5550 1482 5614 venit,
1507 5552 1762 5620 quoniam
1785 5554 1932 5608 venit
1953 5553 2200 5624 judicare

622 5647 646 5684 ς
682 5640 897 5691 terram.
931 5636 1199 5696 Judicabit
1222 5645 1410 5699 orbem
1451 5654 1608 5702 terrae
1632 5646 1688 5704 in
1712 5648 1967 5719 aequitate
2018 5659 2066 5704 et
2103 5665 2201 5720 po-

625 5737 648 5773 s
683 5722 834 5792 pulos
863 5727 915 5782 ii.
945 5731 1171 5786 veritate
1196 5747 1312 5788 sua.
1353 5753 1371 5786 ι

2306 4543 2398 4599 γει
2457 4545 2764 4598 α.τηυηιίαιε
2823 4544 2888 4598 de
2937 4545 3022 4599 die
3082 4544 3299 4600 Patrem
3356 4545 3412 4599 in
3462 4544 3609 4600 diem
3671 4545 3889 4600 Filium.

2302 4635 2454 4689 Unde
2517 4635 2672 4700 illud,
2722 4635 2937 4690 Credite
2990 4637 3044 4690 in
3093 4635 3296 4699 Deum,
3340 4647 3388 4690 et
3448 4636 3502 4689 in
3553 4652 3639 4690 me
3701 4637 3893 4690 credite

2300 4725 2510 4798 (lbid.).
2541 4725 2859 4779 Annumiate
2903 4725 3038 4779 inter
3083 4735 3256 4795 gentes
3301 4739 3466 4794 opera
3514 4724 3650 4794 ejus.
3705 4725 3889 4780 Dixit:

2298 4819 2608 4874 unnuntiate
2674 4818 2740 4871 tle
2818 4817 2903 4871 die
2967 4818 3022 4871 in
3098 4817 3236 4871 diem
3293 4817 3524 4883 salutare
3605 4818 3748 4886 ejus.
3833 4817 3893 4871 Et

2299 4912 2452 4982 quasi
2501 4911 2748 4964 diceret:
2788 4906 2888 4963 Ubi
2933 4909 3014 4964 vis
3065 4919 3122 4964 ut
3171 4908 3592 4963 annunu'emus?
3637 4909 3891 4963 determi-

2301 5013 2394 5059 nat
2445 5004 2526 5058 eis
2581 5003 2671 5057 ubi
2731 5001 3055 5056 annuntiare
3114 5001 3377 5063 debeant.
3434 5001 3589 5070 quasi
3650 5002 3886 5057 aediﬁca-

2301 5109 2388 5153 tor
2435 5097 2662 5166 alicujus
2695 5095 2930 5160 aedilicii,
2959 5093 3299 5165 congregatis
3350 5093 3674 5158 artiﬁcibus,
3731 5095 3892 5164 depo-

2298 5201 2457 5248 neret
2505 5189 2794 5258 unicuique
2851 5201 2985 5256 Opus
3042 5200 3229 5244 suum.
3284 5191 3342 5239 et
3396 5183 3602 5238 diceret
3653 5200 3666 5235 :
3720 5182 3887 5238 Tuum

2297 5284 2370 5340 sit
2414 5281 2625 5353 operari
2667 5281 2722 5335 in
2764 5279 2958 5350 angulo
2999 5277 3122 5341 illo,
3162 5285 3217 5332 et
3261 5287 3408 5330 tuum
3459 5276 3514 5330 in
3567 5275 3681 5330 i;lo.
3740 5277 3885 5343 Quod

2299 5375 2461 5439 dicit,
2516 5373 2822 5428 annuntiate
2878 5371 3014 5426 inter
3065 5379 3238 5440 gentes
3291 5381 3454 5438 Opera
3509 5368 3661 5436 ejus,
3713 5382 3886 5422 I'Ca'tff'

2305 5465 2603 5521 rectionem
2650 5461 2903 5517 videlicet
2941 5469 2999 5516 et
3039 5458 3411 5515 ascensionem
3478 5456 3652 5521 dicit;
3697 5467 3756 5512 et
3797 5474 3886 5510 an.

2306 5557 2544 5610 nuntiate
2598 5555 2653 5608 in
2707 5552 2944 5607 omnibus
2995 5551 3199 5622 populis
3257 5547 3521 5605 mirabilia
3579 5548 3736 5616 ejus,
3791 5547 3886 5600 hoc

2309 5647 2591 5709 videlicet,
2638 5644 2779 5714 quod
2834 5644 3093 5700 Dominus
3117 5644 3206 5713 qui
3253 5657 3452 5712 parvus
3502 5641 3652 5696 nasci
3700 5639 3880 5702 voluit,

2309 5752 2505 5816 par-vus
2564 5737 2707 5793 inter
2751 5736 2997 5793 homines
3035 5734 3342 5800 .hahitavit,
3391 5746 3588 5804 parvus
3633 5730 3883 5801 praedica-
