  <div class='ocr_page' id='page_1' title='image "/cluster/home/n/w/nwhite01/storage/ocr_20150623/131/hvd.32044015471725/328.png"; bbox 0 0 4034 6488; ppageno 0'>
   <div class='ocr_carea' id='block_1_1' title="bbox 151 385 271 442">
    <p class='ocr_par' dir='ltr' id='par_1_1' title="bbox 151 385 271 442">
     <span class='ocr_line' id='line_1_1' title="bbox 151 385 271 442; baseline -0.008 0"><span class='ocrx_word' id='word_1_1' title='bbox 151 385 271 442; x_wconf 66' lang='lat' dir='ltr'><strong>6H</strong></span> 
     </span>
    </p>
   </div>
   <div class='ocr_carea' id='block_1_2' title="bbox 1301 326 2324 437">
    <p class='ocr_par' dir='ltr' id='par_1_2' title="bbox 1301 326 2324 437">
     <span class='ocr_line' id='line_1_2' title="bbox 1301 326 2324 437; baseline -0.012 1"><span class='ocrx_word' id='word_1_2' title='bbox 1301 326 1835 437; x_wconf 72' lang='lat' dir='ltr'><strong>ENARRATIDNES</strong></span> <span class='ocrx_word' id='word_1_3' title='bbox 1876 370 1942 425; x_wconf 83' lang='lat' dir='ltr'><strong>IN</strong></span> <span class='ocrx_word' id='word_1_4' title='bbox 1992 371 2324 428; x_wconf 65' lang='lat' dir='ltr'><strong>PSAIMOS.</strong></span> 
     </span>
    </p>
   </div>
   <div class='ocr_carea' id='block_1_3' title="bbox 3345 364 3449 427">
    <p class='ocr_par' dir='ltr' id='par_1_3' title="bbox 3345 364 3449 427">
     <span class='ocr_line' id='line_1_3' title="bbox 3345 364 3449 427; baseline 0.01 -1"><span class='ocrx_word' id='word_1_5' title='bbox 3345 364 3449 427; x_wconf 71' lang='lat'><strong>646</strong></span> 
     </span>
    </p>
   </div>
   <div class='ocr_carea' id='block_1_4' title="bbox 152 479 3452 571">
    <p class='ocr_par' dir='ltr' id='par_1_4' title="bbox 152 479 3452 571">
     <span class='ocr_line' id='line_1_4' title="bbox 152 479 3452 571; baseline -0.005 -18"><span class='ocrx_word' id='word_1_6' title='bbox 152 504 273 565; x_wconf 80' lang='lat' dir='ltr'><strong>vit,</strong></span> <span class='ocrx_word' id='word_1_7' title='bbox 328 513 529 571; x_wconf 82' lang='lat' dir='ltr'><strong>parvus</strong></span> <span class='ocrx_word' id='word_1_8' title='bbox 582 505 825 552; x_wconf 90' lang='lat' dir='ltr'><strong>mortuus</strong></span> <span class='ocrx_word' id='word_1_9' title='bbox 875 499 992 559; x_wconf 89' lang='lat' dir='ltr'><strong>est,</strong></span> <span class='ocrx_word' id='word_1_10' title='bbox 1044 494 1157 564; x_wconf 89' lang='lat' dir='ltr'><strong>ipse</strong></span> <span class='ocrx_word' id='word_1_11' title='bbox 1206 490 1537 563; x_wconf 87' lang='lat' dir='ltr'><strong>resurgendo</strong></span> <span class='ocrx_word' id='word_1_12' title='bbox 1589 486 1762 541; x_wconf 87' lang='lat' dir='ltr'><strong>factus</strong></span> <span class='ocrx_word' id='word_1_13' title='bbox 1789 485 1841 541; x_wconf 82' lang='lat' dir='ltr'><strong>A</strong></span> <span class='ocrx_word' id='word_1_14' title='bbox 1868 481 2018 535; x_wconf 99' lang='lat' dir='ltr'><strong>nebit</strong></span> <span class='ocrx_word' id='word_1_15' title='bbox 2048 481 2530 547; x_wconf 88' lang='lat' dir='ltr'><strong>irremuneratum;</strong></span> <span class='ocrx_word' id='word_1_16' title='bbox 2555 489 2610 535; x_wconf 90' lang='lat' dir='ltr'><strong>et</strong></span> <span class='ocrx_word' id='word_1_17' title='bbox 2640 490 2761 535; x_wconf 86' lang='lat' dir='ltr'><strong>tunc</strong></span> <span class='ocrx_word' id='word_1_18' title='bbox 2793 481 2846 535; x_wconf 93' lang='lat' dir='ltr'><strong>in</strong></span> <span class='ocrx_word' id='word_1_19' title='bbox 2875 480 2964 536; x_wconf 92' lang='lat' dir='ltr'><strong>illo</strong></span> <span class='ocrx_word' id='word_1_20' title='bbox 2994 479 3190 552; x_wconf 86' lang='lat' dir='ltr'><strong>gauoio</strong></span> <span class='ocrx_word' id='word_1_21' title='bbox 3218 482 3452 537; x_wconf 73' lang='lat' dir='ltr'><strong>exsulta-</strong></span> 
     </span>
    </p>
   </div>
   <div class='ocr_carea' id='block_1_5' title="bbox 155 577 1769 656">
    <p class='ocr_par' dir='ltr' id='par_1_5' title="bbox 155 577 1769 656">
     <span class='ocr_line' id='line_1_5' title="bbox 155 577 1769 656; baseline -0.01 -13"><span class='ocrx_word' id='word_1_22' title='bbox 155 599 245 643; x_wconf 78' lang='grc' dir='ltr'><strong>εει</strong></span> <span class='ocrx_word' id='word_1_23' title='bbox 289 603 516 656; x_wconf 86' lang='lat' dir='ltr'><strong>magnus</strong></span> <span class='ocrx_word' id='word_1_24' title='bbox 573 595 619 639; x_wconf 87' lang='lat' dir='ltr'><strong>et</strong></span> <span class='ocrx_word' id='word_1_25' title='bbox 665 584 948 638; x_wconf 75' lang='lat' dir='ltr'><strong>laudabilis</strong></span> <span class='ocrx_word' id='word_1_26' title='bbox 994 583 1148 636; x_wconf 87' lang='lat' dir='ltr'><strong>nimis</strong></span> <span class='ocrx_word' id='word_1_27' title='bbox 1184 580 1556 642; x_wconf 85' lang='lat' dir='ltr'><strong>ascendendo,</strong></span> <span class='ocrx_word' id='word_1_28' title='bbox 1617 577 1769 630; x_wconf 87' lang='lat' dir='ltr'><strong>terri-</strong></span> 
     </span>
    </p>
   </div>
   <div class='ocr_carea' id='block_1_6' title="bbox 158 672 1771 745">
    <p class='ocr_par' dir='ltr' id='par_1_6' title="bbox 158 672 1771 745">
     <span class='ocr_line' id='line_1_6' title="bbox 158 672 1771 745; baseline -0.007 -13"><span class='ocrx_word' id='word_1_29' title='bbox 158 679 285 732; x_wconf 85' lang='lat' dir='ltr'><strong>bilis</strong></span> <span class='ocrx_word' id='word_1_30' title='bbox 342 686 604 732; x_wconf 81' lang='lat' dir='ltr'><strong>venturus</strong></span> <span class='ocrx_word' id='word_1_31' title='bbox 653 690 811 745; x_wconf 84' lang='lat' dir='ltr'><strong>super</strong></span> <span class='ocrx_word' id='word_1_32' title='bbox 862 690 1039 728; x_wconf 85' lang='lat' dir='ltr'><strong>omnes</strong></span> <span class='ocrx_word' id='word_1_33' title='bbox 1090 672 1245 737; x_wconf 88' lang='lat' dir='ltr'><strong>deos,</strong></span> <span class='ocrx_word' id='word_1_34' title='bbox 1304 685 1441 740; x_wconf 88' lang='lat' dir='ltr'><strong>quos</strong></span> <span class='ocrx_word' id='word_1_35' title='bbox 1496 684 1594 739; x_wconf 91' lang='lat' dir='ltr'><strong>per</strong></span> <span class='ocrx_word' id='word_1_36' title='bbox 1653 683 1771 738; x_wconf 89' lang='lat' dir='ltr'><strong>gra-</strong></span> 
     </span>
    </p>
   </div>
   <div class='ocr_carea' id='block_1_7' title="bbox 161 758 1771 832">
    <p class='ocr_par' dir='ltr' id='par_1_7' title="bbox 161 758 1771 832">
     <span class='ocr_line' id='line_1_7' title="bbox 161 758 1771 832; baseline -0.004 -15"><span class='ocrx_word' id='word_1_37' title='bbox 161 765 301 817; x_wconf 84' lang='lat' dir='ltr'><strong>tiam</strong></span> <span class='ocrx_word' id='word_1_38' title='bbox 354 780 510 819; x_wconf 82' lang='lat' dir='ltr'><strong>suam</strong></span> <span class='ocrx_word' id='word_1_39' title='bbox 551 764 857 829; x_wconf 86' lang='lat' dir='ltr'><strong>deiﬁcavit,</strong></span> <span class='ocrx_word' id='word_1_40' title='bbox 906 765 959 819; x_wconf 92' lang='lat' dir='ltr'><strong>id</strong></span> <span class='ocrx_word' id='word_1_41' title='bbox 1004 772 1119 828; x_wconf 88' lang='lat' dir='ltr'><strong>est,</strong></span> <span class='ocrx_word' id='word_1_42' title='bbox 1163 762 1259 832; x_wconf 89' lang='lat' dir='ltr'><strong>qui</strong></span> <span class='ocrx_word' id='word_1_43' title='bbox 1302 758 1771 830; x_wconf 90' lang='lat' dir='ltr'><strong>participationem</strong></span> 
     </span>
    </p>
   </div>
   <div class='ocr_carea' id='block_1_8' title="bbox 164 849 1773 926">
    <p class='ocr_par' dir='ltr' id='par_1_8' title="bbox 164 849 1773 926">
     <span class='ocr_line' id='line_1_8' title="bbox 164 849 1773 926; baseline -0.004 -18"><span class='ocrx_word' id='word_1_44' title='bbox 164 856 393 909; x_wconf 83' lang='lat' dir='ltr'><strong>tleitatis</strong></span> <span class='ocrx_word' id='word_1_45' title='bbox 427 855 540 910; x_wconf 87' lang='lat' dir='ltr'><strong>veri</strong></span> <span class='ocrx_word' id='word_1_46' title='bbox 576 856 672 911; x_wconf 92' lang='lat' dir='ltr'><strong>Dei</strong></span> <span class='ocrx_word' id='word_1_47' title='bbox 712 856 782 911; x_wconf 91' lang='lat' dir='ltr'><strong>dii</strong></span> <span class='ocrx_word' id='word_1_48' title='bbox 814 856 917 910; x_wconf 89' lang='lat' dir='ltr'><strong>dici</strong></span> <span class='ocrx_word' id='word_1_49' title='bbox 960 862 1218 926; x_wconf 88' lang='lat' dir='ltr'><strong>possunt,</strong></span> <span class='ocrx_word' id='word_1_50' title='bbox 1246 850 1369 921; x_wconf 84' lang='lat' dir='ltr'><strong>quia</strong></span> <span class='ocrx_word' id='word_1_51' title='bbox 1401 858 1527 905; x_wconf 91' lang='lat' dir='ltr'><strong>sunt</strong></span> <span class='ocrx_word' id='word_1_52' title='bbox 1557 849 1773 918; x_wconf 89' lang='lat' dir='ltr'><strong>quidam</strong></span> 
     </span>
    </p>
   </div>
   <div class='ocr_carea' id='block_1_9' title="bbox 165 938 1773 1015">
    <p class='ocr_par' dir='ltr' id='par_1_9' title="bbox 165 938 1773 1015">
     <span class='ocr_line' id='line_1_9' title="bbox 165 938 1773 1015; baseline -0.005 -16"><span class='ocrx_word' id='word_1_53' title='bbox 165 948 262 1015; x_wconf 87' lang='lat' dir='ltr'><strong>qui</strong></span> <span class='ocrx_word' id='word_1_54' title='bbox 319 946 576 1001; x_wconf 90' lang='lat' dir='ltr'><strong>dicuntur</strong></span> <span class='ocrx_word' id='word_1_55' title='bbox 626 946 699 1001; x_wconf 89' lang='lat' dir='ltr'><strong>dii</strong></span> <span class='ocrx_word' id='word_1_56' title='bbox 756 956 812 1001; x_wconf 92' lang='lat' dir='ltr'><strong>et</strong></span> <span class='ocrx_word' id='word_1_57' title='bbox 860 962 966 1000; x_wconf 89' lang='lat' dir='ltr'><strong>non</strong></span> <span class='ocrx_word' id='word_1_58' title='bbox 1023 954 1150 1000; x_wconf 91' lang='lat' dir='ltr'><strong>sunt</strong></span> <span class='ocrx_word' id='word_1_59' title='bbox 1199 942 1316 997; x_wconf 85' lang='lat' dir='ltr'><strong>veri</strong></span> <span class='ocrx_word' id='word_1_60' title='bbox 1364 941 1472 1003; x_wconf 88' lang='lat' dir='ltr'><strong>dii,</strong></span> <span class='ocrx_word' id='word_1_61' title='bbox 1519 942 1660 995; x_wconf 84' lang='lat' dir='ltr'><strong>sicut</strong></span> <span class='ocrx_word' id='word_1_62' title='bbox 1701 938 1773 995; x_wconf 90' lang='lat' dir='ltr'><strong>dii</strong></span> 
     </span>
    </p>
   </div>
   <div class='ocr_carea' id='block_1_10' title="bbox 167 1028 1779 1106">
    <p class='ocr_par' dir='ltr' id='par_1_10' title="bbox 167 1028 1779 1106">
     <span class='ocr_line' id='line_1_10' title="bbox 167 1028 1779 1106; baseline -0.004 -16"><span class='ocrx_word' id='word_1_63' title='bbox 167 1036 421 1105; x_wconf 81' lang='lat' dir='ltr'><strong>gentium</strong></span> <span class='ocrx_word' id='word_1_64' title='bbox 473 1038 565 1106; x_wconf 86' lang='lat' dir='ltr'><strong>qui</strong></span> <span class='ocrx_word' id='word_1_65' title='bbox 620 1050 727 1091; x_wconf 90' lang='lat' dir='ltr'><strong>non</strong></span> <span class='ocrx_word' id='word_1_66' title='bbox 800 1045 927 1090; x_wconf 89' lang='lat' dir='ltr'><strong>sunt</strong></span> <span class='ocrx_word' id='word_1_67' title='bbox 991 1036 1085 1101; x_wconf 91' lang='lat' dir='ltr'><strong>dii,</strong></span> <span class='ocrx_word' id='word_1_68' title='bbox 1135 1035 1231 1092; x_wconf 89' lang='lat' dir='ltr'><strong>sed</strong></span> <span class='ocrx_word' id='word_1_69' title='bbox 1287 1033 1572 1090; x_wconf 80' lang='lat' dir='ltr'><strong>daemonia.</strong></span> <span class='ocrx_word' id='word_1_70' title='bbox 1625 1028 1779 1096; x_wconf 89' lang='lat' dir='ltr'><strong>Quod</strong></span> 
     </span>
    </p>
   </div>
   <div class='ocr_carea' id='block_1_11' title="bbox 171 1124 1781 1195">
    <p class='ocr_par' dir='ltr' id='par_1_11' title="bbox 171 1124 1781 1195">
     <span class='ocr_line' id='line_1_11' title="bbox 171 1124 1781 1195; baseline -0.001 -18"><span class='ocrx_word' id='word_1_71' title='bbox 171 1125 344 1188; x_wconf 83' lang='lat' dir='ltr'><strong>dicit,</strong></span> <span class='ocrx_word' id='word_1_72' title='bbox 416 1126 667 1194; x_wconf 87' lang='lat' dir='ltr'><strong>quoniam</strong></span> <span class='ocrx_word' id='word_1_73' title='bbox 721 1142 899 1179; x_wconf 86' lang='lat' dir='ltr'><strong>omnes</strong></span> <span class='ocrx_word' id='word_1_74' title='bbox 949 1126 1025 1178; x_wconf 88' lang='lat' dir='ltr'><strong>dii</strong></span> <span class='ocrx_word' id='word_1_75' title='bbox 1071 1129 1303 1195; x_wconf 88' lang='lat' dir='ltr'><strong>gentium</strong></span> <span class='ocrx_word' id='word_1_76' title='bbox 1348 1124 1645 1188; x_wconf 75' lang='lat' dir='ltr'><strong>dannonia,</strong></span> <span class='ocrx_word' id='word_1_77' title='bbox 1697 1128 1781 1175; x_wconf 85' lang='lat' dir='ltr'><strong>est</strong></span> 
     </span>
    </p>
   </div>
   <div class='ocr_carea' id='block_1_12' title="bbox 173 1215 1781 1285">
    <p class='ocr_par' dir='ltr' id='par_1_12' title="bbox 173 1215 1781 1285">
     <span class='ocr_line' id='line_1_12' title="bbox 173 1215 1781 1285; baseline -0.003 -14"><span class='ocrx_word' id='word_1_78' title='bbox 173 1217 338 1284; x_wconf 86' lang='lat' dir='ltr'><strong>quasi</strong></span> <span class='ocrx_word' id='word_1_79' title='bbox 389 1217 535 1273; x_wconf 85' lang='lat' dir='ltr'><strong>dicat</strong></span> <span class='ocrx_word' id='word_1_80' title='bbox 575 1236 588 1270; x_wconf 85' lang='lat'><strong>:</strong></span> <span class='ocrx_word' id='word_1_81' title='bbox 635 1216 790 1285; x_wconf 86' lang='lat' dir='ltr'><strong>Quod</strong></span> <span class='ocrx_word' id='word_1_82' title='bbox 838 1218 949 1273; x_wconf 79' lang='lat' dir='ltr'><strong>dixi</strong></span> <span class='ocrx_word' id='word_1_83' title='bbox 992 1219 1152 1283; x_wconf 86' lang='lat' dir='ltr'><strong>deos,</strong></span> <span class='ocrx_word' id='word_1_84' title='bbox 1198 1236 1303 1274; x_wconf 89' lang='lat' dir='ltr'><strong>non</strong></span> <span class='ocrx_word' id='word_1_85' title='bbox 1348 1218 1505 1274; x_wconf 89' lang='lat' dir='ltr'><strong>retuli</strong></span> <span class='ocrx_word' id='word_1_86' title='bbox 1551 1217 1620 1270; x_wconf 89' lang='lat' dir='ltr'><strong>ad</strong></span> <span class='ocrx_word' id='word_1_87' title='bbox 1658 1215 1781 1267; x_wconf 86' lang='lat' dir='ltr'><strong>deos</strong></span> 
     </span>
    </p>
   </div>
   <div class='ocr_carea' id='block_1_13' title="bbox 175 1309 1784 1381">
    <p class='ocr_par' dir='ltr' id='par_1_13' title="bbox 175 1309 1784 1381">
     <span class='ocr_line' id='line_1_13' title="bbox 175 1309 1784 1381; baseline -0.002 -18"><span class='ocrx_word' id='word_1_88' title='bbox 175 1310 460 1379; x_wconf 83' lang='lat' dir='ltr'><strong>gentium,</strong></span> <span class='ocrx_word' id='word_1_89' title='bbox 509 1310 763 1378; x_wconf 89' lang='lat' dir='ltr'><strong>quoniam</strong></span> <span class='ocrx_word' id='word_1_90' title='bbox 814 1310 915 1381; x_wconf 86' lang='lat' dir='ltr'><strong>ipsi</strong></span> <span class='ocrx_word' id='word_1_91' title='bbox 966 1321 1093 1365; x_wconf 91' lang='lat' dir='ltr'><strong>sunt</strong></span> <span class='ocrx_word' id='word_1_92' title='bbox 1141 1311 1435 1376; x_wconf 67' lang='lat' dir='ltr'><strong>daemonia,</strong></span> <span class='ocrx_word' id='word_1_93' title='bbox 1482 1318 1538 1366; x_wconf 89' lang='lat' dir='ltr'><strong>et</strong></span> <span class='ocrx_word' id='word_1_94' title='bbox 1565 1309 1645 1363; x_wconf 91' lang='lat' dir='ltr'><strong>sic</strong></span> <span class='ocrx_word' id='word_1_95' title='bbox 1690 1322 1784 1377; x_wconf 85' lang='lat' dir='ltr'><strong>pa-</strong></span> 
     </span>
    </p>
   </div>
   <div class='ocr_carea' id='block_1_14' title="bbox 180 1400 1787 1471">
    <p class='ocr_par' dir='ltr' id='par_1_14' title="bbox 180 1400 1787 1471">
     <span class='ocr_line' id='line_1_14' title="bbox 180 1400 1787 1471; baseline -0.002 -17"><span class='ocrx_word' id='word_1_96' title='bbox 180 1417 306 1454; x_wconf 87' lang='lat' dir='ltr'><strong>rum</strong></span> <span class='ocrx_word' id='word_1_97' title='bbox 342 1411 493 1455; x_wconf 83' lang='lat' dir='ltr'><strong>esset</strong></span> <span class='ocrx_word' id='word_1_98' title='bbox 540 1400 825 1455; x_wconf 91' lang='lat' dir='ltr'><strong>Dominum</strong></span> <span class='ocrx_word' id='word_1_99' title='bbox 871 1402 1113 1471; x_wconf 79' lang='lat' dir='ltr'><strong>prtelerri</strong></span> <span class='ocrx_word' id='word_1_100' title='bbox 1163 1402 1288 1457; x_wconf 88' lang='lat' dir='ltr'><strong>illis.</strong></span> <span class='ocrx_word' id='word_1_101' title='bbox 1316 1403 1570 1457; x_wconf 79' lang='lat' dir='ltr'><strong>Dominus</strong></span> <span class='ocrx_word' id='word_1_102' title='bbox 1614 1409 1787 1453; x_wconf 80' lang='lat' dir='ltr'><strong>autem</strong></span> 
     </span>
    </p>
   </div>
   <div class='ocr_carea' id='block_1_15' title="bbox 182 1489 1790 1559">
    <p class='ocr_par' dir='ltr' id='par_1_15' title="bbox 182 1489 1790 1559">
     <span class='ocr_line' id='line_1_15' title="bbox 182 1489 1790 1559; baseline -0.001 -16"><span class='ocrx_word' id='word_1_103' title='bbox 182 1490 306 1558; x_wconf 84' lang='lat' dir='ltr'><strong>fecit</strong></span> <span class='ocrx_word' id='word_1_104' title='bbox 360 1489 483 1544; x_wconf 90' lang='lat' dir='ltr'><strong>illos</strong></span> <span class='ocrx_word' id='word_1_105' title='bbox 533 1489 720 1554; x_wconf 70' lang='lat' dir='ltr'><strong>caelos,</strong></span> <span class='ocrx_word' id='word_1_106' title='bbox 779 1505 914 1558; x_wconf 87' lang='lat' dir='ltr'><strong>quos</strong></span> <span class='ocrx_word' id='word_1_107' title='bbox 971 1494 1122 1559; x_wconf 90' lang='lat' dir='ltr'><strong>prius</strong></span> <span class='ocrx_word' id='word_1_108' title='bbox 1178 1491 1309 1547; x_wconf 85' lang='lat' dir='ltr'><strong>deos</strong></span> <span class='ocrx_word' id='word_1_109' title='bbox 1360 1490 1675 1553; x_wconf 87' lang='lat' dir='ltr'><strong>nominavi,</strong></span> <span class='ocrx_word' id='word_1_110' title='bbox 1734 1496 1790 1542; x_wconf 90' lang='lat' dir='ltr'><strong>et</strong></span> 
     </span>
    </p>
   </div>
   <div class='ocr_carea' id='block_1_16' title="bbox 184 1580 1788 1653">
    <p class='ocr_par' dir='ltr' id='par_1_16' title="bbox 184 1580 1788 1653">
     <span class='ocr_line' id='line_1_16' title="bbox 184 1580 1788 1653; baseline 0 -20"><span class='ocrx_word' id='word_1_111' title='bbox 184 1582 390 1650; x_wconf 83' lang='lat' dir='ltr'><strong>quibus</strong></span> <span class='ocrx_word' id='word_1_112' title='bbox 436 1597 694 1652; x_wconf 87' lang='lat' dir='ltr'><strong>magnum</strong></span> <span class='ocrx_word' id='word_1_113' title='bbox 744 1590 827 1636; x_wconf 91' lang='lat' dir='ltr'><strong>est</strong></span> <span class='ocrx_word' id='word_1_114' title='bbox 874 1581 1158 1637; x_wconf 90' lang='lat' dir='ltr'><strong>Dominum</strong></span> <span class='ocrx_word' id='word_1_115' title='bbox 1202 1583 1467 1653; x_wconf 70' lang='lat' dir='ltr'><strong>praeferri.</strong></span> <span class='ocrx_word' id='word_1_116' title='bbox 1519 1580 1788 1650; x_wconf 83' lang='lat' dir='ltr'><strong>Confessio</strong></span> 
     </span>
    </p>
   </div>
   <div class='ocr_carea' id='block_1_17' title="bbox 186 1655 1785 1744">
    <p class='ocr_par' dir='ltr' id='par_1_17' title="bbox 186 1655 1785 1744">
     <span class='ocr_line' id='line_1_17' title="bbox 186 1655 1785 1744; baseline -0.001 -18"><span class='ocrx_word' id='word_1_117' title='bbox 186 1683 235 1726; x_wconf 84' lang='lat' dir='ltr'><strong>et</strong></span> <span class='ocrx_word' id='word_1_118' title='bbox 292 1672 634 1741; x_wconf 78' lang='lat' dir='ltr'><strong>pulchritudo</strong></span> <span class='ocrx_word' id='word_1_119' title='bbox 694 1674 750 1726; x_wconf 88' lang='lat' dir='ltr'><strong>in</strong></span> <span class='ocrx_word' id='word_1_120' title='bbox 813 1655 1092 1743; x_wconf 69' lang='lat' dir='ltr'><strong>cdnspectu</strong></span> <span class='ocrx_word' id='word_1_121' title='bbox 1148 1674 1283 1744; x_wconf 87' lang='lat' dir='ltr'><strong>ejus.</strong></span> <span class='ocrx_word' id='word_1_122' title='bbox 1351 1673 1515 1740; x_wconf 81' lang='lat' dir='ltr'><strong>Quasi</strong></span> <span class='ocrx_word' id='word_1_123' title='bbox 1575 1673 1723 1727; x_wconf 81' lang='lat' dir='ltr'><strong>dicat</strong></span> <span class='ocrx_word' id='word_1_124' title='bbox 1772 1690 1785 1724; x_wconf 89' lang='lat'><strong>:</strong></span> 
     </span>
    </p>
   </div>
   <div class='ocr_carea' id='block_1_18' title="bbox 188 1761 1789 1829">
    <p class='ocr_par' dir='ltr' id='par_1_18' title="bbox 188 1761 1789 1829">
     <span class='ocr_line' id='line_1_18' title="bbox 188 1761 1789 1829; baseline -0.001 -14"><span class='ocrx_word' id='word_1_125' title='bbox 188 1762 304 1816; x_wconf 79' lang='lat' dir='ltr'><strong>Hoc</strong></span> <span class='ocrx_word' id='word_1_126' title='bbox 351 1763 513 1817; x_wconf 89' lang='lat' dir='ltr'><strong>modo</strong></span> <span class='ocrx_word' id='word_1_127' title='bbox 568 1762 745 1817; x_wconf 88' lang='lat' dir='ltr'><strong>factus</strong></span> <span class='ocrx_word' id='word_1_128' title='bbox 791 1771 874 1817; x_wconf 79' lang='lat' dir='ltr'><strong>est</strong></span> <span class='ocrx_word' id='word_1_129' title='bbox 922 1762 1179 1817; x_wconf 82' lang='lat' dir='ltr'><strong>terribilis</strong></span> <span class='ocrx_word' id='word_1_130' title='bbox 1226 1771 1283 1818; x_wconf 92' lang='lat' dir='ltr'><strong>et</strong></span> <span class='ocrx_word' id='word_1_131' title='bbox 1331 1761 1633 1826; x_wconf 82' lang='lat' dir='ltr'><strong>laudabilis,</strong></span> <span class='ocrx_word' id='word_1_132' title='bbox 1663 1761 1789 1829; x_wconf 87' lang='lat' dir='ltr'><strong>quia</strong></span> 
     </span>
    </p>
   </div>
   <div class='ocr_carea' id='block_1_19' title="bbox 188 1836 1871 1924">
    <p class='ocr_par' dir='ltr' id='par_1_19' title="bbox 188 1836 1871 1924">
     <span class='ocr_line' id='line_1_19' title="bbox 188 1836 1871 1924; baseline 0 -17"><span class='ocrx_word' id='word_1_133' title='bbox 188 1850 467 1907; x_wconf 79' lang='lat' dir='ltr'><strong>confessio</strong></span> <span class='ocrx_word' id='word_1_134' title='bbox 514 1861 568 1905; x_wconf 92' lang='lat' dir='ltr'><strong>et</strong></span> <span class='ocrx_word' id='word_1_135' title='bbox 619 1852 963 1922; x_wconf 83' lang='lat' dir='ltr'><strong>pulchritudo</strong></span> <span class='ocrx_word' id='word_1_136' title='bbox 1014 1862 1143 1908; x_wconf 89' lang='lat' dir='ltr'><strong>sunt</strong></span> <span class='ocrx_word' id='word_1_137' title='bbox 1196 1854 1249 1908; x_wconf 83' lang='lat' dir='ltr'><strong>iit</strong></span> <span class='ocrx_word' id='word_1_138' title='bbox 1296 1864 1590 1924; x_wconf 85' lang='lat' dir='ltr'><strong>conspectu</strong></span> <span class='ocrx_word' id='word_1_139' title='bbox 1640 1853 1791 1923; x_wconf 86' lang='lat' dir='ltr'><strong>ejus,</strong></span> <span class='ocrx_word' id='word_1_140' title='bbox 1818 1836 1871 1896; x_wconf 76' lang='grc' dir='ltr'><strong>Β</strong></span> 
     </span>
    </p>
   </div>
   <div class='ocr_carea' id='block_1_20' title="bbox 194 1943 1799 2014">
    <p class='ocr_par' dir='ltr' id='par_1_20' title="bbox 194 1943 1799 2014">
     <span class='ocr_line' id='line_1_20' title="bbox 194 1943 1799 2014; baseline 0.002 -18"><span class='ocrx_word' id='word_1_141' title='bbox 194 1943 250 1997; x_wconf 85' lang='lat' dir='ltr'><strong>id</strong></span> <span class='ocrx_word' id='word_1_142' title='bbox 302 1951 424 2007; x_wconf 88' lang='lat' dir='ltr'><strong>est,</strong></span> <span class='ocrx_word' id='word_1_143' title='bbox 476 1943 531 1998; x_wconf 91' lang='lat' dir='ltr'><strong>in</strong></span> <span class='ocrx_word' id='word_1_144' title='bbox 586 1943 831 2008; x_wconf 76' lang='lat' dir='ltr'><strong>interiori</strong></span> <span class='ocrx_word' id='word_1_145' title='bbox 885 1944 1106 2000; x_wconf 87' lang='lat' dir='ltr'><strong>homine</strong></span> <span class='ocrx_word' id='word_1_146' title='bbox 1159 1944 1252 1999; x_wconf 82' lang='lat' dir='ltr'><strong>tibi</strong></span> <span class='ocrx_word' id='word_1_147' title='bbox 1298 1958 1430 2000; x_wconf 90' lang='lat' dir='ltr'><strong>suus</strong></span> <span class='ocrx_word' id='word_1_148' title='bbox 1472 1956 1799 2014; x_wconf 84' lang='lat' dir='ltr'><strong>conspectus</strong></span> 
     </span>
    </p>
   </div>
   <div class='ocr_carea' id='block_1_21' title="bbox 192 2034 1796 2105">
    <p class='ocr_par' dir='ltr' id='par_1_21' title="bbox 192 2034 1796 2105">
     <span class='ocr_line' id='line_1_21' title="bbox 192 2034 1796 2105; baseline 0 -15"><span class='ocrx_word' id='word_1_149' title='bbox 192 2045 300 2091; x_wconf 86' lang='lat' dir='ltr'><strong>est.</strong></span> <span class='ocrx_word' id='word_1_150' title='bbox 356 2034 449 2090; x_wconf 76' lang='lat' dir='ltr'><strong>Vis</strong></span> <span class='ocrx_word' id='word_1_151' title='bbox 490 2050 612 2091; x_wconf 89' lang='lat' dir='ltr'><strong>esse</strong></span> <span class='ocrx_word' id='word_1_152' title='bbox 671 2035 929 2105; x_wconf 83' lang='lat' dir='ltr'><strong>pulcher?</strong></span> <span class='ocrx_word' id='word_1_153' title='bbox 973 2037 1232 2092; x_wconf 86' lang='lat' dir='ltr'><strong>conﬁtere</strong></span> <span class='ocrx_word' id='word_1_154' title='bbox 1268 2035 1568 2093; x_wconf 55' lang='lat' dir='ltr'><strong>foeditatem</strong></span> <span class='ocrx_word' id='word_1_155' title='bbox 1610 2046 1754 2091; x_wconf 89' lang='lat' dir='ltr'><strong>tuam</strong></span> <span class='ocrx_word' id='word_1_156' title='bbox 1781 2077 1796 2101; x_wconf 91' lang='lat'><strong>,</strong></span> 
     </span>
    </p>
   </div>
   <div class='ocr_carea' id='block_1_22' title="bbox 194 2125 1796 2199">
    <p class='ocr_par' dir='ltr' id='par_1_22' title="bbox 194 2125 1796 2199">
     <span class='ocr_line' id='line_1_22' title="bbox 194 2125 1796 2199; baseline 0.001 -21"><span class='ocrx_word' id='word_1_157' title='bbox 194 2136 243 2178; x_wconf 82' lang='lat' dir='ltr'><strong>et</strong></span> <span class='ocrx_word' id='word_1_158' title='bbox 293 2125 551 2179; x_wconf 79' lang='lat' dir='ltr'><strong>Dominus</strong></span> <span class='ocrx_word' id='word_1_159' title='bbox 593 2126 735 2180; x_wconf 88' lang='lat' dir='ltr'><strong>dabit</strong></span> <span class='ocrx_word' id='word_1_160' title='bbox 770 2127 865 2181; x_wconf 91' lang='lat' dir='ltr'><strong>tibi</strong></span> <span class='ocrx_word' id='word_1_161' title='bbox 916 2128 1282 2197; x_wconf 81' lang='lat' dir='ltr'><strong>benignitatem</strong></span> <span class='ocrx_word' id='word_1_162' title='bbox 1333 2126 1507 2199; x_wconf 84' lang='lat' dir='ltr'><strong>(Psal.</strong></span> <span class='ocrx_word' id='word_1_163' title='bbox 1552 2127 1796 2199; x_wconf 77' lang='lat' dir='ltr'><strong>Lxxxw).</strong></span> 
     </span>
    </p>
   </div>
   <div class='ocr_carea' id='block_1_23' title="bbox 199 2214 1802 2289">
    <p class='ocr_par' dir='ltr' id='par_1_23' title="bbox 199 2214 1802 2289">
     <span class='ocr_line' id='line_1_23' title="bbox 199 2214 1802 2289; baseline 0.001 -19"><span class='ocrx_word' id='word_1_164' title='bbox 199 2214 610 2283; x_wconf 86' lang='lat' dir='ltr'><strong>Sanctimonia,</strong></span> <span class='ocrx_word' id='word_1_165' title='bbox 683 2217 736 2271; x_wconf 88' lang='lat' dir='ltr'><strong>id</strong></span> <span class='ocrx_word' id='word_1_166' title='bbox 797 2227 911 2283; x_wconf 88' lang='lat' dir='ltr'><strong>est,</strong></span> <span class='ocrx_word' id='word_1_167' title='bbox 972 2218 1234 2274; x_wconf 86' lang='lat' dir='ltr'><strong>sanctitas</strong></span> <span class='ocrx_word' id='word_1_168' title='bbox 1293 2228 1343 2272; x_wconf 85' lang='lat' dir='ltr'><strong>et</strong></span> <span class='ocrx_word' id='word_1_169' title='bbox 1384 2218 1802 2289; x_wconf 11' lang='lat' dir='ltr'><strong>imagnificentia</strong></span> 
     </span>
    </p>
   </div>
   <div class='ocr_carea' id='block_1_24' title="bbox 198 2306 1803 2379">
    <p class='ocr_par' dir='ltr' id='par_1_24' title="bbox 198 2306 1803 2379">
     <span class='ocr_line' id='line_1_24' title="bbox 198 2306 1803 2379; baseline 0.002 -20"><span class='ocrx_word' id='word_1_170' title='bbox 198 2314 329 2359; x_wconf 88' lang='lat' dir='ltr'><strong>sunt</strong></span> <span class='ocrx_word' id='word_1_171' title='bbox 372 2306 428 2359; x_wconf 88' lang='lat' dir='ltr'><strong>in</strong></span> <span class='ocrx_word' id='word_1_172' title='bbox 477 2307 895 2375; x_wconf 81' lang='lat' dir='ltr'><strong>sanctiﬁcatione</strong></span> <span class='ocrx_word' id='word_1_173' title='bbox 941 2308 1085 2376; x_wconf 88' lang='lat' dir='ltr'><strong>ejus,</strong></span> <span class='ocrx_word' id='word_1_174' title='bbox 1128 2307 1183 2362; x_wconf 91' lang='lat' dir='ltr'><strong>id</strong></span> <span class='ocrx_word' id='word_1_175' title='bbox 1235 2316 1351 2374; x_wconf 87' lang='lat' dir='ltr'><strong>est,</strong></span> <span class='ocrx_word' id='word_1_176' title='bbox 1404 2309 1460 2363; x_wconf 88' lang='lat' dir='ltr'><strong>in</strong></span> <span class='ocrx_word' id='word_1_177' title='bbox 1515 2308 1620 2364; x_wconf 90' lang='lat' dir='ltr'><strong>illis</strong></span> <span class='ocrx_word' id='word_1_178' title='bbox 1666 2322 1803 2379; x_wconf 89' lang='lat' dir='ltr'><strong>quos</strong></span> 
     </span>
    </p>
   </div>
   <div class='ocr_carea' id='block_1_25' title="bbox 201 2382 1798 2466">
    <p class='ocr_par' dir='ltr' id='par_1_25' title="bbox 201 2382 1798 2466">
     <span class='ocr_line' id='line_1_25' title="bbox 201 2382 1798 2466; baseline 0.003 -17"><span class='ocrx_word' id='word_1_179' title='bbox 201 2394 533 2450; x_wconf 88' lang='lat' dir='ltr'><strong>sanctiﬁcat.</strong></span> <span class='ocrx_word' id='word_1_180' title='bbox 599 2395 733 2451; x_wconf 84' lang='lat' dir='ltr'><strong>Nota</strong></span> <span class='ocrx_word' id='word_1_181' title='bbox 813 2382 959 2466; x_wconf 83' lang='lat' dir='ltr'><strong>quod</strong></span> <span class='ocrx_word' id='word_1_182' title='bbox 1027 2398 1329 2466; x_wconf 70' lang='lat' dir='ltr'><strong>praedixit,</strong></span> <span class='ocrx_word' id='word_1_183' title='bbox 1406 2401 1798 2465; x_wconf 85' lang='lat' dir='ltr'><strong>sanctimonia,</strong></span> 
     </span>
    </p>
   </div>
   <div class='ocr_carea' id='block_1_26' title="bbox 203 2487 1803 2563">
    <p class='ocr_par' dir='ltr' id='par_1_26' title="bbox 203 2487 1803 2563">
     <span class='ocr_line' id='line_1_26' title="bbox 203 2487 1803 2563; baseline 0.005 -24"><span class='ocrx_word' id='word_1_184' title='bbox 203 2496 328 2555; x_wconf 84' lang='lat' dir='ltr'><strong>post</strong></span> <span class='ocrx_word' id='word_1_185' title='bbox 400 2487 790 2557; x_wconf 78' lang='lat' dir='ltr'><strong>magniﬁcentia</strong></span> <span class='ocrx_word' id='word_1_186' title='bbox 844 2502 863 2540; x_wconf 82' lang='lat'><strong>.&#39;</strong></span> <span class='ocrx_word' id='word_1_187' title='bbox 922 2490 1048 2559; x_wconf 88' lang='lat' dir='ltr'><strong>quia</strong></span> <span class='ocrx_word' id='word_1_188' title='bbox 1122 2491 1273 2560; x_wconf 87' lang='lat' dir='ltr'><strong>prius</strong></span> <span class='ocrx_word' id='word_1_189' title='bbox 1327 2490 1591 2559; x_wconf 88' lang='lat' dir='ltr'><strong>justillcat</strong></span> <span class='ocrx_word' id='word_1_190' title='bbox 1637 2509 1803 2563; x_wconf 80' lang='lat' dir='ltr'><strong>quant</strong></span> 
     </span>
    </p>
   </div>
   <div class='ocr_carea' id='block_1_27' title="bbox 204 2576 1803 2656">
    <p class='ocr_par' dir='ltr' id='par_1_27' title="bbox 204 2576 1803 2656">
     <span class='ocr_line' id='line_1_27' title="bbox 204 2576 1803 2656; baseline 0.005 -26"><span class='ocrx_word' id='word_1_191' title='bbox 204 2576 540 2647; x_wconf 86' lang='lat' dir='ltr'><strong>magnilicet.</strong></span> <span class='ocrx_word' id='word_1_192' title='bbox 586 2577 721 2632; x_wconf 85' lang='lat' dir='ltr'><strong>Nam</strong></span> <span class='ocrx_word' id='word_1_193' title='bbox 774 2580 909 2634; x_wconf 85' lang='lat' dir='ltr'><strong>nihil</strong></span> <span class='ocrx_word' id='word_1_194' title='bbox 977 2590 1061 2637; x_wconf 93' lang='grc' dir='ltr'><strong>εει</strong></span> <span class='ocrx_word' id='word_1_195' title='bbox 1117 2583 1262 2652; x_wconf 90' lang='lat' dir='ltr'><strong>quod</strong></span> <span class='ocrx_word' id='word_1_196' title='bbox 1314 2583 1382 2638; x_wconf 89' lang='lat' dir='ltr'><strong>de</strong></span> <span class='ocrx_word' id='word_1_197' title='bbox 1444 2592 1497 2638; x_wconf 91' lang='lat' dir='ltr'><strong>te</strong></span> <span class='ocrx_word' id='word_1_198' title='bbox 1551 2600 1803 2656; x_wconf 89' lang='lat' dir='ltr'><strong>magnum</strong></span> 
     </span>
    </p>
   </div>
   <div class='ocr_carea' id='block_1_28' title="bbox 208 2667 1804 2742">
    <p class='ocr_par' dir='ltr' id='par_1_28' title="bbox 208 2667 1804 2742">
     <span class='ocr_line' id='line_1_28' title="bbox 208 2667 1804 2742; baseline 0.005 -21"><span class='ocrx_word' id='word_1_199' title='bbox 208 2676 527 2736; x_wconf 79' lang='lat' dir='ltr'><strong>exspectes,</strong></span> <span class='ocrx_word' id='word_1_200' title='bbox 580 2669 624 2722; x_wconf 90' lang='lat' dir='ltr'><strong>si</strong></span> <span class='ocrx_word' id='word_1_201' title='bbox 668 2667 941 2738; x_wconf 86' lang='lat' dir='ltr'><strong>justitiam</strong></span> <span class='ocrx_word' id='word_1_202' title='bbox 1014 2687 1121 2726; x_wconf 88' lang='lat' dir='ltr'><strong>non</strong></span> <span class='ocrx_word' id='word_1_203' title='bbox 1178 2687 1349 2727; x_wconf 88' lang='lat' dir='ltr'><strong>ames.</strong></span> <span class='ocrx_word' id='word_1_204' title='bbox 1432 2673 1627 2742; x_wconf 77' lang='lat' dir='ltr'><strong>Alferte</strong></span> <span class='ocrx_word' id='word_1_205' title='bbox 1694 2674 1804 2729; x_wconf 85' lang='lat' dir='ltr'><strong>Do-</strong></span> 
     </span>
    </p>
   </div>
   <div class='ocr_carea' id='block_1_29' title="bbox 205 2758 1807 2832">
    <p class='ocr_par' dir='ltr' id='par_1_29' title="bbox 205 2758 1807 2832">
     <span class='ocr_line' id='line_1_29' title="bbox 205 2758 1807 2832; baseline 0.005 -23"><span class='ocrx_word' id='word_1_206' title='bbox 205 2758 389 2821; x_wconf 81' lang='lat' dir='ltr'><strong>mino,</strong></span> <span class='ocrx_word' id='word_1_207' title='bbox 436 2759 621 2827; x_wconf 71' lang='lat' dir='ltr'><strong>patria:</strong></span> <span class='ocrx_word' id='word_1_208' title='bbox 674 2762 939 2829; x_wconf 83' lang='lat' dir='ltr'><strong>gentium,</strong></span> <span class='ocrx_word' id='word_1_209' title='bbox 993 2761 1176 2831; x_wconf 80' lang='lat' dir='ltr'><strong>afferte</strong></span> <span class='ocrx_word' id='word_1_210' title='bbox 1220 2762 1447 2816; x_wconf 88' lang='lat' dir='ltr'><strong>Domino</strong></span> <span class='ocrx_word' id='word_1_211' title='bbox 1490 2762 1713 2832; x_wconf 82' lang='lat' dir='ltr'><strong>gloriam</strong></span> <span class='ocrx_word' id='word_1_212' title='bbox 1757 2773 1807 2817; x_wconf 86' lang='lat' dir='ltr'><strong>et</strong></span> 
     </span>
    </p>
   </div>
   <div class='ocr_carea' id='block_1_30' title="bbox 206 2846 1804 2921">
    <p class='ocr_par' dir='ltr' id='par_1_30' title="bbox 206 2846 1804 2921">
     <span class='ocr_line' id='line_1_30' title="bbox 206 2846 1804 2921; baseline 0.005 -24"><span class='ocrx_word' id='word_1_213' title='bbox 206 2846 497 2910; x_wconf 84' lang='lat' dir='ltr'><strong>honorem,</strong></span> <span class='ocrx_word' id='word_1_214' title='bbox 560 2846 743 2915; x_wconf 58' lang='lat' dir='ltr'><strong>aferte</strong></span> <span class='ocrx_word' id='word_1_215' title='bbox 802 2847 1028 2903; x_wconf 89' lang='lat' dir='ltr'><strong>Domino</strong></span> <span class='ocrx_word' id='word_1_216' title='bbox 1090 2850 1315 2920; x_wconf 87' lang='lat' dir='ltr'><strong>gloriam</strong></span> <span class='ocrx_word' id='word_1_217' title='bbox 1393 2852 1591 2905; x_wconf 86' lang='lat' dir='ltr'><strong>nomini</strong></span> <span class='ocrx_word' id='word_1_218' title='bbox 1656 2852 1804 2921; x_wconf 83' lang='lat' dir='ltr'><strong>ejus,</strong></span> 
     </span>
    </p>
   </div>
   <div class='ocr_carea' id='block_1_31' title="bbox 209 2936 1812 3010">
    <p class='ocr_par' dir='ltr' id='par_1_31' title="bbox 209 2936 1812 3010">
     <span class='ocr_line' id='line_1_31' title="bbox 209 2936 1812 3010; baseline 0.006 -22"><span class='ocrx_word' id='word_1_219' title='bbox 209 2936 370 3003; x_wconf 87' lang='lat' dir='ltr'><strong>quasi</strong></span> <span class='ocrx_word' id='word_1_220' title='bbox 424 2936 617 2991; x_wconf 86' lang='lat' dir='ltr'><strong>dicat:</strong></span> <span class='ocrx_word' id='word_1_221' title='bbox 652 2936 880 3004; x_wconf 86' lang='lat' dir='ltr'><strong>Quando</strong></span> <span class='ocrx_word' id='word_1_222' title='bbox 936 2940 1153 3010; x_wconf 85' lang='lat' dir='ltr'><strong>quidem</strong></span> <span class='ocrx_word' id='word_1_223' title='bbox 1218 2941 1476 2997; x_wconf 85' lang='lat' dir='ltr'><strong>Dominus</strong></span> <span class='ocrx_word' id='word_1_224' title='bbox 1531 2957 1564 2997; x_wconf 88' lang='lat' dir='ltr'><strong>a</strong></span> <span class='ocrx_word' id='word_1_225' title='bbox 1610 2940 1812 2997; x_wconf 68' lang='lat' dir='ltr'><strong>Judteis</strong></span> 
     </span>
    </p>
   </div>
   <div class='ocr_carea' id='block_1_32' title="bbox 209 3024 1812 3109">
    <p class='ocr_par' dir='ltr' id='par_1_32' title="bbox 209 3024 1812 3109">
     <span class='ocr_line' id='line_1_32' title="bbox 209 3024 1812 3109; baseline 0.005 -32"><span class='ocrx_word' id='word_1_226' title='bbox 209 3024 567 3081; x_wconf 84' lang='lat' dir='ltr'><strong>annuntiatus</strong></span> <span class='ocrx_word' id='word_1_227' title='bbox 610 3036 695 3082; x_wconf 86' lang='lat' dir='ltr'><strong>est</strong></span> <span class='ocrx_word' id='word_1_228' title='bbox 746 3044 968 3098; x_wconf 86' lang='lat' dir='ltr'><strong>magnus</strong></span> <span class='ocrx_word' id='word_1_229' title='bbox 1010 3039 1058 3083; x_wconf 91' lang='lat' dir='ltr'><strong>et</strong></span> <span class='ocrx_word' id='word_1_230' title='bbox 1104 3029 1425 3097; x_wconf 79' lang='lat' dir='ltr'><strong>laudabilis,</strong></span> <span class='ocrx_word' id='word_1_231' title='bbox 1475 3031 1683 3109; x_wconf 83' lang='lat' dir='ltr'><strong>ethoc</strong></span> <span class='ocrx_word' id='word_1_232' title='bbox 1728 3032 1812 3085; x_wconf 77' lang='lat' dir='ltr'><strong>iu-</strong></span> 
     </span>
    </p>
   </div>
   <div class='ocr_carea' id='block_1_33' title="bbox 214 3121 1812 3191">
    <p class='ocr_par' dir='ltr' id='par_1_33' title="bbox 214 3121 1812 3191">
     <span class='ocr_line' id='line_1_33' title="bbox 214 3121 1812 3191; baseline 0.008 -26"><span class='ocrx_word' id='word_1_233' title='bbox 214 3121 299 3168; x_wconf 88' lang='lat' dir='ltr'><strong>ter</strong></span> <span class='ocrx_word' id='word_1_234' title='bbox 350 3129 475 3180; x_wconf 90' lang='lat' dir='ltr'><strong>vos,</strong></span> <span class='ocrx_word' id='word_1_235' title='bbox 518 3129 552 3169; x_wconf 90' lang='grc' dir='ltr'>ο</span> <span class='ocrx_word' id='word_1_236' title='bbox 600 3125 818 3185; x_wconf 89' lang='lat' dir='ltr'><strong>gentes,</strong></span> <span class='ocrx_word' id='word_1_237' title='bbox 868 3133 999 3187; x_wconf 87' lang='lat' dir='ltr'><strong>ergo</strong></span> <span class='ocrx_word' id='word_1_238' title='bbox 1050 3123 1238 3189; x_wconf 83' lang='lat' dir='ltr'><strong>patria:</strong></span> <span class='ocrx_word' id='word_1_239' title='bbox 1270 3123 1527 3191; x_wconf 84' lang='lat' dir='ltr'><strong>gentium,</strong></span> <span class='ocrx_word' id='word_1_240' title='bbox 1578 3138 1683 3176; x_wconf 92' lang='lat' dir='ltr'><strong>non</strong></span> <span class='ocrx_word' id='word_1_241' title='bbox 1724 3139 1812 3177; x_wconf 86' lang='lat' dir='ltr'><strong>re-</strong></span> 
     </span>
    </p>
   </div>
   <div class='ocr_carea' id='block_1_34' title="bbox 214 3192 1883 3283">
    <p class='ocr_par' dir='ltr' id='par_1_34' title="bbox 214 3192 1883 3283">
     <span class='ocr_line' id='line_1_34' title="bbox 214 3192 1883 3283; baseline 0.005 -24"><span class='ocrx_word' id='word_1_242' title='bbox 214 3206 304 3276; x_wconf 80' lang='lat' dir='ltr'><strong>gio</strong></span> <span class='ocrx_word' id='word_1_243' title='bbox 357 3223 497 3273; x_wconf 88' lang='lat' dir='ltr'><strong>una,</strong></span> <span class='ocrx_word' id='word_1_244' title='bbox 547 3209 641 3263; x_wconf 89' lang='lat' dir='ltr'><strong>sed</strong></span> <span class='ocrx_word' id='word_1_245' title='bbox 689 3224 879 3264; x_wconf 83' lang='lat' dir='ltr'><strong>omnes</strong></span> <span class='ocrx_word' id='word_1_246' title='bbox 918 3212 1106 3279; x_wconf 79' lang='lat' dir='ltr'><strong>patria:</strong></span> <span class='ocrx_word' id='word_1_247' title='bbox 1148 3214 1410 3281; x_wconf 88' lang='lat' dir='ltr'><strong>gentium,</strong></span> <span class='ocrx_word' id='word_1_248' title='bbox 1454 3215 1638 3283; x_wconf 75' lang='lat' dir='ltr'><strong>afferte</strong></span> <span class='ocrx_word' id='word_1_249' title='bbox 1696 3192 1883 3268; x_wconf 85' lang='lat' dir='ltr'><strong>Do-C</strong></span> 
     </span>
    </p>
   </div>
   <div class='ocr_carea' id='block_1_35' title="bbox 216 3298 1814 3368">
    <p class='ocr_par' dir='ltr' id='par_1_35' title="bbox 216 3298 1814 3368">
     <span class='ocr_line' id='line_1_35' title="bbox 216 3298 1814 3368; baseline 0.006 -18"><span class='ocrx_word' id='word_1_250' title='bbox 216 3299 362 3351; x_wconf 83' lang='lat' dir='ltr'><strong>mino</strong></span> <span class='ocrx_word' id='word_1_251' title='bbox 410 3298 598 3367; x_wconf 84' lang='lat' dir='ltr'><strong>patria:</strong></span> <span class='ocrx_word' id='word_1_252' title='bbox 644 3298 897 3368; x_wconf 88' lang='lat' dir='ltr'><strong>gloriam,</strong></span> <span class='ocrx_word' id='word_1_253' title='bbox 932 3309 989 3355; x_wconf 86' lang='lat' dir='ltr'><strong>et</strong></span> <span class='ocrx_word' id='word_1_254' title='bbox 1036 3302 1138 3357; x_wconf 84' lang='lat' dir='ltr'><strong>hoc</strong></span> <span class='ocrx_word' id='word_1_255' title='bbox 1174 3300 1364 3358; x_wconf 74' lang='lat' dir='ltr'><strong>alferte</strong></span> <span class='ocrx_word' id='word_1_256' title='bbox 1408 3302 1635 3358; x_wconf 89' lang='lat' dir='ltr'><strong>Domino</strong></span> <span class='ocrx_word' id='word_1_257' title='bbox 1675 3303 1814 3359; x_wconf 87' lang='lat' dir='ltr'><strong>Filio</strong></span> 
     </span>
    </p>
   </div>
   <div class='ocr_carea' id='block_1_36' title="bbox 215 3387 1871 3463">
    <p class='ocr_par' dir='ltr' id='par_1_36' title="bbox 215 3387 1871 3463">
     <span class='ocr_line' id='line_1_36' title="bbox 215 3387 1871 3463; baseline 0.002 -22"><span class='ocrx_word' id='word_1_258' title='bbox 215 3387 467 3459; x_wconf 82' lang='lat' dir='ltr'><strong>gloriam,</strong></span> <span class='ocrx_word' id='word_1_259' title='bbox 492 3399 548 3443; x_wconf 91' lang='lat' dir='ltr'><strong>et</strong></span> <span class='ocrx_word' id='word_1_260' title='bbox 572 3389 687 3443; x_wconf 60' lang='lat' dir='ltr'><strong>haec</strong></span> <span class='ocrx_word' id='word_1_261' title='bbox 717 3390 962 3447; x_wconf 86' lang='lat' dir='ltr'><strong>videlicet</strong></span> <span class='ocrx_word' id='word_1_262' title='bbox 985 3400 1295 3461; x_wconf 72' lang='lat' dir='ltr'><strong>operantes;</strong></span> <span class='ocrx_word' id='word_1_263' title='bbox 1324 3400 1383 3445; x_wconf 94' lang='lat' dir='ltr'><strong>ut</strong></span> <span class='ocrx_word' id='word_1_264' title='bbox 1411 3408 1509 3463; x_wconf 91' lang='lat' dir='ltr'><strong>per</strong></span> <span class='ocrx_word' id='word_1_265' title='bbox 1530 3408 1626 3448; x_wconf 90' lang='lat' dir='ltr'><strong>vos</strong></span> <span class='ocrx_word' id='word_1_266' title='bbox 1653 3392 1816 3462; x_wconf 81' lang='lat' dir='ltr'><strong>glori-</strong></span> <span class='ocrx_word' id='word_1_267' title='bbox 1864 3404 1871 3405; x_wconf 64' lang='lat'>’</span> 
     </span>
    </p>
   </div>
   <div class='ocr_carea' id='block_1_37' title="bbox 218 3483 1811 3563">
    <p class='ocr_par' dir='ltr' id='par_1_37' title="bbox 218 3483 1811 3563">
     <span class='ocr_line' id='line_1_37' title="bbox 218 3483 1811 3563; baseline 0.006 -25"><span class='ocrx_word' id='word_1_268' title='bbox 218 3483 421 3538; x_wconf 80' lang='lat' dir='ltr'><strong>licetur</strong></span> <span class='ocrx_word' id='word_1_269' title='bbox 446 3483 731 3550; x_wconf 88' lang='lat' dir='ltr'><strong>Dominus,</strong></span> <span class='ocrx_word' id='word_1_270' title='bbox 758 3487 942 3555; x_wconf 75' lang='lat' dir='ltr'><strong>afferte</strong></span> <span class='ocrx_word' id='word_1_271' title='bbox 964 3486 1189 3541; x_wconf 88' lang='lat' dir='ltr'><strong>Domino</strong></span> <span class='ocrx_word' id='word_1_272' title='bbox 1220 3486 1445 3559; x_wconf 92' lang='lat' dir='ltr'><strong>Spiritui</strong></span> <span class='ocrx_word' id='word_1_273' title='bbox 1491 3504 1680 3547; x_wconf 89' lang='lat' dir='ltr'><strong>sancto</strong></span> <span class='ocrx_word' id='word_1_274' title='bbox 1700 3492 1811 3563; x_wconf 76' lang='lat' dir='ltr'><strong>glo-</strong></span> 
     </span>
    </p>
   </div>
   <div class='ocr_carea' id='block_1_38' title="bbox 220 3572 1818 3652">
    <p class='ocr_par' dir='ltr' id='par_1_38' title="bbox 220 3572 1818 3652">
     <span class='ocr_line' id='line_1_38' title="bbox 220 3572 1818 3652; baseline 0.007 -27"><span class='ocrx_word' id='word_1_275' title='bbox 220 3575 361 3627; x_wconf 89' lang='lat' dir='ltr'><strong>riam</strong></span> <span class='ocrx_word' id='word_1_276' title='bbox 377 3574 574 3627; x_wconf 87' lang='lat' dir='ltr'><strong>nomini</strong></span> <span class='ocrx_word' id='word_1_277' title='bbox 588 3572 702 3643; x_wconf 87' lang='lat' dir='ltr'><strong>ejus</strong></span> <span class='ocrx_word' id='word_1_278' title='bbox 720 3593 732 3628; x_wconf 89' lang='lat'><strong>:</strong></span> <span class='ocrx_word' id='word_1_279' title='bbox 750 3576 909 3647; x_wconf 88' lang='lat' dir='ltr'><strong>utqui</strong></span> <span class='ocrx_word' id='word_1_280' title='bbox 930 3576 1207 3646; x_wconf 83' lang='lat' dir='ltr'><strong>gloriatur,</strong></span> <span class='ocrx_word' id='word_1_281' title='bbox 1223 3580 1277 3634; x_wconf 92' lang='lat' dir='ltr'><strong>in</strong></span> <span class='ocrx_word' id='word_1_282' title='bbox 1291 3579 1516 3635; x_wconf 89' lang='lat' dir='ltr'><strong>Domino</strong></span> <span class='ocrx_word' id='word_1_283' title='bbox 1532 3583 1818 3652; x_wconf 85' lang='lat' dir='ltr'><strong>glorietur:</strong></span> 
     </span>
    </p>
   </div>
   <div class='ocr_carea' id='block_1_39' title="bbox 226 3663 1820 3741">
    <p class='ocr_par' dir='ltr' id='par_1_39' title="bbox 226 3663 1820 3741">
     <span class='ocr_line' id='line_1_39' title="bbox 226 3663 1820 3741; baseline 0.008 -24"><span class='ocrx_word' id='word_1_284' title='bbox 226 3663 422 3719; x_wconf 77' lang='lat' dir='ltr'><strong>Tollite</strong></span> <span class='ocrx_word' id='word_1_285' title='bbox 442 3666 662 3731; x_wconf 78' lang='lat' dir='ltr'><strong>hostias,</strong></span> <span class='ocrx_word' id='word_1_286' title='bbox 689 3668 827 3721; x_wconf 88' lang='lat' dir='ltr'><strong>bona</strong></span> <span class='ocrx_word' id='word_1_287' title='bbox 854 3683 1018 3737; x_wconf 89' lang='lat' dir='ltr'><strong>opera</strong></span> <span class='ocrx_word' id='word_1_288' title='bbox 1046 3669 1317 3738; x_wconf 71' lang='lat' dir='ltr'><strong>videlicet,</strong></span> <span class='ocrx_word' id='word_1_289' title='bbox 1344 3687 1464 3741; x_wconf 81' lang='lat' dir='ltr'><strong>quae</strong></span> <span class='ocrx_word' id='word_1_290' title='bbox 1497 3683 1621 3728; x_wconf 89' lang='lat' dir='ltr'><strong>sunt</strong></span> <span class='ocrx_word' id='word_1_291' title='bbox 1644 3674 1820 3729; x_wconf 89' lang='lat' dir='ltr'><strong>hostia</strong></span> 
     </span>
    </p>
   </div>
   <div class='ocr_carea' id='block_1_40' title="bbox 226 3757 1819 3833">
    <p class='ocr_par' dir='ltr' id='par_1_40' title="bbox 226 3757 1819 3833">
     <span class='ocr_line' id='line_1_40' title="bbox 226 3757 1819 3833; baseline 0.007 -22"><span class='ocrx_word' id='word_1_292' title='bbox 226 3757 429 3822; x_wconf 87' lang='lat' dir='ltr'><strong>laudis,</strong></span> <span class='ocrx_word' id='word_1_293' title='bbox 454 3758 730 3814; x_wconf 77' lang='lat' dir='ltr'><strong>vobiscum</strong></span> <span class='ocrx_word' id='word_1_294' title='bbox 766 3761 1057 3828; x_wconf 88' lang='lat' dir='ltr'><strong>assumite,</strong></span> <span class='ocrx_word' id='word_1_295' title='bbox 1103 3762 1231 3833; x_wconf 85' lang='lat' dir='ltr'><strong>quia</strong></span> <span class='ocrx_word' id='word_1_296' title='bbox 1271 3778 1376 3819; x_wconf 92' lang='lat' dir='ltr'><strong>non</strong></span> <span class='ocrx_word' id='word_1_297' title='bbox 1425 3764 1584 3820; x_wconf 84' lang='lat' dir='ltr'><strong>debet</strong></span> <span class='ocrx_word' id='word_1_298' title='bbox 1629 3780 1819 3823; x_wconf 88' lang='lat' dir='ltr'><strong>servus</strong></span> 
     </span>
    </p>
   </div>
   <div class='ocr_carea' id='block_1_41' title="bbox 227 3849 1821 3920">
    <p class='ocr_par' dir='ltr' id='par_1_41' title="bbox 227 3849 1821 3920">
     <span class='ocr_line' id='line_1_41' title="bbox 227 3849 1821 3920; baseline 0.006 -17"><span class='ocrx_word' id='word_1_299' title='bbox 227 3863 499 3919; x_wconf 81' lang='lat' dir='ltr'><strong>apparere</strong></span> <span class='ocrx_word' id='word_1_300' title='bbox 529 3849 583 3903; x_wconf 91' lang='lat' dir='ltr'><strong>in</strong></span> <span class='ocrx_word' id='word_1_301' title='bbox 614 3860 903 3920; x_wconf 87' lang='lat' dir='ltr'><strong>conspectu</strong></span> <span class='ocrx_word' id='word_1_302' title='bbox 930 3852 1143 3907; x_wconf 89' lang='lat' dir='ltr'><strong>Domini</strong></span> <span class='ocrx_word' id='word_1_303' title='bbox 1170 3868 1371 3908; x_wconf 89' lang='lat' dir='ltr'><strong>vacuus</strong></span> <span class='ocrx_word' id='word_1_304' title='bbox 1404 3872 1418 3908; x_wconf 90' lang='lat'><strong>:</strong></span> <span class='ocrx_word' id='word_1_305' title='bbox 1446 3865 1494 3909; x_wconf 86' lang='lat' dir='ltr'><strong>et</strong></span> <span class='ocrx_word' id='word_1_306' title='bbox 1534 3857 1745 3911; x_wconf 87' lang='lat' dir='ltr'><strong>introite</strong></span> <span class='ocrx_word' id='word_1_307' title='bbox 1767 3859 1821 3912; x_wconf 89' lang='lat' dir='ltr'><strong>in</strong></span> 
     </span>
    </p>
   </div>
   <div class='ocr_carea' id='block_1_42' title="bbox 229 3940 1822 4017">
    <p class='ocr_par' dir='ltr' id='par_1_42' title="bbox 229 3940 1822 4017">
     <span class='ocr_line' id='line_1_42' title="bbox 229 3940 1822 4017; baseline 0.006 -24"><span class='ocrx_word' id='word_1_308' title='bbox 229 3942 377 3994; x_wconf 88' lang='lat' dir='ltr'><strong>atria</strong></span> <span class='ocrx_word' id='word_1_309' title='bbox 405 3940 539 4010; x_wconf 87' lang='lat' dir='ltr'><strong>ejus,</strong></span> <span class='ocrx_word' id='word_1_310' title='bbox 577 3941 630 3995; x_wconf 90' lang='lat' dir='ltr'><strong>id</strong></span> <span class='ocrx_word' id='word_1_311' title='bbox 656 3950 759 4007; x_wconf 85' lang='lat' dir='ltr'><strong>est,</strong></span> <span class='ocrx_word' id='word_1_312' title='bbox 794 3942 932 3998; x_wconf 89' lang='lat' dir='ltr'><strong>bene</strong></span> <span class='ocrx_word' id='word_1_313' title='bbox 967 3943 1131 3998; x_wconf 87' lang='lat' dir='ltr'><strong>vivite</strong></span> <span class='ocrx_word' id='word_1_314' title='bbox 1162 3944 1215 3999; x_wconf 91' lang='lat' dir='ltr'><strong>in</strong></span> <span class='ocrx_word' id='word_1_315' title='bbox 1260 3944 1501 3999; x_wconf 86' lang='lat' dir='ltr'><strong>Ecclesia</strong></span> <span class='ocrx_word' id='word_1_316' title='bbox 1548 3961 1664 4013; x_wconf 89' lang='lat' dir='ltr'><strong>sua,</strong></span> <span class='ocrx_word' id='word_1_317' title='bbox 1696 3950 1822 4017; x_wconf 85' lang='lat' dir='ltr'><strong>quia</strong></span> 
     </span>
    </p>
   </div>
   <div class='ocr_carea' id='block_1_43' title="bbox 233 4033 1826 4106">
    <p class='ocr_par' dir='ltr' id='par_1_43' title="bbox 233 4033 1826 4106">
     <span class='ocr_line' id='line_1_43' title="bbox 233 4033 1826 4106; baseline 0.006 -20"><span class='ocrx_word' id='word_1_318' title='bbox 233 4048 345 4087; x_wconf 89' lang='lat' dir='ltr'><strong>non</strong></span> <span class='ocrx_word' id='word_1_319' title='bbox 377 4040 605 4100; x_wconf 90' lang='lat' dir='ltr'><strong>prosunt</strong></span> <span class='ocrx_word' id='word_1_320' title='bbox 630 4033 819 4089; x_wconf 69' lang='lat' dir='ltr'><strong>hostiae</strong></span> <span class='ocrx_word' id='word_1_321' title='bbox 846 4034 949 4089; x_wconf 86' lang='lat' dir='ltr'><strong>nisi</strong></span> <span class='ocrx_word' id='word_1_322' title='bbox 979 4050 1104 4089; x_wconf 91' lang='lat' dir='ltr'><strong>cum</strong></span> <span class='ocrx_word' id='word_1_323' title='bbox 1132 4034 1259 4101; x_wconf 91' lang='lat' dir='ltr'><strong>ﬁde,</strong></span> <span class='ocrx_word' id='word_1_324' title='bbox 1283 4037 1408 4106; x_wconf 87' lang='lat' dir='ltr'><strong>quia</strong></span> <span class='ocrx_word' id='word_1_325' title='bbox 1436 4039 1547 4092; x_wconf 85' lang='lat' dir='ltr'><strong>veri</strong></span> <span class='ocrx_word' id='word_1_326' title='bbox 1572 4039 1826 4096; x_wconf 90' lang='lat' dir='ltr'><strong>sacriﬁcii</strong></span> 
     </span>
    </p>
   </div>
   <div class='ocr_carea' id='block_1_44' title="bbox 234 4125 1826 4189">
    <p class='ocr_par' dir='ltr' id='par_1_44' title="bbox 234 4125 1826 4189">
     <span class='ocr_line' id='line_1_44' title="bbox 234 4125 1826 4189; baseline 0.005 -9"><span class='ocrx_word' id='word_1_327' title='bbox 234 4135 395 4180; x_wconf 73' lang='lat' dir='ltr'><strong>extra</strong></span> <span class='ocrx_word' id='word_1_328' title='bbox 427 4125 748 4179; x_wconf 87' lang='lat' dir='ltr'><strong>catholicam</strong></span> <span class='ocrx_word' id='word_1_329' title='bbox 788 4125 1084 4182; x_wconf 80' lang='lat' dir='ltr'><strong>Ecclesium</strong></span> <span class='ocrx_word' id='word_1_330' title='bbox 1121 4142 1227 4182; x_wconf 91' lang='lat' dir='ltr'><strong>non</strong></span> <span class='ocrx_word' id='word_1_331' title='bbox 1268 4138 1350 4184; x_wconf 89' lang='lat' dir='ltr'><strong>est</strong></span> <span class='ocrx_word' id='word_1_332' title='bbox 1385 4130 1554 4185; x_wconf 90' lang='lat' dir='ltr'><strong>locus.</strong></span> <span class='ocrx_word' id='word_1_333' title='bbox 1592 4132 1826 4189; x_wconf 79' lang='lat' dir='ltr'><strong>Adorate</strong></span> 
     </span>
    </p>
   </div>
   <div class='ocr_carea' id='block_1_45' title="bbox 237 4212 1826 4285">
    <p class='ocr_par' dir='ltr' id='par_1_45' title="bbox 237 4212 1826 4285">
     <span class='ocr_line' id='line_1_45' title="bbox 237 4212 1826 4285; baseline 0.007 -19"><span class='ocrx_word' id='word_1_334' title='bbox 237 4212 528 4267; x_wconf 87' lang='lat' dir='ltr'><strong>Dominum</strong></span> <span class='ocrx_word' id='word_1_335' title='bbox 554 4215 607 4266; x_wconf 88' lang='lat' dir='ltr'><strong>in</strong></span> <span class='ocrx_word' id='word_1_336' title='bbox 630 4214 764 4267; x_wconf 87' lang='lat' dir='ltr'><strong>atrio</strong></span> <span class='ocrx_word' id='word_1_337' title='bbox 790 4225 972 4269; x_wconf 86' lang='lat' dir='ltr'><strong>sancto</strong></span> <span class='ocrx_word' id='word_1_338' title='bbox 994 4216 1128 4285; x_wconf 88' lang='lat' dir='ltr'><strong>ejus,</strong></span> <span class='ocrx_word' id='word_1_339' title='bbox 1162 4217 1215 4271; x_wconf 92' lang='lat' dir='ltr'><strong>id</strong></span> <span class='ocrx_word' id='word_1_340' title='bbox 1252 4227 1357 4282; x_wconf 92' lang='lat' dir='ltr'><strong>est,</strong></span> <span class='ocrx_word' id='word_1_341' title='bbox 1381 4220 1631 4276; x_wconf 90' lang='lat' dir='ltr'><strong>omnibus</strong></span> <span class='ocrx_word' id='word_1_342' title='bbox 1673 4238 1826 4277; x_wconf 90' lang='lat' dir='ltr'><strong>com-</strong></span> 
     </span>
    </p>
   </div>
   <div class='ocr_carea' id='block_1_46' title="bbox 237 4305 1830 4382">
    <p class='ocr_par' dir='ltr' id='par_1_46' title="bbox 237 4305 1830 4382">
     <span class='ocr_line' id='line_1_46' title="bbox 237 4305 1830 4382; baseline 0.008 -23"><span class='ocrx_word' id='word_1_343' title='bbox 237 4320 463 4382; x_wconf 84' lang='lat' dir='ltr'><strong>munem</strong></span> <span class='ocrx_word' id='word_1_344' title='bbox 509 4305 758 4359; x_wconf 88' lang='lat' dir='ltr'><strong>credite:</strong></span> <span class='ocrx_word' id='word_1_345' title='bbox 792 4314 847 4359; x_wconf 91' lang='lat' dir='ltr'><strong>et</strong></span> <span class='ocrx_word' id='word_1_346' title='bbox 884 4306 964 4361; x_wconf 89' lang='lat' dir='ltr'><strong>sic</strong></span> <span class='ocrx_word' id='word_1_347' title='bbox 1008 4308 1173 4361; x_wconf 91' lang='lat' dir='ltr'><strong>etiam</strong></span> <span class='ocrx_word' id='word_1_348' title='bbox 1218 4310 1368 4365; x_wconf 80' lang='lat' dir='ltr'><strong>vobis</strong></span> <span class='ocrx_word' id='word_1_349' title='bbox 1412 4313 1830 4380; x_wconf 71' lang='lat' dir='ltr'><strong>prtedicautibus</strong></span> 
     </span>
    </p>
   </div>
   <div class='ocr_carea' id='block_1_47' title="bbox 238 4395 1830 4476">
    <p class='ocr_par' dir='ltr' id='par_1_47' title="bbox 238 4395 1830 4476">
     <span class='ocr_line' id='line_1_47' title="bbox 238 4395 1830 4476; baseline 0.008 -27"><span class='ocrx_word' id='word_1_350' title='bbox 238 4395 383 4450; x_wconf 81' lang='lat' dir='ltr'><strong>alius</strong></span> <span class='ocrx_word' id='word_1_351' title='bbox 412 4404 795 4449; x_wconf 84' lang='lat' dir='ltr'><strong>commoveatur</strong></span> <span class='ocrx_word' id='word_1_352' title='bbox 824 4406 972 4451; x_wconf 89' lang='lat' dir='ltr'><strong>motu</strong></span> <span class='ocrx_word' id='word_1_353' title='bbox 1004 4398 1333 4467; x_wconf 63' lang='lat' dir='ltr'><strong>poenitentiae</strong></span> <span class='ocrx_word' id='word_1_354' title='bbox 1370 4419 1402 4454; x_wconf 81' lang='grc' dir='ltr'><em>α</em></span> <span class='ocrx_word' id='word_1_355' title='bbox 1434 4403 1569 4471; x_wconf 87' lang='lat' dir='ltr'><strong>facie</strong></span> <span class='ocrx_word' id='word_1_356' title='bbox 1611 4407 1745 4476; x_wconf 86' lang='lat' dir='ltr'><strong>ejus,</strong></span> <span class='ocrx_word' id='word_1_357' title='bbox 1776 4408 1830 4463; x_wconf 88' lang='lat' dir='ltr'><strong>itl</strong></span> 
     </span>
    </p>
   </div>
   <div class='ocr_carea' id='block_1_48' title="bbox 241 4485 1831 4566">
    <p class='ocr_par' dir='ltr' id='par_1_48' title="bbox 241 4485 1831 4566">
     <span class='ocr_line' id='line_1_48' title="bbox 241 4485 1831 4566; baseline 0.007 -24"><span class='ocrx_word' id='word_1_358' title='bbox 241 4495 350 4549; x_wconf 89' lang='grc' dir='ltr'><em>εει,</em></span> <span class='ocrx_word' id='word_1_359' title='bbox 400 4500 429 4537; x_wconf 88' lang='lat' dir='ltr'><strong>a</strong></span> <span class='ocrx_word' id='word_1_360' title='bbox 477 4486 804 4554; x_wconf 81' lang='lat' dir='ltr'><strong>cogitatione</strong></span> <span class='ocrx_word' id='word_1_361' title='bbox 848 4485 987 4555; x_wconf 83' lang='lat' dir='ltr'><strong>ejus,</strong></span> <span class='ocrx_word' id='word_1_362' title='bbox 1023 4503 1143 4556; x_wconf 71' lang='lat' dir='ltr'><strong>qute</strong></span> <span class='ocrx_word' id='word_1_363' title='bbox 1188 4505 1284 4559; x_wconf 87' lang='lat' dir='ltr'><strong>per</strong></span> <span class='ocrx_word' id='word_1_364' title='bbox 1332 4506 1430 4547; x_wconf 86' lang='lat' dir='ltr'><strong>vos</strong></span> <span class='ocrx_word' id='word_1_365' title='bbox 1478 4494 1530 4548; x_wconf 92' lang='lat' dir='ltr'><strong>in</strong></span> <span class='ocrx_word' id='word_1_366' title='bbox 1581 4498 1831 4566; x_wconf 81' lang='lat' dir='ltr'><strong>gentibus</strong></span> 
     </span>
    </p>
   </div>
   <div class='ocr_carea' id='block_1_49' title="bbox 242 4575 1832 4651">
    <p class='ocr_par' dir='ltr' id='par_1_49' title="bbox 242 4575 1832 4651">
     <span class='ocr_line' id='line_1_49' title="bbox 242 4575 1832 4651; baseline 0.007 -21"><span class='ocrx_word' id='word_1_367' title='bbox 242 4575 451 4631; x_wconf 81' lang='lat' dir='ltr'><strong>crescit</strong></span> <span class='ocrx_word' id='word_1_368' title='bbox 481 4575 532 4628; x_wconf 91' lang='lat' dir='ltr'><strong>in</strong></span> <span class='ocrx_word' id='word_1_369' title='bbox 568 4577 807 4629; x_wconf 84' lang='lat' dir='ltr'><strong>universa</strong></span> <span class='ocrx_word' id='word_1_370' title='bbox 829 4586 1004 4643; x_wconf 87' lang='lat' dir='ltr'><strong>terra;</strong></span> <span class='ocrx_word' id='word_1_371' title='bbox 1027 4588 1073 4631; x_wconf 88' lang='lat' dir='ltr'><strong>et</strong></span> <span class='ocrx_word' id='word_1_372' title='bbox 1096 4578 1251 4632; x_wconf 86' lang='lat' dir='ltr'><strong>dicite</strong></span> <span class='ocrx_word' id='word_1_373' title='bbox 1278 4581 1331 4633; x_wconf 89' lang='lat' dir='ltr'><strong>in</strong></span> <span class='ocrx_word' id='word_1_374' title='bbox 1358 4584 1615 4651; x_wconf 84' lang='lat' dir='ltr'><strong>gentibus,</strong></span> <span class='ocrx_word' id='word_1_375' title='bbox 1650 4585 1832 4641; x_wconf 88' lang='lat' dir='ltr'><strong>Domi-</strong></span> 
     </span>
    </p>
   </div>
   <div class='ocr_carea' id='block_1_50' title="bbox 245 4666 1834 4746">
    <p class='ocr_par' dir='ltr' id='par_1_50' title="bbox 245 4666 1834 4746">
     <span class='ocr_line' id='line_1_50' title="bbox 245 4666 1834 4746; baseline 0.008 -25"><span class='ocrx_word' id='word_1_376' title='bbox 245 4686 347 4722; x_wconf 83' lang='lat' dir='ltr'><strong>nus</strong></span> <span class='ocrx_word' id='word_1_377' title='bbox 384 4666 629 4737; x_wconf 79' lang='lat' dir='ltr'><strong>regnabit</strong></span> <span class='ocrx_word' id='word_1_378' title='bbox 658 4668 707 4722; x_wconf 94' lang='lat' dir='ltr'><strong>in</strong></span> <span class='ocrx_word' id='word_1_379' title='bbox 742 4668 974 4721; x_wconf 89' lang='lat' dir='ltr'><strong>adventu</strong></span> <span class='ocrx_word' id='word_1_380' title='bbox 1009 4670 1266 4734; x_wconf 87' lang='lat' dir='ltr'><strong>secundo,</strong></span> <span class='ocrx_word' id='word_1_381' title='bbox 1304 4673 1427 4741; x_wconf 88' lang='lat' dir='ltr'><strong>quia</strong></span> <span class='ocrx_word' id='word_1_382' title='bbox 1450 4672 1565 4740; x_wconf 89' lang='lat' dir='ltr'><strong>jant</strong></span> <span class='ocrx_word' id='word_1_383' title='bbox 1605 4681 1834 4746; x_wconf 79' lang='lat' dir='ltr'><strong>regnavit</strong></span> 
     </span>
    </p>
   </div>
   <div class='ocr_carea' id='block_1_51' title="bbox 246 4758 1834 4839">
    <p class='ocr_par' dir='ltr' id='par_1_51' title="bbox 246 4758 1834 4839">
     <span class='ocr_line' id='line_1_51' title="bbox 246 4758 1834 4839; baseline 0.008 -27"><span class='ocrx_word' id='word_1_384' title='bbox 246 4761 304 4813; x_wconf 89' lang='lat' dir='ltr'><strong>in</strong></span> <span class='ocrx_word' id='word_1_385' title='bbox 353 4760 589 4813; x_wconf 87' lang='lat' dir='ltr'><strong>adventu</strong></span> <span class='ocrx_word' id='word_1_386' title='bbox 635 4758 811 4827; x_wconf 89' lang='lat' dir='ltr'><strong>primo</strong></span> <span class='ocrx_word' id='word_1_387' title='bbox 865 4774 879 4812; x_wconf 88' lang='lat'><strong>:</strong></span> <span class='ocrx_word' id='word_1_388' title='bbox 934 4767 990 4813; x_wconf 91' lang='lat' dir='ltr'><strong>et</strong></span> <span class='ocrx_word' id='word_1_389' title='bbox 1031 4759 1134 4815; x_wconf 87' lang='lat' dir='ltr'><strong>hoc</strong></span> <span class='ocrx_word' id='word_1_390' title='bbox 1184 4761 1406 4818; x_wconf 77' lang='lat' dir='ltr'><strong>effectus</strong></span> <span class='ocrx_word' id='word_1_391' title='bbox 1455 4766 1679 4831; x_wconf 84' lang='lat' dir='ltr'><strong>indicat,</strong></span> <span class='ocrx_word' id='word_1_392' title='bbox 1709 4770 1834 4839; x_wconf 87' lang='lat' dir='ltr'><strong>qttia</strong></span> 
     </span>
    </p>
   </div>
   <div class='ocr_carea' id='block_1_52' title="bbox 247 4850 1838 4921">
    <p class='ocr_par' dir='ltr' id='par_1_52' title="bbox 247 4850 1838 4921">
     <span class='ocr_line' id='line_1_52' title="bbox 247 4850 1838 4921; baseline 0.009 -19"><span class='ocrx_word' id='word_1_393' title='bbox 247 4851 478 4903; x_wconf 71' lang='lat' dir='ltr'><strong>correxit</strong></span> <span class='ocrx_word' id='word_1_394' title='bbox 517 4850 691 4903; x_wconf 85' lang='lat' dir='ltr'><strong>orbem</strong></span> <span class='ocrx_word' id='word_1_395' title='bbox 736 4860 907 4915; x_wconf 70' lang='lat' dir='ltr'><strong>terrm,</strong></span> <span class='ocrx_word' id='word_1_396' title='bbox 949 4854 1038 4921; x_wconf 86' lang='lat' dir='ltr'><strong>qui</strong></span> <span class='ocrx_word' id='word_1_397' title='bbox 1084 4868 1189 4907; x_wconf 87' lang='lat' dir='ltr'><strong>non</strong></span> <span class='ocrx_word' id='word_1_398' title='bbox 1233 4858 1637 4911; x_wconf 85' lang='lat' dir='ltr'><strong>commovebitur</strong></span> <span class='ocrx_word' id='word_1_399' title='bbox 1663 4878 1693 4914; x_wconf 87' lang='lat' dir='ltr'><strong>a</strong></span> <span class='ocrx_word' id='word_1_400' title='bbox 1737 4863 1838 4917; x_wconf 89' lang='lat' dir='ltr'><strong>lide</strong></span> 
     </span>
    </p>
   </div>
   <div class='ocr_carea' id='block_1_53' title="bbox 250 4942 1840 5019">
    <p class='ocr_par' dir='ltr' id='par_1_53' title="bbox 250 4942 1840 5019">
     <span class='ocr_line' id='line_1_53' title="bbox 250 4942 1840 5019; baseline 0.008 -25"><span class='ocrx_word' id='word_1_401' title='bbox 250 4959 374 5003; x_wconf 86' lang='lat' dir='ltr'><strong>sua,</strong></span> <span class='ocrx_word' id='word_1_402' title='bbox 407 4950 463 4995; x_wconf 94' lang='lat' dir='ltr'><strong>et</strong></span> <span class='ocrx_word' id='word_1_403' title='bbox 510 4942 725 4995; x_wconf 87' lang='lat' dir='ltr'><strong>tandem</strong></span> <span class='ocrx_word' id='word_1_404' title='bbox 762 4942 1025 5011; x_wconf 85' lang='lat' dir='ltr'><strong>judicabit</strong></span> <span class='ocrx_word' id='word_1_405' title='bbox 1068 4946 1286 5013; x_wconf 82' lang='lat' dir='ltr'><strong>papulas</strong></span> <span class='ocrx_word' id='word_1_406' title='bbox 1331 4948 1386 5001; x_wconf 91' lang='lat' dir='ltr'><strong>in</strong></span> <span class='ocrx_word' id='word_1_407' title='bbox 1421 4951 1687 5019; x_wconf 76' lang='lat' dir='ltr'><strong>wquilate,</strong></span> <span class='ocrx_word' id='word_1_408' title='bbox 1717 4953 1840 5011; x_wconf 87' lang='lat' dir='ltr'><strong>uui-</strong></span> 
     </span>
    </p>
   </div>
   <div class='ocr_carea' id='block_1_54' title="bbox 252 5031 1846 5103">
    <p class='ocr_par' dir='ltr' id='par_1_54' title="bbox 252 5031 1846 5103">
     <span class='ocr_line' id='line_1_54' title="bbox 252 5031 1846 5103; baseline 0.008 -16"><span class='ocrx_word' id='word_1_409' title='bbox 252 5031 454 5100; x_wconf 88' lang='lat' dir='ltr'><strong>cuiquc</strong></span> <span class='ocrx_word' id='word_1_410' title='bbox 488 5031 717 5086; x_wconf 86' lang='lat' dir='ltr'><strong>reddens</strong></span> <span class='ocrx_word' id='word_1_411' title='bbox 739 5031 1032 5087; x_wconf 89' lang='lat' dir='ltr'><strong>secundum</strong></span> <span class='ocrx_word' id='word_1_412' title='bbox 1061 5050 1225 5103; x_wconf 86' lang='lat' dir='ltr'><strong>opera</strong></span> <span class='ocrx_word' id='word_1_413' title='bbox 1265 5051 1382 5092; x_wconf 91' lang='lat' dir='ltr'><strong>sua.</strong></span> <span class='ocrx_word' id='word_1_414' title='bbox 1413 5038 1479 5093; x_wconf 90' lang='lat' dir='ltr'><strong>Et</strong></span> <span class='ocrx_word' id='word_1_415' title='bbox 1512 5051 1635 5097; x_wconf 91' lang='lat' dir='ltr'><strong>tunc</strong></span> <span class='ocrx_word' id='word_1_416' title='bbox 1664 5043 1846 5099; x_wconf 77' lang='lat' dir='ltr'><strong>laeten-</strong></span> 
     </span>
    </p>
   </div>
   <div class='ocr_carea' id='block_1_55' title="bbox 259 5122 1848 5201">
    <p class='ocr_par' dir='ltr' id='par_1_55' title="bbox 259 5122 1848 5201">
     <span class='ocr_line' id='line_1_55' title="bbox 259 5122 1848 5201; baseline 0.01 -24"><span class='ocrx_word' id='word_1_417' title='bbox 259 5133 349 5177; x_wconf 92' lang='lat' dir='ltr'><strong>tur</strong></span> <span class='ocrx_word' id='word_1_418' title='bbox 384 5122 531 5185; x_wconf 77' lang='lat' dir='ltr'><strong>eteli,</strong></span> <span class='ocrx_word' id='word_1_419' title='bbox 576 5122 628 5176; x_wconf 91' lang='lat' dir='ltr'><strong>id</strong></span> <span class='ocrx_word' id='word_1_420' title='bbox 653 5132 756 5186; x_wconf 88' lang='lat' dir='ltr'><strong>est,</strong></span> <span class='ocrx_word' id='word_1_421' title='bbox 783 5124 982 5194; x_wconf 87' lang='lat' dir='ltr'><strong>quique</strong></span> <span class='ocrx_word' id='word_1_422' title='bbox 1019 5125 1223 5191; x_wconf 84' lang='lat' dir='ltr'><strong>ﬁdeles,</strong></span> <span class='ocrx_word' id='word_1_423' title='bbox 1252 5130 1340 5197; x_wconf 92' lang='lat' dir='ltr'><strong>qui</strong></span> <span class='ocrx_word' id='word_1_424' title='bbox 1374 5147 1471 5201; x_wconf 88' lang='lat' dir='ltr'><strong>pro</strong></span> <span class='ocrx_word' id='word_1_425' title='bbox 1502 5135 1677 5191; x_wconf 89' lang='lat' dir='ltr'><strong>nitore</strong></span> <span class='ocrx_word' id='word_1_426' title='bbox 1707 5139 1848 5193; x_wconf 87' lang='lat' dir='ltr'><strong>veri-</strong></span> 
     </span>
    </p>
   </div>
   <div class='ocr_carea' id='block_1_56' title="bbox 260 5212 1846 5299">
    <p class='ocr_par' dir='ltr' id='par_1_56' title="bbox 260 5212 1846 5299">
     <span class='ocr_line' id='line_1_56' title="bbox 260 5212 1846 5299; baseline 0.014 -35"><span class='ocrx_word' id='word_1_427' title='bbox 260 5212 391 5265; x_wconf 86' lang='lat' dir='ltr'><strong>tatis</strong></span> <span class='ocrx_word' id='word_1_428' title='bbox 419 5212 542 5266; x_wconf 79' lang='grc' dir='ltr'><em>ειεΙί</em></span> <span class='ocrx_word' id='word_1_429' title='bbox 572 5212 822 5267; x_wconf 91' lang='lat' dir='ltr'><strong>dicuntur</strong></span> <span class='ocrx_word' id='word_1_430' title='bbox 855 5231 867 5267; x_wconf 91' lang='lat'>:</span> <span class='ocrx_word' id='word_1_431' title='bbox 898 5225 946 5269; x_wconf 91' lang='lat' dir='ltr'><strong>et</strong></span> <span class='ocrx_word' id='word_1_432' title='bbox 977 5216 1193 5271; x_wconf 75' lang='lat' dir='ltr'><strong>exsultet</strong></span> <span class='ocrx_word' id='word_1_433' title='bbox 1222 5230 1363 5275; x_wconf 88' lang='lat' dir='ltr'><strong>terra</strong></span> <span class='ocrx_word' id='word_1_434' title='bbox 1390 5237 1609 5281; x_wconf 84' lang='lat' dir='ltr'><strong>vomere</strong></span> <span class='ocrx_word' id='word_1_435' title='bbox 1652 5231 1846 5299; x_wconf 74' lang='lat' dir='ltr'><strong>prtedi-</strong></span> 
     </span>
    </p>
   </div>
   <div class='ocr_carea' id='block_1_57' title="bbox 260 5304 1847 5378">
    <p class='ocr_par' dir='ltr' id='par_1_57' title="bbox 260 5304 1847 5378">
     <span class='ocr_line' id='line_1_57' title="bbox 260 5304 1847 5378; baseline 0.012 -18"><span class='ocrx_word' id='word_1_436' title='bbox 260 5304 494 5360; x_wconf 86' lang='lat' dir='ltr'><strong>cationis</strong></span> <span class='ocrx_word' id='word_1_437' title='bbox 536 5305 672 5360; x_wconf 87' lang='lat' dir='ltr'><strong>bene</strong></span> <span class='ocrx_word' id='word_1_438' title='bbox 718 5306 893 5372; x_wconf 87' lang='lat' dir='ltr'><strong>culta;</strong></span> <span class='ocrx_word' id='word_1_439' title='bbox 947 5317 1001 5361; x_wconf 89' lang='lat' dir='ltr'><strong>et</strong></span> <span class='ocrx_word' id='word_1_440' title='bbox 1049 5318 1178 5365; x_wconf 93' lang='lat' dir='ltr'><strong>tunc</strong></span> <span class='ocrx_word' id='word_1_441' title='bbox 1209 5327 1592 5372; x_wconf 84' lang='lat' dir='ltr'><strong>commoveatur</strong></span> <span class='ocrx_word' id='word_1_442' title='bbox 1627 5337 1771 5377; x_wconf 89' lang='lat' dir='ltr'><strong>mare</strong></span> <span class='ocrx_word' id='word_1_443' title='bbox 1800 5334 1847 5378; x_wconf 91' lang='lat' dir='ltr'><strong>et</strong></span> 
     </span>
    </p>
   </div>
   <div class='ocr_carea' id='block_1_58' title="bbox 262 5394 1850 5476">
    <p class='ocr_par' dir='ltr' id='par_1_58' title="bbox 262 5394 1850 5476">
     <span class='ocr_line' id='line_1_58' title="bbox 262 5394 1850 5476; baseline 0.016 -34"><span class='ocrx_word' id='word_1_444' title='bbox 262 5394 533 5460; x_wconf 83' lang='lat' dir='ltr'><strong>plenitudo</strong></span> <span class='ocrx_word' id='word_1_445' title='bbox 554 5395 688 5464; x_wconf 84' lang='lat' dir='ltr'><strong>ejus,</strong></span> <span class='ocrx_word' id='word_1_446' title='bbox 718 5396 769 5450; x_wconf 91' lang='lat' dir='ltr'><strong>id</strong></span> <span class='ocrx_word' id='word_1_447' title='bbox 796 5405 898 5463; x_wconf 91' lang='grc' dir='ltr'><em>εει,</em></span> <span class='ocrx_word' id='word_1_448' title='bbox 922 5399 1108 5453; x_wconf 64' lang='lat' dir='ltr'><strong>salviat</strong></span> <span class='ocrx_word' id='word_1_449' title='bbox 1134 5402 1349 5471; x_wconf 79' lang='lat' dir='ltr'><strong>gentilis</strong></span> <span class='ocrx_word' id='word_1_450' title='bbox 1372 5407 1598 5476; x_wconf 89' lang='lat' dir='ltr'><strong>populus</strong></span> <span class='ocrx_word' id='word_1_451' title='bbox 1627 5420 1681 5465; x_wconf 85' lang='lat' dir='ltr'><strong>et</strong></span> <span class='ocrx_word' id='word_1_452' title='bbox 1704 5428 1850 5468; x_wconf 87' lang='lat' dir='ltr'><strong>com-</strong></span> 
     </span>
    </p>
   </div>
   <div class='ocr_carea' id='block_1_59' title="bbox 265 5484 1856 5565">
    <p class='ocr_par' dir='ltr' id='par_1_59' title="bbox 265 5484 1856 5565">
     <span class='ocr_line' id='line_1_59' title="bbox 265 5484 1856 5565; baseline 0.016 -29"><span class='ocrx_word' id='word_1_453' title='bbox 265 5484 434 5554; x_wconf 85' lang='lat' dir='ltr'><strong>plices</strong></span> <span class='ocrx_word' id='word_1_454' title='bbox 467 5487 573 5546; x_wconf 84' lang='lat' dir='ltr'><strong>sui.</strong></span> <span class='ocrx_word' id='word_1_455' title='bbox 598 5496 773 5542; x_wconf 88' lang='lat' dir='ltr'><strong>tamen</strong></span> <span class='ocrx_word' id='word_1_456' title='bbox 800 5490 1098 5559; x_wconf 88' lang='lat' dir='ltr'><strong>gaudebunt</strong></span> <span class='ocrx_word' id='word_1_457' title='bbox 1122 5496 1313 5563; x_wconf 89' lang='lat' dir='ltr'><strong>campi,</strong></span> <span class='ocrx_word' id='word_1_458' title='bbox 1344 5495 1395 5550; x_wconf 93' lang='lat' dir='ltr'><strong>id</strong></span> <span class='ocrx_word' id='word_1_459' title='bbox 1423 5509 1525 5565; x_wconf 91' lang='lat' dir='ltr'><strong>est,</strong></span> <span class='ocrx_word' id='word_1_460' title='bbox 1549 5501 1778 5561; x_wconf 74' lang='lat' dir='ltr'><strong>humiles</strong></span> <span class='ocrx_word' id='word_1_461' title='bbox 1800 5516 1856 5561; x_wconf 93' lang='lat' dir='ltr'><strong>et</strong></span> 
     </span>
    </p>
   </div>
   <div class='ocr_carea' id='block_1_60' title="bbox 266 5573 1851 5663">
    <p class='ocr_par' dir='ltr' id='par_1_60' title="bbox 266 5573 1851 5663">
     <span class='ocr_line' id='line_1_60' title="bbox 266 5573 1851 5663; baseline 0.016 -35"><span class='ocrx_word' id='word_1_462' title='bbox 266 5574 408 5628; x_wconf 81' lang='lat' dir='ltr'><strong>bene</strong></span> <span class='ocrx_word' id='word_1_463' title='bbox 438 5573 825 5635; x_wconf 83' lang='lat' dir='ltr'><strong>fructiﬁcantcs</strong></span> <span class='ocrx_word' id='word_1_464' title='bbox 853 5598 864 5633; x_wconf 90' lang='lat'><strong>:</strong></span> <span class='ocrx_word' id='word_1_465' title='bbox 901 5592 947 5635; x_wconf 86' lang='lat' dir='ltr'><strong>et</strong></span> <span class='ocrx_word' id='word_1_466' title='bbox 975 5585 1150 5638; x_wconf 89' lang='lat' dir='ltr'><strong>omnia</strong></span> <span class='ocrx_word' id='word_1_467' title='bbox 1176 5603 1293 5655; x_wconf 77' lang='lat' dir='ltr'><strong>qua:</strong></span> <span class='ocrx_word' id='word_1_468' title='bbox 1315 5588 1369 5641; x_wconf 88' lang='lat' dir='ltr'><strong>in</strong></span> <span class='ocrx_word' id='word_1_469' title='bbox 1401 5590 1475 5643; x_wconf 87' lang='lat' dir='ltr'><strong>eis</strong></span> <span class='ocrx_word' id='word_1_470' title='bbox 1496 5605 1636 5660; x_wconf 89' lang='lat' dir='ltr'><strong>sunt,</strong></span> <span class='ocrx_word' id='word_1_471' title='bbox 1665 5596 1720 5651; x_wconf 90' lang='lat' dir='ltr'><strong>id</strong></span> <span class='ocrx_word' id='word_1_472' title='bbox 1748 5609 1851 5663; x_wconf 87' lang='lat' dir='ltr'><strong>est,</strong></span> 
     </span>
    </p>
   </div>
   <div class='ocr_carea' id='block_1_61' title="bbox 268 5667 1855 5755">
    <p class='ocr_par' dir='ltr' id='par_1_61' title="bbox 268 5667 1855 5755">
     <span class='ocr_line' id='line_1_61' title="bbox 268 5667 1855 5755; baseline 0.015 -36"><span class='ocrx_word' id='word_1_473' title='bbox 268 5667 455 5719; x_wconf 71' lang='lat' dir='ltr'><strong>(Militia</strong></span> <span class='ocrx_word' id='word_1_474' title='bbox 484 5683 646 5736; x_wconf 78' lang='lat' dir='ltr'><strong>opera</strong></span> <span class='ocrx_word' id='word_1_475' title='bbox 679 5685 866 5725; x_wconf 86' lang='lat' dir='ltr'><strong>eorum</strong></span> <span class='ocrx_word' id='word_1_476' title='bbox 910 5676 1236 5744; x_wconf 83' lang='lat' dir='ltr'><strong>gaudebunt,</strong></span> <span class='ocrx_word' id='word_1_477' title='bbox 1268 5678 1320 5733; x_wconf 92' lang='lat' dir='ltr'><strong>id</strong></span> <span class='ocrx_word' id='word_1_478' title='bbox 1350 5693 1452 5745; x_wconf 87' lang='grc' dir='ltr'><em>εει,</em></span> <span class='ocrx_word' id='word_1_479' title='bbox 1494 5697 1588 5738; x_wconf 90' lang='lat' dir='ltr'><strong>eos</strong></span> <span class='ocrx_word' id='word_1_480' title='bbox 1623 5688 1855 5755; x_wconf 86' lang='lat' dir='ltr'><strong>gaudere</strong></span> 
     </span>
    </p>
   </div>
   <div class='ocr_carea' id='block_1_62' title="bbox 270 5758 1855 5843">
    <p class='ocr_par' dir='ltr' id='par_1_62' title="bbox 270 5758 1855 5843">
     <span class='ocr_line' id='line_1_62' title="bbox 270 5758 1855 5843; baseline 0.016 -31"><span class='ocrx_word' id='word_1_481' title='bbox 270 5758 493 5827; x_wconf 87' lang='lat' dir='ltr'><strong>facient,</strong></span> <span class='ocrx_word' id='word_1_482' title='bbox 524 5764 775 5832; x_wconf 88' lang='lat' dir='ltr'><strong>quoniant</strong></span> <span class='ocrx_word' id='word_1_483' title='bbox 807 5766 1010 5822; x_wconf 89' lang='lat' dir='ltr'><strong>nullum</strong></span> <span class='ocrx_word' id='word_1_484' title='bbox 1051 5768 1247 5825; x_wconf 86' lang='lat' dir='ltr'><strong>bonum</strong></span> <span class='ocrx_word' id='word_1_485' title='bbox 1290 5788 1424 5843; x_wconf 91' lang='lat' dir='ltr'><strong>opus</strong></span> <span class='ocrx_word' id='word_1_486' title='bbox 1455 5790 1639 5831; x_wconf 87' lang='lat' dir='ltr'><strong>eorum</strong></span> <span class='ocrx_word' id='word_1_487' title='bbox 1686 5795 1855 5836; x_wconf 82' lang='lat' dir='ltr'><strong>rema-</strong></span> 
     </span>
    </p>
   </div>
   <div class='ocr_carea' id='block_1_63' title="bbox 1860 4540 1914 4602">
    <p class='ocr_par' dir='ltr' id='par_1_63' title="bbox 1860 4540 1914 4602">
     <span class='ocr_line' id='line_1_63' title="bbox 1860 4540 1914 4602; baseline 0 -2"><span class='ocrx_word' id='word_1_488' title='bbox 1860 4540 1914 4602; x_wconf 90' lang='lat' dir='ltr'><strong>D</strong></span> 
     </span>
    </p>
   </div>
   <div class='ocr_carea' id='block_1_64' title="bbox 1868 571 3452 642">
    <p class='ocr_par' dir='ltr' id='par_1_64' title="bbox 1868 571 3452 642">
     <span class='ocr_line' id='line_1_64' title="bbox 1868 571 3452 642; baseline 0.002 -17"><span class='ocrx_word' id='word_1_489' title='bbox 1868 571 1994 625; x_wconf 89' lang='lat' dir='ltr'><strong>bunt</strong></span> <span class='ocrx_word' id='word_1_490' title='bbox 2045 574 2220 626; x_wconf 89' lang='lat' dir='ltr'><strong>omnia</strong></span> <span class='ocrx_word' id='word_1_491' title='bbox 2267 572 2410 642; x_wconf 89' lang='lat' dir='ltr'><strong>ligna</strong></span> <span class='ocrx_word' id='word_1_492' title='bbox 2464 571 2755 637; x_wconf 88' lang='lat' dir='ltr'><strong>silvarum,</strong></span> <span class='ocrx_word' id='word_1_493' title='bbox 2806 572 2859 627; x_wconf 90' lang='lat' dir='ltr'><strong>in</strong></span> <span class='ocrx_word' id='word_1_494' title='bbox 2916 573 3205 628; x_wconf 74' lang='lat' dir='ltr'><strong>tedillcium</strong></span> <span class='ocrx_word' id='word_1_495' title='bbox 3256 576 3452 628; x_wconf 87' lang='lat' dir='ltr'><strong>domus</strong></span> 
     </span>
    </p>
   </div>
   <div class='ocr_carea' id='block_1_65' title="bbox 1868 661 3454 738">
    <p class='ocr_par' dir='ltr' id='par_1_65' title="bbox 1868 661 3454 738">
     <span class='ocr_line' id='line_1_65' title="bbox 1868 661 3454 738; baseline 0.004 -23"><span class='ocrx_word' id='word_1_496' title='bbox 1868 661 2080 718; x_wconf 89' lang='lat' dir='ltr'><strong>Domini</strong></span> <span class='ocrx_word' id='word_1_497' title='bbox 2110 672 2406 734; x_wconf 88' lang='lat' dir='ltr'><strong>assumpta.</strong></span> <span class='ocrx_word' id='word_1_498' title='bbox 2432 664 2599 735; x_wconf 86' lang='lat' dir='ltr'><strong>Ligna</strong></span> <span class='ocrx_word' id='word_1_499' title='bbox 2642 665 2900 720; x_wconf 87' lang='lat' dir='ltr'><strong>silvarum</strong></span> <span class='ocrx_word' id='word_1_500' title='bbox 2927 675 3052 720; x_wconf 90' lang='lat' dir='ltr'><strong>sunt</strong></span> <span class='ocrx_word' id='word_1_501' title='bbox 3082 666 3332 737; x_wconf 84' lang='lat' dir='ltr'><strong>gentiles,</strong></span> <span class='ocrx_word' id='word_1_502' title='bbox 3359 668 3454 738; x_wconf 90' lang='lat' dir='ltr'><strong>qui</strong></span> 
     </span>
    </p>
   </div>
   <div class='ocr_carea' id='block_1_66' title="bbox 1870 755 3457 827">
    <p class='ocr_par' dir='ltr' id='par_1_66' title="bbox 1870 755 3457 827">
     <span class='ocr_line' id='line_1_66' title="bbox 1870 755 3457 827; baseline 0.002 -18"><span class='ocrx_word' id='word_1_503' title='bbox 1870 755 2019 827; x_wconf 87' lang='lat' dir='ltr'><strong>prius</strong></span> <span class='ocrx_word' id='word_1_504' title='bbox 2062 757 2216 826; x_wconf 87' lang='lat' dir='ltr'><strong>quasi</strong></span> <span class='ocrx_word' id='word_1_505' title='bbox 2244 755 2379 810; x_wconf 88' lang='lat' dir='ltr'><strong>silva</strong></span> <span class='ocrx_word' id='word_1_506' title='bbox 2407 755 2644 822; x_wconf 87' lang='lat' dir='ltr'><strong>fuerunt,</strong></span> <span class='ocrx_word' id='word_1_507' title='bbox 2677 772 2707 811; x_wconf 91' lang='lat' dir='ltr'><strong>a</strong></span> <span class='ocrx_word' id='word_1_508' title='bbox 2738 756 2883 811; x_wconf 90' lang='lat' dir='ltr'><strong>nullo</strong></span> <span class='ocrx_word' id='word_1_509' title='bbox 2911 756 3161 811; x_wconf 85' lang='lat' dir='ltr'><strong>videlicet</strong></span> <span class='ocrx_word' id='word_1_510' title='bbox 3186 757 3338 820; x_wconf 85' lang='lat' dir='ltr'><strong>culti,</strong></span> <span class='ocrx_word' id='word_1_511' title='bbox 3361 758 3457 812; x_wconf 90' lang='lat' dir='ltr'><strong>sed</strong></span> 
     </span>
    </p>
   </div>
   <div class='ocr_carea' id='block_1_67' title="bbox 1871 845 3457 913">
    <p class='ocr_par' dir='ltr' id='par_1_67' title="bbox 1871 845 3457 913">
     <span class='ocr_line' id='line_1_67' title="bbox 1871 845 3457 913; baseline 0.001 -15"><span class='ocrx_word' id='word_1_512' title='bbox 1871 845 2083 913; x_wconf 65' lang='lat' dir='ltr'><strong>prtecisi</strong></span> <span class='ocrx_word' id='word_1_513' title='bbox 2106 853 2230 899; x_wconf 88' lang='lat' dir='ltr'><strong>sunt</strong></span> <span class='ocrx_word' id='word_1_514' title='bbox 2253 845 2320 900; x_wconf 90' lang='lat' dir='ltr'><strong>de</strong></span> <span class='ocrx_word' id='word_1_515' title='bbox 2345 845 2600 911; x_wconf 87' lang='lat' dir='ltr'><strong>oleastro,</strong></span> <span class='ocrx_word' id='word_1_516' title='bbox 2628 854 2683 900; x_wconf 91' lang='lat' dir='ltr'><strong>et</strong></span> <span class='ocrx_word' id='word_1_517' title='bbox 2708 846 2897 901; x_wconf 88' lang='lat' dir='ltr'><strong>inserti</strong></span> <span class='ocrx_word' id='word_1_518' title='bbox 2921 848 2972 900; x_wconf 92' lang='lat' dir='ltr'><strong>in</strong></span> <span class='ocrx_word' id='word_1_519' title='bbox 2998 846 3194 901; x_wconf 84' lang='lat' dir='ltr'><strong>olivam</strong></span> <span class='ocrx_word' id='word_1_520' title='bbox 3218 848 3412 901; x_wconf 89' lang='lat' dir='ltr'><strong>bonam</strong></span> <span class='ocrx_word' id='word_1_521' title='bbox 3439 864 3457 911; x_wconf 86' lang='lat'><strong>;</strong></span> 
     </span>
    </p>
   </div>
   <div class='ocr_carea' id='block_1_68' title="bbox 1874 935 3462 1007">
    <p class='ocr_par' dir='ltr' id='par_1_68' title="bbox 1874 935 3462 1007">
     <span class='ocr_line' id='line_1_68' title="bbox 1874 935 3462 1007; baseline 0.001 -19"><span class='ocrx_word' id='word_1_522' title='bbox 1874 942 1929 989; x_wconf 89' lang='lat' dir='ltr'><strong>et</strong></span> <span class='ocrx_word' id='word_1_523' title='bbox 1948 935 2067 990; x_wconf 89' lang='lat' dir='ltr'><strong>ideo</strong></span> <span class='ocrx_word' id='word_1_524' title='bbox 2085 935 2433 990; x_wconf 81' lang='lat' dir='ltr'><strong>exsultabunt</strong></span> <span class='ocrx_word' id='word_1_525' title='bbox 2460 937 2674 991; x_wconf 87' lang='lat' dir='ltr'><strong>tandem</strong></span> <span class='ocrx_word' id='word_1_526' title='bbox 2703 954 2735 990; x_wconf 92' lang='lat' dir='ltr'><strong>a</strong></span> <span class='ocrx_word' id='word_1_527' title='bbox 2765 936 2902 1005; x_wconf 87' lang='lat' dir='ltr'><strong>facie</strong></span> <span class='ocrx_word' id='word_1_528' title='bbox 2928 937 3141 991; x_wconf 87' lang='lat' dir='ltr'><strong>Domini</strong></span> <span class='ocrx_word' id='word_1_529' title='bbox 3174 939 3299 1007; x_wconf 88' lang='lat' dir='ltr'><strong>quia</strong></span> <span class='ocrx_word' id='word_1_530' title='bbox 3324 938 3462 990; x_wconf 87' lang='lat' dir='ltr'><strong>venit</strong></span> 
     </span>
    </p>
   </div>
   <div class='ocr_carea' id='block_1_69' title="bbox 1877 1023 3463 1094">
    <p class='ocr_par' dir='ltr' id='par_1_69' title="bbox 1877 1023 3463 1094">
     <span class='ocr_line' id='line_1_69' title="bbox 1877 1023 3463 1094; baseline 0.001 -18"><span class='ocrx_word' id='word_1_531' title='bbox 1877 1023 2053 1094; x_wconf 88' lang='lat' dir='ltr'><strong>primo</strong></span> <span class='ocrx_word' id='word_1_532' title='bbox 2082 1024 2313 1078; x_wconf 90' lang='lat' dir='ltr'><strong>adventu</strong></span> <span class='ocrx_word' id='word_1_533' title='bbox 2342 1024 2476 1079; x_wconf 90' lang='lat' dir='ltr'><strong>dans</strong></span> <span class='ocrx_word' id='word_1_534' title='bbox 2504 1024 2930 1079; x_wconf 88' lang='lat' dir='ltr'><strong>misericordiam</strong></span> <span class='ocrx_word' id='word_1_535' title='bbox 2956 1041 2970 1089; x_wconf 92' lang='lat'><strong>;</strong></span> <span class='ocrx_word' id='word_1_536' title='bbox 3014 1034 3068 1078; x_wconf 90' lang='lat' dir='ltr'><strong>et</strong></span> <span class='ocrx_word' id='word_1_537' title='bbox 3095 1024 3463 1088; x_wconf 79' lang='lat' dir='ltr'><strong>exsultabunt,</strong></span> 
     </span>
    </p>
   </div>
   <div class='ocr_carea' id='block_1_70' title="bbox 1879 1113 3462 1182">
    <p class='ocr_par' dir='ltr' id='par_1_70' title="bbox 1879 1113 3462 1182">
     <span class='ocr_line' id='line_1_70' title="bbox 1879 1113 3462 1182; baseline 0.001 -15"><span class='ocrx_word' id='word_1_538' title='bbox 1879 1114 2095 1182; x_wconf 87' lang='lat' dir='ltr'><strong>quando</strong></span> <span class='ocrx_word' id='word_1_539' title='bbox 2124 1114 2176 1166; x_wconf 88' lang='lat' dir='ltr'><strong>itt</strong></span> <span class='ocrx_word' id='word_1_540' title='bbox 2212 1113 2447 1168; x_wconf 91' lang='lat' dir='ltr'><strong>secundo</strong></span> <span class='ocrx_word' id='word_1_541' title='bbox 2482 1113 2711 1167; x_wconf 88' lang='lat' dir='ltr'><strong>adventu</strong></span> <span class='ocrx_word' id='word_1_542' title='bbox 2757 1114 2937 1168; x_wconf 88' lang='lat' dir='ltr'><strong>veniet</strong></span> <span class='ocrx_word' id='word_1_543' title='bbox 2974 1113 3222 1182; x_wconf 88' lang='lat' dir='ltr'><strong>judicare</strong></span> <span class='ocrx_word' id='word_1_544' title='bbox 3246 1122 3462 1181; x_wconf 89' lang='lat' dir='ltr'><strong>terram,</strong></span> 
     </span>
    </p>
   </div>
   <div class='ocr_carea' id='block_1_71' title="bbox 1881 1202 3470 1271">
    <p class='ocr_par' dir='ltr' id='par_1_71' title="bbox 1881 1202 3470 1271">
     <span class='ocr_line' id='line_1_71' title="bbox 1881 1202 3470 1271; baseline -0.001 -13"><span class='ocrx_word' id='word_1_545' title='bbox 1881 1212 1937 1258; x_wconf 89' lang='lat' dir='ltr'><strong>et</strong></span> <span class='ocrx_word' id='word_1_546' title='bbox 1962 1211 2087 1257; x_wconf 89' lang='lat' dir='ltr'><strong>tunc</strong></span> <span class='ocrx_word' id='word_1_547' title='bbox 2122 1203 2388 1271; x_wconf 86' lang='lat' dir='ltr'><strong>judicabit</strong></span> <span class='ocrx_word' id='word_1_548' title='bbox 2436 1202 2613 1255; x_wconf 89' lang='lat' dir='ltr'><strong>orbem</strong></span> <span class='ocrx_word' id='word_1_549' title='bbox 2658 1212 2832 1267; x_wconf 70' lang='lat' dir='ltr'><strong>terror,</strong></span> <span class='ocrx_word' id='word_1_550' title='bbox 2880 1202 2934 1255; x_wconf 89' lang='lat' dir='ltr'><strong>id</strong></span> <span class='ocrx_word' id='word_1_551' title='bbox 2966 1210 3071 1265; x_wconf 88' lang='grc' dir='ltr'><em>εει,</em></span> <span class='ocrx_word' id='word_1_552' title='bbox 3116 1202 3470 1271; x_wconf 83' lang='lat' dir='ltr'><strong>perfectiores</strong></span> 
     </span>
    </p>
   </div>
   <div class='ocr_carea' id='block_1_72' title="bbox 1884 1292 3467 1363">
    <p class='ocr_par' dir='ltr' id='par_1_72' title="bbox 1884 1292 3467 1363">
     <span class='ocr_line' id='line_1_72' title="bbox 1884 1292 3467 1363; baseline -0.001 -16"><span class='ocrx_word' id='word_1_553' title='bbox 1884 1308 2020 1363; x_wconf 91' lang='lat' dir='ltr'><strong>quos</strong></span> <span class='ocrx_word' id='word_1_554' title='bbox 2046 1292 2336 1361; x_wconf 87' lang='lat' dir='ltr'><strong>assumpsit</strong></span> <span class='ocrx_word' id='word_1_555' title='bbox 2374 1292 2439 1346; x_wconf 88' lang='lat' dir='ltr'><strong>de</strong></span> <span class='ocrx_word' id='word_1_556' title='bbox 2467 1299 2634 1355; x_wconf 78' lang='lat' dir='ltr'><strong>terra,</strong></span> <span class='ocrx_word' id='word_1_557' title='bbox 2678 1292 2735 1345; x_wconf 89' lang='lat' dir='ltr'><strong>in</strong></span> <span class='ocrx_word' id='word_1_558' title='bbox 2779 1292 3020 1361; x_wconf 73' lang='lat' dir='ltr'><strong>wquitate</strong></span> <span class='ocrx_word' id='word_1_559' title='bbox 3067 1308 3164 1347; x_wconf 89' lang='lat' dir='ltr'><strong>sua</strong></span> <span class='ocrx_word' id='word_1_560' title='bbox 3204 1308 3297 1347; x_wconf 91' lang='lat' dir='ltr'><strong>eos</strong></span> <span class='ocrx_word' id='word_1_561' title='bbox 3326 1293 3467 1347; x_wconf 89' lang='lat' dir='ltr'><strong>reci-</strong></span> 
     </span>
    </p>
   </div>
   <div class='ocr_carea' id='block_1_73' title="bbox 1886 1380 3470 1452">
    <p class='ocr_par' dir='ltr' id='par_1_73' title="bbox 1886 1380 3470 1452">
     <span class='ocr_line' id='line_1_73' title="bbox 1886 1380 3470 1452; baseline -0.001 -17"><span class='ocrx_word' id='word_1_562' title='bbox 1886 1382 2100 1452; x_wconf 87' lang='lat' dir='ltr'><strong>piendo,</strong></span> <span class='ocrx_word' id='word_1_563' title='bbox 2126 1382 2179 1436; x_wconf 89' lang='lat' dir='ltr'><strong>id</strong></span> <span class='ocrx_word' id='word_1_564' title='bbox 2205 1390 2309 1446; x_wconf 90' lang='lat' dir='ltr'><strong>est,</strong></span> <span class='ocrx_word' id='word_1_565' title='bbox 2332 1380 2495 1450; x_wconf 89' lang='lat' dir='ltr'><strong>justis</strong></span> <span class='ocrx_word' id='word_1_566' title='bbox 2516 1381 2629 1436; x_wconf 89' lang='lat' dir='ltr'><strong>suis</strong></span> <span class='ocrx_word' id='word_1_567' title='bbox 2657 1394 2750 1435; x_wconf 91' lang='lat' dir='ltr'><strong>eos</strong></span> <span class='ocrx_word' id='word_1_568' title='bbox 2778 1380 3127 1446; x_wconf 87' lang='lat' dir='ltr'><strong>associando;</strong></span> <span class='ocrx_word' id='word_1_569' title='bbox 3163 1391 3208 1435; x_wconf 90' lang='lat' dir='ltr'><strong>et</strong></span> <span class='ocrx_word' id='word_1_570' title='bbox 3230 1380 3470 1451; x_wconf 84' lang='lat' dir='ltr'><strong>populos.</strong></span> 
     </span>
    </p>
   </div>
   <div class='ocr_carea' id='block_1_74' title="bbox 1889 1468 3475 1541">
    <p class='ocr_par' dir='ltr' id='par_1_74' title="bbox 1889 1468 3475 1541">
     <span class='ocr_line' id='line_1_74' title="bbox 1889 1468 3475 1541; baseline -0.001 -17"><span class='ocrx_word' id='word_1_571' title='bbox 1889 1469 2193 1525; x_wconf 87' lang='lat' dir='ltr'><strong>incredulos</strong></span> <span class='ocrx_word' id='word_1_572' title='bbox 2234 1470 2486 1525; x_wconf 89' lang='lat' dir='ltr'><strong>videlicet</strong></span> <span class='ocrx_word' id='word_1_573' title='bbox 2530 1469 2791 1541; x_wconf 89' lang='lat' dir='ltr'><strong>judicabit</strong></span> <span class='ocrx_word' id='word_1_574' title='bbox 2830 1469 2884 1523; x_wconf 92' lang='lat' dir='ltr'><strong>iu</strong></span> <span class='ocrx_word' id='word_1_575' title='bbox 2916 1470 3131 1525; x_wconf 81' lang='lat' dir='ltr'><strong>veritate</strong></span> <span class='ocrx_word' id='word_1_576' title='bbox 3169 1485 3287 1535; x_wconf 87' lang='lat' dir='ltr'><strong>sua,</strong></span> <span class='ocrx_word' id='word_1_577' title='bbox 3332 1468 3475 1525; x_wconf 82' lang='lat' dir='ltr'><strong>&#39;usto</strong></span> 
     </span>
    </p>
   </div>
   <div class='ocr_carea' id='block_1_75' title="bbox 1894 1556 2566 1627">
    <p class='ocr_par' dir='ltr' id='par_1_75' title="bbox 1894 1556 2566 1627">
     <span class='ocr_line' id='line_1_75' title="bbox 1894 1556 2566 1627; baseline -0.004 -12"><span class='ocrx_word' id='word_1_578' title='bbox 1894 1574 1989 1615; x_wconf 90' lang='lat' dir='ltr'><strong>cos</strong></span> <span class='ocrx_word' id='word_1_579' title='bbox 2008 1556 2212 1627; x_wconf 89' lang='lat' dir='ltr'><strong>judicio</strong></span> <span class='ocrx_word' id='word_1_580' title='bbox 2241 1559 2566 1613; x_wconf 88' lang='lat' dir='ltr'><strong>damnando.</strong></span> 
     </span>
    </p>
   </div>
   <div class='ocr_carea' id='block_1_76' title="bbox 2410 1667 2952 1724">
    <p class='ocr_par' dir='ltr' id='par_1_76' title="bbox 2410 1667 2952 1724">
     <span class='ocr_line' id='line_1_76' title="bbox 2410 1667 2952 1724; baseline -0.004 0"><span class='ocrx_word' id='word_1_581' title='bbox 2410 1667 2731 1724; x_wconf 83' lang='lat' dir='ltr'><strong>PSALMUS</strong></span> <span class='ocrx_word' id='word_1_582' title='bbox 2770 1667 2952 1723; x_wconf 76' lang='lat' dir='ltr'><strong>XCVI.</strong></span> 
     </span>
    </p>
   </div>
   <div class='ocr_carea' id='block_1_77' title="bbox 1894 1770 3478 1824">
    <p class='ocr_par' dir='ltr' id='par_1_77' title="bbox 1894 1770 3478 1824">
     <span class='ocr_line' id='line_1_77' title="bbox 1894 1770 3478 1824; baseline -0.003 -9"><span class='ocrx_word' id='word_1_583' title='bbox 1894 1774 2129 1816; x_wconf 78' lang='lat' dir='ltr'><strong>PSALIIUS</strong></span> <span class='ocrx_word' id='word_1_584' title='bbox 2155 1775 2257 1815; x_wconf 81' lang='lat' dir='ltr'><strong>lPSl</strong></span> <span class='ocrx_word' id='word_1_585' title='bbox 2286 1775 2465 1824; x_wconf 75' lang='grc' dir='ltr'><em>ωινω,</em></span> <span class='ocrx_word' id='word_1_586' title='bbox 2496 1774 2707 1822; x_wconf 72' lang='lat' dir='ltr'><strong>QUANDO</strong></span> <span class='ocrx_word' id='word_1_587' title='bbox 2735 1774 2910 1813; x_wconf 71' lang='lat' dir='ltr'><strong>TEBRA</strong></span> <span class='ocrx_word' id='word_1_588' title='bbox 2940 1774 2993 1812; x_wconf 81' lang='lat' dir='ltr'><strong>El</strong></span> <span class='ocrx_word' id='word_1_589' title='bbox 3022 1771 3329 1813; x_wconf 72' lang='lat' dir='ltr'><strong>RESTITUTA</strong></span> <span class='ocrx_word' id='word_1_590' title='bbox 3358 1770 3478 1813; x_wconf 75' lang='lat' dir='ltr'><strong>EST.</strong></span> 
     </span>
    </p>
   </div>
   <div class='ocr_carea' id='block_1_78' title="bbox 1973 1868 3483 1940">
    <p class='ocr_par' dir='ltr' id='par_1_78' title="bbox 1973 1868 3483 1940">
     <span class='ocr_line' id='line_1_78' title="bbox 1973 1868 3483 1940; baseline -0.001 -17"><span class='ocrx_word' id='word_1_591' title='bbox 1973 1889 1992 1923; x_wconf 85' lang='lat' dir='ltr'><strong>t</strong></span> <span class='ocrx_word' id='word_1_592' title='bbox 2033 1870 2291 1925; x_wconf 90' lang='lat' dir='ltr'><strong>Dominus</strong></span> <span class='ocrx_word' id='word_1_593' title='bbox 2334 1870 2601 1940; x_wconf 81' lang='lat' dir='ltr'><strong>regnavit,</strong></span> <span class='ocrx_word' id='word_1_594' title='bbox 2645 1869 2878 1924; x_wconf 80' lang='lat' dir='ltr'><strong>exsultet</strong></span> <span class='ocrx_word' id='word_1_595' title='bbox 2919 1877 3079 1932; x_wconf 89' lang='lat' dir='ltr'><strong>terra,</strong></span> <span class='ocrx_word' id='word_1_596' title='bbox 3112 1868 3357 1922; x_wconf 63' lang='lat' dir='ltr'><strong>laetentur</strong></span> <span class='ocrx_word' id='word_1_597' title='bbox 3402 1868 3483 1922; x_wconf 83' lang='lat' dir='ltr'><strong>in—</strong></span> 
     </span>
    </p>
   </div>
   <div class='ocr_carea' id='block_1_79' title="bbox 1902 1960 3485 2032">
    <p class='ocr_par' dir='ltr' id='par_1_79' title="bbox 1902 1960 3485 2032">
     <span class='ocr_line' id='line_1_79' title="bbox 1902 1960 3485 2032; baseline -0.001 -17"><span class='ocrx_word' id='word_1_598' title='bbox 1902 1981 1921 2015; x_wconf 84' lang='grc' dir='ltr'><strong>ι</strong></span> <span class='ocrx_word' id='word_1_599' title='bbox 1967 1963 2098 2018; x_wconf 81' lang='lat' dir='ltr'><strong>sulae</strong></span> <span class='ocrx_word' id='word_1_600' title='bbox 2136 1962 2336 2017; x_wconf 64' lang='lat' dir='ltr'><strong>multat.</strong></span> <span class='ocrx_word' id='word_1_601' title='bbox 2360 1962 2542 2017; x_wconf 84' lang='lat' dir='ltr'><strong>Nubes</strong></span> <span class='ocrx_word' id='word_1_602' title='bbox 2570 1971 2626 2017; x_wconf 87' lang='lat' dir='ltr'><strong>et</strong></span> <span class='ocrx_word' id='word_1_603' title='bbox 2663 1961 2837 2032; x_wconf 87' lang='lat' dir='ltr'><strong>caligo</strong></span> <span class='ocrx_word' id='word_1_604' title='bbox 2884 1962 2938 2017; x_wconf 92' lang='lat' dir='ltr'><strong>in</strong></span> <span class='ocrx_word' id='word_1_605' title='bbox 2966 1962 3197 2017; x_wconf 91' lang='lat' dir='ltr'><strong>circuitu</strong></span> <span class='ocrx_word' id='word_1_606' title='bbox 3228 1960 3366 2031; x_wconf 87' lang='lat' dir='ltr'><strong>ejus,</strong></span> <span class='ocrx_word' id='word_1_607' title='bbox 3394 1960 3485 2030; x_wconf 87' lang='lat' dir='ltr'><strong>ju-</strong></span> 
     </span>
    </p>
   </div>
   <div class='ocr_carea' id='block_1_80' title="bbox 1904 2044 3486 2124">
    <p class='ocr_par' dir='ltr' id='par_1_80' title="bbox 1904 2044 3486 2124">
     <span class='ocr_line' id='line_1_80' title="bbox 1904 2044 3486 2124; baseline 0.003 -20"><span class='ocrx_word' id='word_1_608' title='bbox 1904 2069 1923 2104; x_wconf 83' lang='grc' dir='ltr'><strong>ι</strong></span> <span class='ocrx_word' id='word_1_609' title='bbox 1970 2053 2116 2108; x_wconf 89' lang='lat' dir='ltr'><strong>stitia</strong></span> <span class='ocrx_word' id='word_1_610' title='bbox 2165 2061 2221 2107; x_wconf 92' lang='lat' dir='ltr'><strong>et</strong></span> <span class='ocrx_word' id='word_1_611' title='bbox 2253 2052 2517 2123; x_wconf 89' lang='lat' dir='ltr'><strong>judicium</strong></span> <span class='ocrx_word' id='word_1_612' title='bbox 2542 2053 2808 2107; x_wconf 78' lang='lat' dir='ltr'><strong>correctio</strong></span> <span class='ocrx_word' id='word_1_613' title='bbox 2844 2053 2988 2107; x_wconf 91' lang='lat' dir='ltr'><strong>sedis</strong></span> <span class='ocrx_word' id='word_1_614' title='bbox 3017 2053 3151 2123; x_wconf 91' lang='lat' dir='ltr'><strong>ejus.</strong></span> <span class='ocrx_word' id='word_1_615' title='bbox 3184 2051 3322 2124; x_wconf 88' lang='lat' dir='ltr'><strong>Ignis</strong></span> <span class='ocrx_word' id='word_1_616' title='bbox 3357 2044 3486 2109; x_wconf 84' lang='lat' dir='ltr'><strong>ante</strong></span> 
     </span>
    </p>
   </div>
   <div class='ocr_carea' id='block_1_81' title="bbox 1905 2141 3487 2213">
    <p class='ocr_par' dir='ltr' id='par_1_81' title="bbox 1905 2141 3487 2213">
     <span class='ocr_line' id='line_1_81' title="bbox 1905 2141 3487 2213; baseline -0.001 -16"><span class='ocrx_word' id='word_1_617' title='bbox 1905 2161 1924 2197; x_wconf 84' lang='lat' dir='ltr'><strong>t</strong></span> <span class='ocrx_word' id='word_1_618' title='bbox 1948 2144 2141 2213; x_wconf 72' lang='lat' dir='ltr'><strong>«ipsum</strong></span> <span class='ocrx_word' id='word_1_619' title='bbox 2159 2143 2446 2212; x_wconf 73' lang='lat' dir='ltr'><strong>prazcedet,</strong></span> <span class='ocrx_word' id='word_1_620' title='bbox 2471 2141 2892 2197; x_wconf 85' lang='lat' dir='ltr'><strong>etinﬁammabit</strong></span> <span class='ocrx_word' id='word_1_621' title='bbox 2914 2142 3206 2197; x_wconf 90' lang='lat' dir='ltr'><strong>incircuitu</strong></span> <span class='ocrx_word' id='word_1_622' title='bbox 3237 2141 3487 2195; x_wconf 89' lang='lat' dir='ltr'><strong>inimicos</strong></span> 
     </span>
    </p>
   </div>
   <div class='ocr_carea' id='block_1_82' title="bbox 1904 2235 3491 2306">
    <p class='ocr_par' dir='ltr' id='par_1_82' title="bbox 1904 2235 3491 2306">
     <span class='ocr_line' id='line_1_82' title="bbox 1904 2235 3491 2306; baseline 0 -19"><span class='ocrx_word' id='word_1_623' title='bbox 1904 2255 1923 2287; x_wconf 75' lang='grc' dir='ltr'><strong>ι</strong></span> <span class='ocrx_word' id='word_1_624' title='bbox 1969 2235 2104 2304; x_wconf 89' lang='lat' dir='ltr'><strong>ejus.</strong></span> <span class='ocrx_word' id='word_1_625' title='bbox 2132 2236 2427 2290; x_wconf 81' lang='lat' dir='ltr'><strong>llluxerunt</strong></span> <span class='ocrx_word' id='word_1_626' title='bbox 2458 2235 2669 2306; x_wconf 84' lang='lat' dir='ltr'><strong>fulgura</strong></span> <span class='ocrx_word' id='word_1_627' title='bbox 2699 2235 2818 2306; x_wconf 90' lang='lat' dir='ltr'><strong>ejus</strong></span> <span class='ocrx_word' id='word_1_628' title='bbox 2852 2236 2968 2290; x_wconf 89' lang='lat' dir='ltr'><strong>orbi</strong></span> <span class='ocrx_word' id='word_1_629' title='bbox 3003 2245 3163 2291; x_wconf 85' lang='lat' dir='ltr'><strong>terrae</strong></span> <span class='ocrx_word' id='word_1_630' title='bbox 3196 2253 3209 2289; x_wconf 84' lang='lat'><strong>:</strong></span> <span class='ocrx_word' id='word_1_631' title='bbox 3243 2235 3399 2300; x_wconf 84' lang='lat' dir='ltr'><strong>vidit,</strong></span> <span class='ocrx_word' id='word_1_632' title='bbox 3432 2242 3491 2289; x_wconf 87' lang='lat' dir='ltr'><strong>et</strong></span> 
     </span>
    </p>
   </div>
   <div class='ocr_carea' id='block_1_83' title="bbox 1907 2324 3489 2381">
    <p class='ocr_par' dir='ltr' id='par_1_83' title="bbox 1907 2324 3489 2381">
     <span class='ocr_line' id='line_1_83' title="bbox 1907 2324 3489 2381; baseline 0.001 -3"><span class='ocrx_word' id='word_1_633' title='bbox 1907 2345 1926 2378; x_wconf 75' lang='grc' dir='ltr'><strong>ι</strong></span> <span class='ocrx_word' id='word_1_634' title='bbox 1972 2337 2239 2381; x_wconf 87' lang='lat' dir='ltr'><strong>commota</strong></span> <span class='ocrx_word' id='word_1_635' title='bbox 2270 2335 2351 2380; x_wconf 89' lang='lat' dir='ltr'><strong>est</strong></span> <span class='ocrx_word' id='word_1_636' title='bbox 2378 2334 2542 2380; x_wconf 88' lang='lat' dir='ltr'><strong>terra.</strong></span> <span class='ocrx_word' id='word_1_637' title='bbox 2573 2326 2783 2381; x_wconf 78' lang='lat' dir='ltr'><strong>Montes</strong></span> <span class='ocrx_word' id='word_1_638' title='bbox 2809 2327 2949 2380; x_wconf 90' lang='lat' dir='ltr'><strong>sicut</strong></span> <span class='ocrx_word' id='word_1_639' title='bbox 2975 2340 3099 2380; x_wconf 90' lang='lat' dir='ltr'><strong>cera</strong></span> <span class='ocrx_word' id='word_1_640' title='bbox 3146 2324 3416 2379; x_wconf 78' lang='lat' dir='ltr'><strong>fluxerunt</strong></span> <span class='ocrx_word' id='word_1_641' title='bbox 3457 2340 3489 2379; x_wconf 80' lang='grc' dir='ltr'><strong>ιι</strong></span> 
     </span>
    </p>
   </div>
   <div class='ocr_carea' id='block_1_84' title="bbox 1908 2416 3492 2482">
    <p class='ocr_par' dir='ltr' id='par_1_84' title="bbox 1908 2416 3492 2482">
     <span class='ocr_line' id='line_1_84' title="bbox 1908 2416 3492 2482; baseline -0.001 -11"><span class='ocrx_word' id='word_1_642' title='bbox 1908 2439 1926 2471; x_wconf 87' lang='grc' dir='ltr'><strong>ι</strong></span> <span class='ocrx_word' id='word_1_643' title='bbox 1971 2418 2109 2474; x_wconf 87' lang='lat' dir='ltr'><strong>facie</strong></span> <span class='ocrx_word' id='word_1_644' title='bbox 2140 2419 2372 2482; x_wconf 89' lang='lat' dir='ltr'><strong>Domini,</strong></span> <span class='ocrx_word' id='word_1_645' title='bbox 2399 2434 2429 2471; x_wconf 91' lang='lat' dir='ltr'><strong>a</strong></span> <span class='ocrx_word' id='word_1_646' title='bbox 2461 2417 2597 2473; x_wconf 84' lang='lat' dir='ltr'><strong>facie</strong></span> <span class='ocrx_word' id='word_1_647' title='bbox 2627 2418 2837 2472; x_wconf 90' lang='lat' dir='ltr'><strong>Domini</strong></span> <span class='ocrx_word' id='word_1_648' title='bbox 2869 2417 3045 2473; x_wconf 90' lang='lat' dir='ltr'><strong>omnis</strong></span> <span class='ocrx_word' id='word_1_649' title='bbox 3077 2426 3238 2471; x_wconf 86' lang='lat' dir='ltr'><strong>terra.</strong></span> <span class='ocrx_word' id='word_1_650' title='bbox 3271 2416 3492 2469; x_wconf 84' lang='lat' dir='ltr'><strong>Annuu-</strong></span> 
     </span>
    </p>
   </div>
   <div class='ocr_carea' id='block_1_85' title="bbox 1910 2509 3495 2579">
    <p class='ocr_par' dir='ltr' id='par_1_85' title="bbox 1910 2509 3495 2579">
     <span class='ocr_line' id='line_1_85' title="bbox 1910 2509 3495 2579; baseline -0.001 -15"><span class='ocrx_word' id='word_1_651' title='bbox 1910 2530 1928 2564; x_wconf 79' lang='grc' dir='ltr'><strong>ι</strong></span> <span class='ocrx_word' id='word_1_652' title='bbox 1978 2513 2250 2567; x_wconf 87' lang='lat' dir='ltr'><strong>tiaverunt</strong></span> <span class='ocrx_word' id='word_1_653' title='bbox 2281 2510 2402 2566; x_wconf 77' lang='grc' dir='ltr'><strong>εωιί</strong></span> <span class='ocrx_word' id='word_1_654' title='bbox 2427 2509 2693 2579; x_wconf 87' lang='lat' dir='ltr'><strong>justitiam</strong></span> <span class='ocrx_word' id='word_1_655' title='bbox 2741 2509 2880 2579; x_wconf 91' lang='lat' dir='ltr'><strong>ejus,</strong></span> <span class='ocrx_word' id='word_1_656' title='bbox 2925 2518 2981 2563; x_wconf 89' lang='lat' dir='ltr'><strong>et</strong></span> <span class='ocrx_word' id='word_1_657' title='bbox 3029 2509 3277 2563; x_wconf 87' lang='lat' dir='ltr'><strong>viderunt</strong></span> <span class='ocrx_word' id='word_1_658' title='bbox 3306 2522 3495 2563; x_wconf 85' lang='lat' dir='ltr'><strong>omnes</strong></span> 
     </span>
    </p>
   </div>
   <div class='ocr_carea' id='block_1_86' title="bbox 1911 2597 3494 2671">
    <p class='ocr_par' dir='ltr' id='par_1_86' title="bbox 1911 2597 3494 2671">
     <span class='ocr_line' id='line_1_86' title="bbox 1911 2597 3494 2671; baseline -0.001 -18"><span class='ocrx_word' id='word_1_659' title='bbox 1911 2619 1931 2653; x_wconf 78' lang='grc' dir='ltr'><strong>ι</strong></span> <span class='ocrx_word' id='word_1_660' title='bbox 1974 2599 2156 2671; x_wconf 90' lang='lat' dir='ltr'><strong>populi</strong></span> <span class='ocrx_word' id='word_1_661' title='bbox 2209 2599 2436 2670; x_wconf 87' lang='lat' dir='ltr'><strong>gloriam</strong></span> <span class='ocrx_word' id='word_1_662' title='bbox 2484 2598 2623 2668; x_wconf 88' lang='lat' dir='ltr'><strong>ejus.</strong></span> <span class='ocrx_word' id='word_1_663' title='bbox 2679 2598 3094 2653; x_wconf 81' lang='lat' dir='ltr'><strong>Confundantur</strong></span> <span class='ocrx_word' id='word_1_664' title='bbox 3150 2614 3341 2653; x_wconf 84' lang='lat' dir='ltr'><strong>omnes</strong></span> <span class='ocrx_word' id='word_1_665' title='bbox 3402 2597 3494 2668; x_wconf 87' lang='lat' dir='ltr'><strong>qui</strong></span> 
     </span>
    </p>
   </div>
   <div class='ocr_carea' id='block_1_87' title="bbox 1914 2686 3493 2758">
    <p class='ocr_par' dir='ltr' id='par_1_87' title="bbox 1914 2686 3493 2758">
     <span class='ocr_line' id='line_1_87' title="bbox 1914 2686 3493 2758; baseline -0.001 -15"><span class='ocrx_word' id='word_1_666' title='bbox 1914 2708 1933 2743; x_wconf 81' lang='grc' dir='ltr'><strong>ι</strong></span> <span class='ocrx_word' id='word_1_667' title='bbox 1980 2691 2209 2745; x_wconf 89' lang='lat' dir='ltr'><strong>adorant</strong></span> <span class='ocrx_word' id='word_1_668' title='bbox 2238 2687 2528 2757; x_wconf 88' lang='lat' dir='ltr'><strong>sculptilia,</strong></span> <span class='ocrx_word' id='word_1_669' title='bbox 2556 2696 2613 2742; x_wconf 93' lang='lat' dir='ltr'><strong>et</strong></span> <span class='ocrx_word' id='word_1_670' title='bbox 2640 2688 2730 2756; x_wconf 92' lang='lat' dir='ltr'><strong>qui</strong></span> <span class='ocrx_word' id='word_1_671' title='bbox 2760 2687 3060 2758; x_wconf 84' lang='lat' dir='ltr'><strong>gloriantur</strong></span> <span class='ocrx_word' id='word_1_672' title='bbox 3091 2687 3142 2741; x_wconf 92' lang='lat' dir='ltr'><strong>in</strong></span> <span class='ocrx_word' id='word_1_673' title='bbox 3180 2686 3493 2742; x_wconf 87' lang='lat' dir='ltr'><strong>simulacris</strong></span> 
     </span>
    </p>
   </div>
   <div class='ocr_carea' id='block_1_88' title="bbox 1913 2777 3499 2849">
    <p class='ocr_par' dir='ltr' id='par_1_88' title="bbox 1913 2777 3499 2849">
     <span class='ocr_line' id='line_1_88' title="bbox 1913 2777 3499 2849; baseline 0 -16"><span class='ocrx_word' id='word_1_674' title='bbox 1913 2798 1932 2833; x_wconf 85' lang='grc' dir='ltr'><strong>ι</strong></span> <span class='ocrx_word' id='word_1_675' title='bbox 1978 2780 2114 2835; x_wconf 89' lang='lat' dir='ltr'><strong>suis.</strong></span> <span class='ocrx_word' id='word_1_676' title='bbox 2142 2778 2378 2833; x_wconf 80' lang='lat' dir='ltr'><strong>Adoratc</strong></span> <span class='ocrx_word' id='word_1_677' title='bbox 2422 2793 2571 2843; x_wconf 90' lang='lat' dir='ltr'><strong>eum,</strong></span> <span class='ocrx_word' id='word_1_678' title='bbox 2600 2792 2790 2833; x_wconf 87' lang='lat' dir='ltr'><strong>omnes</strong></span> <span class='ocrx_word' id='word_1_679' title='bbox 2816 2778 2990 2849; x_wconf 87' lang='lat' dir='ltr'><strong>angeli</strong></span> <span class='ocrx_word' id='word_1_680' title='bbox 3022 2777 3157 2847; x_wconf 89' lang='lat' dir='ltr'><strong>ejus.</strong></span> <span class='ocrx_word' id='word_1_681' title='bbox 3197 2778 3415 2832; x_wconf 86' lang='lat' dir='ltr'><strong>Audivit</strong></span> <span class='ocrx_word' id='word_1_682' title='bbox 3442 2784 3499 2833; x_wconf 86' lang='lat' dir='ltr'><strong>et</strong></span> 
     </span>
    </p>
   </div>
   <div class='ocr_carea' id='block_1_89' title="bbox 1914 2866 3498 2937">
    <p class='ocr_par' dir='ltr' id='par_1_89' title="bbox 1914 2866 3498 2937">
     <span class='ocr_line' id='line_1_89' title="bbox 1914 2866 3498 2937; baseline -0.001 -14"><span class='ocrx_word' id='word_1_683' title='bbox 1914 2890 1933 2923; x_wconf 79' lang='grc' dir='ltr'><strong>ι</strong></span> <span class='ocrx_word' id='word_1_684' title='bbox 1976 2871 2154 2925; x_wconf 72' lang='lat' dir='ltr'><strong>laetata</strong></span> <span class='ocrx_word' id='word_1_685' title='bbox 2194 2877 2277 2923; x_wconf 89' lang='lat' dir='ltr'><strong>est</strong></span> <span class='ocrx_word' id='word_1_686' title='bbox 2304 2867 2458 2923; x_wconf 91' lang='lat' dir='ltr'><strong>Sion.</strong></span> <span class='ocrx_word' id='word_1_687' title='bbox 2488 2868 2555 2922; x_wconf 87' lang='lat' dir='ltr'><strong>Et</strong></span> <span class='ocrx_word' id='word_1_688' title='bbox 2596 2868 3002 2923; x_wconf 78' lang='lat' dir='ltr'><strong>exsultaverunt</strong></span> <span class='ocrx_word' id='word_1_689' title='bbox 3034 2867 3155 2923; x_wconf 73' lang='lat' dir='ltr'><strong>lilia:</strong></span> <span class='ocrx_word' id='word_1_690' title='bbox 3183 2866 3336 2921; x_wconf 69' lang='lat' dir='ltr'><strong>Iuda:</strong></span> <span class='ocrx_word' id='word_1_691' title='bbox 3373 2883 3498 2937; x_wconf 86' lang='lat' dir='ltr'><strong>pro-</strong></span> 
     </span>
    </p>
   </div>
   <div class='ocr_carea' id='block_1_90' title="bbox 1916 2958 3499 3033">
    <p class='ocr_par' dir='ltr' id='par_1_90' title="bbox 1916 2958 3499 3033">
     <span class='ocr_line' id='line_1_90' title="bbox 1916 2958 3499 3033; baseline 0 -19"><span class='ocrx_word' id='word_1_692' title='bbox 1916 2979 1936 3014; x_wconf 80' lang='lat' dir='ltr'><strong>t</strong></span> <span class='ocrx_word' id='word_1_693' title='bbox 1983 2970 2102 3033; x_wconf 88' lang='lat' dir='ltr'><strong>pter</strong></span> <span class='ocrx_word' id='word_1_694' title='bbox 2129 2959 2332 3030; x_wconf 89' lang='lat' dir='ltr'><strong>judicia</strong></span> <span class='ocrx_word' id='word_1_695' title='bbox 2380 2969 2493 3026; x_wconf 90' lang='lat' dir='ltr'><strong>tua,</strong></span> <span class='ocrx_word' id='word_1_696' title='bbox 2535 2959 2776 3014; x_wconf 86' lang='lat' dir='ltr'><strong>Domine.</strong></span> <span class='ocrx_word' id='word_1_697' title='bbox 2806 2958 3069 3027; x_wconf 88' lang='lat' dir='ltr'><strong>Quoniam</strong></span> <span class='ocrx_word' id='word_1_698' title='bbox 3117 2967 3196 3024; x_wconf 89' lang='grc' dir='ltr'><em>ιιι,</em></span> <span class='ocrx_word' id='word_1_699' title='bbox 3236 2958 3499 3014; x_wconf 87' lang='lat' dir='ltr'><strong>Dominus</strong></span> 
     </span>
    </p>
   </div>
   <div class='ocr_carea' id='block_1_91' title="bbox 1917 3048 3501 3121">
    <p class='ocr_par' dir='ltr' id='par_1_91' title="bbox 1917 3048 3501 3121">
     <span class='ocr_line' id='line_1_91' title="bbox 1917 3048 3501 3121; baseline 0 -18"><span class='ocrx_word' id='word_1_700' title='bbox 1917 3070 1937 3103; x_wconf 77' lang='grc' dir='ltr'><strong>ι</strong></span> <span class='ocrx_word' id='word_1_701' title='bbox 1981 3052 2276 3106; x_wconf 90' lang='lat' dir='ltr'><strong>altissimus</strong></span> <span class='ocrx_word' id='word_1_702' title='bbox 2316 3066 2477 3121; x_wconf 89' lang='lat' dir='ltr'><strong>super</strong></span> <span class='ocrx_word' id='word_1_703' title='bbox 2505 3065 2721 3105; x_wconf 89' lang='lat' dir='ltr'><strong>omnem</strong></span> <span class='ocrx_word' id='word_1_704' title='bbox 2754 3060 2978 3115; x_wconf 89' lang='lat' dir='ltr'><strong>terram,</strong></span> <span class='ocrx_word' id='word_1_705' title='bbox 3010 3049 3172 3104; x_wconf 89' lang='lat' dir='ltr'><strong>nimis</strong></span> <span class='ocrx_word' id='word_1_706' title='bbox 3229 3048 3501 3104; x_wconf 79' lang='lat' dir='ltr'><strong>exaltatus</strong></span> 
     </span>
    </p>
   </div>
   <div class='ocr_carea' id='block_1_92' title="bbox 1918 3142 3502 3213">
    <p class='ocr_par' dir='ltr' id='par_1_92' title="bbox 1918 3142 3502 3213">
     <span class='ocr_line' id='line_1_92' title="bbox 1918 3142 3502 3213; baseline 0 -18"><span class='ocrx_word' id='word_1_707' title='bbox 1918 3162 1937 3195; x_wconf 82' lang='grc' dir='ltr'><strong>ι</strong></span> <span class='ocrx_word' id='word_1_708' title='bbox 1982 3158 2041 3199; x_wconf 91' lang='lat' dir='ltr'><strong>es</strong></span> <span class='ocrx_word' id='word_1_709' title='bbox 2066 3156 2228 3213; x_wconf 91' lang='lat' dir='ltr'><strong>super</strong></span> <span class='ocrx_word' id='word_1_710' title='bbox 2251 3158 2439 3198; x_wconf 89' lang='lat' dir='ltr'><strong>omnes</strong></span> <span class='ocrx_word' id='word_1_711' title='bbox 2466 3144 2613 3198; x_wconf 88' lang='lat' dir='ltr'><strong>deos.</strong></span> <span class='ocrx_word' id='word_1_712' title='bbox 2643 3142 2743 3209; x_wconf 90' lang='lat' dir='ltr'><strong>Qui</strong></span> <span class='ocrx_word' id='word_1_713' title='bbox 2772 3142 2995 3213; x_wconf 85' lang='lat' dir='ltr'><strong>diligitis</strong></span> <span class='ocrx_word' id='word_1_714' title='bbox 3024 3142 3332 3207; x_wconf 89' lang='lat' dir='ltr'><strong>Dominum,</strong></span> <span class='ocrx_word' id='word_1_715' title='bbox 3354 3142 3502 3195; x_wconf 89' lang='lat' dir='ltr'><strong>odite</strong></span> 
     </span>
    </p>
   </div>
   <div class='ocr_carea' id='block_1_93' title="bbox 1925 3234 3502 3303">
    <p class='ocr_par' dir='ltr' id='par_1_93' title="bbox 1925 3234 3502 3303">
     <span class='ocr_line' id='line_1_93' title="bbox 1925 3234 3502 3303; baseline -0.001 -14"><span class='ocrx_word' id='word_1_716' title='bbox 1925 3255 1944 3289; x_wconf 80' lang='grc' dir='ltr'><strong>ι</strong></span> <span class='ocrx_word' id='word_1_717' title='bbox 1991 3236 2214 3303; x_wconf 85' lang='lat' dir='ltr'><strong>malum,</strong></span> <span class='ocrx_word' id='word_1_718' title='bbox 2241 3235 2475 3290; x_wconf 89' lang='lat' dir='ltr'><strong>custodit</strong></span> <span class='ocrx_word' id='word_1_719' title='bbox 2514 3234 2771 3290; x_wconf 90' lang='lat' dir='ltr'><strong>Dominus</strong></span> <span class='ocrx_word' id='word_1_720' title='bbox 2801 3238 3008 3290; x_wconf 85' lang='lat' dir='ltr'><strong>animas</strong></span> <span class='ocrx_word' id='word_1_721' title='bbox 3039 3242 3352 3289; x_wconf 89' lang='lat' dir='ltr'><strong>sanctorum</strong></span> <span class='ocrx_word' id='word_1_722' title='bbox 3381 3250 3502 3288; x_wconf 86' lang='lat' dir='ltr'><strong>suo-</strong></span> 
     </span>
    </p>
   </div>
   <div class='ocr_carea' id='block_1_94' title="bbox 1927 3324 3506 3397">
    <p class='ocr_par' dir='ltr' id='par_1_94' title="bbox 1927 3324 3506 3397">
     <span class='ocr_line' id='line_1_94' title="bbox 1927 3324 3506 3397; baseline 0.001 -19"><span class='ocrx_word' id='word_1_723' title='bbox 1927 3346 1946 3378; x_wconf 74' lang='grc' dir='ltr'><strong>ι</strong></span> <span class='ocrx_word' id='word_1_724' title='bbox 1994 3343 2133 3393; x_wconf 90' lang='lat' dir='ltr'><strong>rum,</strong></span> <span class='ocrx_word' id='word_1_725' title='bbox 2161 3326 2229 3381; x_wconf 88' lang='lat' dir='ltr'><strong>de</strong></span> <span class='ocrx_word' id='word_1_726' title='bbox 2276 3342 2439 3381; x_wconf 89' lang='lat' dir='ltr'><strong>manu</strong></span> <span class='ocrx_word' id='word_1_727' title='bbox 2486 3327 2787 3397; x_wconf 90' lang='lat' dir='ltr'><strong>peccatoris</strong></span> <span class='ocrx_word' id='word_1_728' title='bbox 2816 3326 3065 3380; x_wconf 85' lang='lat' dir='ltr'><strong>liberabit</strong></span> <span class='ocrx_word' id='word_1_729' title='bbox 3091 3340 3204 3380; x_wconf 89' lang='lat' dir='ltr'><strong>eos.</strong></span> <span class='ocrx_word' id='word_1_730' title='bbox 3238 3324 3351 3378; x_wconf 78' lang='lat' dir='ltr'><strong>Lux</strong></span> <span class='ocrx_word' id='word_1_731' title='bbox 3386 3333 3506 3379; x_wconf 90' lang='lat' dir='ltr'><strong>orta</strong></span> 
     </span>
    </p>
   </div>
   <div class='ocr_carea' id='block_1_95' title="bbox 1930 3414 3509 3486">
    <p class='ocr_par' dir='ltr' id='par_1_95' title="bbox 1930 3414 3509 3486">
     <span class='ocr_line' id='line_1_95' title="bbox 1930 3414 3509 3486; baseline 0.001 -18"><span class='ocrx_word' id='word_1_732' title='bbox 1930 3436 1949 3468; x_wconf 78' lang='grc' dir='ltr'><strong>ι</strong></span> <span class='ocrx_word' id='word_1_733' title='bbox 1993 3426 2077 3473; x_wconf 86' lang='grc' dir='ltr'><strong>εει</strong></span> <span class='ocrx_word' id='word_1_734' title='bbox 2099 3417 2268 3486; x_wconf 87' lang='lat' dir='ltr'><strong>justo,</strong></span> <span class='ocrx_word' id='word_1_735' title='bbox 2291 3425 2346 3471; x_wconf 94' lang='lat' dir='ltr'><strong>et</strong></span> <span class='ocrx_word' id='word_1_736' title='bbox 2371 3417 2535 3471; x_wconf 90' lang='lat' dir='ltr'><strong>rectis</strong></span> <span class='ocrx_word' id='word_1_737' title='bbox 2551 3418 2713 3471; x_wconf 86' lang='lat' dir='ltr'><strong>corde</strong></span> <span class='ocrx_word' id='word_1_738' title='bbox 2737 3416 2939 3470; x_wconf 57' lang='lat' dir='ltr'><strong>laetitia.</strong></span> <span class='ocrx_word' id='word_1_739' title='bbox 2961 3415 3257 3473; x_wconf 60' lang='lat' dir='ltr'><strong>Ladamini.</strong></span> <span class='ocrx_word' id='word_1_740' title='bbox 3270 3414 3426 3482; x_wconf 84' lang='lat' dir='ltr'><strong>justi,</strong></span> <span class='ocrx_word' id='word_1_741' title='bbox 3453 3418 3509 3469; x_wconf 85' lang='lat' dir='ltr'><strong>in</strong></span> 
     </span>
    </p>
   </div>
   <div class='ocr_carea' id='block_1_96' title="bbox 1930 3504 3507 3572">
    <p class='ocr_par' dir='ltr' id='par_1_96' title="bbox 1930 3504 3507 3572">
     <span class='ocr_line' id='line_1_96' title="bbox 1930 3504 3507 3572; baseline 0 -14"><span class='ocrx_word' id='word_1_742' title='bbox 1930 3526 1949 3558; x_wconf 80' lang='grc' dir='ltr'><strong>ι</strong></span> <span class='ocrx_word' id='word_1_743' title='bbox 1995 3508 2242 3572; x_wconf 88' lang='lat' dir='ltr'><strong>Domino,</strong></span> <span class='ocrx_word' id='word_1_744' title='bbox 2285 3515 2341 3562; x_wconf 91' lang='lat' dir='ltr'><strong>et</strong></span> <span class='ocrx_word' id='word_1_745' title='bbox 2369 3506 2704 3563; x_wconf 87' lang='lat' dir='ltr'><strong>conﬁtemini</strong></span> <span class='ocrx_word' id='word_1_746' title='bbox 2749 3506 3023 3562; x_wconf 73' lang='lat' dir='ltr'><strong>memoriae</strong></span> <span class='ocrx_word' id='word_1_747' title='bbox 3058 3504 3507 3561; x_wconf 86' lang='lat' dir='ltr'><strong>sanctiﬁcationis</strong></span> 
     </span>
    </p>
   </div>
   <div class='ocr_carea' id='block_1_97' title="bbox 1933 3600 2188 3672">
    <p class='ocr_par' dir='ltr' id='par_1_97' title="bbox 1933 3600 2188 3672">
     <span class='ocr_line' id='line_1_97' title="bbox 1933 3600 2188 3672; baseline -0.008 -16"><span class='ocrx_word' id='word_1_748' title='bbox 1933 3621 1951 3656; x_wconf 82' lang='lat' dir='ltr'><strong>t</strong></span> <span class='ocrx_word' id='word_1_749' title='bbox 1998 3600 2132 3672; x_wconf 90' lang='lat' dir='ltr'><strong>ejus.</strong></span> <span class='ocrx_word' id='word_1_750' title='bbox 2169 3620 2188 3654; x_wconf 72' lang='grc' dir='ltr'><strong>ι</strong></span> 
     </span>
    </p>
   </div>
   <div class='ocr_carea' id='block_1_98' title="bbox 2494 3731 2945 3802">
    <p class='ocr_par' dir='ltr' id='par_1_98' title="bbox 2494 3731 2945 3802">
     <span class='ocr_line' id='line_1_98' title="bbox 2494 3731 2945 3802; baseline -0.002 -14"><span class='ocrx_word' id='word_1_751' title='bbox 2494 3731 2945 3802; x_wconf 73' lang='grc' dir='ltr'><strong>ΕΝΑΠΒΑΊἾΟ.</strong></span> 
     </span>
    </p>
   </div>
   <div class='ocr_carea' id='block_1_99' title="bbox 2002 3844 3519 3918">
    <p class='ocr_par' dir='ltr' id='par_1_99' title="bbox 2002 3844 3519 3918">
     <span class='ocr_line' id='line_1_99' title="bbox 2002 3844 3519 3918; baseline -0.005 -12"><span class='ocrx_word' id='word_1_752' title='bbox 2002 3851 2170 3907; x_wconf 86' lang='lat' dir='ltr'><strong>Terra</strong></span> <span class='ocrx_word' id='word_1_753' title='bbox 2193 3848 2433 3914; x_wconf 79' lang='lat' dir='ltr'><strong>deﬂuxit,</strong></span> <span class='ocrx_word' id='word_1_754' title='bbox 2460 3849 2676 3918; x_wconf 88' lang='lat' dir='ltr'><strong>quando</strong></span> <span class='ocrx_word' id='word_1_755' title='bbox 2698 3848 2993 3902; x_wconf 88' lang='lat' dir='ltr'><strong>humanum</strong></span> <span class='ocrx_word' id='word_1_756' title='bbox 3020 3859 3190 3917; x_wconf 84' lang='lat' dir='ltr'><strong>genus</strong></span> <span class='ocrx_word' id='word_1_757' title='bbox 3210 3859 3308 3917; x_wconf 89' lang='lat' dir='ltr'><strong>per</strong></span> <span class='ocrx_word' id='word_1_758' title='bbox 3332 3844 3519 3900; x_wconf 80' lang='lat' dir='ltr'><strong>inube-</strong></span> 
     </span>
    </p>
   </div>
   <div class='ocr_carea' id='block_1_100' title="bbox 1932 3937 3516 4007">
    <p class='ocr_par' dir='ltr' id='par_1_100' title="bbox 1932 3937 3516 4007">
     <span class='ocr_line' id='line_1_100' title="bbox 1932 3937 3516 4007; baseline -0.006 -9"><span class='ocrx_word' id='word_1_759' title='bbox 1932 3944 2189 3999; x_wconf 88' lang='lat' dir='ltr'><strong>dientiam</strong></span> <span class='ocrx_word' id='word_1_760' title='bbox 2240 3958 2272 3996; x_wconf 92' lang='lat' dir='ltr'><strong>a</strong></span> <span class='ocrx_word' id='word_1_761' title='bbox 2328 3943 2439 3997; x_wconf 88' lang='lat' dir='ltr'><strong>Deo</strong></span> <span class='ocrx_word' id='word_1_762' title='bbox 2491 3941 2738 3996; x_wconf 88' lang='lat' dir='ltr'><strong>recessit.</strong></span> <span class='ocrx_word' id='word_1_763' title='bbox 2790 3939 3059 3995; x_wconf 73' lang='lat' dir='ltr'><strong>Restitute</strong></span> <span class='ocrx_word' id='word_1_764' title='bbox 3108 3947 3192 3994; x_wconf 87' lang='lat' dir='ltr'><strong>est</strong></span> <span class='ocrx_word' id='word_1_765' title='bbox 3239 3937 3292 3992; x_wconf 90' lang='lat' dir='ltr'><strong>in</strong></span> <span class='ocrx_word' id='word_1_766' title='bbox 3342 3945 3516 4007; x_wconf 86' lang='lat' dir='ltr'><strong>parte,</strong></span> 
     </span>
    </p>
   </div>
   <div class='ocr_carea' id='block_1_101' title="bbox 1932 4029 3519 4107">
    <p class='ocr_par' dir='ltr' id='par_1_101' title="bbox 1932 4029 3519 4107">
     <span class='ocr_line' id='line_1_101' title="bbox 1932 4029 3519 4107; baseline -0.006 -16"><span class='ocrx_word' id='word_1_767' title='bbox 1932 4036 2148 4107; x_wconf 87' lang='lat' dir='ltr'><strong>quando</strong></span> <span class='ocrx_word' id='word_1_768' title='bbox 2172 4034 2369 4106; x_wconf 86' lang='lat' dir='ltr'><strong>populo</strong></span> <span class='ocrx_word' id='word_1_769' title='bbox 2398 4033 2625 4090; x_wconf 86' lang='lat' dir='ltr'><strong>Judaico</strong></span> <span class='ocrx_word' id='word_1_770' title='bbox 2650 4033 2734 4088; x_wconf 80' lang='lat' dir='ltr'><strong>lex</strong></span> <span class='ocrx_word' id='word_1_771' title='bbox 2764 4033 2888 4088; x_wconf 88' lang='lat' dir='ltr'><strong>data</strong></span> <span class='ocrx_word' id='word_1_772' title='bbox 2912 4041 3017 4087; x_wconf 89' lang='lat' dir='ltr'><strong>est.</strong></span> <span class='ocrx_word' id='word_1_773' title='bbox 3044 4030 3151 4087; x_wconf 87' lang='lat' dir='ltr'><strong>Sed</strong></span> <span class='ocrx_word' id='word_1_774' title='bbox 3182 4029 3307 4100; x_wconf 86' lang='lat' dir='ltr'><strong>quia</strong></span> <span class='ocrx_word' id='word_1_775' title='bbox 3346 4044 3519 4099; x_wconf 82' lang='lat' dir='ltr'><strong>popu-</strong></span> 
     </span>
    </p>
   </div>
   <div class='ocr_carea' id='block_1_102' title="bbox 1933 4125 3523 4198">
    <p class='ocr_par' dir='ltr' id='par_1_102' title="bbox 1933 4125 3523 4198">
     <span class='ocr_line' id='line_1_102' title="bbox 1933 4125 3523 4198; baseline -0.004 -16"><span class='ocrx_word' id='word_1_776' title='bbox 1933 4129 2018 4184; x_wconf 88' lang='lat' dir='ltr'><strong>lus</strong></span> <span class='ocrx_word' id='word_1_777' title='bbox 2056 4128 2145 4184; x_wconf 86' lang='lat' dir='ltr'><strong>ille</strong></span> <span class='ocrx_word' id='word_1_778' title='bbox 2188 4128 2750 4198; x_wconf 61' lang='lat' dir='ltr'><strong>legis&#39;przevaricator</strong></span> <span class='ocrx_word' id='word_1_779' title='bbox 2794 4126 2967 4180; x_wconf 88' lang='lat' dir='ltr'><strong>factus</strong></span> <span class='ocrx_word' id='word_1_780' title='bbox 2997 4134 3103 4191; x_wconf 92' lang='lat' dir='ltr'><strong>est,</strong></span> <span class='ocrx_word' id='word_1_781' title='bbox 3142 4125 3337 4179; x_wconf 85' lang='lat' dir='ltr'><strong>iterum</strong></span> <span class='ocrx_word' id='word_1_782' title='bbox 3378 4131 3523 4177; x_wconf 88' lang='lat' dir='ltr'><strong>terra</strong></span> 
     </span>
    </p>
   </div>
   <div class='ocr_carea' id='block_1_103' title="bbox 1935 4210 3522 4284">
    <p class='ocr_par' dir='ltr' id='par_1_103' title="bbox 1935 4210 3522 4284">
     <span class='ocr_line' id='line_1_103' title="bbox 1935 4210 3522 4284; baseline -0.005 -11"><span class='ocrx_word' id='word_1_783' title='bbox 1935 4216 2179 4273; x_wconf 79' lang='lat' dir='ltr'><strong>deﬂuxit.</strong></span> <span class='ocrx_word' id='word_1_784' title='bbox 2230 4215 2463 4271; x_wconf 78' lang='lat' dir='ltr'><strong>Delluxit</strong></span> <span class='ocrx_word' id='word_1_785' title='bbox 2508 4216 2699 4281; x_wconf 87' lang='lat' dir='ltr'><strong>etiam,</strong></span> <span class='ocrx_word' id='word_1_786' title='bbox 2742 4215 2958 4284; x_wconf 87' lang='lat' dir='ltr'><strong>quando</strong></span> <span class='ocrx_word' id='word_1_787' title='bbox 3006 4213 3200 4268; x_wconf 81' lang='lat' dir='ltr'><strong>Petrus</strong></span> <span class='ocrx_word' id='word_1_788' title='bbox 3225 4210 3522 4283; x_wconf 89' lang='lat' dir='ltr'><strong>apostolus,</strong></span> 
     </span>
    </p>
   </div>
   <div class='ocr_carea' id='block_1_104' title="bbox 1936 4303 3526 4385">
    <p class='ocr_par' dir='ltr' id='par_1_104' title="bbox 1936 4303 3526 4385">
     <span class='ocr_line' id='line_1_104' title="bbox 1936 4303 3526 4385; baseline -0.006 -17"><span class='ocrx_word' id='word_1_789' title='bbox 1936 4315 2030 4385; x_wconf 90' lang='lat' dir='ltr'><strong>qui</strong></span> <span class='ocrx_word' id='word_1_790' title='bbox 2073 4314 2222 4384; x_wconf 90' lang='lat' dir='ltr'><strong>prius</strong></span> <span class='ocrx_word' id='word_1_791' title='bbox 2267 4312 2629 4367; x_wconf 88' lang='lat' dir='ltr'><strong>constantiam</strong></span> <span class='ocrx_word' id='word_1_792' title='bbox 2684 4309 2954 4381; x_wconf 81' lang='lat' dir='ltr'><strong>promisit,</strong></span> <span class='ocrx_word' id='word_1_793' title='bbox 2983 4308 3048 4362; x_wconf 87' lang='lat' dir='ltr'><strong>ad</strong></span> <span class='ocrx_word' id='word_1_794' title='bbox 3088 4322 3276 4361; x_wconf 88' lang='lat' dir='ltr'><strong>vocem</strong></span> <span class='ocrx_word' id='word_1_795' title='bbox 3316 4303 3526 4359; x_wconf 78' lang='lat' dir='ltr'><strong>ancillae</strong></span> 
     </span>
    </p>
   </div>
   <div class='ocr_carea' id='block_1_105' title="bbox 1941 4397 3525 4475">
    <p class='ocr_par' dir='ltr' id='par_1_105' title="bbox 1941 4397 3525 4475">
     <span class='ocr_line' id='line_1_105' title="bbox 1941 4397 3525 4475; baseline -0.008 -14"><span class='ocrx_word' id='word_1_796' title='bbox 1941 4407 2223 4461; x_wconf 90' lang='lat' dir='ltr'><strong>Dominum</strong></span> <span class='ocrx_word' id='word_1_797' title='bbox 2241 4404 2454 4475; x_wconf 82' lang='lat' dir='ltr'><strong>negavit</strong></span> <span class='ocrx_word' id='word_1_798' title='bbox 2470 4421 2486 4470; x_wconf 90' lang='lat'><strong>;</strong></span> <span class='ocrx_word' id='word_1_799' title='bbox 2502 4405 2595 4459; x_wconf 92' lang='lat' dir='ltr'><strong>sed</strong></span> <span class='ocrx_word' id='word_1_800' title='bbox 2614 4404 2852 4457; x_wconf 88' lang='lat' dir='ltr'><strong>restituta</strong></span> <span class='ocrx_word' id='word_1_801' title='bbox 2866 4410 2939 4456; x_wconf 84' lang='lat' dir='ltr'><strong>est</strong></span> <span class='ocrx_word' id='word_1_802' title='bbox 2959 4402 3011 4453; x_wconf 88' lang='lat' dir='ltr'><strong>in</strong></span> <span class='ocrx_word' id='word_1_803' title='bbox 3026 4414 3090 4454; x_wconf 91' lang='lat' dir='ltr'><strong>eo</strong></span> <span class='ocrx_word' id='word_1_804' title='bbox 3106 4410 3267 4461; x_wconf 89' lang='lat' dir='ltr'><strong>terra,</strong></span> <span class='ocrx_word' id='word_1_805' title='bbox 3284 4397 3525 4467; x_wconf 89' lang='lat' dir='ltr'><strong>quando,</strong></span> 
     </span>
    </p>
   </div>
   <div class='ocr_carea' id='block_1_106' title="bbox 1942 4490 3523 4566">
    <p class='ocr_par' dir='ltr' id='par_1_106' title="bbox 1942 4490 3523 4566">
     <span class='ocr_line' id='line_1_106' title="bbox 1942 4490 3523 4566; baseline -0.005 -15"><span class='ocrx_word' id='word_1_806' title='bbox 1942 4498 2308 4566; x_wconf 84' lang='lat' dir='ltr'><strong>interrogante</strong></span> <span class='ocrx_word' id='word_1_807' title='bbox 2353 4497 2598 4560; x_wconf 89' lang='lat' dir='ltr'><strong>Domino,</strong></span> <span class='ocrx_word' id='word_1_808' title='bbox 2652 4493 2827 4559; x_wconf 73' lang='lat' dir='ltr'><strong>Patre,</strong></span> <span class='ocrx_word' id='word_1_809' title='bbox 2859 4509 3006 4548; x_wconf 87' lang='lat' dir='ltr'><strong>amas</strong></span> <span class='ocrx_word' id='word_1_810' title='bbox 3054 4492 3176 4546; x_wconf 84' lang='lat' dir='ltr'><strong>me?</strong></span> <span class='ocrx_word' id='word_1_811' title='bbox 3202 4490 3523 4560; x_wconf 86' lang='lat' dir='ltr'><strong>respondit:</strong></span> 
     </span>
    </p>
   </div>
   <div class='ocr_carea' id='block_1_107' title="bbox 1943 4582 3529 4653">
    <p class='ocr_par' dir='ltr' id='par_1_107' title="bbox 1943 4582 3529 4653">
     <span class='ocr_line' id='line_1_107' title="bbox 1943 4582 3529 4653; baseline -0.006 -10"><span class='ocrx_word' id='word_1_812' title='bbox 1943 4590 2093 4652; x_wconf 74' lang='lat' dir='ltr'><strong>Amo,</strong></span> <span class='ocrx_word' id='word_1_813' title='bbox 2124 4590 2375 4653; x_wconf 86' lang='lat' dir='ltr'><strong>Domine;</strong></span> <span class='ocrx_word' id='word_1_814' title='bbox 2401 4588 2516 4652; x_wconf 85' lang='lat' dir='ltr'><strong>sed,</strong></span> <span class='ocrx_word' id='word_1_815' title='bbox 2545 4602 2666 4643; x_wconf 86' lang='lat' dir='ltr'><strong>cum</strong></span> <span class='ocrx_word' id='word_1_816' title='bbox 2687 4585 2791 4641; x_wconf 91' lang='lat' dir='ltr'><strong>hoc</strong></span> <span class='ocrx_word' id='word_1_817' title='bbox 2823 4585 2981 4639; x_wconf 85' lang='lat' dir='ltr'><strong>tertio</strong></span> <span class='ocrx_word' id='word_1_818' title='bbox 3008 4582 3367 4652; x_wconf 54' lang='lat' dir='ltr'><strong>quaesivisset,</strong></span> <span class='ocrx_word' id='word_1_819' title='bbox 3398 4595 3529 4635; x_wconf 89' lang='lat' dir='ltr'><strong>cou-</strong></span> 
     </span>
    </p>
   </div>
   <div class='ocr_carea' id='block_1_108' title="bbox 1944 4676 3528 4746">
    <p class='ocr_par' dir='ltr' id='par_1_108' title="bbox 1944 4676 3528 4746">
     <span class='ocr_line' id='line_1_108' title="bbox 1944 4676 3528 4746; baseline -0.006 -9"><span class='ocrx_word' id='word_1_820' title='bbox 1944 4682 2189 4738; x_wconf 83' lang='lat' dir='ltr'><strong>tristatus</strong></span> <span class='ocrx_word' id='word_1_821' title='bbox 2224 4681 2417 4735; x_wconf 83' lang='lat' dir='ltr'><strong>Petrus</strong></span> <span class='ocrx_word' id='word_1_822' title='bbox 2462 4680 2599 4733; x_wconf 77' lang='lat' dir='ltr'><strong>dixit</strong></span> <span class='ocrx_word' id='word_1_823' title='bbox 2632 4697 2643 4732; x_wconf 93' lang='lat'>:</span> <span class='ocrx_word' id='word_1_824' title='bbox 2677 4678 2755 4733; x_wconf 88' lang='lat' dir='ltr'><strong>Tu</strong></span> <span class='ocrx_word' id='word_1_825' title='bbox 2802 4677 2924 4742; x_wconf 89' lang='lat' dir='ltr'><strong>scis,</strong></span> <span class='ocrx_word' id='word_1_826' title='bbox 2970 4676 3213 4742; x_wconf 80' lang='lat' dir='ltr'><strong>Domine,</strong></span> <span class='ocrx_word' id='word_1_827' title='bbox 3241 4677 3364 4746; x_wconf 86' lang='lat' dir='ltr'><strong>quia</strong></span> <span class='ocrx_word' id='word_1_828' title='bbox 3410 4691 3528 4729; x_wconf 87' lang='lat' dir='ltr'><strong>amo</strong></span> 
     </span>
    </p>
   </div>
   <div class='ocr_carea' id='block_1_109' title="bbox 1944 4768 3533 4846">
    <p class='ocr_par' dir='ltr' id='par_1_109' title="bbox 1944 4768 3533 4846">
     <span class='ocr_line' id='line_1_109' title="bbox 1944 4768 3533 4846; baseline -0.006 -18"><span class='ocrx_word' id='word_1_829' title='bbox 1944 4785 1992 4829; x_wconf 89' lang='lat' dir='ltr'><strong>te</strong></span> <span class='ocrx_word' id='word_1_830' title='bbox 2023 4774 2204 4846; x_wconf 80' lang='lat' dir='ltr'><strong>(Joan.</strong></span> <span class='ocrx_word' id='word_1_831' title='bbox 2238 4773 2376 4843; x_wconf 71' lang='lat' dir='ltr'><strong>ut),</strong></span> <span class='ocrx_word' id='word_1_832' title='bbox 2401 4781 2456 4827; x_wconf 90' lang='lat' dir='ltr'><strong>et</strong></span> <span class='ocrx_word' id='word_1_833' title='bbox 2481 4774 2559 4827; x_wconf 88' lang='lat' dir='ltr'><strong>sic</strong></span> <span class='ocrx_word' id='word_1_834' title='bbox 2589 4772 2762 4827; x_wconf 84' lang='lat' dir='ltr'><strong>deleta</strong></span> <span class='ocrx_word' id='word_1_835' title='bbox 2804 4778 2887 4825; x_wconf 90' lang='lat' dir='ltr'><strong>est</strong></span> <span class='ocrx_word' id='word_1_836' title='bbox 2930 4769 3084 4839; x_wconf 88' lang='lat' dir='ltr'><strong>culpa</strong></span> <span class='ocrx_word' id='word_1_837' title='bbox 3127 4783 3192 4822; x_wconf 82' lang='lat' dir='ltr'><strong>ex</strong></span> <span class='ocrx_word' id='word_1_838' title='bbox 3234 4768 3376 4823; x_wconf 90' lang='lat' dir='ltr'><strong>trina</strong></span> <span class='ocrx_word' id='word_1_839' title='bbox 3402 4782 3533 4821; x_wconf 84' lang='lat' dir='ltr'><strong>cou-</strong></span> 
     </span>
    </p>
   </div>
   <div class='ocr_carea' id='block_1_110' title="bbox 1946 4857 3532 4934">
    <p class='ocr_par' dir='ltr' id='par_1_110' title="bbox 1946 4857 3532 4934">
     <span class='ocr_line' id='line_1_110' title="bbox 1946 4857 3532 4934; baseline -0.007 -14"><span class='ocrx_word' id='word_1_840' title='bbox 1946 4865 2179 4920; x_wconf 85' lang='lat' dir='ltr'><strong>fessione</strong></span> <span class='ocrx_word' id='word_1_841' title='bbox 2206 4906 2222 4928; x_wconf 90' lang='lat'><strong>,</strong></span> <span class='ocrx_word' id='word_1_842' title='bbox 2266 4878 2387 4934; x_wconf 77' lang='lat' dir='ltr'><strong>qua:</strong></span> <span class='ocrx_word' id='word_1_843' title='bbox 2432 4863 2606 4919; x_wconf 89' lang='lat' dir='ltr'><strong>crevit</strong></span> <span class='ocrx_word' id='word_1_844' title='bbox 2632 4880 2698 4917; x_wconf 81' lang='lat' dir='ltr'><strong>ex</strong></span> <span class='ocrx_word' id='word_1_845' title='bbox 2733 4862 2871 4917; x_wconf 88' lang='lat' dir='ltr'><strong>trina</strong></span> <span class='ocrx_word' id='word_1_846' title='bbox 2919 4861 3223 4931; x_wconf 83' lang='lat' dir='ltr'><strong>negatione.</strong></span> <span class='ocrx_word' id='word_1_847' title='bbox 3276 4857 3532 4912; x_wconf 82' lang='lat' dir='ltr'><strong>Restituto</strong></span> 
     </span>
    </p>
   </div>
   <div class='ocr_carea' id='block_1_111' title="bbox 1948 4948 3535 5025">
    <p class='ocr_par' dir='ltr' id='par_1_111' title="bbox 1948 4948 3535 5025">
     <span class='ocr_line' id='line_1_111' title="bbox 1948 4948 3535 5025; baseline -0.008 -13"><span class='ocrx_word' id='word_1_848' title='bbox 1948 4968 2022 5012; x_wconf 88' lang='lat' dir='ltr'><strong>est</strong></span> <span class='ocrx_word' id='word_1_849' title='bbox 2074 4966 2237 5019; x_wconf 84' lang='lat' dir='ltr'><strong>terra,</strong></span> <span class='ocrx_word' id='word_1_850' title='bbox 2278 4954 2494 5025; x_wconf 90' lang='lat' dir='ltr'><strong>quando</strong></span> <span class='ocrx_word' id='word_1_851' title='bbox 2544 4954 2696 5009; x_wconf 88' lang='lat' dir='ltr'><strong>nmlti</strong></span> <span class='ocrx_word' id='word_1_852' title='bbox 2744 4953 2990 5008; x_wconf 89' lang='lat' dir='ltr'><strong>conversi</strong></span> <span class='ocrx_word' id='word_1_853' title='bbox 3042 4967 3107 5005; x_wconf 82' lang='lat' dir='ltr'><strong>ex</strong></span> <span class='ocrx_word' id='word_1_854' title='bbox 3152 4948 3535 5022; x_wconf 59' lang='lat' dir='ltr'><strong>praedicatione</strong></span> 
     </span>
    </p>
   </div>
   <div class='ocr_carea' id='block_1_112' title="bbox 1946 5037 3535 5112">
    <p class='ocr_par' dir='ltr' id='par_1_112' title="bbox 1946 5037 3535 5112">
     <span class='ocr_line' id='line_1_112' title="bbox 1946 5037 3535 5112; baseline -0.007 -11"><span class='ocrx_word' id='word_1_855' title='bbox 1946 5046 2091 5101; x_wconf 87' lang='lat' dir='ltr'><strong>Petri</strong></span> <span class='ocrx_word' id='word_1_856' title='bbox 2119 5047 2372 5101; x_wconf 79' lang='lat' dir='ltr'><strong>dixerunt</strong></span> <span class='ocrx_word' id='word_1_857' title='bbox 2403 5046 2543 5101; x_wconf 89' lang='lat' dir='ltr'><strong>inter</strong></span> <span class='ocrx_word' id='word_1_858' title='bbox 2572 5059 2631 5099; x_wconf 92' lang='lat' dir='ltr'><strong>se</strong></span> <span class='ocrx_word' id='word_1_859' title='bbox 2662 5062 2674 5098; x_wconf 90' lang='lat'><strong>:</strong></span> <span class='ocrx_word' id='word_1_860' title='bbox 2711 5043 2852 5110; x_wconf 76' lang='lat' dir='ltr'><strong>Quid</strong></span> <span class='ocrx_word' id='word_1_861' title='bbox 2882 5044 3156 5112; x_wconf 78' lang='lat' dir='ltr'><strong>faciemus,</strong></span> <span class='ocrx_word' id='word_1_862' title='bbox 3181 5042 3283 5096; x_wconf 83' lang='lat' dir='ltr'><strong>viri</strong></span> <span class='ocrx_word' id='word_1_863' title='bbox 3304 5037 3535 5109; x_wconf 78' lang='lat' dir='ltr'><strong>fratres?</strong></span> 
     </span>
    </p>
   </div>
   <div class='ocr_carea' id='block_1_113' title="bbox 1950 5130 3534 5206">
    <p class='ocr_par' dir='ltr' id='par_1_113' title="bbox 1950 5130 3534 5206">
     <span class='ocr_line' id='line_1_113' title="bbox 1950 5130 3534 5206; baseline -0.006 -14"><span class='ocrx_word' id='word_1_864' title='bbox 1950 5138 2016 5192; x_wconf 86' lang='lat' dir='ltr'><strong>Et</strong></span> <span class='ocrx_word' id='word_1_865' title='bbox 2050 5138 2241 5192; x_wconf 89' lang='lat' dir='ltr'><strong>Pelrus</strong></span> <span class='ocrx_word' id='word_1_866' title='bbox 2275 5155 2289 5191; x_wconf 87' lang='lat'><strong>:</strong></span> <span class='ocrx_word' id='word_1_867' title='bbox 2321 5135 2626 5206; x_wconf 73' lang='lat' dir='ltr'><strong>Baptizatur</strong></span> <span class='ocrx_word' id='word_1_868' title='bbox 2650 5136 3004 5205; x_wconf 86' lang='lat' dir='ltr'><strong>unusquisque</strong></span> <span class='ocrx_word' id='word_1_869' title='bbox 3028 5136 3081 5189; x_wconf 90' lang='lat' dir='ltr'><strong>in</strong></span> <span class='ocrx_word' id='word_1_870' title='bbox 3106 5134 3311 5188; x_wconf 86' lang='lat' dir='ltr'><strong>nomine</strong></span> <span class='ocrx_word' id='word_1_871' title='bbox 3331 5130 3534 5192; x_wconf 83' lang='lat' dir='ltr'><strong>Patris,</strong></span> 
     </span>
    </p>
   </div>
   <div class='ocr_carea' id='block_1_114' title="bbox 1951 5220 3535 5299">
    <p class='ocr_par' dir='ltr' id='par_1_114' title="bbox 1951 5220 3535 5299">
     <span class='ocr_line' id='line_1_114' title="bbox 1951 5220 3535 5299; baseline -0.007 -13"><span class='ocrx_word' id='word_1_872' title='bbox 1951 5240 2008 5286; x_wconf 90' lang='lat' dir='ltr'><strong>et</strong></span> <span class='ocrx_word' id='word_1_873' title='bbox 2039 5231 2182 5297; x_wconf 86' lang='lat' dir='ltr'><strong>Filii,</strong></span> <span class='ocrx_word' id='word_1_874' title='bbox 2221 5238 2277 5285; x_wconf 91' lang='lat' dir='ltr'><strong>et</strong></span> <span class='ocrx_word' id='word_1_875' title='bbox 2306 5230 2538 5299; x_wconf 79' lang='lat' dir='ltr'><strong>Spiritus</strong></span> <span class='ocrx_word' id='word_1_876' title='bbox 2566 5230 2763 5297; x_wconf 90' lang='lat' dir='ltr'><strong>sancti,</strong></span> <span class='ocrx_word' id='word_1_877' title='bbox 2793 5239 2839 5284; x_wconf 89' lang='lat' dir='ltr'><strong>et</strong></span> <span class='ocrx_word' id='word_1_878' title='bbox 2870 5228 3118 5297; x_wconf 80' lang='lat' dir='ltr'><strong>baptizati</strong></span> <span class='ocrx_word' id='word_1_879' title='bbox 3161 5234 3280 5280; x_wconf 89' lang='lat' dir='ltr'><strong>sunt</strong></span> <span class='ocrx_word' id='word_1_880' title='bbox 3319 5220 3535 5292; x_wconf 88' lang='lat' dir='ltr'><strong>plurimi</strong></span> 
     </span>
    </p>
   </div>
   <div class='ocr_carea' id='block_1_115' title="bbox 1955 5312 3536 5396">
    <p class='ocr_par' dir='ltr' id='par_1_115' title="bbox 1955 5312 3536 5396">
     <span class='ocr_line' id='line_1_115' title="bbox 1955 5312 3536 5396; baseline -0.007 -20"><span class='ocrx_word' id='word_1_881' title='bbox 1955 5324 2094 5396; x_wconf 76' lang='lat' dir='ltr'><strong>(Act.</strong></span> <span class='ocrx_word' id='word_1_882' title='bbox 2149 5323 2231 5393; x_wconf 90' lang='grc' dir='ltr'><em>ιι).</em></span> <span class='ocrx_word' id='word_1_883' title='bbox 2278 5320 2531 5375; x_wconf 73' lang='lat' dir='ltr'><strong>llestituta</strong></span> <span class='ocrx_word' id='word_1_884' title='bbox 2580 5330 2653 5375; x_wconf 89' lang='lat' dir='ltr'><strong>est</strong></span> <span class='ocrx_word' id='word_1_885' title='bbox 2703 5321 2770 5375; x_wconf 90' lang='lat' dir='ltr'><strong>ad</strong></span> <span class='ocrx_word' id='word_1_886' title='bbox 2818 5320 3033 5389; x_wconf 89' lang='lat' dir='ltr'><strong>plenum</strong></span> <span class='ocrx_word' id='word_1_887' title='bbox 3072 5328 3234 5382; x_wconf 88' lang='lat' dir='ltr'><strong>terra,</strong></span> <span class='ocrx_word' id='word_1_888' title='bbox 3282 5312 3536 5383; x_wconf 89' lang='lat' dir='ltr'><strong>quando,</strong></span> 
     </span>
    </p>
   </div>
   <div class='ocr_carea' id='block_1_116' title="bbox 1957 5405 3539 5484">
    <p class='ocr_par' dir='ltr' id='par_1_116' title="bbox 1957 5405 3539 5484">
     <span class='ocr_line' id='line_1_116' title="bbox 1957 5405 3539 5484; baseline -0.009 -13"><span class='ocrx_word' id='word_1_889' title='bbox 1957 5418 2124 5471; x_wconf 90' lang='lat' dir='ltr'><strong>misso</strong></span> <span class='ocrx_word' id='word_1_890' title='bbox 2151 5415 2354 5484; x_wconf 87' lang='lat' dir='ltr'><strong>Spiritu</strong></span> <span class='ocrx_word' id='word_1_891' title='bbox 2378 5423 2590 5479; x_wconf 85' lang='lat' dir='ltr'><strong>sancto,</strong></span> <span class='ocrx_word' id='word_1_892' title='bbox 2616 5414 2684 5467; x_wconf 88' lang='lat' dir='ltr'><strong>ab</strong></span> <span class='ocrx_word' id='word_1_893' title='bbox 2711 5411 2967 5482; x_wconf 84' lang='lat' dir='ltr'><strong>apostolis</strong></span> <span class='ocrx_word' id='word_1_894' title='bbox 2990 5408 3226 5463; x_wconf 78' lang='lat' dir='ltr'><strong>Verbum</strong></span> <span class='ocrx_word' id='word_1_895' title='bbox 3252 5405 3378 5459; x_wconf 66' lang='lat' dir='ltr'><strong>vita:</strong></span> <span class='ocrx_word' id='word_1_896' title='bbox 3402 5417 3539 5473; x_wconf 73' lang='lat' dir='ltr'><strong>pra:-</strong></span> 
     </span>
    </p>
   </div>
   <div class='ocr_carea' id='block_1_117' title="bbox 1960 5495 3538 5576">
    <p class='ocr_par' dir='ltr' id='par_1_117' title="bbox 1960 5495 3538 5576">
     <span class='ocr_line' id='line_1_117' title="bbox 1960 5495 3538 5576; baseline -0.012 -11"><span class='ocrx_word' id='word_1_897' title='bbox 1960 5511 2195 5565; x_wconf 87' lang='lat' dir='ltr'><strong>dicatum</strong></span> <span class='ocrx_word' id='word_1_898' title='bbox 2243 5517 2325 5563; x_wconf 91' lang='lat' dir='ltr'><strong>est</strong></span> <span class='ocrx_word' id='word_1_899' title='bbox 2376 5507 2428 5561; x_wconf 92' lang='lat' dir='ltr'><strong>in</strong></span> <span class='ocrx_word' id='word_1_900' title='bbox 2477 5506 2746 5576; x_wconf 85' lang='lat' dir='ltr'><strong>gentibus.</strong></span> <span class='ocrx_word' id='word_1_901' title='bbox 2781 5503 3057 5572; x_wconf 78' lang='lat' dir='ltr'><strong>Expositio</strong></span> <span class='ocrx_word' id='word_1_902' title='bbox 3088 5495 3390 5554; x_wconf 39' lang='lat' dir='ltr'><strong>titulivtalis</strong></span> <span class='ocrx_word' id='word_1_903' title='bbox 3433 5502 3538 5548; x_wconf 88' lang='lat' dir='ltr'><strong>est.</strong></span> 
     </span>
    </p>
   </div>
   <div class='ocr_carea' id='block_1_118' title="bbox 1965 5585 3540 5661">
    <p class='ocr_par' dir='ltr' id='par_1_118' title="bbox 1965 5585 3540 5661">
     <span class='ocr_line' id='line_1_118' title="bbox 1965 5585 3540 5661; baseline -0.009 -8"><span class='ocrx_word' id='word_1_904' title='bbox 1965 5600 2210 5656; x_wconf 79' lang='lat' dir='ltr'><strong>Psalmus</strong></span> <span class='ocrx_word' id='word_1_905' title='bbox 2237 5600 2364 5655; x_wconf 91' lang='lat' dir='ltr'><strong>huic</strong></span> <span class='ocrx_word' id='word_1_906' title='bbox 2395 5600 2585 5661; x_wconf 84' lang='lat' dir='ltr'><strong>David,</strong></span> <span class='ocrx_word' id='word_1_907' title='bbox 2610 5597 2662 5651; x_wconf 84' lang='lat' dir='ltr'><strong>id</strong></span> <span class='ocrx_word' id='word_1_908' title='bbox 2689 5605 2787 5657; x_wconf 87' lang='lat' dir='ltr'><strong>est,</strong></span> <span class='ocrx_word' id='word_1_909' title='bbox 2818 5610 2947 5647; x_wconf 83' lang='lat' dir='ltr'><strong>vero</strong></span> <span class='ocrx_word' id='word_1_910' title='bbox 2972 5590 3137 5646; x_wconf 88' lang='lat' dir='ltr'><strong>David</strong></span> <span class='ocrx_word' id='word_1_911' title='bbox 3165 5585 3540 5643; x_wconf 82' lang='lat' dir='ltr'><strong>attribuendus</strong></span> 
     </span>
    </p>
   </div>
   <div class='ocr_carea' id='block_1_119' title="bbox 1963 5678 3543 5761">
    <p class='ocr_par' dir='ltr' id='par_1_119' title="bbox 1963 5678 3543 5761">
     <span class='ocr_line' id='line_1_119' title="bbox 1963 5678 3543 5761; baseline -0.013 -14"><span class='ocrx_word' id='word_1_912' title='bbox 1963 5705 2062 5755; x_wconf 80' lang='lat' dir='ltr'><strong>est,</strong></span> <span class='ocrx_word' id='word_1_913' title='bbox 2096 5694 2270 5747; x_wconf 85' lang='lat' dir='ltr'><strong>factus</strong></span> <span class='ocrx_word' id='word_1_914' title='bbox 2310 5692 2526 5761; x_wconf 85' lang='lat' dir='ltr'><strong>quando</strong></span> <span class='ocrx_word' id='word_1_915' title='bbox 2569 5690 2805 5743; x_wconf 81' lang='lat' dir='ltr'><strong>restituta</strong></span> <span class='ocrx_word' id='word_1_916' title='bbox 2845 5696 2918 5741; x_wconf 85' lang='lat' dir='ltr'><strong>est</strong></span> <span class='ocrx_word' id='word_1_917' title='bbox 2958 5696 3115 5738; x_wconf 86' lang='lat' dir='ltr'><strong>terra.</strong></span> <span class='ocrx_word' id='word_1_918' title='bbox 3143 5682 3211 5736; x_wconf 88' lang='lat' dir='ltr'><strong>Et</strong></span> <span class='ocrx_word' id='word_1_919' title='bbox 3239 5689 3383 5743; x_wconf 89' lang='lat' dir='ltr'><strong>nota,</strong></span> <span class='ocrx_word' id='word_1_920' title='bbox 3416 5678 3543 5732; x_wconf 85' lang='lat' dir='ltr'><strong>licet</strong></span> 
     </span>
    </p>
   </div>
   <div class='ocr_carea' id='block_1_120' title="bbox 1964 5771 3543 5854">
    <p class='ocr_par' dir='ltr' id='par_1_120' title="bbox 1964 5771 3543 5854">
     <span class='ocr_line' id='line_1_120' title="bbox 1964 5771 3543 5854; baseline -0.012 -15"><span class='ocrx_word' id='word_1_921' title='bbox 1964 5802 2065 5840; x_wconf 74' lang='lat' dir='ltr'><strong>vox</strong></span> <span class='ocrx_word' id='word_1_922' title='bbox 2099 5785 2168 5839; x_wconf 93' lang='lat' dir='ltr'><strong>sit</strong></span> <span class='ocrx_word' id='word_1_923' title='bbox 2218 5783 2498 5854; x_wconf 70' lang='lat' dir='ltr'><strong>Pr0phetm</strong></span> <span class='ocrx_word' id='word_1_924' title='bbox 2532 5784 2583 5837; x_wconf 92' lang='lat' dir='ltr'><strong>in</strong></span> <span class='ocrx_word' id='word_1_925' title='bbox 2624 5784 2723 5838; x_wconf 90' lang='lat' dir='ltr'><strong>hoc</strong></span> <span class='ocrx_word' id='word_1_926' title='bbox 2767 5782 2996 5852; x_wconf 87' lang='lat' dir='ltr'><strong>psalmo,</strong></span> <span class='ocrx_word' id='word_1_927' title='bbox 3044 5786 3223 5831; x_wconf 88' lang='lat' dir='ltr'><strong>tamen</strong></span> <span class='ocrx_word' id='word_1_928' title='bbox 3272 5771 3543 5844; x_wconf 80' lang='lat' dir='ltr'><strong>negotium</strong></span> 
     </span>
    </p>
   </div>
  </div>
