4034 6422
550 344 655 404 647

1181 342 1438 402 ΒΕΜΙΟΙΙ
1474 341 2129 401 ANTISSIODORENSlS
2165 342 2314 399 OPP.
2356 343 2558 401 PARS.
2591 346 2632 401 l.
2672 374 2742 387 --
2779 343 3194 406 EXEGETICA.

3704 354 3824 410 διε

549 460 701 526 illud,
746 457 885 514 unde
932 465 1131 514 tractat
1176 459 1437 529 psalmus,
1465 457 1680 514 Christo
1723 457 2126 513 attribuendum
2153 462 2201 521 Α
2230 461 2477 529 superius
2507 479 2523 515 :
2553 459 2811 517 Dominus
2840 464 3092 533 regnavit,
3123 464 3341 520 exsultet
3372 476 3535 535 terra,
3570 467 3832 523 taxea."

548 558 655 615 est,
684 549 809 619 quia
835 547 977 617 quod
1015 557 1156 602 terra
1197 550 1436 603 restituta
1460 558 1558 613 est,
1599 549 1701 603 hoc
1731 563 1829 617 per
1850 563 1975 603 eum
2005 546 2124 602 fuit.

550 640 735 696 Potest
776 639 941 696 etiam
990 639 1162 710 accipi
1212 642 1277 695 de
1306 639 1697 700 resurrectione
1742 638 1953 694 Domini
1984 638 2128 708 quod

551 730 704 797 dicit,
733 730 968 784 restituta
995 740 1072 784 est
1097 740 1261 795 terra,
1288 730 1414 799 quia
1441 738 1568 783 tunc
1589 744 1720 785 caro
1746 728 1944 784 Christi
1967 745 2128 798 quam

548 819 845 889 assumpsit
885 818 954 873 de
997 818 1204 888 virgine
1249 818 1497 873 restituta
1542 826 1646 883 est,
1692 818 1908 887 quando
1957 815 2128 887 gloria

553 911 974 967 immortalitatis
1020 912 1204 966 induta
1249 921 1354 968 est.
1400 911 1530 979 Qua:
1563 921 1726 978 terra,
1751 912 1804 966 id
1850 921 1956 977 est,
2001 926 2130 967 caro

554 1001 758 1056 Christi
818 1001 970 1070 quasi
1036 1001 1296 1068 deﬂuxit,
1345 1004 1561 1072 quando
1613 1003 2015 1060 immortalitate
2074 1012 2130 1059 et

554 1090 986 1160 impassibilitate
1014 1092 1312 1161 tegebatur.
1343 1091 1483 1147 Dicit
1503 1102 1683 1147 autem
1708 1093 1977 1163 Propheta
2006 1093 2086 1148 sic
2111 1110 2125 1147 :

622 1179 876 1233 Dominus
922 1180 1176 1249 regnauit,
1204 1181 1423 1234 exsultet
1461 1191 1626 1247 terra,
1656 1181 1899 1236 ltetentur
1943 1180 2132 1236 insula:

551 1274 751 1329 mulae.
776 1273 938 1341 Quasi
961 1275 1126 1330 dicat.
1152 1275 1405 1330 Dominus
1427 1275 1661 1331 Verbum
1683 1291 1902 1332 carnem
1926 1286 2132 1331 assum-

550 1364 678 1434 psit,
706 1363 894 1434 inqua
931 1363 1163 1433 plurima
1197 1379 1410 1434 passus,
1442 1374 1687 1420 mortuus
1728 1374 1811 1420 est
1853 1375 1908 1420 et
1946 1358 2133 1421 rosur-

550 1456 717 1521 rexit,
744 1455 1008 1520 ascendit,
1034 1455 1182 1510 misit
1212 1456 1472 1525 Spiritum
1500 1467 1746 1510 sanctum
1793 1457 1933 1511 inter
1965 1457 2131 1512 disci-

550 1545 726 1616 pulos,
770 1554 824 1601 et
863 1546 940 1601 sic
966 1548 1241 1616 regnavit,
1266 1548 1316 1601 id
1349 1558 1452 1613 est,
1472 1563 1704 1616 regnum
1734 1547 1933 1617 ubique
1961 1556 2134 1602 terra-

553 1650 673 1690 rum
698 1636 800 1691 sibi
832 1636 1083 1702 obtinuit,
1109 1636 1236 1706 quia
1264 1637 1680 1706 prtedicautibus
1718 1636 1975 1706 apostolis
2001 1635 2133 1690 ﬁdes

553 1726 754 1797 ubiqu'e
782 1726 977 1793 crevit,
999 1735 1054 1780 et
1075 1727 1154 1781 sic
1182 1726 1434 1792 Dominus
1464 1727 1715 1796 regnavit.
1742 1724 1894 1780 Unde
1913 1724 2132 1781 exsultet

2229 546 2417 602 insqu
2451 548 2651 614 mutue,
2682 559 2738 604 et
2778 558 2955 604 tamen
2991 550 3116 607 licet
3143 553 3259 622 ipse
3286 557 3540 625 regnavit,
3573 558 3742 612 nubes
3776 572 3831 611 es

2230 639 2399 708 caligo
2432 640 2487 694 in
2522 641 2744 695 circuitu
2770 642 2885 711 ejus
2907 657 2927 697 :
2947 642 3072 712 quia
3099 646 3418 714 quibusdam
3455 649 3831 703 obumbratus

2230 741 2314 784 est
2342 746 2408 785 ne
2435 745 2559 786 eum
2585 731 2850 798 viderent,
2884 741 2936 787 et
2983 744 3162 789 tamen
3209 735 3337 791 licet
3373 739 3532 792 nubes
3560 746 3616 792 et
3642 737 3831 807 caligo

2228 829 2383 875 erant
2409 822 2467 876 in
2494 822 2713 876 circuitu
2738 822 2873 892 ejus,
2903 826 3163 893 quantum
3194 825 3261 879 ad
3295 827 3583 895 quosdam,
3602 826 3834 895 justitia

2228 918 2279 963 et
2316 910 2579 979 judicium
2611 908 2833 965 fuerunt
2863 912 3114 965 correctio
3161 912 3299 967 sedis
3340 914 3477 983 ejus,
3522 914 3579 968 id
3626 923 3741 979 est,
3771 914 3831 967 in

2230 1003 2564 1073 correctione
2594 1000 2808 1057 illorum
2828 1003 2919 1072 qui
2946 1001 3111 1056 l'uturi
3135 1012 3293 1057 erant
3315 1004 3473 1059 sedes
3498 1004 3638 1074 ejus.
3663 1002 3832 1073 Ignis

2230 1100 2353 1147 ante
2387 1091 2557 1161 ipsum
2597 1091 2871 1160 pra'cedet.
2897 1089 3127 1145 Causam
3159 1092 3338 1147 reddit
3379 1106 3546 1161 quare
3576 1093 3752 1146 nubes
3777 1103 3833 1146 et

2231 1178 2401 1249 caligo
2426 1180 2482 1233 in
2507 1179 2728 1233 circuitu
2755 1178 2891 1248 ejus.
2927 1178 3061 1245 Quia
3090 1180 3225 1249 ignis
3252 1180 3466 1235 invidiae
3493 1191 3617 1235 ante
3642 1182 3832 1250 ἄρηα

2231 1270 2508 1337 prtucedet,
2536 1285 2642 1324 non
2677 1269 2823 1339 quod
2854 1268 2923 1323 ab
2960 1284 3027 1324 eo
3055 1271 3238 1324 veniat
3262 1271 3397 1340 ignis
3428 1270 3533 1336 ille,
3560 1272 3655 1325 sed
3690 1270 3834 1339 quia

2232 1360 2334 1431 ipsi
2380 1367 2585 1429 ponunt
2628 1360 2805 1428 ignem
2846 1358 3022 1428 ipsum
3060 1358 3282 1415 interse
3309 1369 3364 1414 et
3393 1360 3582 1424 Deum,
3605 1367 3663 1413 et
3698 1359 3833 1413 ideo

2231 1450 2583 1507 obumbratus
2618 1457 2702 1504 est
2739 1448 2818 1502 eis
2866 1447 3150 1513 Dominus,
3184 1463 3252 1503 ne
3286 1462 3411 1502 eum
3455 1447 3677 1503 videant
3712 1465 3728 1499 :
3774 1455 3834 1500 et

2231 1542 2370 1614 ignis
2398 1542 2499 1597 iste
2520 1540 2862 1610 inﬂammabit
2888 1539 3129 1593 inimicos
3149 1539 3266 1609 ejus
3283 1538 3484 1593 illicitis
3503 1535 3833 1600 desideriis,

2231 1634 2419 1689 ethoc
2462 1632 2517 1685 in
2544 1630 2786 1694 circuitu,
2828 1628 2881 1683 id
2929 1637 3035 1692 est,
3081 1642 3486 1697 usquequaque.
3515 1625 3835 1680 Illumne

2235 1722 2448 1794 fulgura
2486 1722 2599 1792 ejus
2638 1719 2751 1774 orbi
2785 1732 2959 1773 teme.
2986 1716 3236 1773 Ostendit
3262 1717 3491 1788 qualiter
3508 1717 3733 1787 justitia
3782 1722 3834 1768 et

552 1827 691 1870 terra
722 1816 834 1886 jam
873 1831 1091 1871 vomere
1124 1816 1520 1886 prmdicadouis
1546 1817 1686 1872 bene
1717 1797 1881 1881 culta,
1925 1826 1980 1871 et
2025 1832 2130 1887 non
2160 1803 2209 1863 Β
2226 1811 2493 1884 judicium
2542 1817 2670 1865 sunt
2716 1808 2965 1862 correctio
3018 1807 3156 1861 sedis
3208 1807 3354 1877 ejus,
3410 1806 3534 1877 quia
3591 1805 3834 1860 illuceut

554 1914 756 1960 tantum
795 1906 1072 1961 exsultent
1124 1907 1197 1960 illi
1225 1908 1315 1976 qui
1361 1908 1418 1961 in
1452 1907 1623 1962 solida
1674 1917 1818 1962 terra
1865 1907 2131 1975 habitant,

552 1997 649 2051 sed
682 1996 843 2051 etiam
874 1995 1116 2051 (celentur
1140 1998 1326 2051 insula:
1356 1997 1535 2052 multa:
1586 1998 1655 2052 ad
1702 1998 1861 2052 ﬁdem
1905 2008 2130 2054 vocatae.

552 2088 669 2156 Vel,
713 2082 953 2146 (tutentur
996 2092 1185 2146 insula:
1215 2092 1414 2157 multm,
1446 2093 1500 2147 id
1526 2101 1634 2171 est,
1665 2090 1921 2148 Ecclesia:
1956 2091 2136 2163 plures

546 2178 659 2250 jam
690 2181 863 2247 facta,
892 2198 1012 2252 quae
1040 2182 1233 2237 insulis
1260 2184 1562 2251 comparari
1598 2192 1845 2252 possunt,
1873 2172 2134 2253 quantum

552 2274 694 2329 sicut
740 2273 929 2332 insulae
974 2274 1325 2328 circumdatae
1367 2281 1492 2327 sunt
1535 2273 1694 2338 mari,
1738 2283 1795 2326 et
1845 2272 2136 2327 alliduntur

552 2360 804 2438 ﬂuctibus
830 2363 1018 2428 maris,
1046 2364 1119 2418 ita
1150 2364 1389 2419 Ecclesia
1416 2365 1750 2420 circumdata
1776 2373 1858 2420 est
1883 2363 2136 2441 ﬁuctibus

554 2453 715 2522 hujus
740 2454 940 2521 saeculi,
987 2464 1043 2510 et
1081 2458 1148 2511 ab
1175 2448 1255 2511 eis
1281 2456 1590 2526 impellitur.
1640 2455 1748 2512 Sed
1792 2458 1922 2528 quid
1965 2456 2135 2512 facit?

553 2546 776 2618 Frangit
805 2546 949 2616 ipsos
972 2545 1186 2614 ﬂuctus,
1217 2556 1273 2603 et
1300 2564 1405 2601 non
1433 2531 1702 2619 frangitur
1727 2549 1796 2605 ab
1824 2549 1955 2615 illis,
1986 2548 2133 2619 velut

555 2638 759 2708 scapuli
788 2637 956 2693 maris
995 2653 1119 2693 cum
1166 2637 1519 2708 impelluntur
1557 2639 1626 2694 ad
1650 2638 1821 2704 littus,
1846 2653 1952 2693 non
1990 2628 2140 2693 frau-

554 2738 691 2799 gunt
714 2727 886 2797 littus,
917 2727 963 2783 si
991 2729 1206 2781 ﬁrmum
1232 2728 1417 2793 fuerit,
1442 2729 1538 2783 sed
1583 2728 1763 2805 potius
1804 2728 1873 2783 ab
1909 2728 2024 2799 ipso
2048 2728 2137 2782 lit-

556 2827 674 2874 tore
715 2818 1057 2891 l'ranguntur.
1093 2820 1270 2875 Nubes
1309 2830 1357 2874 et
1408 2821 1576 2892 caligo
1626 2823 1683 2876 in
1734 2822 1953 2876 circuitu
1997 2822 2133 2893 ejus.

556 2912 717 2978 Quasi
745 2912 890 2967 dicat
922 2929 936 2967 :
962 2912 1219 2967 Dominus
1247 2915 1472 2984 regnavit
1501 2915 1702 2981 taliter,
1739 2915 1867 2984 quia
1896 2914 2058 2968 nubes
2084 2924 2134 2969 et

554 2988 723 3075 caligo
769 3007 823 3059 in
871 3006 1093 3060 circuitu
1120 3007 1255 3076 ejus.
1294 3004 1474 3062 Nubes
1516 3016 1642 3062 sunt
1685 3006 1937 3076 apostoli,
1963 3006 2137 3077 caligo

556 3098 855 3167 prophetae,
881 3096 1135 3166 quoniam
1168 3112 1288 3166 quae
1333 3097 1558 3167 apostoli
1607 3108 2011 3167 expresserunt,
2038 3113 2138 3163 pea-

558 3186 679 3240 dem
708 3188 982 3255 prophetae
1016 3186 1223 3241 occulte
1268 3188 1417 3256 quasi
1468 3188 1698 3257 quadam
1730 3187 1961 3259 caligine
1994 3195 2135 3242 tecta

558 3276 943 3345 praedixerunt.
990 3274 1055 3329 lli
1102 3277 1377 3347 prophetat
1426 3286 1480 3332 et
1529 3277 1756 3347 apostoli
1810 3278 1864 3332 in
1912 3277 2140 3333 circuitu

558 3364 675 3434 ejus
703 3373 844 3429 sunt,
869 3365 1225 3435 prtecinentes
1261 3365 1509 3421 videlicet
1543 3366 1769 3435 gloriam
1816 3365 2049 3431 Domini,
2082 3375 2141 3421 ut

561 3471 601 3508 ri
621 3472 781 3525 gnum
811 3454 926 3524 ejus
974 3456 1027 3510 iu
1063 3457 1167 3512 ﬁde
1213 3466 1501 3512 cresceret.
1537 3458 1757 3512 Iustitia
1797 3468 1843 3512 et
1876 3458 2142 3528 judicium

560 3547 811 3599 correctio
835 3548 970 3601 sedis
996 3548 1131 3617 ejus.
1172 3549 1623 3618 Prwposteratum
1647 3557 1750 3612 est,
1777 3549 1902 3618 quia
1931 3558 2144 3621 Oportet

559 3646 621 3689 ut
671 3636 820 3706 prius
866 3637 937 3691 sit
971 3635 1257 3705 judicium,
1307 3638 1562 3692 discretio
1608 3638 1860 3693 videlicet
1908 3637 2037 3692 boui
2087 3647 2143 3693 et

560 3731 708 3796 mali,
738 3739 796 3785 ut
834 3733 1191 3802 subsequatur
1220 3731 1431 3802 justitia
1476 3747 1492 3787 :
1542 3732 1670 3802 quia
1700 3745 1859 3786 nemo
1877 3729 2144 3800 justiﬁca-

560 3832 670 3888 tur,
702 3823 802 3878 nisi
832 3822 923 3894 qui
970 3824 1073 3878 hoc
1101 3821 1367 3891 judicium
1393 3823 1640 3878 attendit.
1687 3820 1816 3877 Haec
1860 3822 1968 3876 duo
2015 3828 2144 3875 sunt

558 3916 811 3971 correctio
842 3916 979 3970 sedis
1024 3916 1164 3987 ejus,
1215 3916 1343 3986 quia
1374 3931 1472 3986 per
1512 3916 1628 3991 haec
1662 3915 1769 3971 duo
1797 3913 2144 3986 corriguntur

558 4007 636 4062 illi
689 4006 781 4076 qui
827 4009 983 4062 sedes
1028 4004 1144 4074 ejus
1172 4015 1300 4062 sunt
1341 4006 1547 4061 futura.
1578 4005 1938 4076 Et‘quomodo
1970 4024 1985 4060 :
2017 4005 2140 4075 quia

557 4098 719 4166 ignis,
749 4096 801 4149 id
827 4104 933 4160 est,
964 4111 1117 4152 amor
1155 4096 1329 4151 bonus
1355 4096 1444 4165 qui
1478 4094 1794 4162 inﬂammat,
1823 4107 1946 4149 ante
1971 4095 2141 4167 ipsum

557 4187 834 4259 pra-cedet,
884 4197 931 4241 et
989 4186 1129 4258 ignis
1171 4187 1272 4241 iste
1324 4184 1669 4255 inﬂammabit
1715 4183 1955 4240 inimicos
2003 4184 2139 4254 ejus,

555 4276 925 4344 eotnburendo
963 4277 1017 4331 in
1047 4278 1127 4331 eis
1161 4277 1372 4340 nociva,
1403 4277 1457 4330 in
1488 4276 1719 4347 circuitu
1747 4288 1840 4330 eos
1872 4274 2141 4343 ponendo,

559 4375 625 4441 ut
667 4381 790 4421 cum
842 4367 1092 4431 videlicet
1133 4366 1470 4422 circumeant
1526 4364 1826 4419 imitatione
1875 4364 2142 4418 honorum

561 4472 811 4527 operum.
834 4456 911 4513 De
935 4459 1039 4512 hoc
1068 4459 1192 4528 igne
1221 4459 1423 4513 dictutn
1455 4468 1573 4514 est:
1600 4456 1783 4528 Ignem
1803 4459 1915 4514 veni
1942 4459 2145 4514 mittere

563 4551 617 4600 in
638 4558 849 4612 terram,
872 4559 919 4601 et
944 4549 1069 4619 quid
1097 4548 1208 4603 volo
1249 4551 1349 4603 nisi
1374 4560 1427 4602 ut
1455 4549 1809 4603 accendatur?
1839 4547 1990 4620 (Luc.
2021 4550 2145 4622 xu.)

565 4637 717 4702 Quod
756 4636 904 4700 dicit,
935 4646 982 4689 et
1012 4636 1355 4706 inﬂammabit
1384 4638 1440 4692 in
1468 4638 1689 4692 circuitu
1720 4638 1957 4693 inimicos
2004 4639 2144 4709 ejus,

565 4735 622 4778 et
647 4740 754 4794 quo
778 4725 964 4780 ordine
987 4727 1089 4781 hoc
1109 4727 1311 4782 factum
1335 4728 1453 4782 est?
1473 4729 1609 4797 Quia
1630 4728 1908 4785 illuxerunt
1933 4729 2148 4800 fulgura

567 4814 702 4884 ejus,
734 4815 786 4868 id
811 4824 914 4882 est,
938 4816 1250 4886 splendores
1277 4819 1659 4896 miraculorum
1686 4819 1804 4890 ejus
1829 4820 1942 4875 orbi
1970 4830 2144 4885 term,

568 4911 625 4963 id
664 4918 767 4974 est,
799 4908 907 4964 illis
945 4910 1037 4978 qui
1079 4909 1388 4980 recipiendo
1416 4910 1689 4984 culturam
1732 4912 1964 4977 bonam,
1996 4909 2146 4966 orbis

569 5000 735 5056 futuri
782 5008 941 5055 erant
984 5001 1039 5055 in
1084 5001 1391 5067 virtutibus,
1416 5002 1680 5075 qvidelieet
1726 5001 1971 5072 perfecti.
2018 5002 2146 5058 llaec

571 5090 781 5162 fulgura
808 5077 932 5146 vidit
970 5102 1130 5158 terra,
1155 5102 1201 5146 et
1232 5103 1488 5148 commota
1512 5102 1590 5164 est
1615 5102 1760 5148 motu
1793 5095 2144 5163 paenitentiae,

560 5170 624 5241 et
651 5198 758 5238 non
784 5182 1035 5253 quaslibet
1064 5193 1203 5237 terra
1230 5194 1486 5237 commota
1530 5194 1626 5250 est,
1667 5184 1761 5239 sed
1790 5197 1986 5238 montes
2012 5186 2145 5240 sicut

558 5258 688 5332 cera
709 5276 997 5347 ﬂuxerunt,
1029 5276 1082 5329 itl
1118 5286 1221 5340 est,
1250 5275 1374 5330 elati
1421 5275 1475 5329 in
1514 5273 1730 5338 sweulo,
1763 5282 1976 5344 recepto
2024 5273 2147 5343 igne

558 5352 876 5433 ‘charitatis,
919 5367 1119 5424 omissa
1165 5366 1363 5421 duritia
1419 5380 1537 5431 sua,
1588 5365 1831 5420 dissoluti
1883 5376 2010 5420 sunt
2050 5381 2148 5435 per

569 5460 840 5532 lacrymas
870 5440 1241 5533 paenitentiae.
1265 5456 1418 5523 Quod
1458 5455 1609 5521 dicit,
1638 5464 1834 5509 montes
1859 5456 1991 5509 sicut
2029 5471 2148 5509 cera

571 5551 836 5620 ﬂuxerunt
863 5567 895 5603 a
922 5548 1058 5618 facie
1080 5545 1311 5610 Domini,
1337 5545 1392 5599 id
1420 5553 1523 5609 est,
1547 5554 1767 5615 propter
1787 5545 2146 5613 cognitionem

572 5640 805 5705 Domini,
842 5656 876 5693 a
914 5638 1051 5707 facie
1080 5636 1289 5691 Domini
1319 5644 1466 5691 mota
1496 5622 1581 5690 est
1609 5634 1775 5689 omnis
1818 5642 1980 5697 terra,
2022 5634 2147 5702 quia

574 5750 681 5792 non
706 5732 804 5792 soli
832 5731 999 5790 Judaei
1029 5732 1188 5790 ﬁdem
1221 5738 1559 5802 receperunt.
1590 5727 1689 5785 Vel
1729 5725 1884 5783 aliter
1909 5727 2149 5783 dicamus

2234 1902 2448 1975 fulgura
2470 1901 2583 1956 orbi
2608 1910 2779 1955 terraz.
2802 1897 2933 1965 Quae
2953 1898 3166 1969 fulgura
3181 1899 3207 1952 ἵ
3230 1897 3490 1958 Videlicet
3512 1908 3651 1952 terra
3673 1911 3836 1950 cos-

2233 1977 2377 2048 mota
2406 1992 2475 2045 ad
2505 1990 2903 2060 paenitentiam.
2932 1987 3066 2043 Nam
3095 1988 3259 2042 etiam
3296 1997 3492 2044 montes
3521 1987 3657 2041 sicut
3701 2002 3835 2041 cera

2232 2083 2519 2154 fluxerunt,
2536 2082 2587 2136 id
2602 2089 2708 2146 est,
2722 2078 2918 2134 duritia
2932 2077 3285 2148 superborum
3301 2077 3355 2132 in
3371 2076 3645 2132 mollitiem
3660 2089 3835 2129 ves-sa

2233 2184 2349 2243 est,
2396 2176 2537 2233 sicut
2582 2188 2704 2230 cera
2756 2187 2876 2241 quae
2923 2171 3209 2241 apponitur
3253 2171 3382 2242 igni.
3416 2170 3485 2227 Et
3530 2172 3632 2226 hoc
3668 2170 3835 2240 quod

2233 2276 2432 2343 montes
2493 2266 2792 2332 ﬂuxerunt,
2858 2269 2942 2315 est
3007 2278 3042 2314 a
3110 2260 3246 2321 [acie
3310 2260 3550 2325 Domini,
3619 2273 3647 2313 a
3714 2273 3836 2329 qua

2235 2367 2491 2412 commota
2559 2366 2633 2410 est
2705 2369 2885 2419 omnis
2951 2365 3132 2419 terra,
3203 2361 3260 2407 et
3334 2350 3601 2421 quomodo
3672 2349 3840 2404 hoc?

2235 2447 2388 2524 Quia.
2431 2445 2873 2503 annuntiavcrunt
2919 2444 3065 2511 cali,
3098 2442 3174 2511 id
3221 2451 3344 2507 est,
3394 2440 3616 2511 apostoli
3654 2439 3841 2508 justi—

2236 2536 2556 2615 tiant’ejus,
2594 2547 2650 2593 et
2697 2536 2777 2592 sic
2834 2536 3107 2599 viderunt,
3162 2532 3216 2587 id
3268 2539 3384 2595 cst,
3441 2528 3841 2585 intellexerunt

2238 2645 2413 2685 ontnes
2461 2629 2675 2701 populi,
2734 2645 2844 2685 non
2888 2628 3059 2685 solum
3108 2624 3301 2682 Judaei.
3347 2623 3417 2678 Et
3464 2622 3587 2693 quia
3639 2636 3839 2675 omnes

2237 2721 2414 2793 populi
2475 2720 2712 2774 viderunt
2766 2719 2987 2791 gloriam
3044 2717 3197 2788 ejus,
3246 2713 3635 2785 confundantur
3690 2723 3839 2778 ergo

2239 2813 2295 2868 in
2338 2811 2766 2867 consideratione
2809 2826 2907 2866 sua
2958 2824 3134 2886 omnes
3179 2807 3269 2877 qui
3324 2805 3543 2859 adorant
3596 2801 3839 2870 sculpti-

2238 2904 2346 2971 lia,
2404 2914 2453 2959 et
2504 2904 2594 2975 qui
2655 2903 2952 2971 gloriantur
3016 2900 3073 2954 in
3138 2896 3436 2953 simulacris
3495 2895 3627 2960 suis,
3694 2892 3836 2962 quia

2240 3011 2348 3051 non
2401 3007 2528 3051 sunt
2573 2995 2846 3050 adoranda
2885 2993 3207 3055 simulacra,
3257 3003 3356 3045 nec
3405 2988 3567 3043 etiam
3597 2985 3837 3056 angelus

2242 3087 2549 3143 adorandus
2596 3096 2701 3150 est,
2735 3084 2862 3155 quia
2916 3082 3114 3153 legitur
3169 3081 3223 3134 in
3284 3074 3639 3149 Apocalypsi,
3701 3087 3834 3126 cum

2240 3176 2463 3247 quidam
2527 3175 2784 3231 voluisset
2833 3163 3061 3227 adorare
3120 3168 3368 3241 angelum
3416 3179 3514 3239 pro
3550 3164 3839 3221 miraculis

2242 3281 2362 3336 qua:
2410 3262 2573 3328 fecit,
2619 3263 2759 3334 quod
2800 3262 2915 3332 ipse
2956 3260 3322 3332 prohibuisset
3368 3271 3436 3312 ne
3473 3257 3832 3317 adorantur,

2251 3357 2479 3413 dicens:
2525 3354 2651 3409 Vide
2706 3371 2768 3409 ne
2820 3354 3022 3422 feceris,
3049 3348 3501 3405 co’nservus‘enint
3552 3356 3671 3400 tuus
3713 3362 3835 3399 sum

2243 3457 2290 3502 et
2344 3448 2570 3517 fratrum
2622 3454 2832 3499 tuorum
2892 3443 3077 3514 (Apoc.
3132 3455 3226 3495 Itx
3279 3448 3328 3492 et
3372 3438 3532 3509 xxu).
3598 3435 3836 3489 Ades-ate

2247 3538 2559 3602 Dominum,
2584 3551 2767 3591 omnes
2797 3532 2969 3604 angeli
2996 3530 3131 3601 ejus.
3155 3528 3320 3596 Quasi
3359 3527 3540 3584 dicat:
3575 3522 3833 3578 Viderunt

2250 3645 2426 3685 omnes
2448 3628 2624 3699 populi
2650 3624 2874 3697 gloriam
2915 3624 3052 3694 ejus,
3081 3622 3222 3677 unde
3250 3620 3467 3675 adorato
3491 3632 3633 3681 eum,
3655 3630 3833 3668 omnes

2243 3719 2415 3790 angeli
2455 3718 2588 3787 ejus.
2633 3715 2845 3770 Audiuit
2876 3714 2979 3783 hoc
3014 3710 3151 3775 ,Sion
3198 3708 3347 3780 quod
3376 3706 3556 3778 populi
3595 3705 3833 3759 ciderqu

2246 3812 2467 3883 gloriam
2517 3807 2665 3878 ejus,
2716 3816 2763 3862 et
2822 3804 3001 3861 ltetata
3061 3811 3153 3856 est.
3209 3798 3364 3868 Quod
3412 3797 3540 3852 alibi
3582 3797 3827 3851 dicitur:

2245 3902 2539 3955 Audierant
2587 3899 2676 3969 qui
2722 3904 2869 3952 erant
2915 3895 2972 3948 in
3010 3892 3241 3957 Judtca,
3288 3889 3418 3961 quia
3466 3898 3644 3960 gentes
3689 3901 3830 3943 recc-

2241 4000 2429 4064 perunt
2464 3988 2671 4044 verbum
2697 3986 2825 4049 Dei,
2856 3994 2911 4040 et
2936 3981 3327 4039 benedicehant
3348 3980 3516 4035 Deum
3558 3975 3703 4049 (Act.
3731 3974 3828 4045 ιι).

2246 4082 2313 4137 Et
2359 4080 2742 4139 multamrunt
2791 4074 2918 4145 ﬁlia:
2973 4072 3159 4138 Judw,
3209 4071 3263 4126 id
3310 4078 3429 4134 est,
3484 4066 3726 4123 Ecclesia
3766 4080 3832 4121 ex

2242 4173 2476 4236 Iudicis,
2523 4177 2733 4239 propter
2768 4165 2976 4236 judicia
3022 4174 3153 4227 tua,
3200 4161 3449 4226 Domine,
3502 4158 3635 4231 quia
3682 4171 3833 4212 reco-

2244 4270 2547 4337 gnoverunt
2598 4268 2785 4332 gentes
2839 4271 2960 4312 esse
3018 4256 3208 4326 dignas
3257 4261 3316 4308 ut
3366 4265 3832 4320 concorporaren-

2248 4369 2333 4414 tur
2376 4354 2605 4421 ludatis,
2635 4351 2777 4407 unde
2819 4350 3010 4407 Petrus
3041 4367 3053 4402 :
3089 4347 3156 4402 ln
3195 4348 3406 4403 ueritate
3439 4346 3669 4415 comperi
3701 4358 3833 4414 quo-

2247 4450 2393 4504 niam
2427 4434 2531 4500 non
2578 4453 2653 4499 est
2698 4455 3035 4514 personarum
3081 4446 3320 4508 acceptor
3371 4436 3509 4490 Deus
3556 4436 3704 4505 (Act.
3755 4437 3829 4505 ι).

2175 4507 2224 4566 D
2248 4540 2365 4611 Ipse
2405 4538 2549 4592 enim
2597 4507 2791 4589 Petrus
2829 4530 3081 4587 dubitans
3110 4536 3291 4583 utrum
3331 4525 3621 4582 Cornelius
3661 4527 3832 4595 bapti-

2250 4631 2456 4687 zandus
2504 4635 2684 4691 esset,
2743 4623 3074 4680 ccrtiﬁcatus
3110 4629 3211 4676 .est
3261 4619 3514 4689 quoniam
3568 4618 3829 4690 Spiritum

2249 4731 2493 4778 sanctum
2534 4718 2667 4772 vidit
2711 4729 2833 4771 eum
2883 4712 3197 4781 recepisse:
3248 4709 3392 4780 quod
3431 4708 3562 4763 nulli
3606 4708 3833 4778 contigit

2247 4829 2315 4868 ex
2339 4798 2537 4867 ludatis
2569 4807 2710 4877 quod
2747 4814 2873 4860 ante
2909 4804 3237 4872 baptismum
3277 4800 3539 4871 Spiritum
3580 4809 3827 4855 sanctum

2248 4902 2557 4972 recepisset.
2585 4896 3001 4952 Exsultaverunt
3024 4893 3145 4948 ﬁlia:
3168 4891 3316 4948 ludas
3338 4890 3561 4955 merito,
3579 4892 3827 4960 quoniam

2247 5002 2305 5046 tu
2369 4989 2623 5044 Dominus
2677 5002 2730 5040 es
2787 4984 3084 5058 Altissimus
3136 4998 3293 5051 super
3342 4996 3546 5035 omnem
3598 4990 3828 5046 terr-out;

2247 5083 2372 5155 quia
2421 5097 2528 5136 non
2576 5087 2782 5133 tantum
2830 5074 3172 5138 Iudaeorum,
3224 5072 3319 5127 sed
3373 5072 3539 5126 etiam
3586 5073 3826 5142 gentium

2248 5176 2409 5230 Deus.
2457 5172 2522 5226 Et
2562 5170 2820 5225 excitatus
2865 5183 2918 5221 es
2965 5182 3121 5236 super
3170 5180 3347 5219 omnes
3393 5163 3516 5217 deos
3569 5173 3701 5218 ante
3753 5162 3831 5216 ia-

2245 5274 2390 5329 ctos,
2445 5262 2598 5315 nimis
2675 5258 2942 5313 exaltatos
3004 5271 3063 5310 es
3119 5268 3288 5325 usque
3340 5254 3408 5308 ad
3459 5253 3829 5322 :equalitatem

2248 5357 2427 5413 Patris
2497 5353 2834 5416 ascendens;
2895 5358 2950 5404 et
2990 5363 3059 5403 ne
3120 5348 3243 5417 quis
3284 5346 3630 5416 desperaret,
3705 5360 3827 5399 cum

2252 5447 2380 5503 dicit
2425 5461 2548 5499 eum
2598 5441 2967 5504 Altissimum,
2999 5437 3154 5508 quasi
3197 5450 3306 5504 pra:
3344 5433 3631 5489 altitudine
3669 5435 3829 5487 attin-

2254 5553 2381 5611 gere
2430 5552 2554 5591 eum
2606 5548 2711 5589 non
2764 5538 2977 5609 posset,
3029 5530 3120 5585 dat
3170 5536 3492 5598 praeceptum
3549 5525 3696 5595 quod
3749 5534 3829 5579 at-

2251 5629 2532 5700 tingendus
2574 5626 2679 5690 sit,
2733 5631 2788 5677 et
2837 5621 2967 5676 dicit
3013 5638 3026 5675 :
3087 5618 3192 5686 Qui
3238 5617 3457 5689 diligitis
3496 5616 3824 5678 Dominum,

2246 5723 2386 5778 adite
2442 5718 2659 5777 malum.
2705 5714 2871 5785 Quasi
2921 5714 3067 5771 dicat
3112 5729 3125 5769 :
3171 5712 3432 5771 Dominus
3482 5719 3573 5769 est
3617 5708 3825 5765 Altissi-
