3868 5510
58 387 182 443 649

1197 387 1732 445 ENARRATIONES
1771 387 1837 442 IN
1879 384 2213 443 PSALMOS.

3252 385 3355 441 650

58 518 235 567 mus,
295 517 391 559 vos
456 511 634 559 autem
687 504 780 576 qui
836 504 1175 562 altitudinem
1228 506 1346 577 ejus
1409 506 1673 579 attingere
1700 504 2029 571 Alicantem
2076 502 2373 560 notilicavit
2401 503 2670 574 gentibus.
2707 502 2775 559 Et
2826 516 2996 573 quare
3036 502 3177 558 hoc?
3222 482 3357 571 Quia

58 595 281 661 vultis,
330 596 477 651 odite
533 598 768 666 malum;
822 607 877 655 et
927 599 971 654 si
1028 600 1335 670 persecutio
1385 600 1671 671 impiorum

59 687 238 743 vobis
305 691 718 759 supervenerit,
798 691 965 746 nolite
1045 692 1273 760 timere,
1342 692 1469 763 quia
1549 691 1676 748 licet

61 779 313 834 saeviant
360 790 549 835 contra
598 796 856 851 carnem,
906 798 1013 839 non
1066 794 1293 854 possunt
1354 795 1533 839 tamen
1579 784 1675 839 im-

60 868 273 938 pedire
346 872 816 928 resurrectionem.
892 872 1029 941 Quia
1110 874 1333 928 custodit
1417 873 1674 930 Dominus

62 962 293 1017 animos
346 974 649 1019 sanctorum
694 982 948 1036 suorum,
1000 974 1056 1022 et
1103 966 1167 1021 de
1216 983 1375 1021 manu
1425 977 1677 1038 peccato-

65 1066 205 1105 rum
276 1052 517 1107 liberabit
570 1071 657 1109 eos
714 1055 953 1123 tandem,
981 1066 1037 1112 et
1097 1066 1157 1111 ut
1212 1058 1425 1113 tandem
1484 1058 1678 1114 liberet

62 1159 208 1208 eos,
259 1143 354 1200 tua:
393 1155 509 1200 orta
549 1158 625 1201 est
668 1147 849 1216 justo,
910 1147 963 1203 id
1011 1157 1123 1215 est,
1182 1147 1275 1204 lux
1330 1148 1556 1205 interior
1596 1149 1677 1205 lu—

64 1233 229 1287 cebit
294 1234 583 1305 unicuique
641 1234 829 1305 justo,
893 1246 941 1291 et
1017 1239 1169 1293 rectis
1240 1228 1395 1293 corde
1456 1239 1674 1307 laetitia,

67 1324 124 1377 id
175 1334 299 1391 est,
347 1334 409 1380 ut
451 1342 559 1382 non
602 1328 777 1383 solum
810 1329 864 1384 in
903 1344 999 1400 spe
1047 1329 1349 1401 gaudeant,
1388 1332 1480 1385 sed
1509 1331 1676 1387 etiam

66 1414 127 1469 in
184 1416 561 1473 tribulatione.
618 1417 772 1475 Unde
819 1418 1101 1485 ltztamini,
1129 1420 1288 1490 justi,
1326 1420 1380 1475 in
1416 1420 1673 1488 Domino,

67 1523 318 1575 quorum
387 1516 594 1563 tantum
649 1521 734 1565 est
796 1511 1066 1581 gaudere,
1132 1511 1260 1582 quia
1333 1511 1514 1582 impiis
1570 1527 1676 1566 non

66 1607 160 1652 est
233 1599 493 1669 gaudere.
548 1598 619 1654 Et
690 1600 1009 1671 confitemini
1060 1602 1326 1656 memoria:
1387 1602 1678 1656 sanctitatis

66 1691 229 1760 ejus,
290 1692 344 1746 id
390 1702 502 1759 est,
557 1692 774 1750 laudate
821 1711 945 1751 eum
998 1695 1053 1750 in
1101 1696 1233 1760 hoc,
1284 1696 1429 1766 quod
1474 1710 1682 1751 memor

69 1780 186 1835 fuit
236 1784 407 1839 vestri
459 1794 519 1838 ut
563 1800 661 1840 vos
706 1786 1103 1854 sanctiﬁcaret,
1151 1802 1277 1843 cum
1330 1786 1681 1843 immemores

69 1873 284 1929 essetis
334 1874 390 1930 in
436 1874 785 1932 damnatione
829 1885 1037 1933 vestra.

597 1976 923 2035 PSALMUS
965 1978 1168 2037 XCVII.

656 2086 891 2126 PSALIUS
928 2088 1112 2128 DAVID.

152 2179 174 2212 ι
224 2159 458 2219 Cantate
504 2163 732 2220 Domino
785 2167 1057 2223 canticum
1116 2182 1347 2235 novum,
1393 2168 1519 2239 quia
1576 2167 1685 2223 mi-

76 2270 95 2303 t
147 2253 353 2308 mbilia
429 2254 575 2310 fecit.
648 2256 893 2310 Salvavit
964 2258 1067 2313 sibi
1138 2259 1361 2314 dextera
1426 2260 1573 2330 ejus,
1628 2266 1688 2315 et

78 2365 95 2397 ‹
145 2345 440 2401 brachium
495 2358 741 2403 sanctum
795 2349 932 2420 ejus.
986 2347 1183 2405 Notum
1244 2350 1375 2405 fecit
1425 2349 1687 2406 Dominus

77 2453 97 2488 ε
149 2437 398 2493 salutare
453 2455 643 2505 suum,
698 2441 754 2495 in
799 2450 1093 2511 conspectu
1139 2442 1383 2513 gentium
1425 2441 1688 2498 reVelabit

79 2548 96 2579 ι
136 2528 425 2597 justitiam
477 2548 652 2587 suam.
688 2531 1026 2587 Recordatus
1054 2540 1138 2588 est
1165 2533 1551 2588 misericordia:
1578 2548 1688 2589 suae

80 2639 99 2671 ι
149 2631 210 2676 et
261 2623 507 2678 veritatis
556 2639 668 2680 sua:
725 2624 907 2679 domui
956 2625 1143 2680 Israel.
1185 2625 1453 2680 Viderunt
1500 2640 1691 2682 omnes

78 2730 99 2763 ι
150 2713 383 2766 termini
427 2722 587 2768 term
633 2712 871 2770 salutare
914 2715 1012 2770 Dei
1044 2715 1238 2770 nostri.
1270 2714 1508 2771 'Juhilate
1540 2716 1687 2783 Deo,

78 2826 96 2857 ‹
148 2806 339 2861 omnis
404 2817 580 2873 terra,
648 2817 899 2876 cantate,
946 2816 1003 2864 et
1050 2807 1338 2876 exsultate,
1382 2820 1436 2864 et
1458 2808 1689 2880 psallite.

78 2917 97 2949 ι
148 2898 384 2953 Psallite
431 2899 658 2955 Domino
703 2900 757 2955 in
803 2901 1046 2967 cithara,
1093 2901 1147 2956 in
1189 2900 1399 2956 cithara
1451 2910 1501 2955 et
1552 2915 1686 2956 voce

80 3009 98 3041 ‹
142 2989 390 3060 psalmi,
444 2990 499 3045 in
554 2991 696 3047 tubis
744 2992 1035 3047 ductilibus
1081 3000 1137 3048 et
1185 3007 1321 3048 voce
1383 2994 1528 3047 tubae
1577 3006 1696 3047 cor-

79 3100 99 3134 (
148 3099 299 3139 nea}.
351 3081 587 3140 Jubilate
648 3084 701 3139 in
749 3096 1041 3155 conspectu
1092 3086 1234 3158 regis
1278 3085 1529 3152 Domini,
1577 3100 1694 3141 Ino-

80 3194 98 3227 ι
148 3184 357 3230 veatur
402 3192 554 3232 mare
602 3185 657 3232 et
706 3178 987 3249 plenitudo
1038 3176 1201 3246 ejus:
1236 3178 1384 3233 orbis
1426 3186 1695 3232 terrarum

1777 599 2081 653 recordatus
2114 607 2190 653 est
2210 598 2584 653 misericordia:
2603 613 2733 665 suae,
2764 598 2816 653 id
2856 606 2961 662 est,
2999 597 3360 667 reparationis

1777 689 2013 744 humano
2034 689 2218 761 generi
2251 688 2528 756 faciendae,
2558 689 2862 744 recordatus
2886 698 2962 743 est
2990 689 3224 743 veritatis
3249 705 3364 744 sua:

1775 776 2273 851 promissaz'domui
2300 779 2493 849 Israel,
2518 781 2644 852 quia
2683 780 2786 837 illis
2824 780 3114 853 promissio
3159 780 3261 835 fuit
3290 780 3364 835 ibi

1777 871 1919 928 facta
1945 874 2009 929 de
2048 874 2445 929 restauratione
2485 874 2705 929 humani
2744 872 2981 945 generis.
3009 872 3078 928 Et
3105 872 3186 929 sic
3221 872 3370 927 vide-

1780 976 1899 1018 runt
1921 982 2097 1021 omnes
2124 967 2331 1022 termini
2359 976 2536 1033 terrm,
2569 967 2623 1022 id
2651 974 2759 1033 est,
2790 981 2980 1022 omnes
3007 965 3082 1022 illi
3123 966 3217 1037 qui
3260 973 3372 1022 ter-

1778 1057 1997 1112 renitati
2026 1073 2137 1113 suze
2158 1059 2446 1113 terminum
2483 1068 2799 1128 posuerunt,
2849 1059 3091 1114 viderunt
3134 1057 3372 1113 salutare

1780 1149 1875 1205 Dei
1901 1152 2087 1216 nostri,
2116 1160 2170 1207 et
2208 1152 2328 1207 ideo
2359 1151 2586 1221 jubilate
2630 1151 2881 1217 Domino,
2914 1152 3085 1208 omnis
3122 1160 3285 1218 terra,
3315 1151 3370 1206 id

1779 1250 1883 1307 est,
1918 1250 2123 1297 tantam
2152 1243 2427 1298 licentiam
2473 1243 2525 1297 in
2571 1244 2723 1299 vobis
2763 1245 3052 1314 concipite,
3105 1251 3369 1315 quantam

1779 1346 1887 1387 non
1910 1331 2154 1389 suiﬁcitis
2182 1335 2237 1389 in
2264 1349 2398 1389 voce
2424 1336 2748 1404 exprimere.
2780 1335 3001 1391 Cantate
3030 1337 3195 1393 etiam
3230 1337 3371 1392 inte-

1782 1423 1917 1489 rius,
1950 1432 1999 1478 et
2029 1426 2285 1479 exsultate
2310 1425 2567 1489 exterius,
2592 1434 2646 1481 et
2670 1427 2748 1482 sic
2774 1425 3001 1495 psallite,
3029 1427 3081 1482 id
3103 1435 3211 1493 est,
3230 1428 3375 1483 bona

1780 1528 1946 1584 Opera
1982 1530 2106 1570 cum
2142 1517 2339 1571 mentis
2382 1516 2653 1573 hilaritate
2694 1518 2957 1587 perlicite,
2986 1520 3112 1590 quia
3142 1518 3373 1575 hilarem

1782 1614 2121 1675 Operatorem
2167 1607 2339 1678 diligit
2383 1607 2543 1663 Deus.
2580 1608 2800 1664 Psallite
2838 1609 3095 1676 .Domino,
3147 1611 3285 1675 dico,
3319 1612 3379 1665 in

1782 1698 2014 1764 cithara,
2048 1699 2100 1753 id
2126 1708 2233 1764 est,
2264 1700 2317 1754 in
2354 1701 2536 1755 carnis
2565 1701 3006 1757 mortiﬁcatione.
3052 1700 3206 1757 Unde
3237 1702 3380 1772 Apo-

1783 1789 1954 1845 stolus
1988 1806 2002 1844 :
2037 1788 2360 1860 Mortiﬁcate
2400 1792 2631 1846 membra
2672 1802 2845 1847 vestra
2883 1809 3002 1863 qua:
3048 1801 3172 1848 sunt
3223 1808 3380 1863 super

1709 1889 1757 1950 Β
1784 1891 1979 1938 terram
2021 1883 2158 1955 (Col.
2202 1884 2306 1954 III).
2336 1883 2555 1940 Psallite
2581 1884 2747 1941 etiam
2788 1887 2845 1940 in
2895 1886 3031 1941 tubis
3073 1885 3378 1941 ductilibus.

1784 1974 1949 2030 Tuba:
1978 1974 2205 2029 ductiles
2232 1984 2357 2030 sunt
2381 1976 2521 2030 tuba:
2541 1990 2699 2030 aereae
2724 1991 2865 2046 quae,
2912 1991 3034 2031 cum
3079 1978 3381 2031 tunduntur

1785 2064 2014 2130 malleis,
2055 2064 2110 2119 in
2156 2064 2545 2135 longitudinem
2603 2073 2659 2121 et
2706 2064 3047 2121 latitudinem
3106 2076 3380 2121 crescunt.

1785 2155 1962 2211 Mallei
2005 2158 2178 2212 nostri
2210 2166 2336 2213 sunt
2380 2157 2577 2213 diaboli
2607 2166 2664 2213 et
2691 2173 2820 2213 vasa
2844 2173 3057 2225 eorum,
3093 2158 3274 2214 tuusio
3299 2166 3383 2213 est

1785 2262 1975 2303 eorum
2004 2247 2280 2303 tribulatio
2307 2259 2362 2303 et
2409 2251 2715 2319 persecutio
2766 2250 2963 2319 quibus
2992 2248 3203 2305 malleis
3233 2250 3383 2319 quis-

1788 2340 1909 2411 quis
1936 2349 2145 2407 tunsus,
2173 2350 2385 2397 crescat
2428 2341 2480 2395 in
2508 2342 2966 2412 perseverantiam
3014 2342 3141 2397 boni
3177 2342 3383 2411 operis,

1788 2443 2001 2489 crescat
2028 2434 2192 2489 etiam
2219 2435 2271 2488 in
2299 2433 2657 2499 latitudinem,
2691 2432 2745 2488 id
2772 2441 2878 2499 est,
2901 2432 2955 2488 in
2987 2432 3273 2488 charitatis
3295 2446 3386 2486 ex-

1792 2527 2117 2594 tensionem,
2159 2542 2280 2597 qua:
2308 2527 2549 2582 charitas
2577 2541 2684 2581 non
2726 2525 2869 2581 ultra
2920 2525 3138 2581 extendi
3186 2532 3384 2597 potest,

1790 2634 1954 2690 quam
1988 2627 2048 2674 ut
2068 2620 2135 2673 ad
2158 2619 2407 2674 inimicos
2422 2619 2653 2689 quisque
2678 2617 2876 2673 habeat
2902 2616 3246 2680 cbaritatem,
3265 2614 3384 2670 vel-

1792 2720 1854 2767 ut
1880 2711 1969 2767 ille
2002 2713 2091 2782 qui
2116 2712 2254 2767 dixit
2277 2732 2290 2766 :
2316 2712 2559 2777 Domine,
2575 2728 2637 2766 ne
2652 2721 2857 2766 statuas
2881 2711 2986 2765 illis
3002 2713 3098 2765 hoc
3115 2720 3386 2781 peccatum

1795 2802 1931 2873 (Act.
1961 2808 2083 2875 vn),
2132 2805 2257 2874 quia
2292 2804 2543 2860 nesciunt
2584 2804 2710 2874 quid
2760 2803 2960 2872 faciunt
3015 2803 3167 2875 (Luc.
3200 2803 3383 2868 XXIII).

1794 2898 2014 2955 Psallite
2049 2900 2213 2955 etiam
2253 2915 2440 2956 vocem
2480 2900 2617 2953 tubae
2646 2915 2867 2965 carnem,
2916 2898 2970 2953 id
3004 2907 3105 2965 est,
3138 2898 3217 2953 sic
3260 2913 3386 2967 ope-

1797 2993 1994 3049 ramini
2022 3002 2080 3049 ut
2106 2994 2159 3049 in
2189 3009 2353 3049 carne
2382 2993 2695 3058 existentes,
2734 3008 2923 3047 omnes
2972 2991 3218 3046 carnales
3267 2989 3375 3045 all‘e

1797 3086 2006 3141 ctiones
2047 3085 2343 3153 excedatis,
2398 3094 2457 3140 et
2504 3086 2606 3141 hoc
2657 3085 2725 3141 ad
2770 3082 3177 3139 similitudinem
3219 3096 3386 3138 cornu

1801 3177 1963 3245 quod,
1998 3175 2322 3231 adhaerendo
2364 3176 2537 3241 carni,
2589 3177 2642 3231 in
2697 3176 2856 3231 aliam
2894 3174 3194 3230 indurescit
3228 3183 3385 3228 natu-

79 3284 99 3317 ί
148 3275 211 3321 et
270 3265 366 3335 qui
414 3266 660 3323 habitant
696 3266 751 3322 in
786 3283 872 3324 eo.
925 3267 1171 3323 Flumina
1218 3268 1475 3339 plaudent
1517 3285 1681 3324 manu
1708 3257 1754 3320 C
1785 3282 1923 3321 ram.
1957 3266 2105 3323 Unde
2145 3266 2345 3324 Paulus
2374 3287 2385 3322 :
2434 3268 2547 3323 Etsi
2577 3268 2754 3323 adhuc
2779 3268 2834 3322 in
2864 3283 3029 3323 carne
3062 3266 3384 3329 militamus,

79 3380 97 3412 ι
146 3358 356 3424 simul,
405 3372 617 3418 montes
692 3361 1042 3417 exsultabunt
1095 3377 1126 3416 a
1183 3371 1472 3432 conspectu
1504 3361 1697 3417 Domi-

79 3472 97 3501 ε
150 3451 252 3515 ni,
321 3451 577 3520 quoniam
642 3451 793 3507 venit
853 3452 1097 3524 judicare
1152 3460 1375 3507 terram.
1422 3450 1699 3509 Judicabit

82 3562 100 3594 s
148 3544 353 3600 orbem
412 3552 677 3601 terrarum
726 3545 784 3601 in
822 3543 1070 3616 justitia,
1098 3554 1154 3602 et
1197 3546 1423 3617 populos
1449 3546 1503 3603 in
1532 3547 1702 3618 acqui-

82 3658 101 3689 s
155 3649 300 3695 tate.
348 3659 366 3691 I

660 3753 1120 3811 ENARRATIO.

156 3847 289 3903 V'ox
347 3854 431 3903 est
485 3847 542 3904 in
607 3848 711 3904 hoc
764 3847 971 3919 psalmo
1022 3847 1308 3918 Propheta:
1357 3845 1696 3903 exhortantis

80 3956 189 3995 nos
226 3979 242 4004 ,
327 3954 399 3994 ne
484 3940 540 3994 in
617 3956 847 3999 vacuum
916 3940 1144 4009 gratiam
1195 3938 1291 3995 Dei
1375 3939 1699 4009 recipiamus

79 4033 174 4103 (II
247 4032 371 4089 Cor.
431 4034 545 4106 vI),
593 4049 661 4090 ne
729 4034 1046 4105 sanguinem
1112 4032 1244 4103 justi
1319 4035 1699 4093 conculcemus

82 4124 291 4196 (Hebr.
341 4124 418 4198 x),
467 4125 561 4181 sed
611 4126 668 4182 in
720 4142 916 4197 magna
970 4126 1256 4183 affectione
1305 4136 1515 4201 tempus
1572 4129 1700 4185 visi-

84 4215 325 4271 tationis
384 4230 836 4287 recognoscam“
900 4214 1051 4289 (Luc.
1105 4216 1167 4288 I),
1230 4216 1508 4275 Christum
1570 4218 1697 4275 imi-

84 4309 268 4364 tando
336 4316 493 4364 vetus
552 4308 827 4363 canticum
893 4316 1317 4378 postponamus,
1378 4318 1434 4366 et
1499 4325 1698 4367 novum

84 4399 377 4456 canticum
424 4415 548 4457 cum
599 4415 665 4455 eo
710 4408 1012 4455 cantemus.
1067 4400 1218 4465 Quod
1270 4399 1405 4456 dicit
1454 4416 1470 4456 :

163 4491 396 4546 Cuntate
449 4490 675 4546 Domino
725 4492 987 4546 canticum
1039 4508 1248 4546 novum.
1304 4491 1514 4550 Novum
1567 4510 1700 4551 can-
1744 4538 1767 4566 ,ρ

89 4586 306 4648 ticum,
362 4598 500 4637 nova
547 4582 820 4647 charitas,
872 4596 1013 4638 nova
1066 4583 1369 4651 humilitas,
1405 4586 1549 4656 quod
1601 4601 1697 4642 ve-

1790 3360 1904 3432 jam
1920 3375 2026 3414 non
2044 3368 2223 3415 tamen
2249 3360 2544 3415 secundum
2564 3373 2784 3414 carnem
2797 3360 3029 3415 vivimus
3053 3358 3141 3429 (ll
3159 3357 3281 3412 Cor.
3307 3356 3387 3426 χ).

1795 3453 2029 3508 Jubilate
2050 3455 2107 3507 in
2145 3463 2422 3523 conspectu
2462 3454 2596 3524 regis
2621 3452 2853 3507 Domini.
2884 3452 3048 3519 Quasi
3078 3452 3222 3506 dicat
3249 3469 3261 3504 :
3291 3452 3388 3506 His

1797 3546 2048 3602 omnibus
2069 3546 2245 3601 modis
2267 3545 2581 3616 psallentes,
2596 3543 2821 3616 jubilate
2847 3545 2902 3600 in
2934 3544 3177 3599 interiori
3210 3552 3388 3599 vestro

1796 3639 1888 3695 ubi
1913 3638 2177 3709 conspicit
2196 3652 2292 3694 rex
2313 3647 2513 3705 vester,
2544 3646 2600 3695 et
2624 3638 2777 3693 vobis
2797 3636 3176 3708 jubilantibus,
3193 3653 3387 3691 movea-

1798 3743 1885 3787 tur
1931 3749 2096 3802 mare,
2151 3733 2204 3788 id
2256 3741 2359 3799 est,
2408 3731 2680 3803 gentilitas
2733 3739 2881 3787 motu
2929 3730 3261 3801 pmnitentiae
3308 3729 3390 3785 vel

1797 3832 1947 3878 motu
1977 3823 2094 3891 irae,
2118 3830 2176 3879 et
2208 3837 2315 3878 non
2352 3822 2405 3876 in
2425 3831 2581 3893 parte
2601 3830 2871 3877 moveatur
2895 3836 3063 3887 mare,
3096 3821 3193 3875 sed
3220 3821 3390 3890 pleni-

1800 3914 1928 3968 tudo
1954 3913 2087 3984 ejus,
2130 3913 2185 3968 id
2212 3920 2318 3980 est,
2343 3912 2545 3983 ubique
2577 3921 2853 3967 moveatur
2879 3925 2898 3963 :
2940 3912 3079 3966 orbis
3132 3922 3392 3965 terrarum

1800 4008 1963 4064 etiam
1983 4016 2286 4073 moveatur,
2308 4006 2360 4062 id
2389 4015 2493 4072 est,
2518 4006 2743 4076 perfecti
2783 4004 3182 4075 quodammodo
3219 4001 3392 4057 adhuc

1801 4106 2122 4155 moveantur
2156 4098 2223 4154 ad
2259 4098 2659 4154 incrementum
2686 4096 2971 4161 virtutum,
2996 4106 3053 4151 et
3089 4110 3279 4151 omnes
3304 4109 3394 4165 qui

1800 4192 2037 4247 habitant
2064 4194 2120 4247 in
2156 4206 2217 4246 eo
2245 4191 2400 4258 orbe,
2424 4191 2477 4247 id
2501 4198 2604 4257 est,
2633 4205 2823 4246 omnes
2843 4190 2935 4261 qui
2964 4189 3246 4244 imitantur
3275 4202 3387 4256 per—

1801 4283 1974 4340 fectos
1997 4284 2230 4355 jubilent
2276 4286 2333 4340 in
2389 4296 2667 4357 conspectu
2704 4284 2838 4355 regis
2874 4281 3109 4347 Domini,
3147 4279 3395 4349 jubilate,

1801 4380 1927 4450 quia
1950 4380 2197 4450 ﬂumina,
2222 4380 2273 4435 id
2303 4387 2405 4446 est,
2428 4379 2808 4450 praedicatores
2832 4375 3026 4442 sancti,
3070 4374 3134 4428 de
3162 4387 3395 4444 quorum

1802 4480 1976 4529 ventre
1995 4475 2162 4543 ﬂuent
2203 4488 2354 4543 aqua:
2389 4473 2516 4527 nime
2562 4471 2745 4543 (Joan.
2771 4470 2893 4543 VII),
2938 4467 3193 4539 plaudent
3235 4480 3399 4517 manu

1802 4564 1979 4629 simul,
2006 4565 2058 4619 id
2082 4572 2189 4631 est,
2214 4564 2357 4619 bona
2381 4563 2696 4635 operatione
2716 4561 3015 4617 vobiscum.
3051 4556 3317 4611 Plaudent
3345 4562 3400 4609 ct

90 4637 184 4728 ὡς
250 4637 411 4726 δέ)ωο
472 4637 645 4727 nega;
709 4637 951 4726 εδίηὶπέ,
1017 4669 1155 4736 Quia
1212 4637 2025 4745 ηιειζέιὶξῇᾇηίεέξξνθηιοηιεδ,
2068 4657 2123 4712 id
2150 4666 2254 4725 est,
2298 4656 2425 4712 elati
2464 4657 2517 4711 in
2555 4655 2753 4711 sacculo
2801 4653 3139 4710 exsultabant
3186 4669 3219 4705 a
3274 4666 3400 4704 con-

88 4774 235 4818 tunc
284 4761 569 4829 videlicet,
626 4762 843 4832 quando
904 4761 1071 4817 lilium
1128 4762 1300 4818 vidua:
1359 4765 1705 4822 resuscitavit

90 4852 261 4925 (Luc.
316 4850 434 4923 vn),
483 4852 577 4908 sed
626 4850 932 4906 mirabilius
984 4850 1140 4918 fecit,
1194 4854 1409 4924 quando
1464 4856 1704 4928 perditos

89 4959 125 4998 a
189 4950 372 4997 morte
418 4942 666 4998 redemit.
725 4941 961 4997 Salvavit
1029 4943 1130 4997 sibi
1178 4944 1392 5001 dextera
1448 4949 1597 5020 ejus,
1651 4957 1703 5003 et

90 5034 385 5090 brachium
427 5046 668 5090 sanctum
697 5034 836 5104 ejus.
888 5033 1137 5091 Ostendit
1163 5037 1395 5108 qualiter
1434 5040 1701 5097 mirabilia

90 5128 248 5199 fecit.
295 5124 428 5181 Nam
467 5127 681 5183 dextera
709 5125 825 5195 ejus
864 5134 913 5181 et
951 5126 1220 5183 brachium
1256 5128 1393 5199 ejus,
1445 5132 1697 5191 Christus
1770 5192 1773 5197 ,

94 5219 381 5286 videlicet,
403 5221 643 5291 potentia
669 5228 720 5274 et
749 5218 1066 5276 lortitudine
1093 5236 1190 5277 sua
1238 5220 1478 5295 saluauit,
1510 5227 1565 5282 id
1594 5235 1697 5293 est,

94 5308 461 5365 salvationem
494 5311 737 5365 humano
768 5308 949 5375 generi
984 5309 1165 5365 attulit
1191 5318 1246 5365 et
1277 5311 1380 5370 hoc
1404 5317 1505 5371 sibi
1528 5331 1559 5369 a
1592 5314 1698 5369 Do-

96 5401 284 5464 mino,
308 5397 449 5455 Patri
478 5398 753 5460 videlicet,
780 5405 833 5448 ut
853 5397 942 5467 qui
963 5398 1159 5465 vivunt,
1189 5400 1309 5471 jam
1334 5418 1438 5459 non
1469 5402 1701 5474 amplius

391 5492 507 5510 .ll'
547 5491 585 5510 Π
642 5507 649 5510 .
703 5489 756 5510 _-\
822 5488 910 5510 --_.I
947 5490 1097 5510 n-__-
1246 5492 1333 5510 ο.ι

1802 4768 1984 4828 spectu
2012 4756 2253 4823 Domini,
2275 4748 2525 4828 quoniam
2566 4757 2701 4811 venit
2740 4756 3000 4812 Dominus
3026 4754 3267 4826 judicare
3294 4763 3401 4805 ter-

1770 4842 1773 4843 ⁷
1805 4867 1942 4917 ram,
1965 4866 2111 4907 nunc
2139 4850 2354 4908 occulto
2372 4848 2598 4919 judicio,
2620 4848 2912 4906 ettandem
2932 4845 3195 4920 judicabit
3222 4842 3398 4898 orbem

1803 4953 2065 5000 terrarum
2093 4945 2147 5001 in
2163 4943 2401 5019 justitia,
2426 4954 2475 4998 et
2495 4941 2712 5014 populos
2738 4944 2796 4998 in
2818 4942 3082 5016 aequitate.

2299 5032 2624 5091 PSALMUS
2664 5033 2898 5093 XCVIII.

2232 5140 2235 5143 ¹
2376 5142 2608 5183 ΡδΑιιιιιε
2639 5140 2829 5185 DAVID.

1878 5240 1899 5276 ι
1946 5221 2211 5281 Dominus
2246 5221 2517 5291 regnavit,
2539 5219 2856 5277 irascantur
2879 5214 3098 5291 populi:
3132 5210 3223 5281 qui
3250 5207 3406 5265 sedet

1808 5332 1826 5367 ι
1870 5330 2036 5387 super
2059 5314 2379 5381 Cherubin],
2408 5321 2692 5371 moveatur
2719 5320 2887 5369 terra.
2903 5306 3161 5365 Dominus
3188 5302 3242 5356 in
3264 5300 3402 5356 Sion

1810 5425 1830 5458 (
1877 5423 2127 5480 magnus,
2157 5420 2213 5468 et
2236 5404 2487 5464 excelsus
2529 5418 2691 5473 super
2721 5420 2912 5461 omnes
2952 5395 3193 5471 p0pulos.
3224 5392 3409 5448 Conli-
