4034 6454
539 473 638 531 851

1180 469 1439 529 BEMIGII
1479 468 2134 528 AN'I‘ISSIODORENSIS
2172 462 2320 527 OPP.
2364 473 2559 539 PARS.
2585 474 2641 556 ’1.
2671 470 3169 547 -—EXEGETlCA.

3689 475 3804 531 652

545 610 565 644 ι
606 600 713 649 est.
740 586 953 661 Moyses
982 596 1038 644 et
1068 586 1249 657 Aaron
1274 588 1329 644 in
1356 588 1731 645 sacerdotibus
1756 555 1978 661 ejus,vet
2020 586 2194 669 Sa-_A
2220 587 2420 647 bonum
2464 597 2536 645 et.
2571 588 2796 658 malum,
2858 599 2916 645 ut
2971 586 3205 646 declinet
3256 604 3288 643 a
3335 585 3478 645 malo
3525 597 3585 645 et
3632 588 3809 646 faciat

547 702 567 735 ι
612 680 757 739 muel
785 681 927 736 inter
961 693 1058 736 eos
1097 680 1191 750 qui
1220 679 1474 736 invocant
1501 694 1698 736 nomen
1729 678 1866 750 ejus.
1900 679 2141 759 invoca-7
2169 752 2180 763 _

546 793 563 825 ι
608 773 741 827 bant
766 771 1093 836 Dominum,
1116 779 1173 825 et
1211 769 1326 841 ipse
1357 768 1679 841 exaudiebat
1715 784 1808 825 eos
1845 788 1858 824 :
1914 769 1970 825 in
2021 783 2113 825 co-

547 881 565 913 ‹
608 860 792 917 lumna
815 861 970 916 nobis
994 860 1310 929 loquebatur
1331 861 1397 914 ad
1425 873 1538 917 eos.
1563 856 1950 915 Custodiebant
1970 858 2106 914 testi-

548 972 567 1007 ί
612 953 790 1011 monia
813 952 950 1023 ejus,
972 963 1029 1008 et
1054 960 1379 1023 praeceptum
1408 951 1552 1021 quod
1581 950 1726 1006 dedit
1747 950 1868 1005 illis.
1894 949 2118 1005 Domine

546 1063 565 1096 ι
609 1044 752 1099 Deus
792 1052 996 1110 noster,
1023 1051 1080 1097 tu
1115 1042 1443 1099 exaudiebas
1473 1056 1566 1099 eos
1599 1060 1613 1095 :
1664 1043 1829 1108 Deus,
1853 1041 2118 1114 propitius

545 1158 564 1193 ι
611 1138 759 1195 fuisti
806 1139 903 1202 eis,
961 1146 1016 1195 et
1073 1137 1337 1194 ulciscens
1383 1136 1439 1192 in
1475 1151 1665 1193 omnes
1709 1135 2120 1192 adinventiones

546 1252 564 1285 ι
609 1247 819 1289 eorum.
870 1231 1116 1288 Exaltate
1162 1230 1448 1286 Dominum
1495 1231 1666 1287 Deum
1722 1237 1969 1285 nostrum
2001 1268 2017 1295 ,
2063 1238 2120 1287 et

543 1344 562 1378 ι
628 1325 853 1381 adorato
877 1323 934 1378 in
978 1330 1157 1378 monte
1184 1330 1371 1378 sancto
1420 1321 1562 1393 ejus,
1600 1319 1854 1391 quoniam
1897 1325 2118 1379 sanctus

542 1434 561 1468 ι
607 1413 871 1472 Dominus
896 1412 1040 1470 Deus
1060 1421 1264 1470 noster.
1292 1431 1312 1467 ι

1100 1499 1395 1557 ENARRA
1407 1501 1553 1558 T10.

540 1642 545 1649 .
609 1599 859 1659 Psalsnus
894 1597 1081 1656 Dauid.
1117 1595 1318 1655 Omnes
1366 1597 1537 1653 sancti
1567 1595 1893 1668 patriarcha:
1916 1602 1972 1651 et
1992 1607 2116 1667 pro-

538 1694 714 1765 pheta:
741 1700 798 1749 et
822 1690 1205 1763 praedicatores
1251 1688 1643 1745 consuluerunt
1686 1687 1844 1746 nobis
1871 1682 1925 1744 in
1976 1685 2121 1755 serie

540 1786 722 1857 pturis
746 1785 881 1853 suis,
932 1783 1079 1841 velut
1132 1782 1276 1840 ﬁlius
1323 1782 1615 1851 Ecclesiae,
1645 1797 1754 1839 non
1795 1791 1856 1839 ut
1905 1781 2118 1837 deesset

534 1881 730 1947 nobis,
783 1878 880 1937 sed
936 1893 1009 1935 ex
1066 1877 1200 1949 ipsis
1244 1877 1609 1942 haberemus,
1671 1876 1814 1933 unde
1862 1870 2115 1931 adiﬁcatl

2218 683 2440 739 bonum.
2484 680 2581 763 Vel
2613 682 2705 754 qui
2746 681 2861 739 vult
2893 697 3014 738 esse
3045 682 3214 737 honor
3259 682 3411 753 regis,
3452 680 3508 738 id
3533 691 3645 749 est,
3677 680 3808 738 talis

2218 782 2278 828 ut
2323 788 2419 845 per
2466 788 2589 833 eum
2636 764 3026 833 lionorilicetur
3077 770 3219 841 rex;
3261 771 3449 847 diligat
3486 769 3803 841 judicium:

2218 867 2463 924 attendat
2501 867 2626 938 quia
2649 865 2816 937 judex
2857 882 2988 922 suus
3015 860 3220 923 nullum
3250 872 3530 941 peccatum
3560 863 3808 919 dimittat

2220 957 2566 1029 impunitum,
2618 967 2675 1015 et
2722 958 2826 1014 hoc
2870 957 3217 1027 attendendo,
3265 954 3427 1024 jndex
3476 972 3611 1011 suus
3661 955 3804 1012 ﬁat:

2216 1047 2360 1118 quod
2398 1063 2505 1103 non
2533 1057 2741 1122 potest,
2769 1047 2872 1115 nisi
2894 1040 3145 1123 peccare
3174 1045 3417 1115 desistat.
3468 1044 3544 1101 Tu
3589 1046 3809 1123 parasti

2217 1138 2548 1205 directiones,
2576 1140 2840 1212 judicium
2866 1150 2916 1219 et
2936 1141 3201 1212 justitiam
3224 1141 3282 1194 in
3328 1138 3490 1196 Jacob
3517 1151 3573 1195 tu
3604 1140 3807 1215 fecisti.

2218 1230 2380 1315 Quasi
2434 1234 2577 1291 dicat
2621 1252 2635 1289 :
2674 1224 3039 1304 Conﬁte'antur
3069 1227 3293 1290 nomini
3349 1243 3483 1302 tuo,
3537 1242 3594 1289 et
3654 1233 3813 1289 bene

2215 1314 2483 1393 possunt:
2535 1326 2663 1396 quia
2713 1337 2771 1381 tu
2822 1326 3025 1396 parasti
3076 1314 3150 1381 eis
3199 1324 3540 1394 directiones,
3593 1324 3649 1381 id
3699 1337 3808 1393 cst,

2216 1420 2476 1491 quosdam
2507 1419 2823 1485 directores,
2880 1434 3106 1491 quorum
3146 1418 3390 1491 exemplo
3430 1418 3807 1491 dirigerentur

2216 1510 2283 1566 ad
2314 1509 2706 1571 confessionem
2737 1530 2750 1565 :
2801 1521 2855 1565 et
2895 1511 2975 1573 sic
3014 1510 3320 1585 judicium:
3350 1510 3403 1567 id
3431 1519 3537 1578 est,
3587 1510 3810 1574 discre-

2217 1601 2419 1660 tionem
2436 1603 2667 1674 parasti,
2695 1612 2751 1660 et
2774 1612 2963 1675 postea
2983 1603 3248 1676 justitiam
3273 1615 3292 1655 :
3320 1614 3368 1658 et
3395 1604 3495 1659 hoc
3520 1601 3575 1657 in
3603 1600 3808 1669 Iacob,

2215 1692 2269 1751 id
2301 1702 2408 1762 est,
2454 1694 2508 1750 in
2557 1693 2663 1769 illis
2708 1680 2801 1769 qui
2834 1701 3047 1761 mutant
3096 1693 3385 1764 praesentia
3422 1682 3531 1765 pro
3572 1690 3807 1759 futuris.

2216 1784 2463 1843 Exaltate
2512 1785 3008 1865 Dominumﬂeum
3055 1796 3315 1853 nostrum,
3372 1784 3535 1854 Quasi
3601 1784 3807 1855 dicat:

2215 1877 2663 1951 Quandoquidem
2700 1887 2761 1934 ut
2795 1866 3215 1948 Conﬁteremitti,
3247 1877 3401 1941 vobis
3438 1885 3638 1949 parata:
3664 1884 3810 1933 sunt

534 1985 796 2029 essemus.
829 1968 944 2028 Hoc
966 1968 1131 2025 etiam
1170 1977 1393 2025 sanctus
1418 1968 1678 2041 propheta
1717 1965 1888 2023 David
1926 1965 1980 2023 in
2011 1965 2112 2020 hoc

2218 1971 2562 2038 directiones,
2603 1971 2838 2031 exaltale
2869 1970 3158 2037 Dominum
3193 1967 3361 2027 Deum
3390 1976 3629 2023 nostrum
3655 1966 3811 2022 liene

529 2063 739 2134 psalmo
808 2061 1156 2129 attendebat,
1220 2075 1528 2134 proponens
1595 2058 1751 2116 nobis
1797 2067 1857 2115 ut
1913 2056 2115 2127 ubique

534 2170 841 2225 quaramus
864 2154 1175 2220 Dominum,
1200 2167 1511 2225 quaeramus
1534 2167 1661 2208 eum
1691 2152 1782 2207 hic
1809 2148 2116 2209 misericor-

536 2248 659 2304 dem
687 2289 702 2312 ,
762 2261 832 2303 ne
882 2247 1099 2304 tandem
1169 2246 1516 2316 experiamur
1575 2259 1698 2300 eum
1760 2240 2114 2299 savissimum

524 2340 786 2411 iudicem.
836 2338 955 2409 Ipse
993 2337 1138 2397 enim
1184 2352 1294 2393 non
1340 2335 1546 2393 deserit
1584 2332 2112 2396 desiderantem'se,

531 2429 625 2500 qui
649 2429 879 2486 redemit
904 2428 1261 2501 negligentem
1291 2442 1370 2483 se.
1400 2425 1556 2483 Unde
1581 2424 1661 2482 sic
1689 2422 1820 2479 dicit
1847 2439 1862 2485 ;

604 2520 865 2579 Dominus
913 2521 1187 2592 regnauit,
1244 2522 1545 2577 irascantur
1583 2516 1803 2590 populi,
1844 2514 1933 2587 qui
1973 2510 2113 2573 sedet

519 2627 684 2682 super
741 2608 1061 2677 Cherubim,
1142 2619 1410 2666 moueatur
1467 2617 1629 2665 terra.
1708 2604 1871 2675 Quasi
1925 2603 2112 2669 dicat;

532 2702 768 2770 Quaerite
802 2701 1086 2757 Dominum
1112 2702 1204 2770 qui
1232 2700 1487 2771 regnavit,
1536 2698 1591 2752 id
1635 2704 1741 2762 est,
1789 2707 2011 2766 regnum
2060 2689 2112 2743 in

530 2799 781 2870 gentibus
801 2796 905 2854 sibi
921 2796 1176 2861 obtinuit,
1202 2795 1500 2865 principem
1518 2792 1699 2849 mundi
1727 2790 1874 2847 foras
1901 2787 2061 2859 cjccit
2090 2803 2103 2839 :

530 2897 585 2945 et
629 2904 698 2945 eo
744 2896 1027 2959 regnante,
1076 2887 1382 2944 irascantur
1408 2884 1610 2957 populi.
1640 2881 1989 2953 Prophetatio
2030 2887 2115 2934 est

528 2984 750 3055 spiritus
826 2983 1167 3055 praedicenda
1198 3022 1215 3050 ,
1286 2995 1396 3037 non
1456 2986 1781 3051 praeceptum
1846 2973 2108 3057 jubentis.

531 3076 787 3133 Pratdicit
808 3078 954 3133 enim
978 3073 1272 3146 Propheta,
1292 3088 1414 3145 qua:
1440 3072 1494 3128 in
1517 3071 1707 3145 spiritu
1731 3069 1864 3124 vidit
1890 3065 2067 3123 futura
2095 3084 2108 3120 :

529 3170 655 3241 quia
682 3179 963 3241 postquam
990 3168 1252 3224 Dominus
1299 3165 1562 3229 ascendit,
1595 3164 1793 3219 missus
1817 3170 1901 3217 est
1940 3160 2112 3230 Spiri-

531 3271 619 3318 tus
646 3268 868 3318 sanctus
901 3260 1047 3317 inter
1084 3256 1418 3330 discipulos:
1460 3262 1519 3310 ut
1552 3269 1651 3327 per
1683 3269 1806 3311 eum
1834 3252 2107 3317 instructi,

507 3367 641 3410 non
687 3353 940 3408 timerent
991 3361 1223 3408 mortem
1269 3365 1431 3422 quam
1480 3347 1725 3405 sciebant
1778 3346 2110 3401 destructant

528 3459 627 3516 per
680 3452 1074 3516 resurgentem.
1123 3443 1167 3499 Δ
1215 3443 1414 3515 quibus
1464 3454 1586 3501 cum
1623 3438 1889 3497 Dominus
1944 3438 2112 3508 coepit

529 3538 836 3610 praedicari,
878 3538 1002 3594 irati
1043 3544 1169 3593 sunt
1197 3534 1380 3606 populi
1407 3532 1561 3590 multi
1595 3550 1609 3588 :
1662 3530 1787 3586 irati
1834 3539 2111 3587 suntcum

528 3630 690 3699 ccepit
721 3628 1003 3700 praedicari
1032 3627 1124 3699 qui
1153 3642 1248 3682 eos
1270 3623 1420 3692 fecit,
1461 3625 1553 3695 qui
1580 3624 1942 3685 adorarerunt
1968 3620 2112 3691 quod

531 3720 811 3787 iecerunt:
841 3719 965 3775 irati
994 3728 1118 3775 sunt
1145 3717 1373 3773 Domino
1401 3731 1501 3773 suo
1528 3731 1626 3788 pro
1655 3715 1798 3772 idolo
1833 3730 1955 3781 suo,
1987 3726 2111 3767 cum

528 3811 786 3867 deberent
842 3808 1004 3865 irasci
1062 3823 1263 3865 servo:
1325 3806 1456 3877 quia
1502 3803 1718 3876 dignior
1784 3814 1869 3865 est
1922 3819 2112 3859 servus

531 3918 757 3969 eorum,
808 3918 968 3973 quam
1025 3900 1227 3957 idolum
1282 3914 1459 3956 suum.
1510 3896 1737 3954 Servum
1789 3896 1934 3951 enim
1982 3894 2114 3950 fecit

526 3994 786 4061 Dominus
809 4008 1018 4058 eorum,
1035 3992 1234 4049 idolum
1265 4006 1395 4048 vero
1423 3992 1577 4049 faber
1604 4007 1814 4049 eorum.
1846 3990 1948 4058 Qui
1970 3991 2111 4045 sedet

527 4100 683 4155 super
709 4083 1009 4149 Cherubim,
1036 4083 1089 4138 id
1118 4093 1219 4148 est,
1258 4083 1352 4154 qtti
1384 4084 1489 4139 sibi
1516 4083 1679 4155 elegit
1712 4083 1894 4140 sedem
1924 4081 2113 4153 plenos

527 4175 832 4232 dilectione.
857 4174 1148 4231 Cherubim
1173 4190 1403 4249 namque
1425 4175 1816 4245 interpretatur
1839 4175 2113 4246 plenitudo

525 4268 774 4324 scientiis.
826 4265 1091 4334 Quoniam
1150 4274 1329 4321 autem
1397 4265 1637 4331 cliaritas
1702 4264 1978 4336 plenitudo
2029 4273 2115 4323 est

524 4367 932 4432 praeceptorum,
972 4373 1083 4414 non
1114 4359 1413 4430 incongrue
1437 4358 1529 4428 qui
1562 4358 1615 4413 in
1643 4359 1909 4414 charitate
1933 4359 2113 4430 perfco

2215 2065 2489 2134 operando
2517 2103 2531 2128 ,
2582 2072 2637 2116 ut
2687 2054 2913 2133 videntes
2962 2078 3118 2133 opera
3170 2070 3338 2116 vestra
3387 2060 3537 2126 bona,
3582 2067 3700 2114 etc.
3743 2058 3811 2111 Et

2213 2153 2430 2208 adorate
2457 2152 2742 2215 scabellum
2776 2154 2967 2224 pedum
2993 2151 3134 2227 ejus,
3156 2152 3402 2225 quoniam
3433 2162 3671 2207 sanctum
3705 2162 3808 2205 est.

2214 2244 2355 2301 Nota
2425 2244 2552 2316 quid
2611 2241 2902 2300 scabellqu
2969 2244 3160 2315 debeat
3217 2243 3423 2300 vocari.
3476 2243 3592 2314 ipse
3646 2242 3810 2299 enim

2215 2330 2475 2395 Dominus
2527 2335 2700 2394 dixit:
2760 2334 2960 2393 Caelum
3015 2347 3098 2395 est
3146 2336 3277 2392 mihi
3312 2336 3490 2405 sedes,
3541 2342 3598 2392 et
3648 2343 3809 2390 terra

2214 2421 2495 2483 scabellum
2540 2425 2731 2501 pedum
2773 2442 3005 2481 meorum
3041 2422 3195 2499 (Isa.
3236 2442 3360 2482 LXVI
3457 2424 3591 2493 Quid
3628 2425 3815 2497 igitur

2215 2513 2521 2572 faciemus?
2587 2516 2948 2573 Adorabimus
3020 2518 3272 2575 terram?
3324 2517 3509 2575 Timeo
3558 2518 3809 2574 adorare

2218 2616 2439 2674 terram,
2474 2624 2539 2661 ne
2571 2607 2794 2665 damner
2819 2608 2887 2663 ab
2907 2624 2971 2664 eo
2992 2608 3083 2680 qui
3110 2606 3240 2665 fecit
3266 2608 3460 2666 caelum
3491 2617 3543 2665 et
3564 2616 3808 2666 terram.

2214 2696 2332 2769 ipse
2361 2697 2504 2753 enim
2535 2698 2787 2754 tentatori
2811 2714 2909 2755 suo
2933 2698 3069 2755 dixit
3094 2717 3106 2753 :
3141 2685 3421 2755 Dominum
3447 2699 3613 2756 Deum
3641 2712 3811 2755 suum

2214 2782 2464 2845 adorabis
2493 2832 2508 2858 ,
2557 2801 2602 2844 et
2635 2788 2713 2847 illi
2743 2790 2842 2846 soli
2876 2792 3062 2847 servies
3088 2789 3107 2865 (
3132 2790 3321 2847 Matth.
3351 2809 3404 2848 tv
3424 2794 3465 2866 ).
3510 2791 3616 2849 Sed
3668 2794 3810 2864 quia

2218 2879 2452 2952 Spiritus
2478 2882 2637 2952 dixit,
2664 2881 2893 2937 Adorate
2922 2880 3205 2938 scabellum
3232 2885 3421 2955 pedum
3448 2884 3582 2953 ejus,
3608 2884 3810 2939 riden-

2216 2973 2342 3027 dum
2371 2983 2453 3028 est
2476 2973 2708 3045 qualiter
2735 2982 2882 3030 terra
2911 2974 3183 3030 adoranda
3211 2974 3304 3043 sit,
3334 2988 3495 3047 qnam
3519 2975 3629 3048 ipse
3659 2977 3812 3030 dixit

2215 3078 2337 3118 esse
2383 3063 2676 3119 scabellnm
2724 3065 2919 3145 pedum
2962 3080 3204 3120 suorum.
3256 3065 3374 3137 ipse
3415 3065 3555 3121 enim
3591 3074 3809 3122 terram

2216 3155 2449 3227 sumpsit
2473 3155 2540 3210 de
2567 3165 2734 3223 terra,
2765 3156 3227 3227 carnem'scilicet
3262 3157 3328 3211 de
3352 3154 3574 3228 Virgine
3596 3155 3808 3212 Maria.

2217 3247 2368 3303 Hanc
2414 3257 2613 3303 terram
2645 3246 2824 3304 nullus
2853 3242 3129 3305 adorando
3169 3257 3377 3321 peccat.
3418 3247 3569 3316 Quod
3605 3248 3807 3305 dicat:

2138 3310 2186 3376 α
2215 3340 2445 3394 Adorate
2495 3337 2778 3395 scabellum
2804 3340 2996 3413 pedum
3040 3310 3185 3414 ejus;
3227 3341 3282 3397 id
3315 3310 3811 3409 estiveneramini

2216 3428 2535 3487 inferiorem
2583 3440 2830 3509 naturam
2884 3431 3042 3504 ejus,
3105 3432 3359 3503 quoniam
3418 3438 3639 3488 sanctus
3695 3441 3807 3488 est.

2217 3525 2424 3598 Moyses
2453 3535 2499 3580 et
2534 3525 2713 3601 Aaron
2738 3528 2793 3580 in
2826 3525 3182 3587 sacerdotibus
3238 3527 3375 3596 ejus.
3412 3524 3576 3595 Quasi
3608 3526 3765 3581 dicat
3792 3543 3806 3581 :

2216 3617 2464 3674 Exaltate
2496 3617 2775 3693 Dominum
2796 3627 3031 3674 nostrum
3057 3637 3076 3678 :
3106 3626 3160 3674 et
3184 3617 3412 3685 debetis,
3436 3619 3561 3688 quia
3590 3616 3812 3690 Moyses

2214 3724 2269 3769 et
2296 3712 2477 3769 Aaron
2522 3726 2657 3784 quos
2690 3712 2822 3767 tanti
2872 3711 3105 3779 habetis,
3154 3719 3210 3767 et
3257 3726 3489 3783 quorum
3555 3711 3650 3766 ﬁlii
3710 3727 3810 3767 vos

2214 3807 2370 3875 estis,
2395 3806 2448 3863 in
2472 3806 2843 3863 sacerdotibus
2858 3802 2979 3875 ejus
2992 3804 3284 3878 computati
3310 3814 3456 3863 sunt.
3487 3804 3555 3861 Et
3584 3805 3809 3864 Samuel

2213 3913 2351 3955 inter
2379 3916 2467 3956 eos
2493 3900 2581 3972 qui
2608 3898 2849 3955 invocant
2874 3914 3061 3955 nomen
3084 3899 3197 3971 ejus
3220 3912 3240 3953 :
3262 3899 3584 3956 insocabant
3612 3900 3804 3955 Domi—

2217 4008 2340 4047 num
2373 4003 2431 4048 ut
2474 3992 2639 4059 servi,
2673 4002 2720 4047 et
2758 3993 2869 4063 ipse
2907 3991 3222 4047 exaudiebat
3257 4008 3346 4049 eos
3390 3974 3801 4049 ut’Dominus:

2213 4087 2269 4139 in
2312 4084 2555 4140 columna
2604 4085 2777 4153 nubis,
2827 4085 2878 4140 id
2908 4094 3009 4151 est,
3053 4085 3104 4139 in
3142 4086 3426 4155 mysterio,
3462 4085 3620 4156 quasi
3659 4087 3805 4141 nube
3870 4078 3875 4079 ί

2216 4185 2358 4232 tecta
2389 4175 2715 4247 loquebatur,
2741 4184 2795 4232 et
2818 4175 2920 4247 ipsi
2942 4175 3299 4230 custodiebant
3318 4177 3619 4231 testimonia
3641 4176 3761 4244 ejus
3781 4192 3804 4230 :

2215 4267 2359 4322 unde
2388 4266 2505 4337 ipse
2544 4264 2716 4336 major
2749 4266 2832 4323 eis
2858 4267 3141 4338 probatur,
3169 4266 3294 4336 quia
3331 4267 3431 4336 ipa
3456 4268 3528 4322 ab
3556 4269 3803 4337 aequasi

2216 4370 2246 4412 a
2297 4358 2525 4414 Domino
2566 4358 2881 4415 testimonia
2935 4365 3278 4430 acceperunt.
3318 4358 3391 4414 Et
3416 4360 3801 4415 custodiebant

527 4460 645 4506 ctus
674 4458 778 4517 est,
806 4448 1101 4515 Cherubin)
1136 4457 1220 4509 eSt
1259 4446 1580 4520 appellatus.
1629 4446 1783 4517 Quod
1824 4449 1973 4517 dicit,
2008 4448 2114 4515 Qui
2214 4442 2528 4524 princeptum
2573 4453 2712 4527 quod
2760 4454 2904 4509 dedit
2952 4453 3103 4510 illis:
3144 4463 3202 4511 et
3244 4460 3301 4509 tu
3325 4494 3341 4521 ,
3373 4453 3601 4510 Domine
3660 4455 3801 4511 Dm

523 4542 670 4597 sedes
713 4558 867 4613 super
913 4539 1211 4609 Cherubim,
1263 4556 1466 4612 regna;
1512 4541 1606 4598 sed
1657 4541 1795 4597 unde
1838 4554 2115 4597 moveatur
2214 4554 2421 4610 noster,
2456 4544 2769 4600 exaudiebas
2796 4560 2907 4611 eos,
2934 4552 2995 4599 ut
3034 4544 3331 4613 Dominus;
3366 4546 3631 4615 propitius
3656 4548 3802 4617 fuisti

523 4645 686 4702 terra,
737 4633 792 4689 id
844 4641 950 4700 est,
1008 4636 1130 4705 quis
1164 4635 1219 4689 in
1257 4645 1402 4690 terra
1449 4650 1543 4690 cor
1588 4636 1827 4706 positum
1880 4636 2106 4705 habens,
2142 4686 2192 4717 η
2216 4641 2290 4696 eis
2327 4641 2379 4697 in
2411 4640 2513 4697 hoc
2541 4643 2682 4713 quod
2711 4643 3113 4717 propitiandum
3144 4644 3426 4700 erat'eis:
3467 4653 3516 4699 et
3541 4645 3799 4700 ulciscens

737 4686 791 4689 __
1010 4686 1126 4705 τῇ--
1588 4686 1827 4706 rm-“
1880 4686 2105 4705 “mar.-.
2216 4686 2289 4696 -.ν
2411 4686 2513 4697 ..νυ
2542 4686 2681 4713 ,μνη
2711 4686 3113 4717 ν.ν,,..............
3145 4686 3263 4700 νμη
3303 4686 3425 4700 νη.
3467 4686 3515 4699 ν.
3541 4686 3797 4700 ...ηψπ

526 4723 783 4780 Dominus
810 4732 989 4778 tamen
1028 4723 1080 4777 in
1138 4724 1271 4780 Sion
1317 4742 1557 4798 magnus,
1612 4726 1664 4782 id
1693 4735 1797 4796 est,
1842 4726 1895 4782 in
1923 4743 2113 4798 specu-
2139 4686 2271 4788 Ilin
2308 4749 2485 4789 omnes
2530 4734 2922 4791 adinventiones
2971 4751 3192 4791 eorum:
3240 4737 3362 4807 quia
3413 4736 3460 4793 si
3508 4736 3797 4809 aliquando

525 4816 763 4872 [antibus
786 4830 849 4871 ea
876 4830 996 4887 quae
1024 4830 1130 4871 non
1156 4816 1428 4884 videntur,
1458 4835 1561 4874 non
1588 4835 1651 4874 ea
1689 4835 1808 4890 quae
1836 4818 2106 4876 videntur.
2214 4825 2512 4895 peccabant
2537 4866 2553 4892 ,
2604 4824 2887 4897 disciplina
2934 4833 3023 4880 tua
3052 4828 3294 4882 correxit
3319 4841 3415 4884 eos
3449 4834 3511 4882 ut
3544 4827 3707 4883 filios.
3740 4829 3793 4882 ln

522 4905 749 4978 Magnus
775 4912 999 4991 apparet
1026 4905 1451 4972 Dominus,|icet
1481 4908 1565 4964 his
1585 4910 1676 4979 qui
1707 4910 1762 4965 in
1790 4918 1937 4965 terra
1960 4919 2107 4979 sunt,
2214 4914 2395 4989 Moyse
2431 4926 2487 4972 et
2528 4917 2709 4973 Aaron
2736 4933 3028 4991 possumus
3061 4919 3245 4975 videre
3289 4917 3634 4976 inventiones
3672 4935 3795 4975 snas

522 4997 769 5053 videatur
792 4990 1055 5068 ‘parvus:
1097 5008 1145 5053 et
1193 4998 1427 5055 excelsus
1464 5016 1619 5071 super
1656 5018 1832 5057 omnes
1867 5002 2107 5073 populos,
2176 5020 2179 5025 ‘
2213 5022 2332 5083 quae
2380 5011 2712 5083 corrigenda;
2755 5020 2929 5068 erant,
2992 5010 3211 5085 Moyses
3244 5014 3388 5068 enim
3419 5028 3542 5068 cum
3585 5014 3793 5069 videret

522 5106 632 5148 Που
662 5098 873 5146 tantum
916 5086 1152 5159 30.03309,
1205 5092 1301 5147 sed
1347 5093 1510 5147 θιῖίιιιι
1562 5109 1722 5165 super
1767 5090 2016 5162 tienliles-
2041 5094 2111 5150 Ει
2169 5109 2177 5117 ‘
2212 5104 2378 5159 rixari
2404 5104 2713 5176 Egyptium
2742 5120 2863 5160 cum
2894 5103 3138 5171 Hebraeo,
3164 5105 3246 5160 ira
3276 5113 3605 5175 commotus,
3626 5106 3794 5163 inter.

521 5182 962 5254 quandoquidem
987 5176 1332 5255 tu‘Dominus
1360 5200 1587 5255 magnus
1618 5201 1676 5240 es
1712 5185 1766 5239 in
1796 5184 1945 5251 Sion,
1972 5199 2101 5254 ergo

521 5270 872 5346 conﬁteantur
903 5289 1095 5345 omnes
1135 5276 1332 5332 nomini
1366 5285 1457 5331 tuo
1500 5293 1691 5350 magno
1723 5262 2099 5351 gloriﬁcahdo,

470 5438 473 5445 ι
519 5364 611 5440 qui
639 5364 929 5439 noluerunt
963 5366 1209 5423 conﬁteri
1236 5367 1441 5422 nomini
1478 5376 1570 5424 tuo
1592 5382 1759 5443 parvo
1786 5387 1799 5423 :
1829 5380 1882 5425 et
1905 5358 2100 5426 merito

518 5457 726 5516 nomini
775 5466 867 5515 tuo
908 5457 1278 5515 confitendum
1321 5466 1427 5526 est,
1483 5463 1729 5533 quoniam
1760 5462 1988 5517 terribile
2024 5466 2101 5518 e‘st

518 5563 632 5609 non
659 5550 991 5617 amantibus,
1021 5559 1261 5607 sanctum
1288 5553 1612 5619 amantibus,
1645 5556 1840 5627 quibus
1867 5555 2099 5613 dicitur:

518 5639 711 5700 Sancti
733 5655 916 5715 estote,
961 5647 1088 5720 quia
1131 5660 1225 5719 ego
1249 5656 1463 5703 sanctus
1502 5664 1619 5703 sum
1652 5649 1806 5722 (Leo.
1832 5666 1908 5717 xl,
1943 5644 2099 5726 κη’).

518 5733 623 5792 Vel
642 5735 886 5794 terribile
908 5739 1015 5796 erit
1053 5740 1109 5796 in
1152 5739 1356 5809 futuro,
1387 5756 1507 5797 cum
1538 5757 1683 5809 nunc
1712 5742 1778 5799 sit
1802 5752 2054 5809 sanctum
2083 5758 2101 5799 :

517 5826 572 5887 et
594 5828 767 5886 honor
793 5831 949 5909 regis,
997 5832 1051 5889 id
1097 5842 1201 5901 est,
1247 5850 1343 5890 rex
1373 5832 1703 5891 honorabilis
1730 5835 1915 5907 diliget
1951 5836 2101 5907 judi-

517 5917 686 5989 εἰει,
712 5923 779 5978 ut
800 5921 1030 5996 quisque
1054 5924 1307 5983 videlicet
1331 5926 1527 5983 habeat
1554 5926 1932 5984 discretionem
1956 5927 2103 5985 inter

2211 5193 2340 5250 fecit
2368 5192 2703 5268 [Egyptiunn
2756 5203 2812 5251 et
2862 5195 3050 5252 sabulo
3095 5212 3218 5253 eum
3269 5199 3573 5271 cooperuit,
3629 5214 3701 5255 ne
3746 5200 3790 5254 si

2172 5294 2177 5307 τ
2209 5284 2611 5357 discoopertum
2642 5300 2764 5344 eum
2800 5287 3117 5355 dimisisset,
3160 5304 3287 5347 reus
3321 5291 3602 5349 homicidii
3642 5292 3793 5348 inre-

2210 5378 2436 5432 niretur.
2480 5376 2677 5437 lterum
2729 5392 2851 5434 cum
2908 5378 3212 5449 insequenti
3258 5380 3345 5438 die
3386 5381 3554 5453 rixari
3582 5381 3792 5438 videret

2213 5468 2345 5526 duos
2386 5468 2642 5526 Hebraeos
2692 5470 2833 5525 inter
2880 5486 2959 5547 se,
3010 5473 3286 5545 redarguit
3329 5488 3426 5531 eos
3452 5474 3521 5532 de
3558 5475 3789 5532 commi-

2210 5561 2387 5617 stione
2413 5561 2568 5617 rixze.
2602 5561 2840 5629 Quorum
2871 5576 3011 5619 unus
3044 5564 3322 5634 respondit
3349 5565 3421 5633 ei,
3457 5564 3787 5638 indignando

2207 5653 2432 5709 dicens:
2492 5653 2748 5725 Nunquid
2795 5662 2843 5710 et
2890 5670 2972 5709 me
3023 5656 3097 5711 vis
3150 5657 3439 5727 inter/icere
3485 5659 3622 5714 sicut
3675 5658 3787 5714 lteri

2205 5745 2508 5816 interfecisti
2557 5745 2920 5819 Αισῃριὶαιηῖ
2960 5746 3179 5821 ‘l‘imens
3233 5749 3442 5822 Moyses
3490 5764 3561 5807 ne
3614 5750 3786 5817 mani-

2203 5836 2497 5899 festaretur
2520 5840 2673 5912 culpa
2703 5855 2821 5906 sua,
2850 5838 3134 5915 aufugiens
3166 5838 3372 5915 dimisit
3417 5842 3616 5900 fratres
3638 5854 3782 5908 Suos,

2206 5934 2396 6003 quibus
2460 5932 2800 5990 necessarius
2863 5948 2983 5992 esse
3045 5935 3259 6007 potuit,
3323 5937 3366 5994 si
3434 5939 3787 5994 remansisset
