4034 6446
212 457 323 529 653

1335 483 1863 542 ENARBATIONES
1913 485 1980 540 lN
2014 483 2348 543 PSALMOS.

3374 493 3477 548 654

211 585 235 655 (
261 583 439 640 Exod.
471 603 507 641 ιι
532 587 571 658 ).
601 587 736 646 Ecce
766 606 863 661 pro
899 592 983 648 his
1014 595 1219 652 duabus
1258 598 1673 664 inventionibus,
1702 614 1800 672 pro
1828 603 1876 663 Α
1906 615 2023 667 suo,
2051 610 2266 672 sumpto
2297 615 2329 654 a
2367 600 2755 674 principalibus
2800 600 2994 658 litteris
3025 612 3256 674 quatuor
3306 607 3480 662 nomi-

207 678 297 731 ira
352 679 603 736 videlicet
664 699 768 752 qua
837 695 1138 742 commotus
1187 691 1522 761 perpetravit
1572 691 1797 747 homici-
1848 696 1856 703 ’

212 771 391 837 dium,
425 784 478 827 et
504 789 603 844 pro
631 775 826 832 timore
852 795 959 849 quo
990 783 1316 852 perterritus
1344 782 1540 839 fratres
1569 784 1620 839 in
1651 783 1797 856 peri-

211 862 342 916 culo
371 863 594 931 dimisit,
628 869 927 936 promeruit
954 880 1011 924 nt
1039 873 1297 929 Dominus
1321 875 1388 929 ab
1415 891 1478 930 eo
1506 876 1799 944 vindictam

208 965 480 1012 Sumeret.
510 957 688 1015 Aaron
738 963 900 1018 etiam
930 965 1280 1035 corrigendos
1310 978 1429 1024 erat
1461 970 1512 1023 in
1547 969 1803 1023 adiuven-

212 1051 462 1108 tionlbus
519 1056 650 1122 suis,
710 1059 837 1128 quia
909 1059 962 1114 in
1023 1060 1339 1118 inﬁrmitate
1391 1064 1571 1118 carnis
1629 1063 1803 1118 victus

209 1147 493 1203 concessit
524 1148 718 1220 populo
748 1149 823 1206 illi
843 1151 927 1205 cui
954 1162 1184 1226 praeerat
1218 1164 1276 1209 ut
1306 1153 1528 1208 vitulum
1558 1152 1803 1210 conﬂati-

211 1241 321 1295 lem
377 1242 444 1297 ad
484 1241 818 1298 adorandum
863 1245 1104 1301 facerent
1148 1244 1368 1317 (Exod.
1422 1248 1637 1315 xxxii).
1690 1245 1802 1301 Has

210 1332 564 1387 inventiones
624 1331 791 1408 Moysi
845 1346 899 1390 et
947 1337 1126 1393 Aaron
1178 1337 1442 1393 Dominus
1486 1337 1799 1406 vindicavit,

209 1426 340 1492 quia
395 1426 448 1482 in
493 1435 690 1485 terram
733 1429 1108 1499 promissionis
1159 1447 1262 1484 non
1312 1429 1561 1502 perduxit
1592 1429 1798 1501 (Nunt.

211 1519 349 1586 xx).
410 1517 516 1573 Sed
547 1519 670 1589 quia
715 1521 817 1576 hoc
861 1521 912 1575 in
967 1522 1137 1591 ﬁgura
1185 1524 1549 1594 contingebat,
1603 1538 1802 1578 conve—

211 1610 460 1664 nientius
490 1595 843 1682 accipiamus,
865 1613 1242 1669 tribuiationes
1264 1627 1318 1669 et
1346 1613 1803 1670 contradictiones

211 1702 480 1770 plurimas
503 1719 639 1774 quas
675 1705 819 1776 passi
852 1715 977 1761 sunt
1008 1707 1060 1761 in
1088 1709 1284 1779 populo
1313 1707 1422 1776 illo,
1457 1723 1576 1764 esse
1595 1707 1806 1762 vindic-

212 1803 298 1846 tas
331 1790 566 1863 Domini,
592 1796 718 1872 quia
741 1797 924 1870 gravis
951 1807 1036 1853 est
1063 1799 1284 1854 multum
1320 1800 1522 1855 sanctis
1546 1799 1802 1869 iniquitas

211 1884 539 1954 inﬁdelium.
606 1889 664 1944 in
731 1887 988 1946 Samuele
1051 1899 1308 1962 quantum
1381 1892 1445 1946 ad
1504 1891 1800 1948 humanum

1907 710 2056 760 num,
2108 704 2337 766 quatuor
2391 695 2768 766 principalium
2822 697 3100 768 plagarum
3149 701 3352 758 mundi.
3412 703 3479 769 Α,

1903 787 2074 856 prima
2107 786 2282 843 littera
2307 786 2422 858 ejus
2452 789 2703 855 nominis,
2742 792 2808 844 ab
2844 793 3075 855 ἀνατολή,
3123 793 3265 863 quod
3292 793 3478 850 Graece

1905 879 2457 951 signiﬁcatorientem
2498 893 2707 954 sumpta
2733 893 2833 938 est.
2885 884 2932 938 D
2980 885 3179 953 littera,
3227 903 3347 958 qua;
3390 907 3475 942 se.

1904 971 2076 1022 cunda
2113 971 2379 1040 reperitur
2409 972 2458 1024 in
2493 974 2702 1027 nomine
2735 974 2868 1044 ipso,
2902 987 3112 1045 sumpta
3144 986 3227 1033 est
3250 976 3279 1032 ὸ
3307 977 3479 1041 δύσις,

1904 1063 2045 1134 quod
2066 1063 2250 1120 Grtece
2281 1075 2429 1121 notat
2451 1067 2802 1123 occidentem.
2825 1071 2890 1134 Α,
2915 1073 3054 1140 quod
3069 1073 3287 1129 tertium
3304 1072 3478 1128 locum

1904 1154 2131 1220 obtinet,
2161 1156 2391 1210 sumitur
2417 1158 2482 1210 ab
2529 1155 2736 1234 ἄρκτος,
2769 1171 2909 1230 quod
2947 1163 3216 1232 signiﬁcat
3264 1174 3482 1237 septen-

1905 1246 2185 1303 trionalem
2218 1249 2449 1322 plagam.
2486 1250 2560 1317 Μ,
2592 1261 2841 1322 quartum
2869 1254 3044 1309 locum
3071 1257 3341 1325 obtinens,
3393 1276 3481 1314 su-

1906 1337 2070 1392 mitur
2096 1355 2123 1392 a
2151 1341 2466 1416 μεσημϐρία,
2503 1343 2646 1411 quod
2682 1343 2948 1414 signiﬁcat
2999 1347 3349 1409 meridianam
3378 1349 3484 1421 pla-

1904 1445 2044 1500 gam.
2083 1427 2280 1486 Servite
2307 1433 2532 1486 Domino
2562 1450 2667 1487 non
2712 1433 2761 1487 in
2795 1434 3034 1504 tristitia,
3066 1439 3156 1492 sed
3187 1439 3241 1492 in
3269 1439 3471 1505 latitia,

1907 1520 1958 1574 id
1984 1529 2083 1584 est,
2113 1521 2164 1575 in
2196 1523 2389 1577 mentis
2416 1523 2710 1581 hilaritate.
2738 1525 2806 1580 Et
2840 1529 3032 1584 merito
3062 1530 3112 1584 ei
3137 1531 3476 1588 serviendum

1903 1615 1988 1662 est
2018 1607 2070 1661 in
2101 1608 2310 1675 laetitia,
2337 1611 2464 1680 quia
2493 1613 2727 1668 servitus
2754 1614 2848 1669 Dei
2884 1625 2968 1672 est
3011 1616 3201 1685 libera,
3241 1621 3328 1675 cui
3377 1635 3483 1676 non

1905 1700 2072 1755 servit
2112 1702 2428 1769 necessitas,
2472 1703 2564 1759 sed
2591 1705 2854 1762 charitas.
2879 1707 3102 1763 Introite
3129 1711 3186 1765 in
3211 1722 3488 1782 conspectu

1904 1795 2019 1864 ejus
2052 1794 2106 1848 in
2157 1794 2522 1850 exsultatione.
2584 1796 2794 1854 Dictum
2844 1808 2928 1853 est
2972 1801 3039 1854 ad
3083 1802 3485 1859 similitudinem

1909 1887 2243 1959 principum,
2294 1889 2418 1960 quia
2459 1890 2731 1961 principes
2767 1901 2892 1946 ante
2934 1902 3284 1963 conspectum
3330 1910 3487 1950 suum

209 1979 433 2033 oculum
487 1979 618 2036 nihil
666 1982 805 2050 fuit,
854 1981 999 2055 quod
1046 1983 1415 2040 ulciscendum
1461 1992 1642 2039 esset:
1675 1983 1800 2055 quia
1829 1965 2107 2052 Bponere
2154 1981 2273 2036 illos
2318 1981 2512 2047 solent,
2549 1983 2639 2052 qui
2685 1983 2765 2039 eis
2812 1984 3056 2040 serviunt
3113 1983 3181 2039 ad
3230 1985 3485 2056 placitum

210 2089 241 2125 a
267 2074 504 2143 pueritia
554 2076 608 2138 in
645 2076 844 2150 templo
889 2077 1209 2144 instructus,
1255 2079 1307 2131 in
1351 2077 1547 2149 templo
1589 2074 1803 2133 Domini

209 2164 316 2220 fuit
347 2167 399 2221 in
427 2167 657 2225 veritate
688 2171 705 2245 (
731 2169 754 2224 Ι
792 2168 922 2241 Reg.
953 2169 1070 2242 ιιι).
1096 2170 1202 2226 Sed
1228 2170 1481 2242 quoniam
1513 2170 1804 2240 unicuique

213 2259 413 2314 artiﬁci
444 2260 497 2314 in
535 2261 764 2317 aediﬁcio
795 2278 892 2318 suo
919 2263 1060 2334 quod
1091 2263 1252 2317 etiam
1285 2262 1406 2318 aliis
1437 2262 1571 2318 bene
1599 2262 1802 2330 factum

210 2353 452 2418 videtur,
484 2365 603 2408 esse
631 2352 831 2408 malum
871 2362 1113 2426 apparet,
1143 2371 1427 2426 possumus
1452 2355 1633 2410 dicere
1659 2357 1803 2430 quod

213 2448 482 2502 Dominus
545 2447 698 2519 cujus
757 2446 929 2503 oculis
972 2450 1152 2503 omnia
1210 2458 1489 2519 praesunt,
1538 2449 1700 2504 etiam
1747 2447 1802 2504 in

211 2539 473 2595 Samuele
518 2535 719 2610 aliquid
760 2540 1138 2612 corrigendum
1174 2541 1389 2596 videbat
1417 2555 1429 2595 :
1457 2541 1583 2612 quia
1626 2540 1804 2598 nullus

208 2635 289 2684 est
325 2629 401 2684 ita
443 2639 681 2694 sanctus,
710 2639 769 2685 ut
799 2631 1022 2686 omnino
1063 2639 1246 2686 careat
1289 2639 1531 2701 peccato.
1555 2627 1803 2688 Exaltate

213 2721 501 2777 Dominum
527 2719 694 2777 Deum
713 2732 969 2778 nostrum.
986 2723 1152 2792 Quasi
1178 2723 1339 2780 dicat.
1357 2723 1801 2794 Quandoquidem

209 2813 468 2868 onmibus
518 2814 844 2885 propitiator
889 2823 972 2870 est
1033 2813 1330 2878 Dominus,
1392 2828 1519 2886 ergo
1574 2812 1802 2868 ea'altate

206 2905 504 2960 Dominum
536 2904 703 2961 Deum
751 2914 1012 2972 nostrum,
1055 2914 1101 2960 et
1146 2905 1364 2959 adorate
1397 2921 1517 2960 eum
1548 2905 1599 2958 in
1628 2913 1802 2958 monte

206 3009 396 3066 sancto
428 2999 560 3070 ejus,
591 2998 644 3053 in
678 2997 894 3054 Christo
932 2996 1198 3065 videlicet,
1237 2997 1326 3068 qui
1365 3013 1518 3064 mons
1545 2995 1802 3070 praecisus

207 3101 294 3149 est
336 3092 405 3146 de
445 3100 631 3147 monte
670 3090 786 3146 sine
830 3089 1076 3146 manibus
1115 3071 1722 3154 coneidentiumende
1746 3087 1800 3143 in

207 3182 439 3238 Daniele
479 3199 494 3237 :
550 3181 684 3238 Vide
735 3182 968 3254 lapidem
1018 3183 1301 3253 praecisum
1356 3181 1420 3236 de
1475 3191 1648 3236 monte
1690 3181 1803 3237 sine

207 3275 489 3339 manibus,
525 3281 580 3330 et
604 3275 773 3330 crevit
808 3275 862 3329 in
885 3283 1123 3330 montem
1149 3290 1422 3346 magnum,
1454 3282 1513 3329 ut
1556 3273 1803 3346 impleret

1903 2085 2082 2127 suum.
2103 2073 2198 2128 Vel
2225 2073 2300 2128 sic
2328 2092 2339 2127 :
2369 2073 2398 2126 Ι
2404 2074 2591 2127 ntroite
2615 2075 2668 2128 in
2689 2086 2963 2145 conspectu
2990 2076 3128 2146 ejus,
3157 2076 3208 2132 id
3236 2087 3337 2145 est,
3364 2095 3486 2135 con-

1905 2163 2184 2218 scientiam
2213 2173 2447 2220 vestram
2491 2165 2580 2220 ubi
2629 2166 2744 2236 ipse
2777 2168 3064 2237 conspicit,
3097 2170 3387 2226 mundate:
3428 2180 3489 2226 ut

1903 2270 2021 2310 eam
2049 2255 2298 2311 sordibus
2327 2257 2623 2324 cvacuctis,
2667 2267 2722 2313 et
2750 2258 3010 2314 virtutum
3054 2260 3298 2317 moribus
3332 2262 3494 2318 ador-

1904 2351 2060 2406 nctis.
2101 2351 2167 2406 Et
2195 2353 2375 2408 scitote
2405 2353 2653 2425 quoniam
2679 2356 2788 2427 ipse
2815 2365 2890 2411 est
2919 2354 3174 2414 Dominus
3211 2358 3351 2415 Deus
3386 2375 3487 2416 ιιο-

1904 2451 2036 2508 ster,
2065 2441 2267 2500 faciens
2295 2459 2392 2501 vos
2427 2447 2632 2503 servire
2665 2447 2720 2504 in
2756 2446 2962 2516 lzetitia,
2995 2448 3047 2504 id
3075 2457 3177 2516 est,
3213 2450 3315 2506 sibi
3345 2449 3490 2521 jubi-

1903 2531 2036 2587 lare.
2076 2533 2142 2588 Et
2181 2536 2286 2606 ipse
2318 2537 2437 2605 fecit
2473 2555 2588 2605 nos,
2640 2548 2686 2593 et
2739 2556 2842 2594 non
2875 2541 2976 2610 ipsi
3020 2557 3133 2596 nos.
3188 2540 3341 2610 Quod
3393 2558 3491 2600 nos

1903 2619 2006 2691 ipsi
2035 2619 2088 2674 in
2117 2622 2272 2676 nobis
2314 2621 2561 2688 fecimus,
2613 2624 2715 2680 hoc
2757 2626 3120 2681 damnandum
3168 2638 3292 2683 est:
3347 2630 3490 2700 quod

1905 2720 2088 2766 autem
2120 2711 2236 2782 ipse
2263 2711 2410 2780 fecit,
2445 2715 2548 2769 hoc
2573 2730 2702 2769 vere
2725 2715 2916 2770 salutis
2942 2723 3025 2770 est
3052 2734 3065 2769 :
3096 2724 3150 2771 et
3179 2715 3302 2772 ideo
3325 2735 3492 2788 papu-

1903 2802 1987 2858 lus
2019 2812 2068 2858 et
2096 2820 2215 2860 oves
2236 2821 2447 2874 pascua:
2468 2807 2604 2878 ejus,
2629 2809 2839 2862 introite
2859 2818 3038 2879 portas
3065 2812 3182 2880 ejus
3207 2811 3262 2864 in
3289 2810 3490 2880 confes-

1903 2895 2047 2950 sione
2081 2895 2419 2970 gemebunda
2455 2911 2471 2952 :
2515 2899 2641 2969 quia
2691 2900 2782 2970 qui
2821 2899 2938 2956 vult
2989 2902 3054 2956 ad
3100 2917 3221 2958 eum
3263 2905 3488 2971 intrare,

1904 3003 2128 3046 necesse
2157 2999 2243 3046 est
2287 3001 2348 3047 ιιι
2385 2992 2690 3049 conﬁtendo
2720 3002 2903 3066 gemat
2937 3005 3152 3067 peccata
3207 3014 3322 3055 sua.
3377 2999 3490 3054 Hoc

1902 3082 2049 3139 enim
2088 3082 2248 3140 debet
2271 3096 2394 3141 esse
2413 3083 2623 3140 initium
2655 3085 2981 3142 introeuntis
3029 3087 3096 3144 ad
3139 3104 3302 3144 eum:
3347 3090 3491 3162 quod

1904 3175 2052 3241 dicit,
2091 3175 2317 3232 Introite
2357 3186 2535 3248 portas
2583 3177 2697 3249 ejus
2737 3179 2794 3234 in
2848 3179 3172 3249 confessione
3199 3197 3218 3234 :
3251 3191 3308 3238 et
3353 3183 3478 3237 atris

1902 3268 2037 3340 ejus,
2063 3269 2118 3326 id
2140 3280 2246 3338 est,
2273 3270 2570 3327 Ecciesiam
2614 3273 2730 3344 ejus
2759 3273 3010 3344 ingressi,
3035 3273 3147 3344 jam
3172 3277 3492 3347 conﬁtemini

207 3369 408 3425 faciem
442 3377 600 3425 teme
627 3369 645 3441 (
671 3367 807 3423 Dan.
832 3385 870 3424 ιι
896 3367 936 3441 ).
970 3369 1027 3424 in
1053 3368 1158 3425 hoc
1184 3343 1365 3423 monte
1397 3343 1704 3425 adorandus
1723 3373 1807 3424 est
1830 3343 1878 3410 (Ξ
1908 3364 1988 3420 illi
2019 3364 2075 3420 in
2102 3366 2327 3436 hymnis,
2370 3365 2422 3420 id
2452 3374 2559 3433 est,
2595 3343 2653 3422 in
2692 3343 2946 3424 laudabili
2985 3343 3326 3426 confessione
3355 3385 3488 3426 con-

209 3463 498 3531 Dominus,
525 3464 770 3535 quoniam
794 3463 908 3534 ipse
937 3471 1019 3519 est
1049 3463 1304 3519 Dominus
1334 3461 1473 3518 Deus
1505 3471 1697 3518 noster.

731 3554 1055 3626 PSALlliUS
1095 3554 1282 3612 XCIX.

644 3665 878 3708 PSALIIUS
918 3667 971 3706 IN
1008 3661 1379 3707 CONFESSIONE.

290 3765 307 3797 ι
357 3743 594 3800 Jubilate
637 3742 768 3810 Deo,
829 3742 1004 3798 omnis
1033 3752 1200 3807 terra,
1253 3739 1453 3796 servile
1486 3738 1715 3793 Domino
1749 3738 1802 3794 in

216 3861 234 3893 ι
285 3839 496 3896 laetitia.
531 3839 754 3894 lntroite
783 3839 835 3892 in
869 3846 1160 3908 conspectu
1190 3836 1307 3906 ejus
1333 3837 1388 3890 in
1420 3833 1800 3890 exsultatione.

216 3952 235 3984 ι
285 3932 497 3988 Scitote
520 3931 778 4002 quoniam
803 3930 1065 3985 Dominus
1093 3929 1208 4000 ipse
1231 3935 1313 3984 est
1338 3927 1502 3992 Deus,
1539 3927 1653 3998 ipse
1677 3924 1806 3982 fecit

217 4044 236 4075 ι
286 4039 411 4089 nos,
443 4031 498 4079 et
538 4038 645 4078 non
673 4021 775 4092 ipsi
806 4034 924 4076 nos.
953 4018 1192 4092 Populus
1218 4020 1334 4090 ejus
1359 4027 1412 4073 et
1434 4032 1563 4072 oves
1589 4029 1805 4088 pascum

221 4135 239 4168 ι
289 4114 432 4183 ejus,
483 4113 702 4168 introite
756 4119 945 4183 portas
994 4110 1112 4182 ejus
1161 4110 1213 4164 in
1252 4106 1630 4165 confessione:
1666 4107 1803 4162 atria

219 4226 239 4259 s
288 4207 409 4277 ejus
455 4205 511 4258 in
547 4204 764 4276 hymnis
814 4202 1147 4260 confitemini
1201 4201 1295 4256 illi.
1337 4201 1576 4257 Laudato
1608 4216 1803 4256 nomen

219 4320 236 4352 ι
288 4297 410 4367 ejus
458 4300 714 4368 quoniam
765 4299 945 4354 suavis
987 4305 1072 4353 est
1113 4295 1415 4350 Dominus:
1446 4295 1497 4349 in
1542 4303 1802 4350 aeternum

221 4412 240 4444 ι
292 4390 667 4445 misericordia
718 4389 853 4461 ejus,
907 4400 962 4445 et
1007 4403 1177 4459 usque
1217 4388 1271 4443 in
1320 4387 1723 4458 generationem
1752 4391 1807 4440 et

222 4502 240 4533 (
326 4482 696 4537 encrationem
721 4481 922 4536 veritas
950 4479 1084 4550 ejus.
1135 4499 1154 4532 ι

787 4565 1236 4625 ENARRATIO.

295 4658 545 4715 Psatmus
592 4662 648 4715 in
677 4661 1016 4731 confessione.
1067 4660 1121 4714 in
1179 4661 1280 4715 hoc
1323 4659 1532 4729 psalmo
1575 4668 1655 4715 est
1699 4675 1804 4715 vox

219 4750 507 4821 Propheta:
544 4754 812 4808 hortantis
839 4753 903 4807 ad
937 4753 1149 4807 laudem
1195 4751 1305 4806 Deo
1333 4751 1675 4808 referendam
1701 4768 1800 4824 pro

221 4850 504 4906 beneﬁciis
557 4851 803 4922 pristinis
866 4853 1104 4908 humano
1168 4852 1349 4924 generi
1407 4852 1685 4918 exhibitis,
1749 4859 1803 4907 et

223 4940 356 4998 dicit
383 4959 396 4994 :

295 5030 529 5086 Jubitate
566 5031 698 5099 Deo,
723 5034 889 5088 omnis
919 5044 1076 5088 terra.
1105 5035 1288 5101 Potest
1313 5036 1614 5092 continuari
1644 5047 1804 5108 supe-

224 5124 376 5189 riori,
402 5124 491 5180 ubi
517 5125 718 5180 dictum
740 5133 840 5181 est.
866 5123 1125 5192 Quoniam
1149 5136 1360 5182 sanctus
1387 5127 1638 5182 Dominus
1667 5129 1804 5183 Deus

224 5226 423 5271 noster.
452 5215 630 5285 Quare
656 5215 891 5271 Jubilate
914 5217 1040 5284 Deo,
1068 5221 1230 5274 omnis
1254 5227 1413 5276 terra.
1442 5221 1606 5288 Quasi
1629 5223 1803 5277 dicat:

225 5307 307 5362 Ad
336 5307 547 5362 laudem
577 5306 674 5363 Dei
699 5309 862 5364 verba
905 5325 1008 5365 non
1039 5307 1325 5375 sufﬁeiunt,
1356 5312 1447 5366 sed
1484 5311 1806 5383 jubilatione

225 5413 364 5469 opus
387 5407 475 5455 est
514 5407 575 5454 ut
607 5407 819 5455 tantum
868 5400 920 5454 in
965 5400 1192 5456 Domino
1221 5403 1499 5474 gaudeatis
1544 5415 1804 5474 quantum

225 5491 412 5550 verbis
428 5493 702 5564 explicare
733 5509 838 5549 non
874 5495 1120 5564 potestis.
1145 5493 1282 5550 Nota
1302 5483 1443 5567 quod
1465 5496 1614 5561 dicit,
1639 5497 1807 5551 ontnis

227 5593 372 5645 terra
393 5602 413 5640 :
434 5589 556 5660 quia
582 5589 672 5660 qui
699 5589 896 5659 ubique
921 5590 1208 5644 seminavit
1227 5589 1684 5658 benedictionem,
1703 5607 1805 5645 un-

227 5681 393 5752 dique
413 5679 1009 5750 quzeritjubilationem,
1034 5689 1087 5736 et
1118 5695 1336 5736 necesse
1362 5679 1463 5735 fuit
1489 5688 1547 5735 ιιι
1570 5681 1806 5752 undique

229 5771 528 5829 seminaret
548 5772 999 5841 benedictionem,
1016 5772 1141 5843 quia
1161 5773 1330 5829 Adam
1352 5773 1549 5843 ubique
1572 5773 1806 5828 semina-

233 5863 785 5928 veratoonfusiOnem.
811 5864 1110 5922 Seminavit
1140 5867 1278 5922 enim
1306 5868 1356 5921 in
1382 5876 1613 5937 quatuor
1633 5868 1802 5936 parti-

232 5961 335 6018 bus
371 5960 554 6017 mundi
596 5958 983 6017 confusionem.
1034 5961 1175 6030 quod
1236 5968 1449 6016 notatur
1491 5961 1542 6013 in
1592 5960 1806 6015 nomine

1905 3456 2246 3525 ﬁteminiilli,
2279 3465 2333 3513 et
2363 3458 2579 3514 tandem
2605 3448 2670 3513 in'
2685 3457 2868 3515 futuro
2888 3458 3100 3514 laudate
3140 3476 3325 3515 nomen
3351 3461 3487 3532 ejus,

1905 3550 2156 3622 quoniam
2186 3551 2360 3606 suavis
2386 3559 2461 3605 est
2499 3549 2778 3618 Dominus,
2812 3552 2865 3606 id
2907 3561 3012 3617 est,
3045 3553 3316 3623 reparatio
3345 3555 3490 3608 anti-

1905 3645 1994 3715 qui
2027 3643 2227 3716 lapsus,
2267 3642 2408 3700 facta
2441 3661 2538 3717 per
2565 3645 3012 3714 misericordiam,
3042 3657 3125 3704 est
3158 3650 3211 3702 in
3239 3657 3492 3706 rotet-num

1907 3736 2164 3792 durabilis
2191 3754 2202 3791 :
2234 3747 2280 3798 et
2307 3738 2517 3804 veritas,
2549 3739 2601 3793 id
2632 3746 2737 3807 est,
2782 3739 3072 3810 completio
3107 3740 3492 3797 misericordia:

1905 3830 2203 3907 promissae,
2229 3839 2310 3886 cst
2345 3833 2398 3885 in
2425 3831 2810 3902 generationem
2826 3842 2874 3888 et
2894 3832 3296 3904 generationem.

2485 3920 2808 3979 PSALMUS
2849 3921 2909 3978 C.

2406 4031 2638 4072 PSALIUS
2677 4033 2777 4073 IPSI
2817 4031 3000 4074 DAVID.

1984 4125 2001 4158 ι
2051 4106 2473 4162 Misericordiam
2499 4114 2554 4161 et
2574 4105 2838 4176 judicium
2856 4107 3091 4164 cantabo
3111 4107 3225 4174 tibi,
3243 4107 3488 4163 Domine.

1913 4219 1930 4250 ι
1975 4198 2207 4253 Psallam
2241 4208 2297 4254 et
2340 4197 2632 4272 intelligam
2664 4198 2716 4254 in
2753 4199 2840 4254 via
2883 4197 3244 4264 immaculata,
3278 4200 3494 4271 quando

1911 4310 1930 4344 ι
1975 4292 2159 4348 venies
2182 4293 2248 4348 ad
2288 4308 2393 4348 me.
2423 4291 2870 4348 Perambuiabam
2901 4292 2954 4347 in
2985 4292 3290 4348 innocentia
3315 4292 3495 4348 cordis

1912 4401 1931 4436 ι
1979 4385 2106 4451 mei,
2136 4385 2190 4442 in
2214 4383 2390 4441 medio
2418 4385 2608 4440 domus
2631 4401 2781 4440 mea}.
2805 4383 2922 4440 Non
2959 4383 3324 4458 proponebam
3366 4396 3494 4441 ante

1912 4497 1931 4530 ι
1978 4478 2162 4534 oculos
2193 4495 2342 4535 meos
2381 4495 2494 4534 rem
2527 4478 2802 4550 injustam,
2855 4479 3116 4536 facientes
3170 4481 3493 4552 praevarica-

1913 4591 1930 4624 ι
1977 4572 2150 4627 tiones
2175 4572 2338 4627 odivi.
2383 4571 2496 4628 Non
2532 4571 2759 4629 adhaesit
2797 4573 2931 4628 mihi
2965 4587 3061 4629 cor
3105 4588 3350 4644 pravum,
3394 4575 3488 4630 de—

1912 4687 1930 4720 ι
1977 4667 2264 4723 clinantem
2294 4683 2324 4722 a
2367 4682 2449 4722 me
2487 4667 2781 4740 malignum
2807 4684 2913 4724 non
2943 4670 3353 4740 cognoscebam.
3387 4668 3492 4726 De-

1914 4779 1930 4811 ι
1979 4760 2280 4814 trahentem
2308 4768 2519 4816 secreto
2565 4761 2812 4830 proximo
2861 4776 2981 4828 suo,
3027 4762 3171 4817 hunc
3197 4777 3493 4834 perseque-

1914 4867 1932 4902 ι
1979 4850 2095 4904 bar.
2127 4849 2370 4920 Superbo
2400 4849 2558 4905 oculo
2588 4858 2642 4905 et
2677 4851 2970 4907 insatiabili
3013 4852 3195 4919 corde,
3230 4867 3352 4907 eum
3387 4853 3492 4908 hoc

1914 4961 1933 4994 ι
1979 4958 2082 4998 non
2114 4944 2358 4998 edebam.
2387 4941 2538 5000 Oculi
2567 4946 2670 5001 mei
2701 4946 2768 5000 ad
2792 4945 3173 5012 ﬁdeles'terrae,
3198 4947 3492 5002 utsedeant

1913 5057 1932 5091 ι
1979 5037 2521 5094 mecum:amhuians
2547 5039 2597 5092 in
2629 5039 2713 5094 via
2744 5039 3106 5106 immaculata,
3126 5040 3213 5095 hic
3236 5039 3362 5094 mihi
3391 5038 3493 5092 mi-

1915 5148 1934 5183 ι
1981 5129 2265 5186 nistrabat.
2288 5129 2406 5187 Non
2428 5131 2693 5188 habitabit
2730 5134 2782 5188 in
2812 5134 2987 5188 medio
3013 5133 3203 5188 domus
3240 5149 3370 5200 meae
3398 5131 3489 5203 qui

1918 5244 1936 5278 ι
1984 5223 2113 5280 facit
2137 5225 2483 5296 superbiam:
2518 5225 2609 5297 qui
2645 5225 2884 5296 loquitur
2909 5225 3113 5298 iniqua,
3159 5241 3262 5280 non
3295 5223 3492 5291 direxit

1914 5335 1935 5369 ι
1985 5317 2036 5372 in
2093 5326 2383 5387 conspectu
2445 5316 2724 5372 oculorum
2787 5331 3052 5372 meorum.
3112 5315 3170 5368 in
3224 5314 3488 5384 matutino

1914 5427 1933 5462 ι
1982 5406 2367 5463 interﬁciebam
2398 5424 2587 5464 omnes
2628 5414 2940 5480 peccatores
2971 5417 3149 5469 terrae,
3193 5417 3250 5459 ut
3281 5405 3490 5488 disper-

1915 5519 1935 5554 ι
1977 5501 2158 5556 derem
2187 5500 2253 5556 de
2280 5500 2503 5557 civitate
2530 5498 2742 5555 Domini
2765 5513 2951 5554 omnes
2979 5506 3264 5568 operantes
3292 5495 3492 5576 iniqui:

1915 5611 1935 5646 ι
1979 5601 2166 5648 tatem.
2211 5611 2231 5645 ι
2937 5592 2940 5595 ’
3487 5585 3492 5590 ’

1937 5681 1942 5685 ’
2474 5679 2921 5737 ENARRATIO.

1984 5779 2227 5836 Psalmus
2278 5776 2465 5832 David.
2517 5776 2632 5832 Vox
2685 5783 2767 5832 est
2813 5773 3004 5846 capitis
3055 5774 3226 5831 nostri
3277 5776 3330 5830 in
3383 5775 3489 5830 hoc

1911 5869 2141 5940 psalmo,
2164 5867 2407 5923 docentis
2428 5883 2493 5922 ne
2520 5866 2641 5937 quis
2670 5874 2888 5938 propter
2909 5864 3335 5920 misericordiam
3359 5878 3488 5934 prae-

1912 5969 2083 6016 sumat
2144 5961 2207 6013 de
2265 5961 2581 6030 impunitate
2629 5967 3009 6028 peccatorum,
3070 5959 3192 6026 quia
3248 5957 3489 6027 sequitur
