4034 6424
610 438 719 496 655

1241 427 1500 487 REMIGII
1539 416 2195 484 ANTISSIODORENSIS
2231 413 2383 472 OPP.
2425 413 2626 472 PARS.
2653 413 2696 470 l.
2720 443 2790 454 —
2813 409 3226 470 EXEGETICA.

3758 411 3846 466 656

606 551 908 624 judicium:
947 561 1048 604 nec
1076 545 1359 618 quisquam
1394 545 1448 599 in
1489 542 1678 599 melius
1705 547 1967 601 mutatus,
1993 511 2188 591 exhor-
2215 530 2267 591 Α
2294 536 2486 583 tesces.
2517 527 2842 592 Cantabunt,
2874 524 3106 595 psallent
3134 531 3189 578 et
3228 518 3562 590 intelligent,
3593 521 3768 576 ethoc
3789 535 3844 578 es

829 639 1124 704 udicium;
1186 637 1438 708 quoniam
1485 630 1743 704 praecedit
1791 623 2184 684 misericordia.

610 739 741 796 Haec
761 740 886 806 duo,
925 733 1295 792 misericordia
1319 739 1372 786 et
1394 729 1676 798 judicium,
1714 723 1890 780 solent
1924 721 1980 776 in
2008 715 2188 774 homi-

613 833 773 888 nibus
801 844 919 887 esse
950 824 1254 890 mutabilia;
1292 822 1415 891 quia
1443 817 1596 874 multi
1645 809 2015 871 misericordia
2059 805 2185 863 victi

611 925 846 999 perdunt
872 920 1210 980 severitatem
1239 914 1428 987 judicii
1458 931 1473 969 :
1514 919 1568 967 et
1595 925 1716 967 cum
1743 904 2030 978 aliquando
2059 900 2190 971 rigi-

614 995 742 1075 dum
767 1017 953 1073 volunt
974 1022 1156 1068 tenere
1165 1008 1450 1079 judicium,
1469 1004 1723 1060 amittunt
1738 995 2188 1055 misericordiam.

612 1107 860 1164 Christus
891 1119 1021 1159 vero
1058 1115 1158 1156 nec
1202 1105 1424 1170 propter
1459 1091 1847 1151 misericordiae
1895 1086 2192 1144 bonitatem

609 1201 849 1276 perdidit
867 1197 1054 1270 judicii
1085 1194 1566 1255 severitatem,nec
1593 1193 1815 1258 propter
1840 1195 2029 1238 severe
2053 1175 2194 1245 judi-

613 1271 843 1349 candum
859 1286 1106 1360 postponi
1121 1280 1506 1339 misericordia:
1526 1275 1842 1338 bonitatem,
1861 1271 1958 1327 sed
1980 1278 2193 1323 utrum-

613 1402 719 1460 que
746 1385 982 1443 custodit
1009 1382 1127 1438 sine
1146 1373 1585 1436 commutatione.
1614 1369 1767 1424 Nunc
1788 1366 1933 1422 enim
1959 1370 2043 1419 est
2066 1371 2195 1416 tem-

613 1499 717 1554 pus
760 1474 1168 1538 misericordiae,
1214 1469 1537 1542 quandoque
1563 1463 1746 1520 veniet
1789 1469 1998 1528 tempus
2040 1467 2195 1510 exer-

617 1573 772 1631 cendi
792 1570 1004 1642 judicii,
1035 1577 1091 1623 et
1125 1566 1293 1623 dicit:

693 1661 1108 1719 Misericordiam
1149 1668 1197 1714 et
1224 1656 1488 1728 judicium
1523 1653 1741 1708 cantabo
1791 1650 1909 1714 tibi,
1950 1645 2192 1701 Domine.

622 1759 860 1814 Psallam
897 1767 941 1810 et
959 1754 1246 1822 intelligam
1283 1750 1338 1803 in
1363 1749 1446 1805 via
1483 1743 1847 1808 immaculata,
1873 1739 2083 1812 quando
2107 1752 2195 1792 ve-

618 1857 727 1908 nies
755 1853 823 1907 ad
853 1868 954 1905 me.
989 1847 1153 1916 Quasi
1185 1846 1364 1900 dicat:
1406 1840 1628 1895 Domine
1672 1837 1856 1901 Pater,
1903 1830 2196 1886 misericor-

618 1950 758 2001 diam
807 1960 969 2016 quam
1007 1957 1103 2012 per
1130 1954 1214 1994 me
1245 1932 1453 1994 mundo
1483 1930 1797 1996 exhibuisti,
1845 1937 1892 1983 et
1932 1926 2198 1998 judicium

619 2040 760 2110 quod
799 2053 894 2108 per
923 2050 1010 2090 me
1039 2034 1283 2088 {acturus
1321 2044 1382 2085 es
1400 2026 1741 2099 quandoque,
1759 2021 2002 2084 cantabo,
2021 2017 2072 2072 id
2091 2025 2196 2082 est,

620 2133 755 2186 meis
779 2128 1068 2185 notiticabo
1093 2143 1106 2180 :
1127 2126 1305 2182 ethoc
1331 2121 1444 2184 tibi,
1468 2120 1521 2174 id
1542 2125 1642 2178 est,
1663 2113 1849 2186 gratiae
1873 2121 1996 2175 tum,
2017 2117 2070 2164 et
2091 2122 2197 2162 non

621 2224 830 2280 meritis
847 2220 1158 2278 attribuam.
1177 2215 1414 2272 Psallam
1427 2222 1473 2268 et
1496 2209 1804 2281 intelligam,
1831 2203 1884 2262 id
1907 2212 2009 2269 est,
2042 2200 2199 2258 intel-

620 2316 850 2383 ligenter
861 2327 1013 2380 agam
1024 2349 1040 2374 ,
1053 2309 1110 2362 in
1124 2309 1205 2362 via
1227 2302 1587 2366 immaculata,
1604 2301 1659 2355 id
1672 2307 1775 2364 est,
1790 2297 2018 2369 positus,
2033 2303 2087 2348 et
2102 2293 2201 2348 hoc

621 2423 726 2462 non
745 2421 840 2476 per
853 2403 1056 2469 me,sed
1071 2399 1341 2468 ideo,quia
1357 2407 1411 2452 tu
1425 2396 1593 2450 uenies
1607 2392 1676 2446 ad
1686 2391 1845 2456 me,id
1857 2386 2200 2453 est,Verbum

623 2505 772 2550 tuum
802 2493 934 2550 mihi
975 2490 1181 2546 homini
1212 2486 1570 2560 personaliter
1613 2482 1848 2538 uniendo
1881 2499 1894 2534 :
1927 2476 2202 2549 perambu-

622 2591 797 2644 labam
827 2590 882 2642 in
903 2585 1200 2642 innocentia
1223 2583 1394 2637 cordis
1419 2581 1542 2642 mei,
1569 2578 1622 2631 in
1649 2576 1816 2630 medio
1846 2573 2031 2628 domus
2051 2585 2198 2626 mete.

623 2681 789 2748 Quasi
816 2680 994 2735 dicat:
1038 2677 1176 2734 Vere
1203 2674 1269 2730 ad
1304 2687 1391 2728 me
1415 2669 1630 2728 venisti,
1663 2666 1787 2737 quia
1815 2679 1881 2720 ex
1918 2663 2022 2718 hoc
2057 2659 2202 2732 quod

623 2773 693 2827 ad
745 2785 831 2826 me
871 2767 1089 2833 venisti,
1135 2760 1560 2836 perambulabam
1589 2759 1644 2812 in
1688 2754 1985 2810 innocentia
2031 2750 2202 2806 cordis

623 2864 746 2929 mei,
775 2862 830 2917 id
853 2869 956 2926 est,
985 2859 1039 2914 in
1069 2857 1230 2912 corde
1254 2851 1526 2908 innocenti
1552 2869 1566 2904 :
1601 2857 1656 2905 et
1686 2849 1790 2903 hoc
1817 2848 1875 2901 in
1915 2843 2107 2909 medio,
2149 2840 2203 2896 id

623 2965 724 3019 est,
752 2955 808 3009 in
832 2953 988 3008 lirma
1020 2947 1350 3006 conscientia
1386 2945 1536 3010 mea,
1587 2956 1709 3013 quae
1748 2940 1934 2994 domus
1983 2936 2200 3000 dicitur,

623 3050 843 3104 ﬁrmum
875 3043 1128 3100 videlicet
1150 3038 1572 3111 receptaculum.
1603 3035 1661 3089 1n
1695 3035 1797 3089 hac
1829 3032 1988 3086 domo
2009 3028 2055 3084 si
2084 3027 2205 3099 quis

624 3139 766 3197 male
796 3138 977 3201 habet,
1020 3147 1287 3204 nusquam
1325 3132 1462 3186 bene
1490 3126 1726 3184 habebit.
1761 3123 1820 3180 Si
1869 3123 1990 3194 quis
2024 3129 2204 3176 autem

624 3240 911 3304 purgatam
963 3227 1128 3283 habet
1178 3223 1566 3281 conscientiam
1619 3233 1792 3285 suam,
1823 3215 1927 3272 etsi
1968 3213 2204 3270 exterius

2224 1893 2274 1956 Β

2289 620 2486 692 p0pulo
2514 635 2654 675 meo.
2686 618 2822 686 Quia
2849 631 2948 690 ego
2973 616 3122 688 prius
3162 611 3599 686 pet-ambulabam
3642 612 3696 664 in
3723 612 3847 666 inno-

2290 715 2460 770 centia
2489 715 2660 769 cordis
2700 713 2825 779 mei,
2859 712 2915 766 in
2942 711 3112 766 medio
3143 709 3329 764 domus
3364 724 3520 773 meae,
3549 723 3655 760 non
3687 724 3845 776 propo-

2291 807 2476 862 nebam
2497 815 2617 859 ante
2638 803 2816 860 oculos
2849 819 3013 868 meos,
3042 801 3095 857 id
3122 810 3228 868 est,
3258 800 3664 870 beneplaeitum
3692 799 3843 864 habui,

2291 913 2401 951 rem
2460 896 2735 967 injustam,
2775 895 2828 950 id
2877 904 2982 961 est,
3045 893 3246 965 injuste
3297 891 3507 947 factum
3560 890 3843 962 quodlibet:

2293 987 2541 1057 facientes
2576 987 3077 1059 praevaricationem
3107 984 3268 1052 adici,
3307 984 3362 1040 id
3399 991 3513 1050 est,
3560 984 3844 1054 praevarica-

2295 1087 2438 1135 tores
2466 1087 2575 1134 tam
2603 1080 2818 1150 scripta:
2847 1078 2979 1150 legis
3015 1093 3177 1149 quam
3205 1077 3478 1133 naturalis
3519 1075 3647 1133 odio
3689 1078 3840 1144 habui,

2294 1171 2349 1228 in
2374 1174 2475 1228 hoc
2507 1171 2650 1244 quod
2690 1172 2816 1228 odio
2853 1171 3083 1227 habendi
3109 1163 3286 1227 erant.
3322 1169 3452 1226 Non
3500 1170 3720 1225 adhtzsit
3744 1173 3846 1224 mihi

2295 1280 2385 1318 cor
2410 1281 2651 1336 pravum,
2691 1264 2744 1319 id
2770 1261 2890 1329 est,
2922 1278 3017 1319 cor
3053 1278 3083 1317 a
3108 1263 3198 1318 via
3228 1271 3378 1318 recta
3423 1253 3735 1325 distortum,
3760 1279 3843 1317 non

2293 1355 2495 1428 placuit
2545 1355 2700 1422 mihi,
2755 1355 2884 1411 licet
2944 1347 3240 1425 aliquando
3294 1365 3658 1411 conversatus
3705 1370 3844 1410 essem

2295 1461 2417 1500 cum
2475 1446 2784 1501 hominibus
2846 1460 3100 1516 perverse
3157 1444 3465 1516 agentibus.
3519 1443 3843 1500 Declinantm

2295 1548 2473 1595 autem
2505 1558 2535 1595 a
2561 1557 2663 1607 me,
2695 1540 2748 1596 id
2793 1548 2897 1606 est,
2925 1555 2956 1594 a
2985 1540 3252 1595 mandatis
3285 1538 3423 1595 meis
3452 1555 3566 1593 non
3604 1555 3843 1610 cognosce-

2293 1633 2773 1718 bam'dignatione,
2812 1633 2939 1689 licet
2970 1648 3091 1688 eum
3123 1646 3517 1704 cognoscerem
3545 1631 3844 1687 animadver-

2297 1725 2448 1782 sione
2491 1727 2586 1782 irte
2617 1745 2630 1780 :
2661 1727 3019 1782 detrahentem
3068 1725 3230 1781 etiam
3275 1734 3474 1779 secreto
3523 1725 3844 1794 proximam

2297 1817 2434 1872 hunc
2477 1818 2819 1890 persequebar
2869 1818 2922 1873 in
2967 1817 3070 1873 hoc
3110 1817 3255 1888 quod
3299 1817 3712 1887 persequendus
3735 1825 3838 1882 erat,

2301 1919 2361 1966 ut
2403 1910 2491 1966 cui
2534 1911 2686 1981 prius
2733 1920 2852 1965 erat
2886 1911 3182 1976 detractor,
3228 1908 3385 1965 tieret
3435 1915 3686 1976 amator;
3719 1909 3840 1979 juxta

2300 2000 2431 2056 illud
2463 2018 2475 2054 :
2510 1999 2569 2056 Si
2601 2002 2883 2072 peccauerit
2912 2002 2969 2055 in
3019 2011 3066 2056 te
3107 2001 3276 2071 frater
3312 2010 3462 2068 tuus,
3523 2002 3719 2068 corripe
3751 2017 3838 2054 eam

2299 2093 2435 2146 inter
2461 2102 2510 2147 te
2529 2101 2576 2146 et
2600 2093 2769 2162 ipsum
2803 2092 2971 2146 solum
3006 2090 3220 2163 (Matth.
3253 2092 3436 2162 xvm).
3467 2089 3702 2161 Superbo
3722 2092 3838 2144 oculo

2299 2196 2347 2242 et
2397 2185 2684 2242 insatiabili
2721 2186 2875 2242 corde
2921 2203 3039 2242 cum
3068 2187 3165 2242 hoc
3202 2202 3306 2242 non
3351 2183 3594 2241 edebam.
3639 2183 3742 2238 Duo
3765 2198 3838 2236 n0-

2303 2287 2487 2334 tantur
2515 2279 2622 2345 hic,
2649 2280 2912 2349 superbus
2943 2289 3000 2335 et
3024 2295 3237 2336 avarus.
3268 2281 3453 2335 Avaro
3483 2278 3627 2334 enim
3666 2291 3836 2346 semper

2301 2382 2387 2430 est
2416 2388 2513 2430 cor
2545 2373 2870 2442 insatiabile,
2903 2375 3063 2430 sicuti
3091 2375 3321 2446 superbo
3359 2375 3553 2432 oculus
3580 2380 3660 2428 est
3682 2371 3835 2433 elatus,

2301 2474 2358 2523 et
2404 2481 2511 2522 non
2564 2465 2841 2521 humiliter
2903 2467 3190 2524 inclinatus
3238 2486 3250 2521 :
3304 2481 3562 2537 quorum,
3625 2464 3832 2519 videlicet

2303 2558 2520 2629 superbi
2550 2567 2604 2614 et
2631 2559 2801 2626 avari,
2833 2567 2917 2615 est
2961 2560 3136 2627 cibus,
3186 2561 3442 2632 impietas
3492 2570 3548 2616 et
3595 2556 3832 2629 injustitia.

2304 2648 2419 2706 Hoc
2449 2650 2571 2706 cibo
2595 2664 2703 2706 non
2730 2660 3022 2707 vescuntur
3074 2651 3171 2718 illi,
3219 2650 3312 2721 qui
3361 2651 3514 2722 pium
3557 2667 3647 2706 cor
3677 2648 3834 2704 habent

2305 2741 2361 2797 in
2400 2742 2648 2810 Domino,
2689 2742 2816 2813 quia
2873 2744 3024 2799 cibus
3060 2758 3246 2799 eorum
3304 2752 3391 2799 est
3452 2742 3677 2811 justitia.
3721 2737 3834 2795 Unde

2304 2835 2437 2892 illud
2461 2853 2477 2890 :
2500 2835 2651 2891 Beati
2686 2836 2777 2907 qui
2823 2836 3058 2892 esuriant
3097 2847 3148 2891 et
3184 2836 3370 2890 sitiunt
3398 2835 3699 2907 justitiam,
3735 2845 3831 2901 quac

2306 2929 2450 2984 niam
2476 2928 2579 3000 ipsi
2607 2929 2985 2983 saturabuntur
3011 2927 3228 2998 (Matth.
3261 2927 3338 3001 v).
3388 2927 3488 2984 Vel
3534 2927 3600 2982 ad
3645 2924 3831 2979 litteram

2305 3039 2592 3098 possumus
2633 3023 2831 3096 legere,
2881 3024 2928 3080 si
2975 3024 3044 3080 ad
3089 3024 3330 3081 membra
3363 3023 3609 3079 volumus
3653 3016 3827 3080 referre,

2307 3115 2451 3187 quod
2479 3117 2632 3184 dicit,
2656 3115 2893 3187 Superbo
2919 3116 3069 3172 oculo
3096 3127 3144 3172 et
3167 3116 3457 3172 insatiabili
3486 3114 3655 3179 corde,
3690 3110 3828 3169 idest,

2309 3222 2431 3264 cum
2475 3207 2580 3264 hoc
2605 3223 2714 3265 non
2761 3207 2992 3264 edebant
3024 3208 3151 3264 mei.
3193 3207 3341 3266 Unde
3381 3207 3614 3264 Paulus:
3665 3201 3717 3257 Si
3741 3199 3827 3269 qui:

625 3289 865 3393 iindique
901 3319 1042 3375 male
1072 3317 1253 3380 habet,
1289 3324 1472 3369 tamen
1510 3311 1557 3367 si
1606 3308 1912 3382 ingreditur
1955 3306 2024 3360 ad
2078 3319 2204 3361 con»
2233 3289 2278 3356 C
2310 3319 2415 3357 non
2442 3301 2707 3358 obedierit
2730 3301 3072 3359 sermonibus
3091 3301 3315 3366 nostris,
3338 3301 3482 3355 hunc
3510 3313 3596 3368 per
3613 3291 3828 3366 epilelatll

625 3414 910 3472 scientiam
951 3426 1126 3476 suam,
1161 3407 1366 3464 invenit
1414 3405 1516 3461 sibi
1575 3402 1837 3474 requiem.
1887 3399 2022 3455 Nota
2061 3395 2206 3468 quod

625 3507 779 3573 dicit,
825 3502 1270 3576 perambulabam.
1323 3497 1737 3555 Perambulabat
1783 3495 1839 3550 in
1898 3489 2205 3548 innocentia

626 3599 829 3666 cordis,
868 3598 996 3671 quia
1021 3606 1128 3651 tam
1172 3594 1239 3650 ad
1274 3592 1522 3648 inimicos
1561 3604 1725 3660 quam
1767 3587 1835 3642 ad
1867 3584 2072 3640 amicos
2112 3597 2205 3638 ex-

626 3691 803 3748 tendit
849 3689 1187 3746 latitudinem
1235 3683 1537 3740 charitatis.
1589 3680 1706 3736 Non
1757 3685 1844 3735 est
1891 3677 2036 3742 enim
2078 3688 2207 3729 vera

627 3782 960 3848 innocentia,
1009 3779 1114 3835 nisi
1161 3777 1283 3832 talis
1330 3775 1403 3831 sit
1442 3788 1562 3845 quae
1610 3785 1713 3828 nec
1755 3768 1858 3824 sibi
1903 3781 2006 3823 nec
2052 3764 2207 3820 alteri

628 3882 841 3930 noceat.
871 3872 1040 3928 Nocet
1060 3870 1185 3937 sibi,
1213 3869 1259 3926 si
1279 3876 1466 3924 contra
1493 3864 1770 3920 inimicum
1798 3861 1922 3917 odio
1950 3871 2209 3915 accensus

629 3964 813 4030 fuerit,
846 3963 948 4018 etsi
980 3961 1183 4017 nullum
1206 3959 1463 4016 damnum
1499 3955 1721 4012 inimico
1751 3951 2015 4009 intulerit.
2055 3948 2209 4016 Quod

629 4056 781 4123 dicit,
826 4051 1290 4117 Perambulabam,
1334 4050 1387 4104 id
1427 4056 1534 4113 est,
1567 4047 1765 4116 ubique
1817 4041 2154 4098 ambulabam
2191 4058 2204 4095 :

629 4159 685 4203 et
714 4149 814 4202 hoc
842 4145 898 4200 in
919 4145 1217 4200 innocentia
1246 4158 1354 4197 non
1378 4154 1574 4195 manus
1599 4147 1801 4202 tamen,
1834 4134 1928 4190 sed
1956 4141 2011 4188 et
2036 4132 2210 4188 cordis

627 4241 774 4294 mei:
798 4248 853 4295 et
883 4240 984 4294 hoc
1013 4239 1068 4292 in
1098 4237 1270 4291 medio
1314 4234 1500 4288 domus
1547 4247 1698 4296 meae,
1742 4230 1796 4285 id
1839 4236 1945 4295 est,
1989 4228 2047 4283 in
2081 4241 2212 4283 con-

627 4333 851 4390 scientia
878 4347 1019 4400 mea,
1063 4330 1189 4385 licet
1226 4325 1536 4384 hominibus
1575 4324 1734 4380 aliter
1767 4321 1944 4378 visum
1972 4322 2064 4378 sit.
2102 4319 2209 4374 Po-

628 4434 739 4480 test
758 4425 923 4480 etiam
951 4423 1018 4477 de
1053 4419 1313 4476 membris
1341 4418 1472 4484 dici,
1502 4413 1931 4488 perambulabam
1963 4413 2021 4466 in
2057 4413 2211 4466 innec

629 4515 800 4572 centia
827 4515 1001 4570 cordis
1041 4514 1163 4579 mei,
1201 4513 1260 4566 in
1287 4511 1458 4566 medio
1501 4509 1686 4563 domus
1720 4522 1872 4570 mete,
1921 4505 1977 4560 id
2017 4513 2121 4570 est,
2154 4503 2209 4560 in

629 4605 736 4662 illis
763 4607 855 4677 qui
890 4606 1144 4661 dicuntur
1175 4603 1335 4659 medii
1374 4611 1429 4659 et
1456 4601 1726 4658 firmiores
1776 4600 1829 4655 in
1874 4600 2034 4655 domo
2062 4613 2209 4664 mea,

2311 3395 2468 3452 nobis
2491 3403 2687 3462 notate,
2714 3402 2762 3450 et
2792 3411 2912 3448 cum
2932 3409 2998 3450 eo
3027 3409 3136 3451 non
3173 3389 3649 3450 commisceamini:
3674 3399 3765 3441 non
3788 3389 3828 3435 ut

2307 3489 2576 3545 inimicum
2599 3505 2722 3546 eum
2748 3490 3017 3558 habeatis,
3038 3490 3129 3547 sed
3150 3500 3208 3545 ut
3239 3490 3460 3560 fratrem
3484 3501 3604 3544 eum
3624 3478 3828 3549 corripia-

2311 3582 2382 3637 tis
2407 3581 2494 3654 (II
2512 3582 2691 3639 Thess.
2709 3583 2816 3656 ιιι).
2854 3583 2925 3641 Et
2945 3584 3072 3640 alibi
3101 3602 3116 3640 :
3145 3581 3277 3640 Cum
3301 3581 3560 3654 ejusmodi
3582 3594 3666 3634 nec
3700 3571 3826 3628 σὶῢκα

2311 3690 2514 3731 sumere
2569 3675 2622 3748 (1
2658 3674 2781 3731 Cor.
2821 3676 2899 3750 v).
2932 3677 3029 3735 Vel
3073 3677 3152 3733 sic
3184 3694 3198 3731 :
3231 3677 3367 3733 Cum
3429 3677 3532 3732 hoc
3555 3673 3714 3728 cibum
3737 3663 3827 3719 ede-

2308 3768 2434 3824 bam
2489 3768 2789 3836 voluntate,
2844 3768 2974 3825 lieet
3026 3770 3259 3826 actione.
3327 3769 3557 3840 Recepit
3624 3757 3826 3818 Dominus

2308 3869 2647 3932 peccatores,
2673 3871 2729 3916 et
2763 3865 3111 3918 manducavit
3150 3877 3274 3918 cum
3305 3860 3434 3925 illis,
3480 3859 3574 3916 sed
3606 3854 3655 3910 in
3680 3847 3823 3904 volunv

2311 3962 2422 4010 tate
2467 3969 2574 4010 non
2604 3954 2879 4010 consensit
2913 3969 2929 4008 :
2973 3954 3089 4024 ipse
3114 3953 3260 4009 enim
3287 3962 3498 4009 tantum
3525 3963 3641 4005 cum
3663 3943 3729 3998 eis
3753 3951 3824 3993 oo-

2311 4048 2481 4103 medit
2510 4048 2575 4103 ad
2631 4048 3025 4104 correctionem
3077 4046 3314 4102 illorum.
3370 4035 3440 4100 ln'
3482 4045 3580 4099 hoc
3625 4034 3747 4093 enim
3782 4040 3823 4083 se

2311 4140 2630 4212 magistrum
2681 4139 2937 4206 ostendit,
2989 4153 3110 4194 cum
3149 4137 3220 4193 ad
3261 4152 3451 4192 eorum
3499 4126 3824 4212 correctionem

2313 4207 2438 4288 cum
2473 4230 2580 4288 illis
2602 4231 2855 4287 comedit.
2889 4229 3043 4285 Oculi
3085 4229 3187 4284 mei
3215 4227 3285 4283 ad
3319 4227 3501 4298 ﬁdeles
3527 4235 3681 4279 terrae.
3699 4207 3822 4282 011351

2313 4324 2497 4380 dicat:
2547 4321 2823 4394 Superbos
2850 4332 2906 4378 et
2934 4336 3126 4377 avaros
3167 4320 3471 4390 contempsi
3499 4336 3514 4374 :
3541 4312 3664 4371 oculi
3689 4312 3822 4394 autent

2311 4419 2438 4484 mei,
2484 4416 2540 4473 id
2583 4424 2689 4484 est,
2729 4425 3010 4487 respectus
3058 4413 3449 4469 misericordia:
3495 4421 3638 4468 meat.
3667 4405 3735 4454 est
3773 4387 3821 4446 σά

2311 4510 2493 4580 ﬁdeles
2535 4519 2712 4577 terrw,
2759 4508 2814 4564 id
2864 4517 2969 4575 est,
3016 4507 3084 4564 ad
3133 4506 3255 4562 illos
3297 4505 3390 4576 qui
3452 4498 3664 4559 ﬁdeliter
3697 4495 3822 4544 terre-

2313 4607 2541 4664 uitatem
2582 4619 2738 4661 suam
2766 4602 2971 4660 colunt.
3031 4601 3098 4656 Et
3142 4599 3272 4671 quid
3310 4598 3414 4653 hoc
3463 4591 3589 4650 illis?
3632 4584 3692 4640 Ut
3735 4589 3819 4671 μη·

628 4695 686 4753 id
707 4706 815 4764 est,
865 4697 922 4752 in
969 4696 1214 4752 Ecclesia
1264 4709 1403 4750 mea.
1437 4692 1534 4750 Vel
1583 4701 1764 4764 potest
1815 4693 1977 4748 etiam
2017 4690 2208 4747 referri
2235 4677 2289 4737 D
2317 4701 2443 4758 dem
2511 4697 2725 4754 εεάεαηι
2779 4709 2990 4752 mecum
3063 4692 3118 4748 in
3159 4667 3344 4762 'regno
3401 4698 3542 4744 meo,
3593 4667 3818 4764 Ambulanf

629 4791 882 4862 superior
911 4804 1103 4846 versus
1145 4791 1213 4845 ad
1257 4789 1522 4854 membra,
1565 4787 1684 4843 sic:
1717 4785 2140 4841 Misericordiam
2165 4794 2214 4839 et

620 4888 910 4963 judicium,
947 4885 1002 4940 id
1036 4891 1138 4951 est,
1188 4883 1334 4954 piam
1380 4880 1721 4936 affectionem
1772 4894 1933 4948 quam
1980 4876 2217 4933 habuisti

628 4997 761 5054 erga
791 4980 1087 5035 humanum
1112 4992 1279 5049 genus
1305 4993 1318 5030 :
1363 4983 1417 5030 et
1439 4971 1700 5046 judicium
1728 4987 1938 5038 verum,
1965 4980 2025 5026 ut
2061 4984 2214 5025 crea-

631 5087 754 5134 tura
777 5075 1032 5132 videlicet
1056 5072 1258 5130 serviat
1281 5086 1380 5127 suo
1406 5067 1672 5125 Creatori.
1713 5065 1974 5130 Cantabo,
2007 5064 2063 5118 id
2103 5071 2210 5130 est,

630 5167 930 5225 cantabunt
969 5164 1062 5218 tibi
1091 5163 1216 5229 mei,
1246 5177 1278 5217 o
1323 5160 1569 5224 Domine,
1619 5156 1672 5212 id
1718 5166 1823 5221 est,
1872 5155 2059 5227 gratia:
2107 5163 2212 5210 tuae

629 5260 738 5316 hoc
761 5257 1080 5322 attribuent,
1111 5270 1218 5309 non
1251 5253 1458 5309 meritis
1489 5252 1618 5306 suis.
1644 5251 1740 5306 Vel
1766 5249 1861 5306 tibi
1891 5250 2208 5317 cantabunt,

631 5353 760 5426 quia
786 5353 852 5408 de
886 5347 1261 5407 misericordia
1291 5357 1379 5402 tua
1409 5356 1734 5417 prazsument
1767 5365 1780 5401 :
1817 5347 1888 5402 ita
1921 5357 2120 5412 tamen,
2151 5354 2213 5403 ut

630 5445 700 5501 de
715 5443 923 5514 judicio
951 5454 1040 5499 tuo
1065 5448 1337 5510 satagant,
1355 5440 1425 5493 ita
1445 5449 1502 5493 ut
1512 5439 1686 5509 parati
1711 5440 1836 5495 illud
1862 5447 2205 5510 exspectent:

631 5547 681 5594 et
706 5536 956 5609 psallam,
991 5535 1048 5590 id
1091 5541 1195 5599 est,
1225 5532 1455 5602 psallent
1485 5532 1589 5586 mei
1617 5541 1672 5586 et
1708 5531 2008 5603 intelligent
2041 5547 2056 5587 :
2085 5532 2210 5602 quia

631 5646 744 5688 non
773 5629 934 5687 labiis
970 5636 1204 5693 tantum,
1238 5625 1333 5682 sed
1368 5633 1422 5681 et
1451 5624 1558 5680 ﬁne
1602 5633 1658 5680 et
1686 5626 1796 5679 vita
1824 5625 2073 5696 psallent,
2117 5627 2215 5680 ha-

629 5723 823 5780 bentes
845 5721 1097 5792 spiritum
1138 5719 1415 5791 sapientia:
1455 5727 1509 5775 et
1538 5718 1860 5784 intellectus,
1897 5719 1952 5772 in
1997 5719 2082 5772 via
2116 5719 2214 5771 im-

633 5811 904 5867 maculata
930 5811 1138 5867 scilicet
1157 5810 1318 5880 positi
1344 5827 1358 5864 :
1390 5818 1446 5864 et
1473 5811 1575 5866 hoc
1604 5820 1729 5866 tunc
1769 5808 1986 5880 quando
2026 5806 2103 5862 Tu
2127 5825 2211 5864 ve-

636 5907 746 5962 nies
803 5903 873 5960 ad
903 5920 1005 5974 me,
1057 5904 1110 5961 id
1147 5913 1248 5971 eat,
1282 5903 1499 5974 quando
1543 5903 1743 5960 mundo
1789 5919 1886 5975 per
1923 5919 2010 5960 me
2061 5904 2214 5962 inno-

2318 4749 2376 4849 in
2389 4749 2918 4850 _via"immaculata
2944 4826 2961 4854 ,
3030 4784 3113 4838 hic
3166 4749 3296 4837 mihi
3362 4769 3685 4834 ministrabat.

2315 4847 2406 4960 qui
2445 4847 2586 4956 'facit
2645 4847 2957 4954 superbiam.
3007 4893 3110 4933 non
3153 4873 3408 4930 habitabit
3441 4874 3511 4960 in
3560 4859 3706 4922 medio
3751 4847 3816 4960 ff;

2315 4929 2433 5033 1mm
2457 4929 2599 5032 lmete
2620 5015 2636 5042 ,
2681 4929 2737 5029 id
2785 4981 2886 5035 est,
2928 4985 3037 5025 non
3083 4965 3313 5038 placebit
3370 4959 3518 5019 cordi
3557 4964 3708 5010 meo.
3742 4929 3812 5041 fel

2313 5082 2422 5124 non
2468 5065 2737 5123 habitabit
2784 5063 2840 5118 in
2880 5060 3123 5118 Ecclesia
3168 5073 3309 5114 mea.
3369 5055 3472 5122 Qui
3523 5042 3810 5118 loquitsrtnl'

2314 5176 2440 5232 qua,
2484 5175 2591 5213 non
2625 5155 2815 5211 direxit
2841 5171 2896 5210 se
2938 5154 2996 5208 in
3019 5160 3293 5222 conspectu
3319 5147 3577 5202 oculorum

2315 5211 2793 5321 Etﬁquidvtandem
2834 5245 2902 5300 de
2947 5242 3089 5298 illis?
3117 5211 3173 5296 .-;.
3219 5240 3473 5294 matutino
3512 5211 3808 5321 ίιαιτβείξδέξῖξ

2316 5360 2492 5399 omnes
2543 5351 2837 5413 peccatores
2888 5348 3062 5393 term.
3111 5334 3228 5390 Nox
3269 5342 3354 5389 est
3398 5323 3613 5402 quandin
3653 5308 3807 5413 agimus

2315 5438 2481 5493 vitam
2507 5437 2664 5491 istam
2699 5430 3086 5495 transitoriam,
3116 5429 3172 5482 in
3203 5443 3306 5497 qua
3335 5403 3804 5497 ρετιιιίιωηωιξξιιινξί

2318 5544 2440 5586 cum
2481 5527 2662 5597 impiis
2697 5524 2920 5579 vivere:
2961 5519 3056 5577 sed
3103 5518 3352 5574 veniente
3383 5507 3635 5568 matutino,
3669 5490 3706 5544 id

2317 5621 2558 5680 omnium
2595 5615 3015 5679 resurrectione,
3058 5613 3112 5666 in
3152 5625 3258 5680 qua
3301 5596 3645 5662 terminabitur
3673 5580 3800 5687 οωίῖιξ

2319 5718 2674 5779 tenebrositas
2692 5714 2888 5778 noctis,
2913 5707 3303 5766 interﬁcientur
3324 5713 3504 5758 omnes
3520 5679 3795 5779 Ρθεέξδιθξξῗξ

2318 5821 2376 5868 et
2419 5826 2526 5881 qua
2555 5805 2926 5864 interiectione
2970 5800 3079 5857 sint
3126 5793 3508 5855 interﬁciendi.
3551 5763 3791 5881 subiugi?

2320 5901 2390 5958 Ut
2420 5854 2783 5971 ‘disperdemn
2823 5895 2887 5951 de
2917 5892 3120 5948 civitate
3152 5887 3365 5947 Domini
3393 5854 3553 5941 omna
3591 5854 3794 5935 0W0“
