4034 6428
229 438 341 495 657

224 649 455 751 ratio-a
490 661 910 729 congregatione
954 649 1192 725 ﬁdelium
1242 688 1257 727 :
1307 676 1449 744 quod
1505 686 1632 735 tunc
1679 649 1816 751 erit,

223 741 450 832 quando
494 760 620 817 agni
662 755 1063 822 separabuntur
1110 762 1178 817 ab
1220 741 1412 822 haedis.
1472 770 1568 825 Vel
1610 741 1813 832 aliter;

225 830 296 927 In
346 838 610 893 matutino
661 840 1035 913 inter/Sciebam
1076 868 1251 909 omnes
1296 870 1593 927 peccatores
1641 874 1814 923 terrae.

223 921 556 1022 Matutinum
582 939 667 986 est
706 932 1031 1008 principium
1073 941 1201 999 diei.
1247 921 1307 1001 In
1337 949 1605 1022 principio
1634 921 1815 1013 autem

220 1016 595 1077 interﬁciendi
618 1032 745 1079 sunt
764 1041 955 1086 omnes
985 1045 1304 1103 peccatores
1331 1016 1669 1115 terram-quia
1697 1063 1817 1103 sur-

219 1119 389 1180 gente
437 1111 624 1170 illicito
663 1127 812 1174 motu
857 1137 923 1176 ex
967 1130 1317 1198 suggestione
1353 1111 1577 1200 diaboli,
1610 1137 1816 1195 interﬁ-

219 1201 411 1258 ciendi
447 1215 574 1261 sunt
608 1221 904 1279 peccatores
938 1227 1114 1288 teme,
1152 1222 1205 1278 id
1229 1233 1332 1294 est,
1367 1227 1610 1286 diabolus
1633 1240 1686 1288 et
1713 1249 1813 1289 an-

218 1297 327 1368 geli
352 1297 472 1367 ejus
496 1306 804 1362 removendi
829 1319 956 1365 sunt
985 1328 1014 1366 a
1040 1315 1229 1373 nobis:
1265 1334 1331 1374 ne
1353 1336 1522 1393 usque
1544 1324 1609 1379 ad
1632 1335 1812 1383 actum

217 1386 529 1474 ipiqditatis
577 1408 677 1451 nos
720 1398 1058 1470 perducant,
1109 1421 1140 1460 a
1179 1422 1408 1477 quorum
1435 1386 1812 1485 suggestione

216 1481 399 1538 illiciti
428 1494 610 1543 motus
644 1502 1000 1549 surrexerunt
1048 1496 1103 1552 in
1150 1500 1325 1557 nobis.
1359 1503 1511 1571 Quod
1542 1481 1707 1575 dicit,
1742 1510 1811 1565 In

214 1577 484 1631 matutino
538 1580 945 1653 interﬁciebam,
982 1587 1036 1643 id
1089 1599 1191 1658 est,
1242 1595 1642 1655 interﬁciendos
1690 1615 1811 1657 esse

216 1668 484 1737 putabam
512 1687 690 1728 omnes
712 1686 1009 1745 peccatores
1037 1690 1211 1750 terrae,
1240 1693 1299 1739 ut
1328 1688 1405 1743 sic
1432 1689 1805 1762 disperderem,

213 1756 273 1812 id
302 1770 411 1827 est,
433 1762 540 1819 mei
561 1764 933 1837 disperderent
956 1774 1021 1827 de
1040 1775 1243 1832 civitate
1264 1778 1495 1849 Domini,
1516 1756 1579 1838 id
1610 1795 1714 1852 est,
1742 1787 1808 1842 de

218 1854 411 1909 anima
443 1872 539 1912 sua
576 1857 723 1927 justa
759 1878 935 1918 omnes
973 1878 1244 1936 operante:
1273 1872 1619 1943 iniquitatem.
1656 1877 1807 1934 Unde

216 1948 461 2016 serpenti
485 1948 678 2005 dicitur
696 1969 708 2005 :
734 1951 923 2009 Mulier
942 1966 1165 2014 conteret
1186 1972 1342 2032 caput
1357 1973 1504 2019 tuum
1527 1966 1679 2038 (Gen.
1696 1970 1803 2041 ιιι).

214 2033 395 2106 Caput
423 2041 690 2110 serpentis
723 2047 1043 2115 conteritur,
1078 2054 1293 2121 quando
1328 2055 1497 2111 illiciti
1533 2033 1805 2120 motusue

216 2127 286 2180 ad
334 2136 516 2184 actum
563 2134 899 2201 perveniant,
952 2138 1372 2205 interﬁciuntur.
1423 2145 1577 2204 Unde
1626 2151 1800 2208 illud:

215 2219 417 2362 ligatus
446 2223 536 2291 qui
562 2226 748 2282 tenebit
778 2237 826 2283 et
856 2228 1038 2287 allidet
1074 2235 1320 2305 parvulos
1350 2246 1466 2294 tuos
1494 2242 1564 2296 ad
1604 2253 1803 2313 petram

215 2310 235 2363 ί
289 2328 337 2363 s.
363 2314 605 2363 cxxxvrl.

289 2328 337 2365 s.
363 2314 605 2387 cxxxvt).

786 2409 1013 2470 PSALM
1024 2415 1109 2473 US
1148 2418 1233 2475 Cl.

213 2510 419 2553 ORATIO
458 2514 710 2559 PAUPEBIS
760 2520 865 2561 ουιι
911 2525 1179 2568 ΛΝΧΙΛΤΠΒ
1226 2531 1458 2585 FUERI’I‘,
1510 2536 1582 2577 ΕΤ
1628 2536 1803 2578 COBAM

526 2588 723 2631 DOMINO
760 2593 1057 2638 EFPUDERIT
1094 2600 1301 2642 PRECEI
1340 2604 1500 2646 SUAI.

206 2675 211 2678 ’
291 2679 311 2712 ι
357 2662 608 2732 Domine,
656 2672 851 2727 exaudi
895 2676 1194 2733 orationem
1246 2696 1446 2751 meam,
1501 2695 1556 2740 et
1600 2686 1805 2744 clamor

221 2771 240 2805 ι
288 2771 445 2812 meus
465 2761 532 2814 ad
556 2766 610 2814 te
630 2764 829 2821 veniat.
856 2765 973 2822 Non
996 2780 1211 2828 avertas
1230 2771 1421 2829 faciem
1449 2784 1592 2832 tuam
1624 2794 1652 2832 a
1677 2793 1800 2832 me:

217 2865 237 2898 ι
285 2848 340 2903 in
371 2864 697 2925 quacunque
733 2856 819 2913 die
854 2860 1103 2929 tribulor,
1150 2863 1346 2921 inclina
1378 2868 1445 2921 ad
1496 2883 1583 2923 me
1616 2884 1800 2925 aurem

217 2960 237 2994 ι
284 2952 458 2998 tuam.
489 2945 546 3001 In
587 2963 905 3022 quacunque
945 2954 1031 3010 die
1075 2955 1397 3016 invocavero
1438 2968 1512 3027 te,
1549 2963 1804 3018 velociter

218 3053 240 3086 ι
287 3039 483 3093 exaudi
516 3055 619 3095 me.
650 3041 785 3110 Quia
817 3044 1129 3103 defecerunt
1156 3050 1295 3107 sicut
1324 3052 1504 3110 fumus
1532 3056 1649 3113 dies
1670 3058 1799 3125 mei,

219 3149 238 3181 ι
280 3139 335 3186 et
353 3147 475 3187 058:)
495 3148 614 3190 mea
633 3136 771 3191 SiClll
786 3140 1045 3195 cremium
1063 3154 1341 3199 aruerunt.
1366 3145 1662 3205 PCI'CUSSIIS
1681 3165 1799 3205 sum

218 3242 237 3275 ι
284 3234 345 3279 ιιι
382 3224 590 3294 fenum,
620 3238 675 3284 et
717 3234 858 3287 aruit
902 3250 999 3290 cor
1044 3252 1246 3305 meum,
1284 3240 1411 3309 quia
1454 3242 1651 3300 oblitus
1682 3261 1800 3301 sum

219 3336 238 3368 ι
283 3320 574 3375 comedere
605 3336 799 3391 panem
828 3340 1027 3381 meum.
1056 3328 1104 3381 A
1136 3344 1269 3385 voce
1297 3333 1531 3402 gemitus
1556 3337 1662 3392 mei
1707 3338 1797 3393 ad-

217 3430 235 3462 ι
282 3411 443 3467 haesit
490 3428 551 3469 os
602 3430 779 3470 meum
816 3419 962 3472 carni
1016 3435 1168 3476 meae.
1220 3421 1423 3481 Similis
1455 3425 1629 3485 factus
1676 3445 1797 3487 sum

216 3522 236 3554 ι
286 3504 535 3573 pelicano
564 3507 891 3573 solitudinis,
925 3511 1100 3569 factus
1142 3530 1261 3571 sum
1309 3518 1450 3573 sicut
1485 3523 1795 3593 nycticorax

213 3615 231 3646 ι
284 3597 336 3649 in
372 3598 688 3655 domicilio:
724 3599 979 3671 Vigilavi,
1012 3614 1067 3660 et
1088 3605 1262 3663 factus
1291 3625 1409 3665 sum
1439 3611 1579 3667 sicut
1606 3629 1797 3683 passer

212 3704 234 3737 ι
282 3688 564 3747 solitarius
608 3692 663 3747 in
713 3694 1061 3755 tecto..Tota
1107 3699 1191 3754 die
1218 3703 1618 3771 exprobrabant
1665 3706 1797 3762 mihi

212 3797 232 3830 ι
282 3780 491 3837 inimici
534 3784 639 3839 mei
667 3803 681 3839 :
709 3794 765 3841 et
799 3787 893 3858 qui
920 3788 1209 3847 laudabant
1246 3808 1351 3862 me,
1389 3795 1675 3853 adversum
1709 3814 1798 3857 me

212 3893 232 3926 ι
271 3873 552 3943 jurabant.
593 3876 728 3946 Quia
758 3881 997 3940 cinerem
1038 3895 1292 3957 tanquam
1330 3906 1525 3960 panem
1566 3895 1795 3950 mandu-

188 3952 240 4051 ξι
289 3967 508 4038 cabam,
545 3980 599 4025 et
622 3974 873 4041 poculum
897 3992 1079 4034 meum
1108 3995 1229 4035 cum
1252 3979 1379 4037 ﬁetu
1403 3984 1717 4041 miscebam.
1748 3988 1795 4043 A

212 4075 231 4108 ι
282 4058 424 4114 facie
454 4060 547 4115 irae
575 4063 1033 4136 etindignationis
1054 4073 1321 4141 tum,quia
1339 4072 1557 4131 elevans
1583 4076 1795 4134 allisisti

212 4168 234 4199 ι
282 4163 390 4203 me.
415 4150 539 4207 Dies
554 4155 658 4209 mei
673 4155 814 4210 sicut
831 4162 1019 4213 umbra
1037 4160 1460 4232 declinaverunt,
1480 4175 1644 4239 etego
1658 4168 1797 4223 sicut

210 4263 232 4295 ι
280 4242 466 4299 fenum
498 4248 636 4303 arui.
669 4247 747 4303 Tu
780 4259 980 4319 autem,
1030 4254 1273 4321 Domine,
1300 4257 1355 4312 in
1382 4264 1642 4315 aeternum
1667 4276 1792 4332 per-

189 4314 235 4427 ξ(
282 4352 494 4407 manes,
551 4349 609 4395 et
655 4344 976 4400 memoriale
1019 4354 1169 4401 tuum
1200 4349 1253 4402 in
1301 4352 1702 4421 generationem
1742 4359 1797 4407 et

211 4450 232 4484 ι
279 4431 708 4501 generationem.
762 4434 843 4490 Tu
891 4450 1187 4508 exsurgens
1234 4438 1577 4497 misereberis
1630 4441 1791 4510 Sion,

192 4506 234 4605 ξι
282 4524 411 4594 quia
446 4533 655 4597 tempus
692 4527 982 4583 miserandi
1028 4506 1175 4598 ejus,
1214 4531 1341 4600 quia
1384 4533 1531 4588 venit
1563 4542 1790 4605 tempus.

192 4593 235 4694 ξι
279 4593 911 4686 ῥυοιιίδιιίριδοιιθιιιιιι
953 4622 1125 4676 servis
1160 4620 1272 4678 tuis
1310 4621 1517 4694 lapides
1564 4624 1705 4693 ejus,
1741 4636 1795 4682 et

193 4682 233 4758 ἰ
280 4715 439 4762 terra:
501 4682 619 4778 ejus
670 4710 1091 4768 miserebuntur.
1161 4713 1228 4767 Et
1287 4682 1555 4771 timebunt
1604 4726 1868 4796 gentesD

213 4818 232 4850 ι
276 4815 472 4856 nomen
504 4808 678 4868 tuum,
711 4802 955 4870 Domine,
986 4811 1041 4859 et
1069 4819 1257 4861 omnes
1286 4821 1445 4877 reges
1474 4814 1631 4863 terra:
1678 4808 1792 4879 glo-

197 4876 231 4942 ἰ
279 4890 417 4946 riam
445 4899 612 4947 tuam.
644 4893 781 4962 Quia
810 4894 1099 4950 aediﬁcavit
1131 4876 1393 4953 Dominus
1431 4897 1587 4965 Sion,
1617 4876 1793 4957 etvvi-

215 4998 234 5032 ι
279 4980 496 5035 debitur
521 4983 573 5037 in
598 4982 768 5054 gloria
788 4999 904 5039 sua.
931 4984 1189 5055 Respexit
1218 4987 1271 5041 in
1291 4988 1590 5044 orationem
1617 4988 1794 5045 humi-

213 5091 233 5125 ι
277 5072 431 5139 lium,
478 5083 533 5130 et
560 5090 668 5131 non
714 5078 918 5147 sprevit
961 5094 1175 5149 precem
1220 5096 1428 5137 eorum.
1473 5080 1795 5139 Scribantur

208 5184 231 5218 c
273 5165 391 5220 haec
422 5165 475 5221 in
506 5169 851 5240 generatione
886 5169 1078 5236 altera,
1107 5179 1161 5226 et
1187 5172 1414 5243 populus
1461 5174 1550 5244 qui
1586 5175 1793 5230 creabi-

210 5278 231 5313 ι
275 5267 383 5324 tur,
418 5259 658 5318 laudabit
687 5263 994 5320 Dominum.
1030 5264 1165 5332 Quia
1188 5268 1465 5340 prospexit
1492 5269 1557 5323 de
1579 5269 1790 5325 excelso

208 5371 233 5408 α
281 5362 473 5409 sancto
500 5370 618 5422 suo,
649 5356 907 5413 Dominus
934 5358 1001 5413 de
1049 5360 1187 5415 coelo
1228 5361 1281 5415 in
1310 5370 1508 5417 terram
1557 5364 1786 5433 aspexit.

209 5461 232 5496 ι
278 5441 352 5498 Ut
374 5444 583 5500 audiret
602 5447 834 5517 gemitus
859 5449 1305 5519 compeditorum,
1321 5461 1381 5506 ut
1401 5452 1631 5508 solveret
1653 5452 1789 5510 ﬁlios

209 5554 232 5590 ι
278 5535 744 5609 interemptorum.
797 5539 869 5596 Ut
914 5542 1238 5597 annuntient
1289 5543 1343 5597 in
1392 5542 1525 5599 Sion
1587 5561 1783 5601 nomen

212 5643 235 5680 ι
278 5626 516 5693 Domini,
547 5637 603 5685 et
647 5628 855 5687 laudem
902 5630 1018 5699 ejus
1057 5632 1111 5686 in
1142 5630 1460 5688 Jerusalem.
1502 5634 1558 5688 ln
1600 5650 1795 5691 conve-

216 5736 238 5772 ι
285 5718 486 5774 niendo
512 5720 740 5791 populos
771 5722 822 5776 in
851 5738 1013 5776 unum
1045 5731 1099 5777 et
1133 5739 1309 5795 reges,
1343 5732 1401 5779 ut
1430 5726 1665 5780 serviant
1691 5726 1794 5781 Do-

210 5826 235 5863 ι
277 5810 759 5883 mino.Respondit
775 5814 824 5869 ei
852 5814 905 5868 in
929 5815 1014 5870 via
1039 5814 1256 5871 virtutis
1283 5832 1394 5871 suae
1421 5831 1435 5870 :
1461 5815 1792 5873 Paucitatem

204 5892 239 5967 ἓ(
283 5904 493 5960 dierum
540 5921 785 5962 meorum
814 5906 1004 5962 nuntia
1051 5907 1203 5963 mihi.
1243 5908 1320 5963 Ne
1356 5924 1577 5964 revoces
1619 5925 1704 5965 me
1733 5912 1786 5967 in

203 5960 239 6072 ί(
281 5996 507 6055 dimidio
526 5997 737 6056 dierum
758 6013 1025 6070 meorum,
1052 5998 1107 6056 in
1133 6002 1534 6072 generationem
1554 6010 1610 6057 et
1635 6017 1797 6074 gene-

1386 466 1918 553 ENAIlRATlONES
1957 480 2024 538 IN
2061 488 2404 553 PSALMOS;

224 554 581 626 iniquitatem.
618 563 749 622 Nam
800 569 1105 635 interiectio
1134 589 1476 650 peccatorum
1530 547 1634 644 εἴη
1665 606 1823 663 sepa-

3394 530 3495 584 658

1849 601 1901 663 Α
1936 624 1955 660 t
2001 622 2264 672 rationem
2295 620 2421 677 anni
2454 621 2553 677 tui.
2584 622 2743 685 initio
2769 634 2849 695 tu,
2882 629 3127 702 Domine,
3155 644 3353 697 terram
3372 641 3494 699 fun-

1923 724 1943 758 ι
1987 707 2145 770 dasti,
2180 716 2236 763 et
2280 726 2442 781 opera
2491 731 2745 773 manuum
2788 729 2999 780 tuarum
3035 738 3161 782 sunt
3200 732 3341 787 coeli.
3387 734 3492 805 ipsi

1923 816 1942 850 σ
1985 801 2255 871 peribunt,
2315 812 2367 859 tu
2411 816 2591 864 autem
2641 827 2960 881 permanes,
3011 826 3065 873 et
3112 835 3299 878 omnes
3352 801 3493 883 sicut

1924 908 1942 943 ι
1985 894 2364 951 vestimentum
2396 909 2752 961 veterascent.
2780 906 2844 961 Et
2862 909 3003 966 sicut
3022 916 3352 983 opertorium
3375 933 3492 973 mu-

1923 1002 1943 1038 ι
1989 988 2128 1043 tabis
2161 1005 2272 1055 eos,
2304 1002 2358 1047 et
2384 997 2733 1053 mutabuntur
2760 1018 2774 1055 :
2805 1010 2863 1056 tu
2889 1015 3067 1060 autem
3098 1007 3237 1063 idem
3268 1010 3381 1080 ipse
3408 1024 3489 1079 es,

1921 1095 1941 1129 ι
1986 1087 2042 1133 et
2082 1081 2207 1135 anni
2244 1084 2317 1138 tui
2347 1100 2453 1140 non
2496 1088 2766 1146 deﬁcient.
2804 1094 2928 1149 Filii
2965 1112 3246 1155 servorum
3272 1110 3485 1159 tuorum

1920 1187 1941 1221 ι
1984 1169 2324 1242 babitabunt,
2376 1185 2430 1232 et
2477 1193 2661 1237 semen
2705 1198 2890 1240 eorum
2938 1187 2993 1242 in
3042 1190 3298 1247 saeculum
3352 1192 3491 1251 diri-

1919 1278 1939 1313 ι
1984 1271 2159 1335 getur.
2195 1286 2214 1321 ι

2474 1375 2928 1440 ΕΝΑΒΠΑΤΙΟ.

1987 1463 2171 1521 Oratio
2204 1470 2449 1539 pauperis
2492 1489 2610 1527 cum
2652 1477 2898 1531 anxiatus
2935 1477 3114 1548 fuerit,
3162 1490 3209 1535 et
3248 1481 3489 1552 effuderit

1908 1571 2101 1629 preces
2129 1566 2183 1612 et
2204 1561 2479 1620 orationes
2520 1581 2645 1621 suas
2674 1567 2917 1626 Domino.
2959 1570 3170 1642 Pauper
3198 1574 3300 1630 iste
3340 1575 3493 1644 cujus

1910 1653 2086 1706 oratio
2109 1653 2161 1707 in
2187 1654 2288 1709 hoc
2310 1656 2519 1726 psalmo
2546 1669 2785 1728 notatur,
2808 1673 2893 1718 est
2918 1664 3006 1718 ille
3034 1668 3097 1719 de
3120 1682 3226 1736 quo
3253 1667 3450 1722 dicitur
3472 1682 3489 1720 :

1910 1742 2012 1813 Qui
2044 1764 2161 1801 cum
2212 1748 2351 1803 dives
2400 1760 2564 1816 esset,
2603 1768 2699 1823 pro
2751 1755 2905 1811 nobis
2950 1758 3121 1825 factus
3167 1770 3240 1814 est
3290 1774 3492 1830 pauper
3542 1757 3548 1763 “

1912 1837 1998 1911 (II
2030 1838 2152 1895 Cor.
2181 1842 2320 1913 vni).
2358 1842 2515 1898 Dives
2559 1846 2610 1900 in
2656 1848 2962 1918 :cqnalitate
3006 1851 3182 1906 Patris
3216 1867 3487 1924 regnans;
3560 1842 3561 1845 ¹

1910 1934 2001 1987 sed
2030 1950 2233 2004 pauper
2256 1935 2428 1991 factus
2452 1946 2551 2005 est,
2579 1940 2794 2009 quando
2817 1940 3071 2009 Verbum,
3103 1945 3244 2014 quod
3271 1946 3322 1999 in
3344 1945 3491 2015 prin-

1839 2003 1884 2065 Β
1910 2027 2050 2097 cipio
2080 2037 2197 2084 erat
2227 2032 2367 2101 apud
2398 2031 2563 2086 Deum
2603 2033 2783 2105 (Joan.
2811 2035 2851 2106 1)
2887 2036 3116 2092 formam
3149 2038 3288 2093 servi
3334 2052 3491 2093 acce-

1906 2120 1987 2189 pit
2018 2119 2186 2192 (Pltil.
2212 2122 2295 2192 ιι),
2332 2124 2384 2178 in
2414 2140 2520 2195 qua
2551 2140 2650 2180 nos
2681 2141 2710 2180 a
2734 2128 2969 2196 peccatis
2995 2131 3241 2184 redemit.
3276 2130 3354 2190 Ex
3387 2132 3490 2189 hoc

1906 2226 2144 2282 paupere
2184 2225 2521 2272 suntomnes
2555 2217 2757 2274 divitim
2798 2229 3018 2283 nostra},
3052 2230 3160 2277 tam
3203 2223 3489 2286 interiores

1906 2318 2066 2372 quam
2111 2307 2428 2363 exteriores.
2476 2308 2558 2363 Ab
2585 2324 2651 2364 eo
2691 2310 2834 2365 enim
2864 2312 3126 2367 habemus
3153 2328 3365 2379 aurum,
3397 2328 3489 2367 ar-

1905 2404 2123 2465 gentum
2152 2408 2489 2469 caeterasque
2511 2402 2897 2471 possessiones.
2928 2403 3011 2459 Ab
3039 2421 3105 2459 eo
3130 2406 3291 2460 etiam
3323 2406 3491 2460 babev

1905 2503 2026 2543 mus
2058 2489 2346 2545 interiores
2375 2492 2612 2559 divitias,
2659 2496 2962 2551 castitatem
3004 2508 3340 2569 craterasque
3379 2500 3495 2553 vir-

1907 2587 2047 2635 tutes
2100 2582 2295 2651 quibus
2353 2584 2548 2639 divites
2613 2584 2753 2642 ﬁunt
2817 2587 3019 2644 ﬁdeles.
3077 2589 3232 2657 Quod
3290 2589 3491 2646 dicitur

1903 2687 2107 2743 pauper
2138 2674 2240 2730 iste
2268 2675 2522 2731 anxiatus
2547 2691 2687 2745 esse,
2719 2694 2826 2733 non
2854 2694 2923 2735 ex
2951 2695 3009 2735 se
3030 2680 3219 2735 habuit
3248 2683 3487 2753 anxiari,

1904 2765 1997 2820 sed
2026 2780 2093 2821 ex
2126 2767 2302 2833 nobis,
2336 2783 2436 2839 pro
2472 2771 2669 2839 quibus
2709 2786 2927 2827 carnem
2965 2775 3276 2843 assumpsit,
3308 2777 3488 2832 cruci-

1903 2857 2103 2929 ﬁgique
2126 2860 2294 2916 voluit
2321 2877 2336 2916 :
2363 2878 2461 2933 pro
2483 2864 2679 2934 quibus
2707 2866 2871 2921 etiam
2895 2868 2949 2922 in
2974 2867 3078 2924 hoc
3102 2869 3311 2940 psalmo
3342 2878 3485 2935 orat,

1903 2959 1963 3005 ut
1990 2951 2115 3008 illuc
2146 2952 2419 3009 ducantur
2454 2970 2553 3026 per
2592 2957 2847 3028 gratiam,
2880 2958 3022 3014 unde
3067 2961 3361 3017 cecidimus
3389 2976 3489 3033 per

1902 3044 2065 3114 primi
2109 3047 2354 3114 parentis
2397 3047 2842 3105 inobedientiam.
2894 3050 3049 3107 Hunc
3075 3053 3353 3107 anxiatum
3385 3068 3486 3123 pro

1902 3134 2075 3190 nobis-
2101 3138 2333 3207 quisque
2358 3139 2625 3204 atte:.dat,
2657 3149 2712 3195 et
2759 3141 3033 3208 anxietur,
3093 3144 3489 3200 considerando

1901 3231 1955 3281 tn
1983 3236 2184 3297 quanta
2214 3230 2383 3300 gloria
2414 3231 2466 3287 in
2499 3231 2670 3286 Adam
2698 3242 2916 3289 creatus
2942 3242 3108 3303 esset,
3137 3244 3193 3291 et
3220 3237 3285 3290 ad
3318 3252 3488 3307 quan-

1904 3327 2011 3373 tam
2044 3336 2140 3391 per
2166 3337 2292 3377 eum
2318 3324 2513 3379 cecidit
2541 3324 2819 3380 miseriam
2863 3345 2875 3379 :
2925 3334 2980 3381 et
3006 3328 3109 3383 hoc
3134 3329 3484 3397 attendendo,

1903 3427 2085 3467 coram
2144 3414 2393 3481 Domino,
2440 3430 2547 3471 non
2600 3430 2785 3471 coram
2836 3417 3180 3487 hominibus,
3238 3420 3489 3479 ostendat

1900 3520 2117 3575 precem
2148 3522 2324 3562 suam.

1970 3596 2216 3665 Domine,
2244 3600 2437 3656 exaudi
2468 3603 2759 3657 orationem
2782 3621 2975 3671 meam,
3017 3614 3067 3661 et
3107 3604 3308 3661 clamor
3339 3623 3485 3663 meus

1901 3688 1970 3742 ad
1996 3697 2044 3744 te
2073 3690 2262 3745 veniat.
2296 3691 2353 3746 ln
2380 3692 2483 3749 bac
2511 3694 2774 3751 oratione
2794 3696 2990 3766 capitis
3012 3698 3204 3764 nostri,
3234 3685 3483 3769 quaedam

1901 3781 2271 3838 attribuuntur
2300 3800 2411 3839 sum
2438 3802 2703 3856 personae.
2733 3788 2983 3859 qutedam
3012 3798 3213 3844 nostrae
3248 3789 3480 3845 inﬁmi-

1898 3874 1997 3928 tati
2027 3876 2373 3931 conveniunt.
2405 3877 2473 3933 Et
2504 3878 2636 3934 dicit
2666 3879 2744 3934 sic
2790 3897 2803 3933 :
2833 3880 3059 3935 Domine
3083 3890 3254 3953 pater,
3288 3883 3483 3938 exaudi

1896 3967 2198 4025 ovationem
2226 3983 2426 4037 meam,
2450 3970 2502 4026 id
2528 3980 2629 4036 cst,
2659 3988 2925 4041 meorum,
2950 3974 3148 4031 factam
3168 3991 3269 4046 pro
3297 3992 3485 4047 perse-

1897 4062 2137 4115 verantia
2161 4060 2422 4117 virtutum
2449 4080 2462 4116 :
2488 4072 2543 4118 et
2561 4063 2766 4119 clamor
2793 4080 2965 4132 meus,
2994 4068 3047 4121 id
3071 4075 3176 4132 est,
3204 4067 3483 4124 irremissa

1897 4153 2142 4223 operatio
2172 4169 2439 4221 meorum,
2472 4158 2539 4211 ad
2574 4164 2625 4212 te
2667 4158 2867 4213 veniat.
2897 4158 3113 4214 CL'tmor
3138 4160 3401 4232 accipitur
3428 4169 3484 4216 et

1898 4244 1952 4299 in
1991 4245 2133 4302 bono
2160 4256 2212 4302 et
2243 4248 2294 4303 in
2322 4249 2465 4304 malo
2498 4268 2511 4305 :
2544 4249 2599 4305 in
2620 4250 2782 4317 bono,
2820 4261 2879 4307 ut
2909 4251 3113 4308 dictum
3150 4263 3233 4309 est
3272 4252 3439 4323 Moysi
3466 4271 3480 4309 :

1900 4333 2041 4400 Quid
2068 4336 2306 4393 clamas?
2334 4339 2534 4410 (Exod.
2559 4341 2698 4412 xlv.)
2723 4341 2779 4396 ln
2808 4343 2972 4408 malo,
2996 4352 3055 4396 ut
3081 4342 3207 4397 illud
3231 4361 3244 4396 :
3270 4341 3484 4397 Clamor

1898 4428 2252 4485 Sodomorum
2296 4433 2433 4486 venit
2486 4433 2556 4487 ad
2594 4450 2675 4488 me
2724 4432 2875 4506 (Gen.
2922 4435 3102 4506 xvnl).
3138 4434 3204 4489 Et
3233 4434 3478 4489 Paulus:

1895 4520 2188 4577 Auferatur
2239 4522 2438 4578 clamor
2463 4523 2531 4579 de
2578 4526 2756 4580 medio
2786 4526 2951 4581 vestri
2994 4523 3155 4598 (Eph.
3182 4524 3278 4597 tv).
3312 4524 3481 4592 Quasi

1897 4614 2084 4669 dicat:
2124 4613 2293 4669 Video
2322 4630 2443 4671 esse
2479 4631 2588 4671 non
2625 4632 2807 4688 posse,
2845 4626 2906 4672 ut
2940 4617 3161 4673 omnino
3201 4616 3480 4672 auferatur

1896 4705 2153 4777 iniquitas
2178 4723 2209 4761 a
2236 4708 2418 4776 vobis;
2450 4709 2542 4765 sed
2574 4720 2757 4765 cavete
2803 4712 2975 4777 vobis,
3004 4727 3071 4766 ne
3100 4711 3303 4767 clamor
3330 4712 3399 4768 sit
3426 4711 3479 4765 in

1893 4796 2066 4864 vobis,
2095 4799 2149 4854 id
2178 4807 2282 4865 est,
2307 4813 2374 4854 ne
2400 4801 2704 4872 exemplum
2733 4803 2850 4859 sitis
2875 4803 2995 4858 aliis
3015 4805 3296 4875 peccandi.
3326 4803 3481 4860 Unde

1896 4889 2033 4945 alius
2073 4908 2087 4945 :
2138 4890 2252 4945 Etsi
2305 4907 2413 4948 non
2460 4904 2628 4959 caste,
2685 4903 2864 4951 tamen
2915 4905 3089 4953 caute.
3145 4896 3229 4952 Ne
3276 4908 3480 4952 avertas

1899 4980 2087 5051 faciem
2116 4991 2261 5037 tuam
2289 5000 2321 5037 a
2347 5001 2428 5039 me
2454 4985 2756 5052 bumiliato,
2779 4988 2905 5057 quia
2935 4989 3177 5044 avertisti
3210 4989 3275 5043 ab
3304 4990 3478 5045 Adam

1899 5072 2061 5128 elato.
2100 5072 2167 5127 In
2193 5090 2501 5146 quacunque
2524 5076 2609 5130 die
2648 5077 2871 5132 tribulor
2896 5079 2950 5133 in
2986 5080 3143 5145 meis,
3172 5079 3367 5134 inclina
3407 5080 3477 5133 ad

1902 5180 1982 5217 me
2004 5180 2183 5220 aurem
2211 5174 2377 5221 tuam.
2407 5165 2546 5222 Ecce
2578 5165 2690 5235 jam
2722 5177 2806 5223 est
2835 5179 2997 5239 caput
3029 5178 3275 5225 nostrum
3319 5184 3478 5239 supc-

1898 5254 2030 5319 rius,
2054 5263 2110 5311 et
2132 5256 2264 5311 dicit
2309 5272 2367 5313 se
2405 5258 2669 5314 tribulari.
2723 5259 2825 5317 Ubi
2855 5277 2984 5333 ergo
3024 5263 3335 5327 tribulator,
3374 5263 3479 5318 nisi

1896 5345 1951 5400 in
1982 5348 2243 5417 corpore?
2291 5349 2442 5415 Quod
2486 5351 2540 5405 in
2576 5366 2805 5423 corpore
2837 5352 3144 5419 tribuletur,
3195 5351 3479 5407 manifeste

1895 5435 2123 5506 ipsemet
2175 5439 2432 5503 ostendit,
2472 5440 2656 5495 dicens
2708 5459 2721 5494 :
2771 5441 2953 5507 Saule,
3013 5440 3193 5505 Saule,
3220 5440 3344 5507 quid
3399 5457 3478 5493 me

1892 5531 2255 5600 persequeris?
2282 5530 2420 5601 (Act.
2453 5533 2553 5603 ix.)
2586 5532 2651 5585 Et
2678 5531 2838 5587 Petro
2862 5533 3025 5586 dicit:
3058 5530 3222 5586 Venio
3250 5532 3476 5585 Romam

1896 5621 2091 5677 iterum
2118 5621 2378 5691 cruciﬁgi.
2413 5621 2568 5688 Quod
2598 5622 2727 5676 dicit
2750 5621 2816 5675 In
2848 5638 3153 5693 quacunque
3198 5621 3283 5675 die
3314 5622 3478 5675 tribu—

1896 5713 1997 5779 lor,
2030 5713 2227 5768 inclina
2257 5714 2326 5767 ad
2355 5730 2434 5767 me
2464 5730 2643 5766 aurem
2685 5725 2850 5779 tuam,
2898 5714 2950 5769 id
2980 5721 3082 5781 est,
3122 5714 3230 5768 vim
3262 5703 3479 5769 exaudi.-

1901 5814 2062 5867 ti0nis
2098 5810 2238 5883 apud
2270 5820 2320 5866 te
2347 5810 2590 5865 obtineat
2611 5810 2783 5864 oratio
2805 5824 2944 5864 mea.
2976 5809 3110 5865 Cum
3134 5825 3232 5881 ego
3256 5808 3477 5864 humilio

1901 5925 2005 5973 me,
2034 5910 2188 5979 quasi
2217 5925 2302 5963 me
2332 5906 2529 5963 extollo
2558 5922 2571 5961 :
2607 5915 2663 5961 tu
2690 5906 2847 5978 longe
2876 5922 2983 5964 non
3016 5908 3091 5964 sis
3115 5922 3146 5962 a
3175 5922 3280 5973 me,
3314 5906 3357 5961 si
3392 5920 3478 5959 me

1901 6003 2148 6071 humilio,
2180 6012 2234 6058 tu
2260 6002 2456 6057 inclina
2480 6003 2548 6058 ad
2571 6019 2652 6058 me
2679 6018 2863 6060 aurem
2881 6010 3050 6061 tuam.
3080 6000 3147 6058 In
3173 6013 3479 6071 quacunque
