4034 6426
625 480 723 537 (δὺς)

1253 476 1511 534 nemon
1547 474 2202 534 AN'rtsstonotuchts
2237 472 2391 533 opp.
2431 466 2632 537 PARS.
2674 479 2717 536 ι.
2758 509 2827 521 -
2865 478 3267 536 EXEGETiCA.
3783 490 3861 545 suo

623 602 707 654 die
734 600 1035 652 invocavero
1078 604 1125 650 te
1162 594 1214 649 in
1242 595 1397 660 meis,
1442 593 1701 660 velociter,
1738 593 1790 648 id
1824 604 1927 659 est,
1959 590 2281 657 indilatc,'A
2311 609 2429 647 race
2471 596 2690 665 gemitus
2722 597 2842 661 mei,
2877 608 3006 650 voce
3044 594 3287 650 videlich
3330 597 3637 668 serpentis,
3690 602 3750 657 de
3786 621 3868 676 qua

626 689 814 744 exaudi
841 704 937 742 me.
957 685 1226 742 Velocitcr
1250 684 1391 751 ideo,
1416 684 1541 754 quia
1562 699 1682 754 quae
1705 692 1759 738 tu
1787 683 1889 748 vis,
1916 683 2196 738 desidero:

630 781 750 851 quia
782 794 884 835 non
909 780 1019 850 jam
1052 785 1297 834 terrenus
1321 786 1533 831 terrena
1563 775 1828 839 desidero,
1858 775 1951 831 sed
1970 789 2001 828 ιι
2027 775 2200 845 prima

621 874 940 947 captivitate
967 871 1245 937 liberatus,
1280 869 1520 926 scelestis
1558 869 1805 925 desidero
1839 885 1853 923 :
1886 869 1950 923 de
1978 882 2084 938 quo
2110 868 2200 925 do-

628 969 829 1025 siderio
878 978 931 1023 tu
980 966 1094 1036 ipse
1140 964 1359 1020 dicebas
1400 983 1413 1018 :
1456 962 1611 1034 Apud
1658 972 1707 1018 te
1750 962 2043 1033 loquentem
2088 977 2202 1017 cccc

616 1042 830 1116 adsum.
855 1059 933 1115 Tu
959 1073 1087 1129 ergo
1113 1072 1316 1128 pauper
1337 1056 1428 1127 qui
1451 1055 1601 1126 jaces
1629 1063 1752 1111 ante
1770 1054 1990 1125 ianuam
2018 1052 2201 1107 divitis

637 1150 749 1216 Dei,
791 1150 876 1205 dic
912 1168 924 1204 :
959 1148 1074 1216 Qua
1114 1156 1353 1219 egestate
1391 1147 1699 1212 mendicas,
1754 1162 1862 1217 qua
1908 1143 2200 1213 indigentia

626 1243 839 1312 tulsas?
885 1243 982 1297 Dic
1018 1252 1077 1297 ut
1110 1242 1385 1312 aperiatur
1436 1241 1531 1295 tibi
1571 1240 1791 1295 ostium.
1826 1238 1963 1305 Quia
2003 1237 2204 1306 defece-

630 1343 742 1386 runt
768 1334 900 1387 sicut
928 1334 1104 1403 fumus
1139 1332 1250 1386 dies
1272 1332 1395 1387 mei.
1422 1330 1587 1398 Quasi
1621 1331 1765 1385 dicat
1795 1348 1807 1384 :
1841 1328 1987 1398 Opus
2022 1337 2104 1382 cst
2144 1336 2201 1381 ut

630 1425 878 1481 velociter
904 1414 1272 1482 cxandias'me
1294 1423 1349 1481 in
1383 1425 1537 1490 meis,
1566 1424 1689 1493 quia
1727 1423 1836 1478 dies
1877 1422 1998 1487 mei,
2031 1422 2082 1476 id
2119 1429 2204 1475 est

620 1532 890 1582 meorum,
930 1515 1248 1586 defecerunt,
1294 1515 1346 1571 id
1377 1523 1477 1581 est,
1509 1515 1575 1570 ad
1620 1513 1883 1570 defectum
1916 1520 2199 1579 venerunt,

614 1606 765 1678 .sicut
788 1606 967 1677 fumus
999 1607 1054 1661 in
1079 1602 1246 1661 altum
1288 1606 1607 1672 ascendens,
1639 1616 1692 1660 et
1718 1606 1825 1661 cito
1848 1618 2197 1660 evanescens.

610 1695 714 1773 {'Sic
740 1698 955 1768 superbi
979 1697 1222 1753 homines
1248 1697 1562 1764 ascendunt,
1593 1696 1647 1751 id
1671 1705 1756 1752 est
1776 1702 2079 1750 tumescunt
2106 1712 2118 1747 :
2151 1703 2201 1748 et

618 1792 743 1849 ideo
768 1808 886 1845 ossa
916 1808 1029 1846 mea
1070 1801 1129 1845 ut
1164 1789 1413 1845 cremium
1446 1800 1720 1845 aruerunt.
1767 1787 1903 1845 Ossa
1948 1788 2201 1842 dicuntur

625 1882 873 1938 tortiores
904 1883 956 1937 in
982 1882 1248 1947 Ecclesia,
1273 1882 1399 1953 quia
1427 1882 1565 1937 sicut
1586 1896 1713 1936 caro
1738 1896 1858 1952 qua:
1890 1878 2064 1935 mollis
2100 1883 2199 1943 est,

2286 696 2524 754 semper
2567 695 2649 740 est
2679 686 2999 756 gemendum
3045 685 3202 751 meis,
3248 684 3386 741 hanc
3426 680 3669 757 scilicet,
3709 690 3868 753 Conte-

2287 777 2433 843 idite,
2466 787 2513 832 et
2564 779 2708 833 eritis
2756 778 2892 833 sicut
2922 778 2997 832 dii
3040 777 3193 851 (Cen.
3244 779 3324 853 ιιι)
3357 788 3371 836 ε
3404 780 3501 836 ex'
3536 782 3641 841 hac
3684 788 3868 845 adnectit

2306 887 2364 924 os
2411 884 2603 937 meum,
2650 871 2703 925 id
2759 880 2863 936 est,
2915 868 3141 927 interior
3189 870 3350 928 homo
3387 872 3578 944 mens,
3629 887 3867 939 consensit

2305 964 2453 1019 carni
2487 980 2632 1019 metu.
2664 963 2829 1019 Adam
2863 965 3004 1019 enim
3056 984 3207 1023 tuens
3258 960 3552 1026 congensit
3582 971 3728 1039 Evze,
3770 980 3866 1047 quia

2305 1056 2471 1111 robur
2515 1056 2895 1112 rationalitatis
2938 1070 3069 1112 meae
3119 1059 3477 1117 sensualitate
3517 1079 3640 1120 mea
3686 1066 3864 1137 depres—

2286 1158 2423 1203 ‘sum
2455 1157 2555 1203 est.
2613 1146 2679 1203 Et
2722 1164 2817 1219 pro
2860 1150 2961 1205 ha‘c
3003 1156 3135 1205 voce
3182 1152 3441 1221 gemitus,
3505 1142 3696 1209 similis
3729 1158 3864 1226 [actu

2303 1253 2418 1291 sum
2460 1238 2514 1293 in
2545 1239 2682 1294 meis
2724 1238 2960 1310 pelicano
2990 1236 3312 1311 solitudinis,
3371 1236 3559 1303 factus
3609 1265 3721 1303 sum
3761 1253 3862 1306 sicut

2303 1330 2608 1397 nycticorax
2665 1331 2720 1383 in
2789 1329 3074 1387 domicilio.
3132 1332 3417 1389 Pclicantts
3477 1345 3567 1391 cst
3624 1338 3735 1392 avis
3773 1358 3863 1411 qua:

2304 1419 2548 1475 ttaSCltttr
2598 1419 2651 1475 in
2714 1421 2847 1490 ripis
2912 1421 3042 1488 Nili,
3099 1434 3288 1478 amans
3348 1416 3745 1482 Solitudinem:
3797 1434 3860 1486 ubi

2303 1509 2674 1582 intelliguntur
2732 1512 2903 1567 sancti
2969 1508 3353 1583 praedicatores
3400 1518 3657 1571 volentes
3704 1520 3762 1574 de
3804 1531 3862 1575 ta-

2309 1602 2460 1658 lento
2498 1603 2602 1659 sibi
2650 1606 2941 1661 commisso
2970 1605 3179 1662 luctum
3232 1606 3469 1665 Domino
3494 1627 3752 1681 quaerere,
3798 1624 3857 1667 at-

2310 1696 2595 1751 tendentes
2658 1699 2980 1764 sententiam
3028 1698 3239 1755 Domini
3283 1696 3564 1758 dicentis:
3613 1692 3755 1760 Serve
3797 1725 3859 1761 nc—

2300 1804 2657 1860 quam,quarc
2678 1792 2950 1861 pecuniam
2975 1808 3142 1847 meam
3165 1811 3262 1847 non
3288 1792 3486 1850 dedisti
3511 1798 3854 1861 nummulariu,

2300 1888 2359 1936 ut
2397 1897 2490 1952 ego
2524 1882 2731 1937 veniens
2755 1888 2871 1937 cum
2905 1894 3066 1938 usura
3093 1885 3392 1956 reciperem
3444 1886 3602 1941 illam
3626 1889 3651 1941 ?
3679 1878 3852 1960 (itaut.

625 1983 955 2032 sustentatur
978 1975 1190 2031 ossibus
1227 1974 1425 2047 quibus
1450 1973 1736 2029 adhazret:
1768 1970 1841 2027 ita
1873 1968 2199 2027 inﬁrmiores
2224 1959 2274 2020 Β
2303 1986 2437 2039 xxv;
2470 1971 2599 2027 Luc.
2653 1974 2795 2046 xix.)
2835 1974 2899 2030 Et
2955 1973 3057 2032 hoc
3100 1977 3470 2045 attendentes,
3514 1988 3779 2034 conservat
3815 1996 3856 2036 se

618 2066 673 2124 in
702 2066 941 2127 Ecclesia
966 2068 1242 2127 adhaerent
1268 2069 1702 2141 perfectioribus,
1726 2078 1779 2124 et
1795 2069 1862 2125 ab
1883 2069 1963 2124 eis
1988 2077 2205 2123 susten-

622 2173 838 2230 tantur;
866 2165 1195 2235 etquoniam
1223 2163 1576 2219 multitudinis
1597 2163 1918 2217 credentium
1936 2179 2026 2216 cor
2047 2160 2203 2216 debet

622 2274 741 2316 esse
757 2278 917 2315 unum
934 2271 980 2314 et
1004 2261 1178 2314 anima
1197 2277 1301 2314 una
1325 2259 1463 2332 (Act.
1484 2261 1583 2329 tv),
1598 2274 1738 2329 szepe
1753 2258 2080 2328 contingitut
2101 2256 2203 2312 for-

622 2351 783 2408 tiores
807 2351 858 2405 in
884 2350 1144 2417 Ecclesia,
1165 2349 1498 2405 condolendo
1514 2347 1845 2427 imperfectis
1867 2365 2001 2420 quos
2023 2350 2205 2404 vident

623 2456 902 2496 Incurrere
956 2440 1289 2506 scandalum,
1332 2440 1486 2513 quasi
1533 2440 1670 2496 aridi
1714 2448 2033 2511 appareant,
2062 2439 2203 2494 sicut

621 2532 866 2586 cremium
887 2530 1031 2603 quod
1054 2532 1258 2587 siccum
1275 2539 1517 2587 remanet
1545 2531 1595 2586 in
1626 2531 1913 2599 sartagine,
1944 2543 2202 2599 expresso

621 2618 895 2693 sagimine.
917 2622 1049 2678 Nam
1072 2639 1296 2693 magnus
1313 2631 1395 2677 est
1415 2622 1567 2677 dolor
1585 2621 1837 2693 perfectis
1860 2623 1911 2676 in
1938 2620 2201 2688 Ecclesia,

618 2708 833 2783 quando
845 2714 1027 2769 vident
1041 2714 1215 2770 minus
1228 2706 1465 2770 eruditos
1477 2714 1784 2771 scandalum
1804 2712 2203 2771 incurrere.Vcl

620 2809 779 2865 aliter
796 2810 935 2882 quod
959 2810 1113 2877 dicit,
1137 2822 1182 2865 et
1208 2830 1327 2866 ossa
1349 2828 1464 2865 mea
1486 2811 1620 2865 sicut
1638 2811 1884 2865 crcmium
1911 2818 2200 2863 aruerunt:

620 2896 804 2958 ethoc
849 2903 1028 2958 unde:
1066 2900 1353 2959 Percussus
1379 2919 1495 2957 sum
1544 2901 1595 2956 in
1637 2901 1812 2973 primo
1855 2908 2096 2969 parente,
2153 2909 2202 2955 et

627 2992 766 3047 aruit
798 3012 887 3049 cor
910 3012 1105 3061 meum,
1137 2995 1190 3051 id
1219 3003 1324 3063 est,
1354 2994 1516 3051 robur
1546 2993 1770 3049 rationis
1800 3008 2040 3048 meorum
2063 2991 2202 3047 sicut

616 3084 793 3158 [cuum
833 3088 977 3158 quod
1016 3082 1177 3141 hodie
1220 3098 1322 3152 est,
1363 3097 1416 3141 et
1454 3101 1575 3141 cras
1605 3085 1657 3139 in
1705 3084 1976 3139 clibantlm
2027 3083 2199 3137 mitti—

617 3182 704 3232 tur
750 3174 965 3249 (Matth.
1004 3174 1079 3251 vr)
1111 3197 1124 3234 :
1156 3187 1204 3234 et
1238 3194 1405 3250 quare
1442 3178 1493 3233 in
1522 3177 1696 3248 primo
1724 3186 1948 3249 parente
1975 3190 2200 3248 percus-

617 3282 709 3323 sus
737 3267 894 3323 Sum?
932 3262 1068 3336 Quia
1097 3267 1287 3323 oblitus
1312 3284 1427 3323 sum
1470 3266 1735 3322 comedere
1772 3283 1957 3338 panem
2004 3282 2195 3333 meum,

2305 2065 2358 2119 in
2419 2063 2721 2132 solitudine,
2772 2065 2824 2120 id
2877 2072 2980 2131 est,
3039 2068 3091 2122 in
3149 2060 3325 2123 lucum
3389 2070 3664 2141 gentium,
3718 2079 3764 2125 ut
3802 2073 3853 2125 ibi

2302 2156 2514 2212 lucrum
2546 2154 2777 2215 Domino
2809 2168 3093 2229 quaerant:
3132 2156 3275 2217 inter
3316 2178 3461 2232 quos
3503 2154 3659 2234 quasi
3697 2162 3743 2216 in
3765 2162 3856 2216 soli-

2306 2248 2489 2303 tudine
2541 2258 2842 2317 morantur,
2894 2250 3022 2322 quia
3071 2254 3341 2310 neminem
3382 2256 3503 2310 suae
3554 2262 3707 2311 secta:
3742 2246 3852 2308 iuve-

2305 2341 2462 2396 niunt
2493 2342 2584 2397 ibi.
2632 2342 2694 2396 Et
2726 2341 2897 2413 factus
2928 2360 3044 2398 sum
3072 2346 3204 2400 sicut
3235 2344 3549 2417 nycticoralt:
3588 2346 3640 2399 in
3682 2341 3854 2399 domici-

2305 2431 2396 2488 lio.
2441 2431 2762 2505 Nycticorax
2814 2442 2897 2490 est
2948 2435 3061 2491 avis
3112 2435 3218 2491 alio
3267 2438 3492 2492 nomine
3538 2438 3676 2493 dicta
3722 2437 3846 2501 bubo,

2304 2538 2425 2595 qum
2463 2532 2681 2582 exercet
2710 2536 2923 2582 cantum
2955 2538 3109 2584 suum
3154 2526 3205 2584 in
3251 2540 3449 2597 nocte,
3502 2540 3559 2587 et
3594 2529 3727 2584 amat
3762 2543 3850 2583 esse

2305 2615 2356 2668 in
2396 2608 2680 2681 domicilio,
2733 2612 2785 2672 id
2817 2616 2917 2685 est,
2970 2620 3023 2675 in
3072 2621 3321 2677 domibus
3360 2604 3620 2679 desertis.
3657 2619 3844 2677 Homici-

2305 2704 2431 2760 lium
2463 2717 2545 2765 est
2578 2707 2721 2765 enim
2751 2710 2941 2768 domus
2988 2713 3201 2770 deserta
3249 2724 3305 2771 et
3353 2715 3656 2782 destructa,
3682 2715 3758 2770 ubi
3780 2712 3847 2767 ab-

2303 2798 2411 2855 lato
2456 2807 2596 2857 tecto
2640 2812 2922 2860 remanent
2956 2814 3161 2884 tantum
3197 2807 3462 2879 parietes.
3493 2807 3563 2864 Et
3587 2806 3671 2863 hic
3695 2814 3844 2863 notam

2304 2898 2393 2945 tur
2424 2892 2802 2963 praedicatores
2841 2890 2999 2953 iidem
3041 2899 3133 2970 qui
3177 2901 3345 2956 notati
3381 2908 3517 2957 sunt
3562 2915 3655 2975 per
3692 2897 3843 2970 pelica-

2304 3002 2453 3053 num,
2485 2988 2567 3043 vel
2599 2986 2686 3043 alii
2713 2989 2909 3045 iterum
2942 2984 3168 3050 Domino
3203 2992 3491 3051 lucrantes
3518 2995 3573 3050 in
3601 2989 3836 3057 domicilio,

2302 3078 2356 3133 id
2392 3086 2497 3148 est,
2531 3079 2583 3135 in
2616 3074 2722 3139 illis
2764 3080 2855 3154 qui
2891 3078 3198 3157 receptione
3225 3085 3347 3143 ﬁdei
3372 3085 3494 3158 jam
3526 3086 3670 3158 quasi
3694 3084 3840 3140 domus

2302 3178 2613 3229 constructa
2651 3173 2890 3243 fuerunt,
2921 3174 3015 3234 sed
3044 3179 3170 3249 quia
3200 3195 3295 3250 per
3318 3177 3651 3235 inﬁdelitatis
3674 3175 3837 3243 culpam

2301 3272 2489 3336 postea
2528 3279 2558 3319 a
2603 3262 2708 3323 ﬁde
2751 3268 3136 3333 discesserunt,
3193 3262 3347 3341 quasi
3391 3269 3712 3328 domicilium
3743 3262 3837 3319 lacti

617 3352 671 3413 id
703 3370 808 3425 est,
844 3356 1039 3415 divinis
1066 3358 1353 3432 praeceptis
1401 3359 1595 3431 quibus
1638 3358 1800 3414 homo
1840 3354 1985 3414 reﬁci
2018 3352 2195 3426 debet,
2226 3341 2273 3408 ο
2304 3368 2449 3425 sunt,
2490 3362 2629 3416 tecto
2663 3371 2910 3418 carentes
2942 3356 3084 3418 ﬁdei.
3116 3358 3289 3419 liabet
3331 3352 3443 3420 alia
3494 3360 3765 3422 translatio,
3798 3356 3834 3410 in

619 3467 705 3506 me
758 3448 981 3509 reﬁcere
1030 3450 1202 3507 renui.
1237 3444 1391 3520 Quod
1447 3451 1624 3507 divina
1681 3460 1943 3522 pra-cepta
1996 3440 2201 3506 homini

625 3546 823 3601 debent
880 3561 999 3603 esse
1045 3545 1290 3611 refectio,
1345 3545 1461 3617 ipse
1510 3526 1787 3600 Dominus
1816 3536 1867 3599 iu
1915 3540 2202 3615 Evangelio

618 3630 789 3692 dicit:
841 3630 963 3692 Non
999 3639 1054 3691 in
1104 3634 1216 3691 solo
1256 3653 1392 3708 pane
1438 3632 1558 3692 vivit
1596 3634 1774 3703 homo,
1824 3637 1914 3693 sed
1962 3637 2016 3691 in
2061 3637 2203 3692 omni

622 3728 771 3785 verba
810 3729 949 3802 quod
976 3724 1209 3801 procedit
1260 3726 1323 3783 de
1375 3746 1462 3785 ore
1492 3726 1589 3784 Dei
1638 3726 1850 3801 (Matth.
1894 3729 1991 3801 ιν).
2049 3727 2203 3785 Ηιιιιε

631 3839 825 3894 panem
851 3822 1049 3879 oblitus
1082 3831 1165 3879 est
1189 3822 1398 3895 primus
1425 3820 1588 3881 homo
1614 3823 1921 3892 comedere,
1948 3823 2061 3895 qui,
2089 3823 2202 3880 dia-

626 3915 749 3973 bolo
776 3926 1121 3989 suggerente,
1159 3916 1387 3974 muliere
1430 3918 1816 3989 praevaricante
1841 3927 1895 3974 et
1918 3919 2201 3985 suadente,

630 4002 804 4083 tetigit
857 4006 1082 4066 vetitum
1120 4006 1335 4078 cibum,
1384 4018 1438 4065 et
1496 4011 1696 4068 oblitus
1743 4020 1824 4068 est
1874 3992 2202 4083 praeceptum

630 4094 781 4169 (Gen.
822 4097 938 4172 ιιι);
967 4100 1058 4155 sed
1087 4086 1329 4170 sequitur
1355 4106 1475 4172 post
1514 4099 1838 4171 oblivionem
1877 4114 2203 4156 commemo-

624 4190 786 4248 ratio.
819 4188 1205 4249 Manducemus
1239 4210 1433 4264 panem
1481 4193 1653 4261 illum,
1713 4193 1803 4265 qui
1867 4193 1933 4248 de
1970 4208 2028 4250 se
2087 4192 2205 4263 ipso

622 4282 797 4342 dixit:
829 4282 943 4359 Ego
985 4305 1099 4344 sum
1132 4284 1283 4358 panis
1330 4288 1494 4354 rimis,
1542 4289 1631 4359 qui
1682 4287 1745 4343 de
1798 4286 1922 4342 rtelo
1963 4285 2203 4342 descendi

622 4378 803 4449 (.loan.
843 4380 943 4452 vr).
973 4376 1359 4439 Manducemus
1382 4396 1577 4451 panem
1626 4380 1792 4443 illum,
1824 4387 1884 4434 ut
1920 4378 2199 4433 vivamus:

623 4486 728 4525 non
761 4472 1153 4528 manducemus
1178 4473 1318 4529 sicut
1346 4473 1806 4530 manducaverunt
1832 4482 2014 4544 patres
2034 4472 2200 4527 nostri

626 4577 840 4626 lumina,
894 4570 948 4616 et
997 4562 1193 4617 mortui
1241 4571 1367 4618 sunt
1394 4560 1601 4633 (Ibid).
1632 4561 1673 4614 Α
1700 4578 1820 4616 voce
1848 4562 2070 4633 gemitus
2105 4554 2206 4615 mei

622 4650 842 4706 adhwsit
872 4668 929 4706 os
959 4669 1129 4707 meum
1164 4654 1313 4708 carni
1348 4670 1495 4709 metu.
1550 4651 1685 4709 Sunt
1729 4653 1943 4723 quidam
1976 4652 2069 4723 qui
2098 4669 2202 4707 non

618 4746 881 4817 gemendo
935 4746 1075 4818 quod
1105 4763 1319 4821 gemere
1346 4747 1624 4813 deberent,
1654 4746 1735 4802 vel
1769 4750 2034 4819 gemendo
2059 4744 2202 4817 quod

627 4854 729 4892 non
758 4854 974 4911 gemere
1005 4840 1283 4906 deberent,
1314 4856 1372 4898 se
1396 4842 1687 4911 gemendus
1712 4841 1935 4898 faciunt.
1966 4840 2204 4898 Gemunt

624 4930 766 4985 enim
799 4931 1055 4990 amissam
1084 4935 1392 5006 pecuniam,
1434 4936 1528 4991 sed
1558 4952 1663 4992 non
1699 4946 1920 5008 gemunt
1945 4936 2201 4992 amissam

612 5020 918 5094 justitiam;
947 5038 1169 5098 gemunt
1205 5045 1480 5085 nummum
1514 5031 1792 5097 amissum,
1830 5047 1937 5086 non
1979 5032 2201 5088 ct‘cleste

622 5131 845 5189 regnum
873 5118 952 5174 eis
990 5120 1261 5186 ablatum;
1303 5121 1544 5177 fraudem
1580 5121 1807 5189 faciunt,
1844 5131 1898 5179 et
1936 5124 2194 5195 gaudent.

621 5207 725 5264 Sed
753 5212 1008 5280 quoniam
1033 5210 1386 5284 perfectiores
1410 5215 1463 5268 in
1497 5213 1599 5270 ﬁde
1632 5230 1734 5269 non
1769 5226 1990 5286 possunt
2016 5215 2199 5270 dimit-

618 5306 734 5357 tere
756 5301 884 5373 quin
926 5304 1006 5361 eis
1032 5320 1096 5360 ex
1142 5305 1407 5361 charitate
1437 5306 1783 5373 condoleant,
1815 5308 1935 5365 ideo
1973 5308 2197 5365 adluesit

614 5406 673 5447 os
692 5409 887 5462 meum,
928 5395 982 5451 id
1009 5404 1113 5463 est,
1159 5397 1411 5453 fortiores
1447 5398 1502 5452 in
1538 5398 1798 5455 membris
1835 5401 1995 5467 meis,
2020 5403 2201 5458 adhes-

616 5495 805 5542 serunt
843 5489 992 5544 carni
1023 5506 1177 5555 mete,
1214 5492 1394 5547 minus
1421 5490 1672 5546 videlicet
1713 5494 1988 5550 eruditis:
2031 5494 2201 5552 fortes

614 5580 958 5640 adhaeserunt
1010 5583 1296 5653 debilibus,
1340 5583 1499 5642 validi
1541 5585 1791 5643 invalidis
1834 5606 1848 5642 :
1904 5598 1959 5643 et
2014 5588 2117 5644 hoc
2163 5608 2195 5644 u

612 5673 981 5743 voce-gemitus
1022 5676 1143 5741 mei,
1180 5675 1233 5731 id
1262 5684 1369 5745 est,
1418 5691 1662 5734 meorum
1705 5677 2033 5749 gementium
2076 5678 2195 5733 illos

612 5763 703 5819 oui
744 5780 803 5819 se
832 5768 1123 5837 gemendos
1172 5767 1396 5837 faciunt,
1438 5770 1696 5842 quoniam
1734 5771 1813 5827 eis
1860 5772 2197 5828 condolendo

613 5856 927 5912 adhaerent:
975 5866 1029 5914 et
1056 5860 1175 5917 ideo
1215 5877 1353 5930 opus
1388 5872 1471 5918 est
1498 5872 1557 5917 ut
1594 5862 1854 5920 velociter
1896 5878 1988 5920 eos
2026 5879 2190 5920 exau-

613 5943 749 6004 dias.
787 5946 880 6006 Vel
926 5942 1102 6041 aliter.
1163 5951 1352 6009 oblitus
1401 5969 1518 6010 sum
1564 5954 1929 6012 manducare:
1978 5957 2101 6033 quia
2156 5975 2191 6013 α

2306 3444 2589 3523 parietinis
2614 3463 2667 3508 et
2706 3450 2759 3508 in
2792 3452 3003 3511 dirutis.
3044 3446 3292 3528 Vigilavi,
3322 3468 3370 3513 at
3400 3457 3579 3528 factus
3617 3450 3833 3509 suntsint

2301 3554 2483 3614 passer
2520 3544 2791 3600 solitarius
2840 3547 2891 3601 in
2920 3556 3071 3603 tecto.
3112 3544 3275 3616 Quasi
3314 3538 3464 3606 dicat
3505 3566 3520 3603 :
3569 3544 3746 3603 Similis
3773 3538 3833 3609 [a-

2303 3644 2416 3688 ctus
2463 3648 2577 3688 sum
2622 3634 2949 3707 pelicanoin
3002 3638 3326 3709 quibusdam
3359 3628 3619 3696 membris
3646 3632 3772 3694 meis.
3794 3635 3832 3681 el

2302 3722 2539 3795 ejusdem
2569 3726 2651 3782 vel
2683 3727 2733 3782 in
2769 3722 2886 3785 aliis
2917 3726 3145 3802 vigilavi,
3188 3722 3241 3785 id
3272 3739 3373 3800 cst,
3423 3732 3480 3788 in
3523 3720 3832 3797 inquietudine

2303 3819 2668 3889 perseveravi,
2695 3829 2744 3875 et
2790 3818 2961 3891 factus
2991 3838 3106 3877 sum
3150 3823 3284 3877 sicut
3322 3840 3525 3894 passer,
3558 3819 3664 3875 avis
3686 3809 3828 3869 videli-

2303 3916 2388 3969 cet
2416 3914 2663 3988 querula,
2695 3916 2747 3971 et
2770 3915 3038 3973 solitarius
3074 3914 3149 3973 fui
3195 3914 3249 3971 in
3280 3926 3435 3974 tecto.
3486 3906 3583 3972 ilic
3625 3912 3829 3968 notantur

2304 4000 2399 4075 illi,
2436 4008 2526 4082 qui
2558 4006 2716 4065 ﬁdem
2763 4004 2937 4067 adhuc
2976 4002 3203 4078 habent,
3244 4006 3337 4067 sed
3381 4000 3543 4066 nimis
3581 3998 3820 4062 Secundum

2305 4122 2524 4166 carnem
2543 4100 2749 4171 vivunt,
2780 4096 2923 4160 inter
2944 4120 3080 4176 quos
3098 4096 3420 4175 praedicator
3444 4101 3657 4174 quisque
3684 4102 3827 4165 passer

2305 4209 2407 4266 est,
2440 4213 2688 4272 quaerens
2716 4211 2809 4252 eos
2835 4190 2995 4251 nimis
3017 4192 3328 4252 consentire
3357 4194 3511 4250 carni
3534 4205 3634 4247 sua:
3662 4204 3674 4240 :
3700 4190 3745 4238 et
3763 4184 3824 4234 est

2304 4288 2571 4350 solitarius
2619 4290 2671 4344 in
2716 4298 2868 4354 tecto,
2902 4286 3027 4359 quia
3075 4303 3198 4343 cum
3244 4278 3424 4342 caeteri
3471 4284 3567 4341 sub
3592 4288 3732 4335 carne
3755 4281 3823 4323 sua

2305 4384 2457 4456 quasi
2508 4383 2607 4439 sub
2656 4388 2796 4436 tecto
2845 4388 3257 4445 conversantur,
3307 4376 3421 4449 ipse
3468 4384 3668 4431 carnem
3708 4371 3819 4418 suam

2306 4474 2575 4533 domando
2618 4484 2675 4530 ut
2718 4468 2965 4546 spiritum
3021 4471 3240 4527 roborct
3276 4460 3428 4544 quasi
3490 4464 3701 4537 subjecto
3745 4465 3821 4507 ιιοῐι

2306 4580 2408 4635 est,
2439 4569 2530 4623 sed
2568 4564 2619 4621 in
2651 4573 2810 4630 lecto,
2854 4562 2968 4633 jam
2999 4556 3115 4636 lege
3163 4562 3360 4617 mentis
3407 4566 3652 4632 superans
3690 4549 3818 4636 learnt

2310 4662 2507 4718 carnis.
2558 4656 2731 4715 Aliter
2770 4664 2952 4729 posset
2980 4648 3100 4712 hoc
3145 4656 3321 4711 notari
3369 4653 3421 4709 in
3477 4642 3705 4706 membris
3744 4632 3817 4735 De

2310 4753 2439 4809 mini
2481 4750 2620 4823 quod
2657 4744 2808 4816 dicit,
2855 4742 3041 4805 similis
3087 4742 3256 4820 factus
3308 4764 3423 4801 sum
3482 4736 3691 4817 pelicum)
3730 4726 3818 4783 δολί·

2307 4846 2523 4901 tudinis.
2607 4836 2712 4898 Per
2786 4841 3087 4913 pelicanum
3155 4839 3497 4895 solitudinem
3566 4834 3813 4886 amantem.

2307 4950 2565 4996 notantur
2614 4938 2689 4994 illi
2734 4938 2823 5009 qui
2872 4952 3032 4994 omne
3080 4950 3218 4992 onus
3274 4930 3454 4992 Sicculi
3516 4919 3811 5000 postponam,

2302 5044 2357 5088 et
2414 5033 2478 5087 ad
2542 5029 2858 5085 solitudines
2913 5044 2971 5084 se
3026 5013 3347 5093 conferunt,
3404 5034 3464 5080 ut
3513 5020 3579 5077 ibi
3622 5014 3811 5099 contem:

2304 5124 2523 5198 plationi
2572 5123 2664 5178 Dei
2720 5122 3055 5178 solummodo
3109 5129 3321 5177 vacent.
3379 5119 3512 5175 Sunt
3549 5120 3597 5170 et
3632 5102 3712 5198 alii

2301 5187 2551 5273 similiter
2579 5230 2827 5288 pompam
2861 5214 3041 5271 smuli
3081 5221 3413 5285 postponunt
3439 5229 3456 5277 ;
3484 5205 3570 5265 sed
3599 5208 3645 5256 et
3675 5193 3728 5248 all
3749 5187 3808 5288 Ius

2301 5313 2391 5382 qui
2426 5313 2476 5366 in
2500 5283 2872 5376 saaculovsunt,
2902 5283 3295 5381 quodammodo
3325 5306 3566 5378 pendent,
3586 5291 3746 5350 victum

2301 5367 2553 5459 sicstitum
2581 5404 2648 5459 ab
2671 5403 2751 5460 eis
2780 5367 3085 5474 quaerentes
3114 5419 3126 5456 :
3167 5410 3223 5456 et
3247 5400 3301 5455 hi
3336 5398 3467 5455 tales
3490 5367 3802 5483 notarunt.

2302 5497 2498 5553 ίῗίοῖῑυΐ
2525 5538 2539 5563 ι
2593 5496 2763 5566 factus
2800 5512 2914 5551 sum
2965 5495 3099 5550 sicut
3152 5495 3456 5564 nycticorax
3495 5490 3543 5544 in
3576 5463 3801 5566 domicilio.

2304 5589 2441 5646 Sunt
2470 5557 2635 5645 etiam
2683 5588 2772 5645 alii
2800 5588 2893 5659 qui
2925 5588 3068 5643 inter
3120 5585 3370 5642 homines
3404 5557 3799 5665 vigilantgjdﬁ‘f

2303 5680 2355 5735 in
2406 5681 2774 5750 inquietudine
2800 5650 3070 5744 laborant,
3108 5686 3168 5733 ut
3196 5676 3330 5733 alios
3359 5677 3411 5732 in
3445 5650 3538 5730 ﬁde

2299 5785 2352 5830 et
2382 5775 2434 5831 hi
2469 5739 2602 5832 tales
2638 5782 2893 5830 notantur
2920 5786 3017 5843 per
3045 5739 3149 5826 hoc
3177 5769 3320 5840 quod
3351 5767 3570 5824 dicitur:
3611 5739 3793 5843 δίίσίίδδξξ

2297 5880 2343 5923 et
2367 5869 2537 5938 factus
2565 5883 2681 5922 sum
2710 5867 2845 5921 sicut
2876 5828 3057 5936 ρεπεν
3079 5828 3345 5919 solitarius
3372 5860 3428 5916 in
3463 5863 3601 5938 lector

2664 5920 2766 6013 tria
2797 5920 2995 6027 genere
3026 5953 3211 6035 ovium
3247 5962 3301 6019 ct
3342 5951 3564 6033 locorum
3589 5935 3636 5996 ίιι
3656 5920 3789 5999 “im
