3868 5528
117 412 220 469 661

1259 417 1791 474 ENARBATIONES
1832 419 1897 474 ΙΝ
1931 421 2266 479 PSAIMOS.

3333 429 3405 486 62

113 541 318 589 nostro
335 533 604 598 notari,ut
627 534 693 589 de
713 534 891 604 seipse
913 542 1071 606 caput
1099 537 1198 591 hoc
1233 536 1375 592 dicat
1403 537 1508 591 sic:
1532 537 1572 588 Α
1599 552 1714 590 voce
1741 539 1790 602 Α
1817 548 1864 592 et
1894 540 2252 610 peccatoribus
2298 542 2617 598 ntanducat?
2645 541 2859 614 (Matth.
2888 544 2984 614 ix.)
3018 544 3206 600 Adhuc
3236 545 3403 600 etiam

109 628 347 696 gemitus
392 628 491 683 mei
541 627 762 684 adluesit
801 646 858 682 os
888 644 1056 683 meum
1088 630 1234 682 carni
1270 645 1416 684 mete.
1468 627 1573 683 Pro
1611 641 1718 698 quo

110 723 320 792 gemitu
350 721 579 778 dolendo
610 739 726 777 sum
755 723 929 793 factus
969 724 1153 778 similis
1175 724 1413 796 pelicano
1453 724 1713 780 solitario.

109 813 338 889 Dicitur
373 815 502 885 quia
543 814 820 886 pelicanus
845 815 1019 887 pullos
1051 831 1178 872 suos
1207 816 1390 872 statim
1435 816 1500 871 de
1541 813 1717 871 calido

111 924 226 964 ovo
254 909 482 988 eductos
512 919 690 966 rostro
719 927 817 966 suo
847 911 1100 968 interﬁcit
1129 927 1142 966 :
1170 912 1368 984 quibus
1396 910 1713 977 interfectis,

112 1001 296 1057 nimio
340 1001 524 1058 dolore
562 1018 622 1059 se
653 1002 841 1074 alliigit
867 1020 964 1075 per
1005 1014 1114 1061 tres
1157 1005 1272 1061 dies
1319 1006 1634 1069 continuos;
1664 1011 1716 1058 et

109 1094 175 1150 in
229 1097 393 1152 tertia
443 1096 530 1152 die
574 1098 811 1168 seipsum
864 1114 977 1169 pra;
1022 1099 1260 1154 maximo
1298 1098 1485 1152 dolore
1521 1097 1710 1153 dilace-

107 1186 312 1251 rando,
342 1185 660 1255 sanguinem
699 1203 854 1242 suum
901 1187 1073 1242 fundit
1110 1207 1121 1244 :
1156 1205 1263 1259 quo
1293 1189 1558 1258 sanguine
1591 1201 1718 1244 con-

108 1280 298 1350 spersi
345 1279 472 1352 pulli
505 1279 841 1336 reviviséuut
887 1299 900 1336 :
949 1283 1037 1336 ubi
1090 1281 1338 1338 Christus
1375 1279 1712 1353 intelligitur,

108 1373 210 1441 qui
240 1374 540 1428 humanum
577 1390 748 1446 genus
798 1375 999 1431 occidit
1030 1376 1081 1430 in
1132 1377 1232 1431 hoc
1268 1375 1411 1446 quod
1457 1375 1714 1430 occiden-

109 1462 248 1516 dum
291 1473 430 1518 erat.
461 1463 779 1520 ldololatras
809 1466 955 1520 enim
987 1465 1052 1520 ad
1101 1465 1384 1522 colendum
1432 1465 1598 1520 Deum
1636 1481 1715 1523 re-

106 1552 354 1608 vocavit.
381 1552 495 1624 lpse
528 1554 672 1610 enim
696 1555 1013 1626 sanguinem
1042 1571 1219 1619 suum,
1253 1566 1311 1612 ut
1350 1572 1448 1611 nos
1478 1555 1716 1612 revivili-

106 1658 292 1714 caret,
322 1646 527 1703 ell‘udit.
587 1648 736 1705 Unde
771 1648 898 1704 illud
933 1664 947 1703 :
978 1649 1090 1720 Ego
1121 1650 1378 1715 occidam,
1429 1667 1521 1721 ego
1553 1651 1716 1706 vivere

103 1743 317 1811 faciant
349 1743 701 1810 :percutiam,
733 1753 780 1796 et
805 1760 897 1812 ego
919 1743 1118 1797 sanabo
1143 1743 1322 1813 (Deut.
1359 1742 1556 1816 xxx").
1589 1739 1716 1797 Fuit

101 1833 286 1889 etiam
334 1835 610 1906 pelicanus
666 1835 919 1892 Christus
975 1837 1280 1902 solitarius,
1327 1838 1418 1908 qui
1466 1837 1710 1894 solitaria

1805 634 2218 712 Iituproperatur
2251 650 2280 690 a
2313 636 2556 706 paganis,
2583 636 3028 706 praedicatoribus
3060 639 3109 692 in
3135 638 3400 716 Ecclesia,

1818 729 1960 801 quod
1990 729 2088 801 ipsi
2121 740 2433 801 pervertant
2462 748 2641 787 mores
2667 742 2721 786 et
2749 731 3061 804 disciplinas
3094 735 3400 801 hominum,

1817 823 1941 892 quia
1966 819 2150 878 dicunt
2179 821 2565 895 praedicatores
2611 823 2740 879 dare
2789 824 3093 879 libertatem
3138 825 3403 896 peccandi

1818 931 1940 971 cum
1974 916 2292 986 promittunt
2338 915 2512 972 locum
2546 917 2876 986 pmnitenlize
2918 927 2970 972 et
3025 934 3175 989 spem
3211 918 3401 985 venite,

1807 1023 1924 1081 (non
1957 1009 2296 1064 attendentes
2319 1010 2444 1079 quia
2474 1008 2734 1064 Dominus
2759 1025 2824 1064 ue
2856 1009 3228 1079 desperatione
3250 1009 3405 1080 pejus

1816 1100 2080 1167 viverent,
2110 1101 2357 1173 promisit
2390 1100 2734 1172 indulgentiae
2758 1109 3086 1172 portum:et
3118 1116 3184 1156 ne
3207 1102 3403 1156 iterum

1817 1207 1916 1264 pro
1961 1208 2054 1263 spe
2105 1193 2272 1249 venia:
2323 1192 2473 1265 pejus
2517 1195 2804 1260 viverent,
2842 1195 2981 1248 diem
3032 1195 3224 1250 mortis
3276 1192 3406 1249 fecit

1819 1283 2084 1340 incertum
2143 1287 2610 1357 :prudeutissime
2668 1297 2955 1358 utrumque
3017 1288 3401 1351 constituens,

1819 1385 1874 1432 et
1905 1387 2243 1434 revertentes
2279 1395 2385 1450 quo
2411 1380 2800 1450 reciperentur,
2832 1390 2884 1434 et
2933 1378 3242 1432 differentes
3297 1393 3406 1447 quo

1820 1477 2146 1526 terreantur.
2180 1471 2375 1542 Afacie
2404 1473 2497 1525 ira:
2524 1483 2569 1526 et
2593 1471 2972 1543 indignationis
3004 1483 3127 1536 tum,
3153 1470 3275 1538 quia
3303 1468 3434 1524 cle-.

1819 1578 1947 1616 vans
2004 1559 2217 1615 allisisti
2263 1579 2364 1616 me.
2426 1559 2589 1628 Quasi
2644 1563 2788 1616 dicat
2832 1580 2844 1616 :
2900 1559 3055 1628 Quod
3105 1577 3203 1630 ego
3257 1559 3406 1613 cine—

1799 1670 1934 1720 ‘rem
1974 1655 2406 1722 manducabam,
2449 1655 2553 1711 hoc
2612 1654 2712 1709 fuit
2760 1674 2791 1708 a
2843 1656 2976 1725 facie
3029 1653 3407 1724 indignationis

1805 1756 1952 1821 tua),
2002 1745 2052 1801 id
2083 1758 2195 1814 εει,
2237 1758 2265 1801 a
2299 1747 2605 1818 cognitione
2634 1747 2728 1802 ira;
2769 1755 2891 1813 ture,
2925 1748 3047 1817 quia
3079 1745 3288 1800 elevans
3329 1742 3409 1796 al-

1819 1838 1974 1894 lisisti
2021 1858 2130 1906 me,
2180 1841 2230 1895 id
2281 1849 2392 1907 est,
2429 1856 2576 1895 meos
2605 1840 2842 1896 elevatos
2891 1840 3037 1894 allidi
3087 1836 3404 1909 permisisti.

105 1929 408 1986 nativitate
455 1939 618 1984 natus
648 1928 770 1984 fuit.
802 1929 993 1986 Nullus
1037 1931 1186 1986 enim
1224 1947 1461 2001 unquam
1510 1939 1711 2002 praeter
1739 1921 1791 1984 Β
1814 1930 2066 1986 Elevatus
2095 1931 2194 1986 fuit
2223 1933 2384 1987 homo
2406 1973 2420 1996 ,
2448 1933 2574 2002 quia
2626 1933 2804 1986 omnia
2837 1930 3090 1985 animalia
3119 1929 3408 1983 vivacitate

103 2021 269 2076 illum
323 2021 438 2076 sine
485 2031 710 2093 peccato
762 2030 921 2079 natus
983 2021 1102 2078 luit.
1167 2022 1259 2078 Vel
1303 2024 1491 2079 similis
1540 2025 1713 2094 factus

101 2114 353 2182 pelicano
383 2114 705 2170 solitudinis.
745 2115 904 2171 Juxta
932 2117 1060 2172 illud
1097 2135 1110 2172 :
1140 2115 1310 2172 Filius
1356 2119 1581 2174 hominis
1610 2135 1715 2174 non

101 2207 270 2261 habet
307 2207 390 2262 ubi
417 2218 571 2278 caput
605 2208 814 2264 reclinet
855 2209 1008 2279 (Luc.
1048 2210 1147 2279 ix).
1193 2208 1392 2265 Factus
1432 2229 1550 2266 sum
1577 2212 1712 2268 sicut

103 2303 423 2371 nycticoraa:
451 2303 504 2355 in
529 2303 820 2357 domicilio.
845 2302 900 2357 lu
934 2302 1206 2360 domicilio
1227 2312 1580 2358 conversatus
1607 2311 1711 2371 est,

105 2394 338 2460 quando
369 2394 508 2448 inter
535 2393 780 2458 dirutos,
814 2393 869 2450 id
913 2403 1027 2458 est,
1079 2393 1212 2465 legis
1261 2395 1714 2465 praevaricatores

105 2485 438 2538 conversari
471 2485 664 2551 voluit,
685 2486 798 2555 ipse
829 2486 975 2540 enim
1007 2485 1194 2541 dilexit
1223 2486 1474 2542 tenebras
1501 2501 1710 2551 eorum,

101 2594 222 2634 non
252 2586 310 2632 ut
339 2578 392 2633 in
425 2579 664 2634 tenebris
709 2589 1075 2646 remanerent,
1106 2581 1201 2636 sed
1226 2581 1403 2636 adhuc
1432 2591 1713 2637 converte-

105 2676 330 2723 rentur.
360 2667 434 2724 De
458 2670 537 2726 eis
561 2669 704 2728 enim
732 2669 869 2726 dixit
899 2689 912 2726 :
955 2671 1079 2727 Non
1123 2690 1238 2728 sum
1269 2674 1458 2730 missus
1511 2675 1613 2729 nisi
1644 2675 1712 2729 ad

105 2780 236 2817 oves
289 2779 409 2835 quae
447 2765 713 2834 perierunt
765 2766 952 2821 domus
1003 2767 1175 2822 Israel
1208 2768 1424 2840 (Matth.
1475 2767 1585 2842 xv).
1634 2770 1712 2826 lbi

102 2854 451 2924 praedicavit,
494 2855 563 2910 ibi
600 2856 858 2913 miracula
888 2857 1035 2924 fecit,
1089 2859 1162 2914 ibi
1199 2860 1267 2916 ad
1299 2860 1547 2916 ultimum
1573 2862 1713 2916 mori

102 2945 308 3002 voluit.
335 2944 534 3002 Factus
562 2965 680 3003 sum
721 2949 854 3004 sicut
885 2951 1190 3021 nycticoraa:
1215 2951 1268 3006 in
1297 2952 1584 3009 domicilio.
1622 2952 1713 3009 Vi-

97 3037 275 3109 gilavi
304 3035 542 3107 tandem,
571 3040 626 3095 id
659 3050 811 3107 est,a
839 3043 1071 3099 mortuis
1093 3045 1397 3100 resurrrexi
1421 3062 1434 3098 :
1467 3055 1514 3100 et
1539 3045 1711 3115 factus

99 3148 232 3187 sum
275 3133 411 3188 sicut
436 3152 618 3206 passer
644 3136 915 3193 solitarius
945 3139 999 3194 in
1027 3147 1192 3208 tecto,
1221 3141 1349 3212 quia
1375 3156 1486 3214 ego.
1521 3142 1711 3214 singu-

101 3225 249 3281 laris
278 3226 333 3282 in
376 3228 570 3285 cadum
603 3232 845 3288 ascendi.
882 3231 1036 3289 Unde
1059 3233 1194 3289 illud
1223 3251 1236 3288 :
1271 3233 1441 3290 Nemo
1473 3235 1710 3292 ascendit

100 3322 165 3374 in
197 3321 412 3390 cadum,
462 3325 564 3379 nisi
589 3328 681 3396 qui
708 3325 773 3380 de
798 3325 926 3380 coelo
965 3327 1264 3394 descendit,
1291 3327 1437 3397 ﬁlius
1483 3329 1710 3386 hominis
1738 3297 1785 3363 c

98 3411 201 3482 qui
230 3421 307 3467 est
332 3413 387 3467 in
407 3413 532 3468 caelo
566 3413 748 3486 (loan.
782 3417 888 3488 ιιι).
925 3414 1020 3472 Vel
1050 3417 1130 3474 sic
1178 3435 1191 3472 :
1234 3416 1481 3490 Vigilavi,
1524 3421 1576 3476 id
1606 3433 1710 3490 est,

99 3502 477 3573 inquietudini
505 3501 664 3562 datus
694 3523 812 3562 sum
842 3527 854 3562 :
889 3507 996 3575 vel,
1020 3508 1250 3580 vigilavi,
1279 3509 1330 3566 id
1359 3519 1463 3578 est,
1488 3512 1714 3584 vigilan-

102 3604 195 3650 ter
221 3595 328 3669 egi.
360 3597 514 3654 Unde
539 3599 670 3655 illud
696 3615 712 3654 :
740 3599 927 3657 Justus
961 3618 1052 3658 cor
1072 3618 1227 3657 suum
1275 3603 1439 3660 tradit
1472 3606 1540 3659 ad
1585 3606 1715 3676 vigi-

101 3688 340 3746 landum
371 3689 607 3746 diluculo
631 3693 700 3746 ad
745 3692 1028 3749 Dominum
1052 3696 1141 3766 qui
1186 3694 1309 3764 fecit
1334 3695 1485 3751 illum
1510 3697 1703 3768 (Eccli.

100 3781 334 3854 xum);
362 3781 428 3836 Et
455 3783 631 3853 factus
667 3801 786 3840 sum
805 3785 940 3840 sicut
973 3803 1154 3855 passer
1177 3785 1450 3843 solitarius
1475 3769 1530 3843 in
1557 3798 1708 3853 tecto,

102 3871 166 3927 id
204 3881 318 3940 est,
345 3873 559 3930 habitus
599 3890 721 3930 sum
771 3874 841 3931 ab
896 3875 1002 3934 illis
1056 3879 1440 3949 comparabilis
1478 3880 1564 3936 avi
1613 3880 1710 3949 illi,

98 3981 240 4038 qum
269 3966 577 4024 excluditur
606 3968 674 4024 de
703 3969 886 4035 domo,
919 3978 975 4026 et
1022 3969 1077 4026 in
1124 3979 1268 4027 tecto
1311 3971 1552 4029 solitaria
1592 3989 1711 4030 mo-

102 4069 293 4116 ratur.
320 4059 473 4117 Unde
493 4063 618 4132 quia
646 4062 821 4132 factus
852 4080 969 4119 sum
991 4063 1127 4119 sicut
1149 4081 1352 4136 passer,
1377 4074 1485 4122 tota
1515 4067 1600 4122 die
1623 4083 1714 4122 ea:-

99 4154 434 4225 probrabant
463 4172 549 4212 me
575 4157 774 4212 inimici
800 4159 932 4225 mei;
957 4157 1044 4214 vel
1071 4158 1152 4216 sic
1179 4157 1361 4216 :Licet
1392 4175 1492 4231 ego
1515 4160 1581 4216 ad
1612 4161 1713 4217 hoc

99 4254 282 4302 natus
323 4246 446 4314 sim,
505 4257 564 4302 ut
612 4247 854 4316 auferam
906 4263 1093 4306 vocem
1139 4250 1373 4322 gemitus
1422 4265 1709 4318 meorum,

101 4346 302 4393 tamen
347 4347 454 4392 tota
485 4338 590 4406 die,
627 4339 677 4394 id
724 4347 838 4406 est,
873 4340 1126 4396 continue
1155 4342 1558 4412 exprobrabant
1584 4344 1712 4398 mihi

101 4430 328 4487 inimici
354 4431 481 4496 mei,
504 4432 1121 4490 dicenteszbazmonium
1149 4433 1306 4489 habes
1335 4433 1516 4506 (John.
1547 4436 1663 4507 vin)
1696 4455 1709 4491 :

96 4535 166 4582 et
224 4525 310 4582 his
334 4525 533 4582 similia
580 4536 672 4582 :et
716 4527 808 4598 qui
847 4526 1134 4581 laudabant
1175 4543 1256 4582 me
1285 4542 1402 4593 ore,
1433 4527 1710 4583 adversum

97 4635 199 4673 nte
245 4618 496 4688 jurabaut
528 4621 695 4677 corde
737 4639 750 4675 :
786 4635 881 4677 ore
920 4620 1062 4676 enim
1095 4617 1348 4676 dicebant
1391 4639 1402 4676 :
1433 4619 1705 4692 Magister,

93 4709 315 4763 scimus
357 4699 480 4778 quia
532 4727 689 4766 verax
714 4727 792 4777 es,
821 4721 868 4765 et
899 4711 1035 4764 viam
1070 4709 1169 4765 Dei
1211 4711 1265 4764 in
1309 4713 1524 4766 veritate
1553 4711 1706 4766 doces

1818 2024 2048 2079 rationis
2076 2023 2393 2079 excellebat.
2425 2023 2543 2096 Ipse
2583 2024 2726 2081 enim
2754 2024 2805 2079 in
2838 2023 3008 2081 libero
3038 2023 3264 2078 arbitrio
3314 2038 3408 2090 po—

1817 2116 1954 2172 situs
1980 2114 2102 2179 fuit,
2145 2117 2226 2171 sic
2251 2129 2468 2172 creatus
2498 2125 2555 2171 ut
2597 2134 2701 2172 non
2737 2126 3058 2182 moreretur,
3086 2115 3130 2171 si
3179 2128 3408 2186 peccare

1818 2208 2134 2265 destitisset.
2184 2208 2287 2262 Sed
2331 2209 2454 2280 quia
2500 2210 2566 2262 ab
2593 2210 2899 2264 obedientia
2927 2209 3146 2275 cecidit,
3179 2217 3233 2262 et
3264 2208 3402 2261 libe-

1809 2303 1938 2356 rum
1984 2301 2268 2356 arbitrium
2300 2317 2456 2357 suum
2487 2302 2637 2372 quasi
2680 2320 2784 2356 non
2818 2302 3045 2357 haberet
3074 2305 3179 2356 vim
3210 2303 3410 2356 disere-

1819 2392 2002 2457 tionis,
2037 2392 2088 2447 in
2125 2392 2325 2447 malum
2366 2394 2656 2459 convertit,
2687 2394 2806 2451 idco
2838 2391 3023 2450 allisus
3062 2393 3182 2448 luit.
3221 2394 3409 2463 Neque

1817 2483 1962 2539 enim
1982 2483 2128 2554 juste
2158 2484 2276 2555 plus
2305 2487 2457 2541 abeo
2485 2501 2646 2556 quam
2681 2486 2746 2540 ab
2776 2485 2895 2539 aliis
2926 2485 3250 2541 animalibus
3279 2486 3411 2540 obe-

1817 2577 2075 2632 dientiam
2124 2575 2385 2632 Dominus
2430 2577 2718 2650 exegisset,
2761 2578 2806 2632 si
2847 2577 3060 2634 caneris
3089 2577 3410 2633 animalibus

1816 2668 1870 2723 in
1908 2669 2196 2724 vivacitate
2217 2685 2320 2724 non
2350 2679 2628 2739 pricesset.
2661 2670 2782 2724 Dies
2817 2672 2918 2725 mei
2935 2673 3069 2726 sicut
3099 2673 3282 2726 umbra
3315 2675 3410 2726 dea

1816 2760 2160 2816 clinaverunt.
2214 2761 2377 2829 Quasi
2427 2762 2568 2816 dicat
2599 2780 2610 2816 :
2646 2761 2781 2830 Quia
2817 2762 3022 2818 elevans
3061 2750 3274 2816 allisisti
3306 2779 3406 2828 me,

1816 2853 1938 2909 ideo
1969 2854 2078 2908 dies
2114 2855 2233 2920 mei,
2269 2854 2323 2909 id
2345 2863 2424 2910 est
2472 2854 2586 2908 dies
2623 2871 2886 2919 meorum,
2933 2855 3065 2910 sicut
3102 2854 3285 2908 umbra
3312 2854 3404 2908 de-

1828 2943 2174 3013 clinaverunt,
2223 2957 2269 3000 et
2300 2963 2392 3018 ego
2423 2946 2474 3000 in
2517 2945 2670 3009 mcis,
2705 2946 2837 2999 sicut
2880 2946 3057 3017 fenum
3091 2947 3229 2999 arui.
3272 2944 3408 3000 Nota

1817 3041 1945 3110 quia
1975 3041 2171 3095 merito
2203 3049 2369 3112 agunt
2417 3040 2533 3096 dies
2583 3025 2940 3105 declinantes,
2989 3041 3078 3111 qui
3114 3041 3167 3093 in
3200 3039 3408 3094 stabili-

1820 3143 1930 3189 tate
1958 3143 2011 3188 et
2039 3135 2343 3189 aeternitate
2391 3131 2680 3189 noluerunt
2721 3150 3063 3204 permanere.
3097 3133 3176 3188 Tu
3209 3144 3406 3200 autent,

1818 3225 2058 3292 Domine,
2088 3229 2178 3298 qui
2211 3237 2449 3283 aeternus
2478 3243 2563 3293 es,
2612 3238 2667 3280 et
2715 3225 2869 3296 cujus
2920 3242 3116 3281 nomen
3165 3225 3308 3280 vivet
3354 3224 3408 3278 in

1815 3319 2030 3383 smcula,
2058 3336 2330 3390 permanes
2353 3321 2406 3373 in
2429 3330 2702 3385 teternum,
2735 3329 2781 3372 et
2814 3318 3118 3373 memoriale
3146 3330 3314 3378 tuum,
3357 3316 3408 3370 id

1817 3421 1922 3477 est,
1976 3412 2353 3466 misericordia
2401 3421 2489 3465 tua
2531 3427 2649 3481 qua:
2675 3409 2838 3482 digna
2867 3421 2951 3465 est
2973 3410 3256 3473 memoria,
3287 3424 3409 3479 per-

1818 3512 2001 3559 manet
2027 3504 2079 3558 in
2110 3504 2500 3574 generationem
2527 3512 2574 3557 et
2601 3503 3010 3574 generationem.
3042 3502 3110 3557 Et
3137 3500 3407 3572 quomodo

1816 3595 1956 3652 hoc?
1983 3596 2116 3664 Quia
2150 3609 2206 3651 tu
2241 3613 2525 3668 exsurgens
2552 3611 2648 3666 per
2672 3611 2778 3661 me,
2813 3595 3135 3649 misereberis
3163 3593 3314 3658 Sion,
3354 3592 3407 3648 id

1815 3700 1920 3758 est,
1954 3689 2163 3746 Iudaici
2202 3688 2404 3763 populi.
2441 3688 2508 3745 Et
2533 3705 2660 3744 vere
2688 3687 3032 3755 misereberis,
3062 3689 3182 3760 quia
3206 3696 3407 3756 tenipns

1815 3781 2654 3854 estmiserendiejus,juxtaillud
2685 3773 2944 3850 :Quaudo
2975 3781 3106 3836 venit
3137 3776 3406 3850 plenitudo

1814 3875 2080 3946 temporis,
2102 3875 2242 3930 misit
2260 3872 2400 3930 Deus
2429 3872 2628 3928 Filium
2648 3890 2822 3938 suum,
2838 3870 3037 3944 factum
3069 3867 3162 3925 sub
3191 3868 3321 3939 lege,
3353 3877 3408 3920 ut

1816 3985 1902 4025 eos
1936 3968 2024 4040 qui
2072 3967 2167 4022 sub
2217 3965 2326 4038 lege
2356 3958 2538 4031 erant,
2566 3963 2840 4021 redimeret
2876 3962 3019 4036 (Gal.
3054 3961 3152 4034 iv).
3184 3959 3252 4015 Et
3282 3974 3407 4013 vero

1815 4060 2181 4128 misereberis,
2216 4060 2339 4132 quia
2381 4059 2516 4115 venit
2555 4069 2792 4130 tempus;
2835 4055 2991 4128 juxta
3036 4055 3166 4111 illud
3212 4072 3224 4109 :
3271 4049 3407 4106 Ecce

1818 4170 1957 4210 nunc
1983 4157 2184 4224 tempus
2207 4151 2543 4224 acceptabile,
2567 4168 2680 4206 ecce
2704 4169 2839 4205 nunc
2862 4151 2970 4205 dies
2992 4148 3178 4204 salutis
3205 4143 3255 4218 (I
3280 4143 3404 4199 Cor.

1819 4245 1912 4314 νι).
1971 4243 2235 4310 Quoniam
2292 4241 2603 4314 placuerunt
2651 4243 2810 4298 servis
2860 4241 2962 4294 tuis
3014 4237 3215 4308 lapides
3267 4233 3403 4304 ejus.

1817 4334 1980 4404 Quasi
2016 4329 2162 4390 dicat
2193 4353 2204 4389 :
2234 4333 2347 4390 Hoc
2395 4333 2555 4389 modo
2602 4331 2930 4387 misereberis
2962 4328 3114 4392 Sion,
3149 4324 3406 4396 quoniam

1815 4427 2013 4499 lapides
2037 4427 2172 4498 ejus,
2203 4428 2254 4482 id
2279 4437 2384 4493 est,
2413 4426 2691 4497 prephetie
2715 4425 2806 4494 qui
2836 4430 2962 4478 sunt
2989 4420 3403 4475 fundamentum

1815 4519 1932 4590 ejus
1979 4517 2109 4574 Sion
2146 4519 2456 4591 placuerunt
2501 4519 2681 4584 servis,
2739 4517 2792 4572 id
2841 4525 2947 4584 est,
2997 4511 3256 4586 apostolis
3299 4509 3407 4567 tuis

1821 4611 2184 4683 intelligibilcs
2230 4622 2386 4666 erant
2427 4611 2707 4682 prophetae
2735 4629 2746 4665 :
2776 4619 2822 4664 et
2853 4609 2954 4681 ipsi
2985 4606 3210 4680 apostoli
3241 4619 3406 4676 expo-

1814 4702 1990 4758 nendo
2010 4699 2151 4758 dicta
2179 4703 2588 4774 prophetarum,
2619 4700 3004 4756 miserebantur
3031 4711 3203 4763 teme,
3230 4698 3280 4752 id
3302 4707 3406 4763 est,

1817 4801 1936 4856 illos
1965 4800 2055 4870 qui
2097 4798 2277 4855 adhuc
2322 4809 2468 4857 terra
2505 4807 2652 4862 sunt,
2689 4798 2893 4853 facient
2917 4798 3109 4868 dignos
3132 4802 3219 4848 tua
3248 4791 3410 4846 mise-
3445 4844 3460 4870 ρ

1816 4899 2048 4963 ratione,
2079 4905 2136 4952 ut
2163 4896 2244 4952 sic
2274 4897 2339 4952 de
2373 4908 2518 4954 terra
2569 4895 2704 4949 ﬁant
2757 4895 2962 4966 lapides
3011 4891 3118 4948 vivi
3160 4891 3212 4944 in
3244 4869 3463 4963 mdia-3

1816 4993 1959 5048 cium
2007 4989 2135 5047 Sion
2164 5007 2176 5044 :
2204 4989 2328 5059 quia
2377 4999 2569 5064 potens
2596 4997 2682 5042 est
2716 4989 2880 5054 Deus,
2921 4989 3010 5059 qui
3045 4983 3327 5056 pulverem
3351 4993 3419 5032 ex
3458 4990 3480 5069 ξ.

1817 5088 1990 5143 nihilo
2028 5085 2342 5158 plasmavit,
2395 5103 2461 5142 ex
2511 5085 2626 5155 ipso
2680 5085 2904 5155 pulvere
2953 5080 3161 5154 lapides
3215 5072 3427 5130 facere.

1823 5181 1888 5236 Et
1910 5182 2157 5238 timebunt
2201 5192 2380 5250 gentes
2420 5193 2606 5236 nomen
2640 5186 2819 5242 tuum,
2864 5175 3106 5234 Domine,
3156 5175 3202 5218 et
3243 5180 3438 5220 omnes

1819 5292 1962 5348 reges
2011 5284 2164 5331 terra:
2199 5270 2430 5341 gloriam
2466 5282 2631 5325 tuam.
2667 5268 2814 5325 Ecce
2836 5269 2947 5340 jam
2975 5260 3343 5321 constructus
3368 5265 3448 5311 est.

1818 5371 2000 5440 paries
2037 5382 2176 5425 unus
2216 5365 2460 5426 civitatis
2511 5363 2665 5424 Sion.
2718 5362 2895 5433 paries
2935 5353 3188 5414 Videlicet
3219 5360 3289 5399 ex
3339 5349 3449 5440 ‘5‘":

1821 5437 2179 5526 cumcisione,
2209 5468 2273 5514 ut
2305 5473 2363 5518 et
2395 5457 2580 5516 veniat
2608 5455 2803 5520 paries
2835 5453 2899 5508 de
2929 5441 3192 5521 praeputio
3221 5454 3235 5490 :
3266 5450 3356 5496 ut.
3383 5437 3459 5495 illi

94 4797 337 4870 (Matth.
367 4801 501 4870 mi)
537 4820 550 4857 :
598 4811 652 4858 et
687 4811 867 4857 tamen
916 4803 1168 4872 apparuit
1192 4811 1402 4872 postea,
1442 4805 1586 4876 quod
1615 4804 1710 4860 ad-

23 4917 50 4946 .
95 4892 479 4950 versabantur
511 4897 642 4953 mihi
696 4897 751 4952 in
789 4896 974 4961 corde,
1004 4897 1159 4968 quasi
1209 4897 1475 4967 coniurati
1527 4906 1710 4953 essent

93 4987 404 5043 adversum
437 5004 540 5044 me.
572 4987 642 5043 Et
669 5003 838 5058 quare
868 4989 1009 5043 hoc?
1037 4988 1176 5054 Quia
1208 4990 1433 5044 cinerem
1456 4999 1708 5060 tanquam

91 5093 309 5152 panem
355 5079 694 5144 manducavi,
735 5079 788 5134 id
817 5088 919 5145 est,
944 5089 1258 5150 peccatores
1283 5095 1380 5151 pro
1413 5080 1709 5139 inutilitate

88 5170 297 5230 cineri
345 5171 764 5244 comparabiles,
797 5171 850 5226 in
905 5187 1102 5243 corpus
1140 5188 1318 5229 meum
1368 5174 1710 5252 trajiciebam

90 5275 380 5330 tanquam
409 5279 598 5334 panem
627 5305 645 5332 ,
703 5263 755 5317 id
801 5273 903 5331 est,
955 5272 1209 5335 tanquam
1254 5263 1434 5334 justos
1477 5267 1573 5340 qui
1613 5281 1713 5337 pro

91 5353 392 5415 soliditate
438 5359 563 5418 boni
617 5356 804 5427 operis
850 5371 1019 5427 panes
1056 5358 1306 5415 dicuntur
1341 5379 1354 5415 :
1387 5376 1437 5420 et
1463 5357 1713 5436 poculum

88 5463 312 5510 meum,
347 5448 396 5506 id
419 5464 522 5522 est,
547 5454 726 5510 fortes
763 5451 815 5506 in
856 5467 1081 5522 corpore
1111 5469 1230 5510 meo
1271 5457 1558 5515 miscebant
1595 5470 1714 5510 cum
