4034 6434
581 486 684 544 663

1151 549 1153 552 ι
1223 481 1482 539 REMlGll
1512 473 2174 539 ANTISSIODORENSIS
2208 476 2360 533 OPP.
2395 476 2596 533 PARS.
2638 464 3200 533 1.4-EXEGETICA.
3443 464 3470 470 ὴ
3735 482 3818 542 664

581 601 766 665 sionis,
795 606 969 670 gentes
991 565 1167 652 autem
1199 613 1356 666 super
1393 594 1761 650 misericordia
1789 593 1960 649 Deum
1990 593 2157 646 Itono-
2185 590 2241 652 Α
2266 589 2590 646 convenient
2623 589 2691 644 ad
2717 591 2841 655 hoc,
2866 599 2922 644 ut
2941 589 3169 644 serviant
3197 587 3451 645 Domino.
3493 589 3762 662 Respondit
3785 601 3820 650 si

577 707 702 748 rare
747 690 922 762 (Rom.
955 693 1069 763 xv).
1120 691 1190 746 Et
1234 705 1340 746 non
1388 689 1640 760 quaelibet
1667 703 1801 760 gens
1833 687 2046 743 timebit
2073 701 2169 741 no-

578 799 699 838 men
724 793 894 850 tuum,
930 783 1170 848 Domine,
1212 781 1305 838 sed
1330 797 1508 835 omnes
1546 796 1689 851 reges
1728 789 1884 835 terra:
1913 779 2166 833 timebunt

581 874 811 948 gloriam
861 884 1028 938 tuam,
1082 874 1133 929 id
1181 881 1285 940 est,
1329 871 1785 928 resurrectionem
1830 880 1976 925 tuam
2013 869 2168 926 valde

583 967 898 1038 gloriosam.
951 968 1016 1022 Et
1041 982 1170 1022 vere
1197 976 1390 1022 vocato
1428 967 1634 1037 pariete
1663 980 1730 1020 ex
1755 965 2167 1021 circumcisione

583 1059 768 1114 veniet
788 1059 966 1130 paries
995 1072 1058 1113 ex
1087 1058 1367 1130 praeputio.
1404 1057 1543 1124 Quia
1572 1055 1677 1112 illis
1706 1055 1916 1112 duobus
1937 1056 2164 1126 conjun-

581 1149 989 1220 ctis,wdiﬁcavit
1001 1149 1254 1205 Dominus
1271 1148 1397 1206 Sion
1415 1150 1734 1220 spiritalem,
1749 1165 1856 1206 non
1872 1148 2164 1214 carnalem,

580 1254 613 1293 a
635 1255 739 1310 qua
758 1241 972 1296 tandem
993 1241 1248 1295 videbitur
1269 1241 1322 1296 in
1343 1241 1511 1312 gloria
1524 1259 1643 1306 sua,
1659 1256 1764 1296 non
1787 1241 1837 1296 in
1854 1239 2167 1295 inﬁrmitate

584 1344 710 1396 sua,
743 1331 798 1386 in
828 1347 931 1402 qua
964 1332 1114 1387 visus
1139 1341 1221 1387 est
1252 1332 1320 1386 ab
1348 1332 1454 1388 illis
1479 1333 1571 1404 qui
1599 1331 1989 1388 cruciﬁxerunt
2017 1347 2162 1398 eum,

581 1425 676 1479 sed
703 1426 758 1481 in
789 1423 1070 1494 majestate
1092 1425 1284 1492 Patris,
1309 1435 1362 1482 et
1385 1427 1436 1481 in
1461 1425 1804 1481 multitudine
1825 1424 2163 1497 angelorum.

581 1515 653 1570 Et
690 1524 751 1571 ut
789 1517 1005 1572 tandem
1056 1517 1304 1573 videatur
1333 1517 1385 1572 in
1414 1516 1583 1588 gloria
1633 1531 1730 1571 sua
1759 1533 1772 1570 :
1801 1514 2069 1585 Respexit,
2111 1515 2164 1570 id

576 1619 682 1674 est,
707 1610 960 1681 respiciet
988 1611 1076 1666 hic
1102 1611 1156 1664 in
1181 1610 1467 1666 orationem
1493 1609 1792 1676 humilium,
1823 1617 1870 1664 et
1895 1624 1998 1664 non
2020 1624 2167 1679 spre-

557 1704 652 1778 lvit
673 1720 873 1772 precem
895 1721 1071 1759 eorum
1097 1719 1196 1774 pro
1226 1703 1436 1760 delictis
1461 1704 1683 1760 factum.
1721 1703 2032 1760 Scribuntur
2053 1703 2164 1758 hare

574 1795 630 1847 in
651 1796 982 1864 generatione
1011 1794 1199 1860 altera,
1237 1807 1286 1850 et
1319 1795 1540 1868 populus
1570 1796 1658 1868 qui
1681 1795 1942 1851 creabitur
1967 1793 2162 1850 lauda-

561 1879 648 1938 bit
705 1885 1001 1940 Dominum.
1051 1885 1216 1954 Quasi
1265 1887 1452 1942 dicat:
1486 1886 1601 1942 Non
1664 1886 1838 1942 solum
1903 1885 2160 1958 respiciet

574 1979 836 2038 Dominus
886 1983 1005 2038 illos
1054 1984 1146 2054 qui
1187 1994 1344 2040 erant
1375 1984 1426 2039 in
1449 1984 1724 2056 primitiva
1752 1984 2015 2052 Ecclesia,
2058 1986 2153 2041 sed
2185 1965 2234 2026 Β
2263 1995 2331 2037 ex
2380 1979 2714 2056 inﬁrmitate
2743 1979 3115 2037 cruciﬁxionis
3165 2001 3180 2037 :

572 2073 738 2128 etiam
770 2073 898 2140 illos
940 2075 1031 2146 qui
1061 2083 1181 2145 post
1211 2075 1375 2131 I‘nturi
1403 2087 1533 2132 sunt
1561 2094 1575 2132 :
1607 2077 1732 2149 quia
1763 2077 1878 2133 haec
1906 2092 2026 2148 quae
2054 2079 2152 2134 im-

577 2165 720 2237 pleta
769 2176 892 2223 sunt
933 2169 985 2222 in
1016 2169 1287 2239 primitiva
1318 2169 1580 2236 Ecclesia,
1609 2169 1934 2236 scribentur,
1965 2170 2016 2224 id
2045 2179 2151 2238 est,

551 2261 930 2335 notabuntur,
954 2277 1074 2316 esse
1099 2262 1304 2317 scilicet
1327 2261 1506 2316 futura
1531 2263 1586 2316 in
1606 2263 1937 2333 generatione
1963 2262 2151 2330 altera,

574 2348 629 2402 id
657 2359 758 2416 est,
787 2351 840 2404 in
881 2352 1228 2422 generatione
1271 2352 1555 2421 posteriori
1583 2369 1597 2419 ;
1627 2361 1682 2407 et
1705 2352 1786 2407 sic
1813 2352 2034 2424 populus
2064 2353 2154 2423 qui

549 2442 850 2520 creabitur,
877 2442 1112 2497 laudabit
1151 2443 1450 2509 Dominum,
1493 2458 1597 2498 non
1630 2444 1957 2499 erubescens
1985 2444 2156 2499 conﬁ-

575 2534 676 2587 teri
716 2533 943 2589 Domino
976 2550 1157 2591 coram
1187 2536 1513 2592 hominibus.
1542 2535 1639 2592 Vel
1667 2536 1745 2593 sic
1774 2551 1789 2590 :
1820 2536 2154 2608 Quiagentes

549 2613 821 2680 timebunt
861 2645 1046 2682 nomen
1085 2638 1255 2694 tuum,
1300 2628 1538 2696 Domine,
1579 2629 1700 2683 ideo
1756 2629 1861 2684 hoc
1883 2630 2024 2698 quod
2051 2628 2156 2684 Do-

575 2716 754 2772 minus
796 2719 962 2785 videt,
1007 2718 1294 2775 :ediﬁcabit
1340 2718 1493 2785 Sion,
1546 2720 1813 2791 promissa
1857 2720 2068 2776 scilicet
2099 2720 2154 2776 in

573 2811 921 2881 generatione
966 2813 1164 2882 prima,
1216 2812 1531 2877 scribantur,
1573 2810 1626 2867 id
1655 2820 1760 2878 εει,
1786 2811 2152 2879 notiﬁcentur,

572 2905 628 2958 in
668 2907 996 2974 generatione
1043 2906 1210 2961 altera
1240 2921 1360 2963 esse
1388 2905 1654 2978 completa
1683 2923 1696 2962 :
1729 2905 1984 2975 quoniam
2010 2905 2154 2976 quod

575 2994 860 3052 videbatur
902 2997 1102 3054 Judaeis
1147 3012 1266 3055 esse
1310 2999 1658 3068 promissum,
1691 2999 1797 3054 hoc
1826 2997 2155 3068 ingentibus

574 3095 659 3142 est
691 3087 1063 3159 adimpletum,
1120 3100 1166 3144 et
1190 3089 1412 3160 populus
1457 3089 1547 3160 qui
1593 3090 1854 3145 creabitur
1899 3089 1955 3144 in
1997 3088 2154 3144 bonis

572 3180 847 3251 operibus,
877 3179 1112 3235 laudabit
1139 3180 1443 3236 Dominum.
1475 3179 1614 3247 Quia
1640 3188 1700 3236 ut
1729 3181 1978 3236 laudaret
2003 3195 2150 3247 eum,

569 3274 832 3344 prospexit
852 3274 916 3328 de
938 3275 1137 3329 excelso
1163 3284 1341 3329 sancto
1369 3291 1488 3342 suo,
1518 3275 1570 3330 id
1597 3282 1702 3346 est,
1727 3273 1793 3330 de
1821 3289 1906 3330 me
1933 3275 2153 3331 homine

2267 682 2327 737 in
2369 683 2455 737 via
2491 681 2700 736 virtutis
2725 697 2858 736 sure.
2894 679 3058 748 Quasi
3087 680 3236 737 dicat
3263 699 3276 735 :
3304 681 3712 739 Annuntiabunt
3733 685 3820 741 lau-

2269 773 2390 828 dem
2420 772 2538 843 ejus
2563 773 2616 827 in
2640 771 2965 840 Jerusalem,
3015 781 3072 828 et
3118 773 3232 844 ipsa
3283 774 3403 829 laus
3454 777 3821 846 respondeteis

2271 864 2563 922 invocatis.
2603 866 2709 937 Ipsi
2736 865 2886 923 enim
2925 867 3161 922 invocati
3211 866 3544 937 respondent
3591 867 3816 927 Domino:

2269 965 2561 1035 respondet
2589 965 2639 1020 ei
2671 965 2726 1020 in
2756 965 2868 1020 vita
2902 979 3022 1031 sua,
3055 980 3161 1020 non
3192 963 3372 1036 lingua
3404 980 3531 1019 sua.
3569 963 3680 1020 Non
3705 969 3818 1022 enim

2271 1057 2603 1127 respondent
2645 1057 2876 1112 Domino
2907 1055 2981 1112 illi
3019 1057 3112 1128 qui
3149 1057 3327 1112 vocati
3358 1070 3618 1128 perverse
3651 1058 3815 1124 vivunt,

2268 1151 2362 1222 qui
2390 1159 2510 1222 post
2545 1151 2955 1208 seminationem
2984 1152 3166 1222 spinas
3198 1160 3256 1206 et
3283 1151 3522 1208 tribulos
3555 1151 3817 1223 proferunt,

2270 1244 2366 1300 sed
2403 1243 2480 1300 illi
2530 1245 2862 1316 respondent
2913 1245 3162 1312 Domino,
3210 1247 3303 1318 qui
3347 1255 3478 1317 post
3523 1248 3816 1304 vocationem

2267 1333 2426 1391 bonis
2472 1337 2724 1406 operibus
2772 1337 3116 1408 respondent,
3166 1337 3277 1393 Deo
3319 1337 3534 1410 gratias
3599 1341 3806 1411 agendo:

2271 1427 2415 1498 quod
2442 1426 2596 1494 dicit,
2626 1426 2906 1498 Respondit
2938 1429 3006 1492 ei,
3036 1428 3088 1482 id
3117 1435 3223 1492 est,
3257 1429 3469 1497 gratias
3492 1428 3603 1500 agit
3632 1431 3818 1501 quisque

2267 1525 2495 1574 vocatus
2537 1519 2590 1574 in
2627 1519 2772 1574 viam
2823 1519 3120 1584 virtutum,
3175 1519 3382 1574 scilicet
3432 1520 3489 1574 in
3542 1521 3630 1576 illo
3670 1523 3745 1591 qui
3772 1524 3818 1576 de

2268 1609 2447 1679 seipso
2498 1609 2712 1665 dicebat
2739 1628 2752 1664 :
2782 1608 2894 1681 Ego
2940 1627 3056 1664 sum
3100 1611 3204 1674 via,
3246 1610 3443 1665 veritas
3470 1619 3521 1664 et
3548 1611 3649 1666 vita
3673 1610 3813 1684 (Jama.

2249 1685 2403 1775 'xw).
2445 1699 2580 1757 Nota
2616 1701 2758 1772 quod
2789 1701 2940 1767 dicit,
2995 1701 3060 1758 In
3104 1703 3186 1756 via
3232 1703 3508 1758 virtutum.
3538 1701 3709 1758 Virtus
3740 1703 3816 1758 Do-

2267 1795 2402 1851 mini
2440 1803 2525 1852 est
2572 1795 2742 1868 gloria
2773 1797 3190 1852 resurrectionis
3215 1798 3354 1869 ejus.
3380 1795 3504 1852 Non
3531 1796 3667 1852 enim
3694 1812 3817 1866 appa-

2267 1889 2380 1943 ruit
2407 1896 2532 1944 ante
2561 1889 3018 1944 resurrectionem
3051 1889 3282 1960 populis,
3315 1890 3413 1946 sed
3443 1889 3674 1945 maxime
3697 1889 3815 1946 latuit

3235 1983 3364 2054 quia
3418 1990 3610 2053 postea
3658 1980 3815 2050 ubique

2256 2073 2588 2147 praedicatus
2607 2081 2779 2130 estex
2796 2073 3000 2129 virtute
3025 2073 3466 2139 resurrectionis,
3490 2073 3615 2145 quia
3634 2084 3738 2144 post
3753 2089 3813 2128 rc-

2255 2167 2668 2233 surrectionem,
2702 2167 3095 2232 ascensionem,
3139 2167 3374 2238 Spiritus
3427 2167 3599 2224 sancti
3644 2167 3814 2221 missio-

2257 2276 2403 2327 nem,
2423 2260 2620 2331 ubique
2643 2259 2886 2314 auditum
2903 2269 2986 2315 est
3005 2260 3229 2315 verbum
3244 2259 3462 2314 Domini
3480 2277 3495 2313 :
3514 2268 3569 2317 et
3587 2259 3659 2314 sic
3673 2259 3810 2314 vocati

2255 2353 2584 2426 respondent
2606 2354 2741 2408 bene
2762 2355 3035 2425 operando
3061 2355 3114 2409 in
3141 2356 3226 2409 via
3254 2356 3465 2410 virtutis
3487 2372 3616 2420 sure,
3645 2355 3691 2409 id
3723 2365 3802 2420 est,

2258 2445 2312 2500 in
2362 2445 2534 2518 gloria
2586 2445 3006 2501 resurrectionis
3056 2461 3165 2502 suae
3205 2465 3220 2500 :
3260 2447 3388 2517 quia
3443 2462 3551 2503 non
3601 2457 3676 2502 est
3718 2447 3806 2501 laus

2253 2538 2534 2604 Ecclesiaz,
2582 2539 2806 2595 credere
2843 2547 3050 2594 tantum
3095 2540 3147 2594 in
3196 2539 3477 2595 Christum
3505 2539 3801 2602 crucifixum,

2245 2627 2562 2704 :mortuum;
2609 2629 2704 2686 sed
2746 2628 2864 2685 laus
2909 2628 3027 2698 ejus
3067 2639 3168 2692 est,
3211 2631 3441 2688 credere
3487 2631 3541 2687 in
3573 2630 3800 2688 Christum

2255 2721 2604 2790 cruciﬁxum,
2630 2730 2904 2778 mortuum
2937 2733 2988 2777 et
3013 2723 3344 2790 redivivum;
3369 2723 3458 2780 vel
3485 2724 3563 2780 sic
3586 2741 3600 2778 :
3624 2722 3805 2794 Respon-

2255 2813 2333 2867 dit
2378 2814 2428 2869 si
2471 2811 2801 2880 Jerusalem,
2851 2829 2958 2868 non
3001 2811 3304 2888 Jerusalem
3353 2830 3480 2884 qua:
3518 2813 3674 2870 servit
3711 2828 3802 2868 cum

2258 2905 2408 2974 ﬁliis,
2440 2922 2546 2962 non
2588 2905 2679 2962 illa
2709 2907 2774 2962 de
2801 2921 2907 2978 qua
2936 2906 3140 2963 dictum
3169 2913 3291 2961 est:
3322 2903 3644 2971 Jerusalem,
3677 2903 3804 2960 leru-

2253 2997 2439 3064 salem,
2469 2998 2672 3069 quoties
2695 2996 2836 3053 volui
2859 3014 3172 3069 congregare
3196 2996 3337 3066 ﬁlios
3364 3007 3487 3052 tuos
3515 2996 3803 3070 quemadmo-

2253 3091 2380 3144 dum
2400 3088 2598 3161 gallina
2621 3099 2899 3161 congregat
2915 3089 3087 3160 pullos
3101 3105 3222 3144 suos
3239 3090 3334 3143 sub
3361 3090 3501 3156 alas,
3527 3101 3573 3145 et
3597 3088 3774 3143 noluisti
3787 3088 3802 3139 .'

2254 3180 2470 3255 (Matth.
2516 3181 2696 3252 χχιιι.)
2730 3180 2856 3236 Haec
2893 3189 3084 3237 vocata
3128 3195 3234 3235 non
3267 3183 3550 3252 respondit
3576 3183 3624 3237 in
3657 3179 3796 3244 laude,

2255 3274 2556 3332 Jerusalem
2611 3283 2793 3330 autem
2847 3275 2934 3331 cui
2971 3276 3174 3330 dictum
3221 3283 3342 3332 est:
3376 3276 3602 3342 Lartare,
3646 3275 3799 3331 sterilis

571 3341 868 3436 assumpto.
912 3365 1164 3420 Dominus
1194 3369 1258 3421 de
1286 3365 1412 3422 caelo
1445 3368 1500 3420 in
1527 3341 1722 3421 terram
1749 3368 1970 3437 aspexit,
2000 3376 2061 3422 ut
2085 3367 2152 3423 de
2179 3341 2226 3406 Ο
2254 3385 2374 3440 qua:
2415 3384 2519 3423 non
2559 3368 2722 3440 paris,
2763 3384 2973 3437 erumpe
3010 3377 3058 3422 et
3091 3367 3282 3436 clama,
3311 3385 3432 3440 quoe
3457 3385 3559 3424 non
3582 3365 3798 3439 parturit:

572 3463 717 3510 terra
747 3457 940 3512 cmlum
987 3457 1209 3513 faceret.
1259 3457 1342 3513 Ad
1387 3458 1518 3528 quid
1567 3457 1814 3529 aspexit?
1838 3455 1908 3512 Ut
1947 3459 2153 3514 audiret

569 3549 838 3619 gemitum,
880 3550 933 3605 id
966 3560 1069 3614 est,
1101 3549 1339 3606 dolorem
1366 3550 1716 3606 mortalitatis
1745 3560 1800 3607 et
1823 3551 2156 3620 passibilita-

570 3642 662 3708 tis,
709 3643 1142 3712 compeditorum,
1183 3644 1239 3699 id
1283 3652 1385 3708 est,
1439 3645 1788 3702 astrictorum
1815 3645 2046 3701 vinculis
2073 3646 2156 3702 di-

566 3733 807 3804 sciplina:
829 3750 959 3790 suae.
997 3735 1148 3792 Unde
1173 3737 1371 3792 dictum
1419 3745 1500 3792 est
1536 3754 1549 3790 :
1579 3735 1750 3807 Injice
1797 3737 1977 3806 pedem
2002 3747 2152 3791 tuum

565 3825 623 3878 in
653 3827 918 3896 compedes
953 3827 1090 3896 ejus,
1134 3838 1183 3883 et
1230 3828 1421 3882 collum
1467 3829 1522 3882 in
1564 3837 1770 3898 torques
1814 3825 1930 3896 ejus
1959 3826 2150 3897 (Eccli.

568 3914 671 3986 vr).
703 3915 890 3973 Nullus
928 3934 1057 3988 ergo
1096 3918 1453 3988 subterfugiat
1481 3919 1838 3990 disciplinam.
1872 3917 1972 3974 Hic
1994 3919 2150 3974 blan-

569 4007 716 4063 ditur
757 4011 1107 4080 corrigendis,
1162 4027 1231 4068 ne
1271 4013 1484 4068 tandem
1516 4013 1863 4085 experiantur
1886 4012 2150 4084 judicium

560 4098 760 4168 judicis
791 4102 1083 4160 saevientis.
1110 4103 1422 4160 Toleremus
1447 4107 1750 4176 compedes,
1776 4105 1901 4176 quia
1933 4105 2151 4161 tandem

570 4195 856 4266 compedes
881 4197 1180 4265 solventur,
1205 4209 1261 4254 et
1289 4198 1344 4254 in
1371 4213 1628 4254 coronam
1657 4207 1960 4254 vertentur.
1995 4197 2148 4266 Quod

565 4289 697 4346 dicit
727 4310 740 4346 :
774 4289 842 4345 Ut
891 4293 1095 4347 audiret
1125 4294 1372 4363 gemitum
1393 4293 1827 4360 compeditorum,
1859 4302 1908 4349 et
1931 4293 2148 4348 solveret

563 4381 706 4450 filios
745 4385 1197 4456 interemptorum,
1252 4385 1306 4440 id
1355 4393 1462 4451 est,
1521 4385 1818 4441 imitatores
1847 4393 2149 4456 martyrum

565 4475 654 4543 qui
683 4477 924 4534 exterius
950 4478 1261 4549 interempti
1291 4489 1417 4535 sunt
1455 4479 1523 4534 ab
1562 4479 1817 4545 inimicis,
1846 4488 1902 4534 et
1929 4479 2031 4550 ipsi
2061 4480 2147 4534 in-

565 4567 732 4622 terius
753 4569 958 4638 seipsos
988 4571 1473 4628 mortiﬁcaverunt.
1501 4569 1568 4626 Ut
1593 4574 1904 4629 annuntient
1926 4575 1983 4628 in
2014 4572 2147 4629 Sion

561 4673 748 4713 nomen
788 4659 999 4716 Domini
1025 4671 1072 4716 et
1097 4662 1307 4720 laudem
1344 4665 1457 4735 ejus
1496 4665 1552 4718 in
1597 4664 1914 4720 Jerusalem.
1964 4665 2148 4721 Solvet

561 4747 703 4803 ﬁlios
727 4750 1171 4824 interemptorum
1201 4769 1232 4810 ιι
1256 4755 1484 4812 vinculis
1503 4764 1871 4826 peccatorum,
1898 4765 1958 4812 ut
1981 4757 2144 4814 soluti

559 4840 882 4896 annuntient
924 4843 980 4897 in
1025 4840 1175 4909 Sion,
1223 4843 1277 4899 id
1316 4854 1421 4912 est,
1460 4846 1514 4901 in
1545 4845 1785 4902 Ecclesia
1816 4862 2012 4904 nomen
2039 4849 2144 4905 Do-

558 4930 693 4986 mini
725 4951 738 4987 :
765 4944 812 4988 et
836 4933 1047 4990 laudem
1087 4937 1200 5006 eius
1243 4939 1299 4992 in
1335 4937 1651 4994 Jerusalem.
1676 4938 1806 5008 Quae
1835 4940 2007 5010 major
2026 4941 2144 4998 laus

560 5039 678 5090 sua,
709 5041 870 5094 quam
899 5036 957 5081 ut
986 5027 1158 5084 ﬁdelis
1186 5039 1371 5101 pastor
1397 5031 1632 5086 animam
1677 5047 1828 5086 suam
1860 5033 2013 5088 daret
2041 5050 2141 5105 pro

561 5119 758 5174 ovibus
781 5121 936 5176 suis?
959 5121 1282 5177 Annuntient
1329 5123 1384 5178 in
1435 5122 1568 5179 Sion
1616 5140 1800 5178 nomen
1833 5123 2066 5190 Domini,
2089 5135 2138 5180 et

559 5209 766 5264 laudem
795 5212 908 5282 ejus
937 5214 993 5268 in
1016 5212 1311 5270 Jerusalem
1336 5228 1354 5268 :
1377 5217 1431 5269 in
1453 5215 1803 5270 conveniendo
1830 5217 2045 5286 populos
2083 5217 2137 5272 in

560 5317 743 5366 unum,
779 5301 833 5357 id
864 5313 948 5360 est
975 5305 1042 5360 ad
1070 5305 1172 5362 hoc
1203 5315 1262 5361 ut
1288 5305 1468 5377 populi
1502 5307 1826 5363 conveniant
1854 5307 1908 5361 in
1939 5325 2136 5375 unum;

556 5393 736 5459 idest,
780 5396 834 5452 in
864 5411 1030 5452 unam
1075 5398 1398 5454 charitatem
1450 5406 1506 5454 et
1554 5398 1738 5466 ﬁdem,
1795 5406 1855 5453 ιιι
1905 5415 2010 5454 non
2067 5399 2140 5455 sit

556 5485 795 5540 schisma
844 5487 989 5544 inter
1034 5503 1127 5544 eos
1153 5507 1165 5544 :
1192 5489 1318 5561 quia
1345 5490 1439 5563 qui
1471 5490 1667 5546 salvari
1691 5489 1896 5557 volunt,
1924 5500 2137 5563 oportet

554 5582 616 5629 ut
641 5577 697 5631 in
721 5595 882 5634 unum
922 5583 1270 5639 conveniant.
1295 5579 1606 5641 lovebatur
1633 5602 1794 5656 aqua,
1823 5595 1870 5641 et
1905 5585 2137 5640 sanaba-

553 5674 644 5721 tur
666 5683 804 5724 unus
833 5671 1015 5740 (Joan.
1047 5675 1123 5738 v).
1155 5674 1315 5734 Unde
1337 5685 1392 5732 et
1424 5676 1556 5732 illud
1586 5696 1601 5732 :
1635 5675 1995 5731 Multitudinis
2023 5692 2139 5732 cre-

553 5761 788 5814 dentium
821 5775 928 5818 erat
955 5783 1045 5821 cor
1069 5786 1231 5826 unum
1258 5779 1311 5826 et
1330 5772 1508 5826 anima
1534 5788 1640 5825 una
1683 5771 1821 5840 (Act.
1846 5770 1958 5842 tv);
1989 5770 2135 5841 quod

554 5851 685 5906 dicit
713 5871 726 5908 :
754 5853 822 5910 In
855 5861 1202 5915 conveniendo
1237 5863 1453 5933 populos
1482 5865 1536 5918 in
1565 5880 1724 5918 unum
1751 5878 1770 5918 :
1798 5872 1847 5919 et
1877 5878 1982 5918 non
2015 5872 2135 5917 tan-

553 5951 668 5999 tum
718 5947 901 6018 populi
949 5951 1174 6024 quilibet
1198 5953 1257 6013 in
1282 5970 1447 6012 unum
1475 5957 1817 6025 convenient,
1863 5957 1955 6014 sed
1990 5974 2131 6029 reges

2251 3463 2376 3535 quia
2405 3460 2559 3516 multi
2587 3460 2687 3531 ﬁlii
2713 3460 2955 3528 desertw,
2988 3461 3156 3532 magis
3185 3478 3346 3532 quant
3391 3461 3513 3532 ejus
3549 3476 3657 3532 qui:
3681 3458 3797 3512 liabet

2252 3557 2420 3612 virum
2471 3555 2607 3628 (lsa.
2646 3571 2766 3623 LIV;
2801 3553 2920 3609 Gal.
2972 3555 3068 3625 tv).
3124 3553 3252 3610 Haec
3298 3565 3517 3619 vocata,
3568 3544 3796 3622 respondc‘

2252 3651 2481 3707 Domino
2509 3651 2564 3705 in
2592 3651 2679 3706 via
2703 3650 2910 3705 virtutis
2933 3665 3063 3717 sure,
3096 3664 3201 3704 non
3243 3649 3297 3704 in
3343 3665 3444 3704 sua
3494 3645 3792 3702 inﬁrmitate:

2252 3743 2377 3812 quia
2410 3741 2543 3797 nihil
2575 3741 2631 3796 in
2657 3756 2716 3797 se
2747 3741 2952 3796 invenit
2981 3739 3122 3809 quod
3153 3740 3218 3796 de
3261 3754 3320 3794 se
3366 3739 3686 3810 loqueretur,
3717 3731 3794 3788 nisi

2250 3847 2439 3889 vocem
2462 3831 2814 3898 inﬁrmitatis,
2838 3831 2980 3887 hanc
3002 3830 3281 3886 videlicet:
3309 3827 3426 3901 Ego
3447 3823 3789 3909 dixi,Domin5.

2249 3925 2495 3979 miserere
2530 3923 2632 3978 mei
2657 3939 2675 3980 :
2706 3940 2839 3978 sana
2869 3922 3104 3977 animant
3146 3939 3335 3988 meam,
3367 3923 3495 3994 quia
3519 3915 3702 3991 peccavi
3723 3907 3792 3967 tibi

2253 4015 2426 4091 (Psal.
2458 4016 2551 4087 XL)
2579 4031 2594 4070 :
2619 4023 2673 4071 et
2694 4015 2814 4071 ideo
2860 4015 3126 4086 respondit
3171 4029 3229 4070 tn
3263 4015 3349 4070 via
3380 4013 3587 4068 virtutis
3616 4023 3727 4071 sua,
3751 4003 3791 4058 id

2249 4118 2356 4176 est,
2382 4109 2651 4166 credendo
2682 4108 3092 4165 resurrectioni.
3123 4106 3281 4164 Unde
3309 4106 3445 4162 illud
3473 4120 3488 4160 :
3515 4103 3570 4160 Si
3599 4098 3790 4157 credide-

2250 4201 2323 4255 ris
2354 4201 2492 4272 quod
2536 4201 2676 4256 Deus
2700 4199 2862 4256 Pater
2885 4199 3153 4254 suscitavit
3178 4213 3304 4254 eum
3333 4216 3366 4252 a
3390 4196 3625 4258 mortuis,
3649 4189 3785 4246 saltus

2249 4293 2352 4348 eris
2389 4291 2563 4364 (Rom.
2592 4291 2671 4365 χ).
2729 4291 3049 4364 ReSpondit,
3099 4291 3320 4347 dicens:
3356 4289 3676 4344 Paucitatem
3704 4279 3788 4334 dit-

2249 4404 2366 4442 rum
2413 4404 2648 4442 meorum
2699 4388 2883 4441 nuntia
2939 4387 3102 4454 mihi,
3157 4387 3213 4442 id
3266 4393 3368 4451 est,
3435 4385 3518 4440 fac
3556 4377 3788 4436 attendere

2249 4495 2404 4536 meos
2429 4480 2746 4551 paucitatem
2767 4479 2969 4533 dierum
2984 4494 3241 4544 meorum,
3265 4477 3382 4534 dies
3407 4489 3604 4548 paucos
3630 4473 3674 4526 in
3695 4466 3786 4536 qui-

2248 4571 2351 4627 bus
2399 4571 2641 4626 Ecclesia
2688 4554 3114 4640 'perseveratura
3160 4579 3244 4626 est
3291 4586 3464 4642 usque
3491 4568 3555 4624 ad
3578 4574 3784 4622 consum-

2251 4663 2546 4719 mationem
2590 4661 2795 4728 saeculi,
2838 4677 2906 4718 ne
2951 4663 3294 4719 consentiant
3330 4661 3437 4718 illis
3482 4659 3571 4732 qui
3623 4647 3781 4710 dicturi

2249 4763 2376 4812 sunt.
2421 4753 2720 4810 Ecclesiam
2780 4769 2888 4809 non
2943 4768 3064 4810 esse
3105 4753 3430 4828 generalem,
3481 4763 3535 4809 et
3573 4751 3623 4806 in
3662 4739 3779 4800 brevi

2248 4847 2562 4904 ﬁniendam.
2610 4846 2880 4917 Propheta
2919 4848 3003 4902 vel
3031 4848 3298 4912 Christus,
3329 4849 3421 4920 qui
3452 4847 3537 4904 hic
3563 4839 3776 4913 loquitur,

2243 4942 2547 5015 praevidens
2581 4942 2843 5014 quosdam
2893 4957 3014 4998 esse
3054 4941 3264 4998 futuros
3293 4943 3385 5014 qui
3412 4947 3531 5014 post
3556 4921 3804 5004 recepti0-'

2243 5050 2368 5090 nem
2408 5033 2552 5100 ﬁdei,
2597 5033 2890 5089 Ecclesiam
2936 5043 3122 5089 essent
3165 5032 3544 5104 impugnaturi,
3580 5028 3775 5083 dicentes

2244 5125 2545 5182 Ecclesiam
2602 5141 2706 5180 non
2740 5140 2859 5181 esse
2892 5125 3221 5197 generalem,
3250 5126 3340 5181 sed
3368 5125 3420 5180 in
3450 5119 3668 5194 partibus
3691 5113 3773 5166 Do-

2243 5215 2354 5270 nati
2405 5223 2614 5270 tantum
2657 5230 2779 5271 eam
2825 5229 2963 5281 esse,
3009 5224 3065 5270 et
3111 5215 3184 5270 ibi
3226 5215 3278 5270 in
3317 5215 3466 5270 brevi
3507 5204 3768 5266 ﬁniendam,

2243 5317 2430 5363 contra
2461 5323 2596 5378 quos
2626 5307 2758 5363 dicit
2786 5324 2800 5362 :
2831 5305 3160 5362 Paucitatem
3193 5307 3401 5362 dierum
3430 5316 3641 5360 meorum
3665 5309 3769 5350 nun-

2241 5399 2316 5452 tia
2363 5397 2511 5452 mihi.
2559 5396 2725 5464 Quasi
2774 5396 2924 5453 dicat
2967 5415 2980 5452 :
3025 5395 3252 5453 Constat
3283 5398 3414 5468 quia
3452 5386 3765 5460 multiplicius

2241 5490 2452 5546 dierum
2497 5488 2826 5546 :eternaliter
2862 5497 3279 5561 perseveratura
3308 5499 3428 5545 est:
3461 5485 3547 5543 sed
3572 5477 3764 5553 paucita-

2241 5592 2344 5638 tem
2385 5583 2589 5638 dierum
2618 5599 2852 5637 meorum
2896 5583 3081 5637 nuntia
3121 5584 3269 5649 mihi,
3315 5581 3368 5639 id
3406 5591 3502 5647 est,
3541 5573 3656 5634 mihi
3683 5565 3760 5624 sub

2241 5678 2620 5734 terminatione
2653 5693 2813 5750 pone,
2839 5687 2898 5732 ιιι
2933 5678 3206 5733 attendam
3241 5678 3526 5735 Ecclesiam
3551 5675 3758 5744 perse'e'

2241 5781 2482 5828 raturatn
2525 5788 2695 5844 usque
2721 5773 2776 5827 in
2807 5771 2990 5828 ﬁnem.
3026 5771 3179 5829 Unde
3219 5772 3347 5828 illud
3379 5791 3394 5828 :
3423 5769 3545 5825 Ecce
3581 5777 3658 5833 ego
3689 5769 3754 5810 ιό·

2243 5863 2438 5917 biscum
2467 5880 2580 5918 sum
2605 5843 2766 5934 usque
2787 5864 2856 5916 ad
2878 5864 3376 5918 consummationem
3396 5856 3560 5918 sa'ruli
3580 5843 3752 5945 (lauit:

2243 5956 2460 6021 xxvnt).
2494 5955 2561 6011 Et
2590 5971 2661 6013 ne
2687 5955 2818 6013 illud
2845 5955 3238 6028 intelligeretur
3264 5955 3320 6013 in
3345 5953 3570 6030 partibus
3597 5942 3748 6003 Dona“
