4034 6430
258 508 364 558 (ibi!

1394 505 1920 559 ENARIM'I'IUNES
1960 506 2021 558 IN
2063 506 2183 561 PSA
2195 504 2392 560 [.MOS.

3409 511 3509 562 670

242 624 518 686 tanquam
544 616 797 685 juventus
837 617 1025 687 aquila:
1054 615 1187 671 redit
1218 616 1368 687 vigor
1396 618 1633 671 omnium
1674 628 1837 671 ment-
1868 618 1915 677 Α
1943 618 2105 685 quasi
2125 618 2442 689 impunitum
2480 627 2689 674 maneat
2717 620 2768 674 in
2801 617 2889 673 illo
2919 616 3060 690 quod
3090 616 3212 683 fert,
3249 617 3372 674 licet
3401 618 3511 687 ipse

252 709 521 776 brorum,
569 712 862 780 pennarum
916 709 1087 775 nitor;
1136 709 1280 763 volat
1328 708 1393 764 ad
1438 710 1649 764 excelsa
1698 709 1837 763 sicut

254 804 442 872 aquila
490 816 506 859 ε
560 802 619 857 lit
661 796 713 855 in
766 816 824 856 ea
872 802 1023 870 quasi
1068 804 1311 873 quzedam
1366 802 1710 857 resurrectio.
1745 794 1836 855 Vi:

253 893 487 947 deamus
528 898 657 964 ergo
685 901 737 947 ct
764 906 883 957 nos,
922 892 966 945 si
1008 892 1131 963 quid
1179 892 1249 946 sit
1280 892 1419 963 quod
1450 892 1704 961 impediat
1738 902 1835 947 nos

254 985 325 1036 ad
375 982 762 1038 comedendum
815 999 1005 1053 panem
1071 993 1314 1038 nostrum
1373 994 1423 1038 et
1470 985 1833 1053 percutiamus

248 1082 583 1129 vetustatem
635 1073 701 1129 ad
744 1084 950 1145 petram
998 1092 1011 1127 :
1060 1085 1204 1144 petra
1252 1086 1423 1129 autem
1469 1085 1549 1130 est
1598 1075 1833 1129 Christus

250 1164 302 1233 (I
335 1165 463 1219 Cor.»
493 1165 573 1235 χ),
615 1167 665 1219 in
692 1182 794 1237 qua
828 1168 1176 1221 renovabitur
1204 1169 1416 1221 tandem
1453 1167 1704 1238 juventus
1732 1180 1830 1221 no-

252 1264 371 1309 stra
396 1256 535 1310 sicut
566 1257 777 1327 aquilrc.
802 1257 868 1312 Et
892 1258 1105 1313 interim
1136 1258 1306 1313 donec
1337 1260 1401 1313 ad
1431 1261 1832 1315 renovationem

250 1347 401 1401 illam
428 1351 735 1415 veniamus,
764 1351 1075 1406 consolatur
1100 1367 1198 1405 nos
1245 1352 1297 1405 in
1332 1353 1431 1407 hoc
1464 1354 1693 1419 deserto,
1735 1354 1829 1409 do:

247 1436 353 1493 nec
380 1440 662 1496 veniamus
699 1442 764 1495 ad
812 1444 1058 1512 patriam.
1086 1443 1238 1511 Quod
1279 1443 1445 1500 dicit:
1482 1444 1705 1500 Faciens
1736 1448 1831 1499 mi-

244 1534 571 1589 sericordias
612 1535 887 1591 Dominus.
927 1538 1129 1605 Quibus
1178 1537 1341 1593 faciat
1384 1540 1828 1607 misericordiam,

248 1624 606 1696 Evangelium
654 1626 924 1691 declarat,
969 1627 1154 1683 dicens
1198 1628 1396 1683 :Beati
1440 1630 1828 1697 misericordes,

251 1719 509 1788 quoniam
548 1720 644 1789 ipsi
671 1721 1083 1775 misericordiam
1115 1730 1490 1792 consequentur
1509 1722 1724 1793 (Matth.
1752 1724 1827 1794 v).

247 1808 383 1875 Quae
411 1810 483 1863 sit
526 1822 772 1864 mensura
818 1812 1219 1875 misericordiae,
1255 1812 1447 1867 iterum
1480 1812 1829 1884 Evangelium

246 1901 495 1956 declarat
539 1903 725 1957 dicens
752 1918 767 1958 :
800 1902 1012 1973 Diligite
1040 1904 1278 1958 inimicos
1306 1911 1521 1969 vestros,
1549 1904 1831 1975 benefacite
1870 1970 1873 1971 ν

1938 708 2029 776 qui
2074 710 2272 778 patitur
2318 719 2537 779 propter
2585 712 3008 767 misericordiam
3052 711 3365 766 servandam
3407 725 3507 763 non

1930 794 2233 856 ulciscatur
2272 800 2520 869 iniuriam
2555 802 2753 858 illatam
2789 823 2800 859 :
2834 804 2957 875 quia
2992 805 3248 859 Dominus
3276 803 3510 857 omnibus

1936 882 2023 945 hic
2054 890 2105 945 in
2136 893 2352 947 nomine
2392 909 2488 948 suo
2532 894 2779 964 injuriam
2813 894 3144 966 patientibus,
3175 892 3335 948 faciet
3372 892 3511 963 judi-

1935 982 2078 1035 cium
2108 981 2177 1035 ab
2204 982 2309 1037 illis
2339 983 2428 1053 qui
2458 983 2695 1038 inferunt
2724 985 2800 1039 eis
2842 984 3122 1054 injuriam;
3150 983 3302 1053 juxta
3336 981 3461 1036 illud
3493 995 3505 1032 :

1937 1074 2063 1129 Mihi
2111 1077 2437 1143 vindictam,
2480 1096 2571 1149 ego
2620 1080 2899 1133 retribuam
2939 1078 3113 1149 (Deut.
3150 1076 3344 1143 xxx"),
3384 1075 3513 1129 dicit

1936 1168 2213 1224 Dominus.
2258 1170 2371 1224 Non
2403 1172 2652 1242 prohibet
2686 1170 2937 1225 Dominus
2966 1171 3092 1240 quin
3125 1169 3390 1224 correctio
3419 1165 3509 1219 tiat

1936 1272 1963 1311 a
1992 1260 2228 1327 praelatis
2278 1259 2327 1313 in
2361 1260 2599 1315 subditos
2631 1279 2643 1313 :
2674 1262 3038 1316 tantummodo
3076 1262 3364 1315 cavendum
3402 1267 3507 1324 est,

1934 1366 2001 1403 ne
2028 1350 2139 1418 ipsa
2173 1350 2437 1405 correctio
2468 1352 2645 1406 animo
2676 1352 2910 1416 ultionis,
2937 1352 3027 1405 sed
3060 1354 3239 1406 animo
3264 1351 3505 1405 dilectio-

1936 1441 2016 1493 nis
2068 1440 2175 1492 fiat.
2232 1442 2393 1495 Debet
2459 1442 2599 1496 enim
2666 1442 2888 1512 quisque
2956 1442 3225 1512 corrigere
3295 1454 3505 1495 scrvmn

1932 1542 2087 1581 saum
2127 1530 2321 1582 malum
2354 1541 2401 1583 et
2438 1530 2599 1585 ﬁlium
2632 1531 2982 1597 luxuriosum,
3014 1534 3104 1587 sed
3132 1540 3315 1588 caveat
3347 1548 3508 1586 unus-

1934 1622 2161 1691 quisque
2188 1631 2245 1675 ut
2272 1624 2322 1675 id
2353 1626 2492 1692 quod
2518 1624 2570 1678 in
2605 1624 2708 1677 alio
2738 1626 2958 1695 corrigit
2987 1625 3038 1678 in
3065 1624 3241 1694 seipso
3270 1624 3509 1679 incorren

1935 1721 2079 1766 etum
2113 1728 2218 1767 non
2263 1715 2556 1782 permittat.
2602 1714 2785 1785 Neque
2834 1716 2973 1769 enim
3027 1716 3218 1770 mulier
3270 1715 3508 1769 adultera

1935 1810 2059 1857 ante
2088 1802 2370 1857 Dominum
2402 1804 2648 1867 adducta,
2680 1806 2959 1875 lapidanda
2989 1822 3093 1860 non
3141 1815 3285 1869 erat;
3316 1807 3408 1859 sed
3454 1812 3509 1859 ut

1936 1895 2261 1965 deprimeret
2310 1897 2611 1967 superbiam
2659 1897 2893 1964 illorum,
2926 1900 3017 1968 qui
3056 1900 3238 1954 volunt
3290 1900 3510 1953 alterius

252 1994 336 2047 [ιθ.
378 1994 471 2065 qui
513 1997 733 2048 σαεηιηε
776 2011 861 2049 vos
890 1995 1085 2068 (tum,
1117 1996 1183 2051 Ει
1220 1994 1456 2053 paulus;
1496 1994 1554 2052 si
1592 1999 1827 2052 esuriem
1859 1978 1905 2040 Β
1933 1985 2208 2041 vindicare
2251 1997 2493 2057 peccata,
2545 2003 2647 2042 non
2694 1990 3032 2044 attendentes
3059 1990 3181 2059 quia
3231 1990 3280 2043 in
3320 1989 3509 2058 scipsis

246 2085 492 2138 inimicus
540 2095 683 2151 tuus,
732 2085 846 2140 ciba
900 2085 1047 2141 illum
1080 2106 1099 2145 :
1132 2090 1177 2143 si
1226 2090 1360 2153 sitit,
1408 2100 1585 2161 potum
1634 2091 1702 2145 da
1751 2091 1830 2146 illi

245 2174 430 2247 (Rom.
465 2176 585 2247 xu).
630 2176 696 2231 Et
748 2177 876 2233 illud
920 2178 1125 2235 :Omni
1178 2181 1370 2253 petenti
1421 2183 1489 2237 da
1539 2182 1689 2254 (Luc.
1728 2183 1828 2256 v1).

244 2268 505 2321 Attendat
543 2284 673 2340 ergo
707 2270 936 2339 quisque
980 2272 1069 2342 qui
1119 2271 1233 2328 Vult
1278 2274 1737 2342 misericordiam,
1778 2274 1833 2333 et

245 2352 376 2415 nulli
430 2361 501 2415 sit
536 2362 925 2419 immisericors
968 2365 1157 2419 :omni
1204 2367 1405 2435 petenti
1443 2382 1499 2422 se
1544 2369 1667 2434 det,
1701 2377 1758 2423 ut
1800 2382 1829 2425 a

254 2452 489 2507 Domino
518 2455 728 2509 tandem
760 2455 916 2526 plene
946 2455 1189 2526 recipiat.
1235 2454 1348 2511 Hoc
1384 2469 1707 2529 prmceptum
1748 2460 1831 2514 vi-

238 2543 407 2597 detur
456 2558 759 2615 repugnare
807 2545 881 2599 illi
934 2546 1073 2615 quod
1128 2546 1250 2601 alibi
1285 2547 1482 2601 dicitur
1531 2565 1543 2601 :
1596 2548 1829 2604 Desudct

237 2638 591 2708 eleemosyua
626 2637 680 2691 in
711 2650 870 2691 manu
904 2648 1013 2703 tua,
1043 2639 1211 2693 denec
1241 2638 1481 2693 invenias
1507 2637 1711 2707 justum
1744 2640 1829 2695 cui

240 2730 433 2783 tradas
480 2743 623 2784 eam.
672 2728 811 2796 Quid
860 2740 987 2801 ergo
1035 2730 1315 2785 dicemus?
1343 2731 1551 2785 Dictum
1588 2743 1709 2786 est:
1748 2731 1830 2788 Ne

236 2822 501 2891 suscipias
543 2831 859 2892 peccatorem
892 2822 1079 2895 (Eccli.
1124 2824 1224 2896 xu)
1268 2842 1281 2879 :
1320 2833 1375 2879 et
1406 2834 1583 2881 tamen
1611 2827 1825 2893 dicitur,

238 2915 391 2967 omni
420 2916 608 2983 petenti
640 2921 688 2969 te
712 2914 800 2968 da.
835 2913 911 2970 Da
956 2917 1257 2986 peccatori,
1289 2932 1397 2972 non
1426 2928 1486 2973 ut
1532 2919 1825 2987 peccatori,

240 3008 339 3060 sed
397 3015 456 3059 ut
504 3006 666 3077 justo.
708 3006 880 3061 Homo
930 3016 1181 3078 peccator
1224 3009 1461 3064 occurrit
1515 3009 1645 3064 tibi?
1694 3010 1829 3065 Cum

242 3097 374 3151 dico
403 3113 418 3151 :
452 3096 622 3152 Homo
652 3105 903 3169 peccator
936 3098 1173 3153 occurrit
1201 3099 1318 3165 tibi,
1349 3101 1452 3154 duo
1489 3100 1705 3155 nomina
1735 3115 1828 3170 po-

243 3201 375 3241 nam
430 3202 537 3241 non
588 3189 875 3258 superflua.
909 3187 1084 3244 Unum
1133 3190 1275 3245 enim
1318 3205 1512 3246 nomen
1556 3192 1697 3261 quod
1746 3198 1828 3247 est

240 3280 443 3344 homo,
497 3292 632 3349 opus
683 3278 775 3335 Dei
816 3281 1080 3352 significat
1125 3298 1138 3334 :
1186 3291 1441 3353 peccator
1482 3294 1642 3351 vero,
1692 3299 1827 3356 opus

1932 2078 2248 2134 vindicanda
2280 2090 2402 2133 sunt
2432 2080 2603 2149 plura.
2632 2081 2776 2135 Dixit
2813 2081 2955 2135 enim
2990 2100 3001 2136 :
3035 2082 3135 2147 Qui
3167 2082 3276 2135 sine
3298 2093 3509 2151 peccato

1932 2181 2005 2227 est
2034 2182 2257 2227 vestrum
2286 2174 2457 2227 mittat
2484 2173 2534 2227 in
2565 2191 2678 2228 eam
2710 2172 2933 2245 lapidem
2962 2175 3141 2245 (Jo‘au.
3174 2175 3310 2248 vni).
3346 2176 3508 2243 Quasi

1934 2262 2076 2317 dicat
2106 2279 2117 2314 :
2154 2260 2262 2316 Lex
2292 2273 2475 2317 sancta
2507 2271 2610 2329 est,
2638 2274 2689 2317 et
2720 2264 2851 2318 nihil
2880 2264 3075 2335 injuste
3098 2268 3355 2336 prmcipit.
3392 2267 3509 2321 ideo

1932 2364 2157 2407 necesse
2195 2362 2277 2407 est
2326 2360 2382 2405 ut
2428 2353 2595 2407 sancti
2629 2354 2735 2407 sint
2766 2354 2997 2409 ministri
3025 2354 3153 2427 legis
3181 2373 3191 2407 :
3223 2366 3275 2411 et
3302 2357 3388 2425 qui
3418 2371 3511 2411 vo-

1930 2443 2047 2499 lunt
2096 2446 2367 2515 corrigere
2414 2445 2635 2501 alterius
2681 2446 2957 2514 facinora,
3008 2450 3157 2518 prius
3218 2449 3270 2503 in
3321 2450 3510 2520 seipsis

1931 2535 2187 2591 damnent
2223 2537 2456 2607 propria.
2488 2538 2709 2609 Lapidet
2740 2554 2866 2611 ergo
2910 2541 3200 2595 adulteram
3232 2542 3510 2597 conscien-

1932 2629 2060 2683 tiam
2100 2644 2271 2693 suam,
2318 2631 2404 2699 qui
2454 2631 2731 2685 mulierem
2764 2631 2875 2685 vult
2904 2631 3140 2703 lzipidam
3186 2634 3503 2687 adulteram.

1930 2718 2027 2775 Vel
2072 2720 2149 2773 sic
2195 2720 2434 2774 dicamus
2480 2738 2492 2773 :
2530 2719 2753 2775 Faciens
2795 2723 3177 2777 misericordias
3228 2723 3508 2789 Dominus,

1929 2828 2198 2885 quemque
2226 2831 2378 2869 suum
2404 2815 2704 2881 iustificans
2733 2835 2745 2871 :
2775 2826 2819 2870 et
2856 2816 3119 2887 judicium
3156 2818 3393 2872 omnibus
3427 2821 3509 2873 in-

1919 2905 2120 2976 juriam
2168 2906 2479 2974 patientibus
2501 2948 2514 2971 ,
2562 2908 2661 2962 hoc
2695 2907 2941 2964 videlicet
2981 2916 3038 2963 ut
3069 2911 3158 2981 qui
3186 2908 3365 2978 justus
3392 2918 3507 2977 est,

1920 2996 2248 3067 justificetur
2293 2999 2465 3052 adhuc
2496 2998 2676 3070 (Apoc.
2714 3000 2869 3072 mi).
2904 3000 3070 3056 Notas
3103 3003 3222 3071 fecit
3252 3003 3357 3057 vias
3384 3020 3507 3058 suas

1930 3089 2120 3161 Moysi.
2150 3090 2311 3158 Quasi
2348 3091 2485 3145 dicat
2515 3110 2525 3144 :
2558 3092 2813 3147 Dominus
2861 3092 2986 3149 facit
3032 3094 3417 3149 misericordias
3462 3106 3507 3149 et

1919 3183 2205 3255 judicium,
2238 3191 2289 3237 et
2323 3184 2419 3239 bas
2450 3185 2556 3237 vias
2587 3202 2712 3239 suas
2760 3196 2908 3240 notas
2942 3185 3131 3258 Moysi.
3160 3184 3259 3243 Per
3293 3187 3507 3261 Moysen

1929 3276 2155 3347 quisque
2184 3276 2385 3330 electus
2420 3277 2763 3346 accipiendos
2787 3288 2899 3339 est;
2935 3286 2987 3331 et
3032 3278 3152 3333 ideo
3181 3280 3379 3333 mavult
3410 3296 3507 3351 po-

243 3371 504 3426 limninis.
555 3371 673 3426 Noli
707 3386 837 3443 ergo
881 3374 1012 3429 dare
1056 3376 1217 3445 operi.
1258 3376 1508 3443 hominis,
1538 3378 1631 3433 sed
1676 3377 1825 3447 operi
1855 3360 1899 3424 C
1932 3382 2060 3421 nere
2086 3366 2301 3438 Moysen
2328 3384 2487 3438 quam
2516 3368 2675 3422 alium
2702 3368 2953 3435 electum,
2980 3370 3101 3442 quia
3131 3372 3241 3441 ipse
3266 3372 3510 3427 minister

242 3461 365 3516 Dei.
394 3461 553 3533 Operi
576 3464 813 3519 hominis
840 3465 958 3530 das,
985 3467 1199 3535 quando
1230 3466 1284 3521 in
1316 3481 1425 3537 quo
1446 3479 1699 3538 peccator
1720 3480 1822 3537 est,

243 3555 349 3610 hoc
393 3556 487 3611 tibi
524 3557 698 3626 placet
743 3565 801 3613 ut
848 3560 960 3614 des.
993 3558 1125 3613 Nam
1156 3560 1246 3630 qui
1282 3562 1525 3616 venatori
1554 3562 1636 3616 vel
1674 3561 1827 3632 jocu«

245 3648 405 3702 latori
434 3649 527 3703 dat
556 3665 654 3720 pro
676 3642 793 3721 ipsa
825 3658 943 3707 arte
971 3667 1130 3722 quam
1158 3662 1393 3719 exercet,
1426 3669 1528 3708 non
1560 3658 1648 3709 dat
1677 3654 1825 3725 Operi

246 3741 362 3806 Dei,
390 3742 483 3796 sed
524 3744 672 3811 operi
704 3744 957 3798 hominis.
985 3744 1118 3811 Quia
1150 3746 1193 3800 si
1235 3746 1395 3801 homo
1426 3754 1630 3801 tantum
1660 3756 1823 3813 esset,

243 3839 299 3885 et
336 3843 559 3887 venator
581 3848 685 3887 non
715 3842 875 3898 esset,
904 3851 1009 3889 non
1038 3837 1193 3891 dares
1224 3854 1235 3889 :
1270 3846 1323 3892 et
1364 3838 1486 3893 ideo
1509 3838 1746 3894 honoras
1771 3839 1827 3893 in

241 3939 308 3979 eo
353 3941 458 3978 non
487 3934 757 3991 naturam,
789 3928 881 3981 sed
928 3933 1096 3981 artem
1132 3926 1215 3981 vel
1256 3927 1444 3982 vitium
1477 3945 1489 3981 :
1522 3938 1575 3984 et
1602 3929 1823 3997 iterum,

244 4018 286 4070 si
331 4018 481 4087 justo
516 4020 645 4086 des,
693 4019 736 4074 si
770 4019 865 4074 des
894 4017 1154 4089 discipulo
1192 4020 1389 4077 Christi
1443 4022 1639 4091 aliquid
1675 4024 1827 4093 cujus

245 4110 470 4181 indiget,
516 4122 570 4167 et
601 4126 706 4167 non
740 4113 811 4168 ibi
855 4114 1056 4184 cogites
1101 4115 1225 4183 quia
1273 4115 1563 4185 discipulus
1590 4115 1822 4181 Christi,

242 4204 371 4275 quia
403 4204 652 4257 minister
680 4203 771 4258 Dei
805 4211 910 4270 est,
940 4206 1062 4275 quia
1100 4207 1439 4275 dispensator
1478 4206 1567 4259 Dei
1601 4215 1701 4271 est,
1732 4207 1825 4261 sed

244 4297 450 4365 cogites
497 4295 713 4364 aliquod
757 4297 1094 4351 commodum
1142 4297 1456 4366 temporale,
1492 4304 1550 4349 ut
1597 4296 1829 4351 fortasse

246 4401 428 4440 causa:
455 4393 558 4439 llla’.
583 4388 652 4441 sit
676 4388 1047 4452 necessarius;
1076 4388 1307 4442 vel’izleo
1340 4388 1387 4441 ei
1418 4387 1533 4452 das,
1561 4395 1616 4441 ut
1646 4388 1829 4442 mitior

245 4480 316 4533 sit
345 4480 463 4543 tibi,
496 4479 539 4532 si
567 4479 644 4533 sic
674 4479 904 4545 dederis,
927 4480 1071 4550 justo
1098 4496 1204 4535 non
1230 4482 1325 4535 das
1355 4499 1365 4533 ε
1395 4482 1532 4535 sicut
1554 4494 1656 4535 non
1682 4482 1829 4535 dedit

245 4572 451 4624 homini
479 4574 693 4641 quando
731 4574 879 4627 dedit
908 4575 1167 4628 venatori.
1210 4574 1279 4630 Ut
1308 4584 1484 4629 autem
1519 4572 1691 4629 nullus
1739 4586 1821 4629 ate

244 4662 454 4725 tendat,
497 4678 619 4717 cum
662 4665 1079 4735 dederit'justo,
1111 4667 1209 4721 sibi
1241 4674 1427 4736 postea
1475 4682 1534 4720 ex
1585 4667 1697 4737 ipsa
1731 4666 1821 4721 dna

1928 3459 2062 3529 legis
2086 3458 2208 3523 fuit,
2238 3467 2289 3513 et
2336 3459 2407 3513 illi
2439 3469 2585 3513 notas
2619 3458 2741 3514 fecit
2773 3460 3030 3516 Dominus
3076 3462 3182 3516 vias
3214 3480 3360 3530 suas,
3411 3464 3508 3517 bas

1927 3552 2171 3607 videlicet
2204 3552 2327 3622 quia
2356 3550 2596 3606 facturus
2627 3560 2709 3607 est
2752 3552 3175 3609 misericordiam
3204 3554 3255 3609 in
3287 3555 3390 3610 illis
3416 3555 3507 3625 qui

1927 3652 2051 3698 sunt
2096 3656 2219 3712 erga
2267 3642 2385 3695 illos
2420 3643 2816 3709 misericordes,
2849 3651 2901 3697 ct
2945 3644 3206 3713 judicium
3258 3645 3507 3699 omnibus

1927 3735 2177 3804 injuriam
2223 3736 2567 3806 patientibus.
2603 3734 2715 3789 lloc
2746 3744 2925 3791 notum
2958 3736 3085 3791 fecit
3115 3737 3275 3792 etiam
3320 3736 3504 3808 Moysi,

1926 3839 1994 3877 ne
2040 3825 2264 3894 quisque
2313 3827 2543 3893 superbe
2579 3824 2847 3893 judicaret
2885 3826 2951 3882 de
2992 3829 3226 3898 peccatis
3264 3829 3507 3894 alterius,

1928 3921 2216 3984 antequam
2262 3916 2559 3971 satisfaciat
2606 3918 2715 3972 Deo
2761 3919 2825 3973 de
2870 3919 3120 3990 propriis.
3152 3919 3301 3987 Quod
3355 3922 3505 3987 dicit,

1926 4017 2072 4062 notas
2102 4006 2225 4062 fecit
2254 4008 2362 4062 vias
2389 4025 2508 4062 suas
2538 4007 2727 4079 Moysi,
2757 4020 2807 4065 ct
2836 4026 2930 4082 per
2958 4012 3174 4085 Moysen
3214 4014 3509 4069 notit’havit

1923 4099 2050 4168 [iliis
2075 4099 2245 4154 Israel
2273 4102 2560 4157 voluntates
2588 4122 2730 4169 suas,
2758 4106 2880 4175 quia
2911 4121 3004 4177 per
3028 4106 3245 4177 Moysen
3276 4108 3398 4162 data
3426 4116 3508 4161 est

1923 4191 2007 4246 lex
2034 4234 2046 4256 ,
2080 4208 2199 4262 qum
2243 4210 2428 4247 omnes
2480 4197 2577 4248 sub
2627 4208 2849 4267 peccato
2900 4203 3305 4271 comprehcndit
3339 4220 3348 4255 :
3381 4202 3505 4271 quia

1922 4286 2150 4339 ueniente
2177 4289 2442 4349 mandato,
2478 4290 2655 4343 rerixit
2690 4300 2974 4360 peccatum.
3004 4291 3353 4347 Nesciebatur
3380 4309 3505 4346 con-

1924 4377 2250 4445 eupisccutia
2278 4391 2396 4434 esse
2416 4390 2717 4449 peceatum,
2737 4383 2834 4437 nisi
2860 4383 2942 4436 (ex.
2969 4384 3198 4439 diceret:
3233 4384 3351 4439 Non
3385 4403 3505 4439 cou-

1924 4472 2154 4540 cupisces
2178 4470 2347 4540 (Rom.
2377 4475 2491 4544 vn).
2526 4472 2818 4528 Misericors
2846 4475 3097 4530 Dominus
3123 4477 3173 4531 in
3205 4478 3503 4548 promissis,

1923 4572 1971 4617 et
2003 4566 2278 4615 miserator
2305 4563 2354 4617 in
2388 4565 2810 4621 cvhibitionibns
2830 4610 2841 4631 ,
2871 4566 3202 4637 louganimis,
3234 4572 3354 4639 quia
3384 4587 3506 4640 por-

1926 4661 2001 4707 tat
2030 4668 2127 4708 nos
2156 4655 2322 4709 donec
2351 4655 2615 4725 perficiat,
2648 4668 2692 4709 et
2719 4657 2938 4711 multant
2972 4660 3283 4724 misericors,
3320 4662 3370 4716 in
3407 4663 3505 4715 hoc

247 4758 392 4809 tione
416 4755 650 4810 futurum
680 4760 971 4828 temporale
1000 4762 1360 4824 commodum,
1389 4761 1565 4813 audiat
1596 4762 1823 4831 quisque

1928 4746 2049 4815 quia
2098 4757 2369 4815 peccatur,
2405 4756 2456 4799 et
2488 4756 2662 4800 tamen
2711 4748 2925 4802 vivitur.
2959 4748 3232 4804 Accedunt
3262 4762 3500 4821 peccata,

248 4850 532 4903 Dominum
560 4852 825 4905 dicentem
855 4854 905 4906 in
932 4853 1215 4923 Evangelio
1246 4871 1259 4907 :
1296 4852 1399 4918 Qui
1427 4854 1602 4924 recipit
1623 4854 1824 4923 justum

244 4944 297 4995 iu
334 4946 537 4996 nomine
559 4945 713 5011 justi,
760 4946 1042 4999 mercedem
1080 4946 1212 5016 justi
1252 4948 1467 5017 accipiet
1503 4944 1714 5013 (Matth.
1747 4950 1819 5019 ι).

247 5034 363 5086 Non
400 5030 593 5087 sullicit
631 5034 771 5087 enim
818 5035 1018 5101 justum
1055 5038 1326 5105 recipere,
1370 5039 1470 5093 nisi
1520 5040 1571 5092 in
1611 5041 1823 5095 nomine

244 5124 373 5193 justi
423 5126 729 5193 recipiatur.
758 5125 812 5178 lu
845 5127 1059 5180 nomine
1095 5138 1270 5183 autem
1298 5128 1424 5196 justi
1453 5128 1654 5197 justum
1685 5132 1825 5185 reci;

243 5216 359 5284 pit,
392 5215 480 5283 qui
532 5216 587 5269 in
618 5230 682 5268 eo
715 5218 855 5285 quod
900 5216 1077 5287 justus
1108 5227 1191 5271 est
1243 5228 1444 5273 tantum
1496 5221 1722 5274 attendit
1771 5221 1823 5275 in

248 5309 364 5377 ipsa
398 5310 723 5378 receptione,
756 5319 808 5363 et
842 5312 1194 5364 nonattendit
1236 5312 1444 5382 aliquod
1484 5314 1823 5368 commodum

248 5402 375 5455 inde
403 5402 620 5456 habere.
648 5400 755 5455 illis
797 5411 975 5455 autem
1007 5403 1094 5470 qui
1128 5404 1205 5457 sic
1236 5404 1489 5458 exhibent
1524 5405 1815 5459 misericor-

246 5494 412 5556 diam,
438 5494 491 5547 in
516 5493 635 5548 aliis
661 5493 789 5548 facit
814 5496 1254 5549 misericordiam.
1283 5496 1347 5549 Et
1373 5511 1437 5550 ne
1464 5497 1583 5565 quis
1606 5497 1823 5563 diceret,

250 5585 309 5639 Si
358 5586 606 5640 omnibus
641 5586 1069 5641 misericordiam
1116 5587 1316 5648 fecero,
1351 5586 1395 5641 si
1427 5596 1533 5641 tam
1580 5588 1824 5643 inimicos

250 5690 411 5745 quam
448 5660 651 5730 amicos
684 5672 944 5740 dilexero,
976 5690 1101 5731 ecce
1148 5677 1362 5747 impune
1405 5676 1575 5731 feram
1621 5680 1821 5745 omnia,

250 5785 380 5825 ecce
410 5770 550 5841 perit
581 5770 846 5825 correctio
867 5769 1161 5840 disciplinae,
1183 5784 1411 5834 morum,
1444 5770 1783 5839 subjungitur
1809 5789 1820 5824 :

249 5871 295 5912 et
335 5860 597 5929 judicium
628 5859 865 5913 erunibus
892 5860 1144 5931 injuriam
1190 5861 1519 5931 patientibus.
1545 5860 1707 5928 Quasi
1740 5862 1820 5916 di-

250 5960 337 6008 cat
382 5970 392 6006 :
448 5954 559 6008 .‘~‘on
605 5950 899 6009 timendum
941 5961 1023 6010 est
1068 5952 1227 6009 alicui
1272 5951 1520 6023 iniuriam
1573 5953 1819 6026 patienti,

1922 4847 1975 4892 ct
2019 4838 2366 4907 prolongatur
2414 4839 2565 4891 vita:
2614 4851 2768 4893 vocat
2819 4856 2914 4895 nos
2960 4842 3147 4906 minis,
3203 4855 3359 4898 vocat
3409 4861 3504 4898 nos

1922 4930 2299 4985 blandimentis
2328 4948 2340 4985 :
2371 4938 2421 4983 et
2467 4931 2720 4985 Dominus
2750 4934 2859 4987 lucc
2909 4933 3107 4989 faetens
3128 4978 3140 4999 ,
3172 4954 3271 4989 non
3303 4938 3353 4990 in
3384 4954 3497 5006 per-

1920 5032 2130 5091 petuum
2182 5024 2438 5075 irascetur
2478 5023 2663 5087 nobis,
2699 5040 2857 5095 neque
2907 5026 2960 5079 in
3009 5038 3254 5079 a'tcrnum
3286 5028 3501 5079 commi-

1921 5113 2149 5165 nttbitur.
2184 5112 2334 5178 Quod
2372 5112 2481 5181 jam
2512 5116 2716 5183 experti
2754 5133 2957 5181 smnus,
3004 5118 3124 5185 quia
3160 5134 3279 5169 eum
3316 5132 3503 5185 pecca-

1927 5211 2071 5257 tores
2117 5219 2390 5267 essemus,
2436 5204 2712 5273 justiﬁcali
2757 5224 2939 5259 sumus
2981 5225 2993 5261 :
3028 5223 3149 5261 cum
3199 5207 3332 5260 mala
3381 5224 3504 5276 pm-

1928 5293 2253 5357 tneruimns,
2303 5294 2413 5363 ipse
2463 5294 2596 5348 bona
2646 5296 2908 5349 retribuit.
2956 5296 3103 5363 Quod
3152 5296 3275 5349 dicit
3323 5315 3333 5349 :
3384 5295 3501 5349 Non

1931 5385 2208 5437 recreatum
2256 5394 2465 5453 peccata
2514 5398 2689 5442 nostra
2734 5388 2899 5442 facias
2928 5389 3091 5452 nobis,
3135 5406 3293 5458 neque
3322 5407 3503 5441 sccun-
3574 5396 3581 5402 '

1927 5475 2049 5527 dum
2099 5476 2395 5546 iniquitates
2458 5486 2663 5531 nostras
2709 5478 2975 5532 retribuas
3026 5480 3186 5531 nobis.
3243 5478 3499 5542 Quoniam

1929 5571 2211 5622 secundum
2248 5569 2574 5623 altitudinem
2618 5568 2732 5623 cali
2762 5586 2793 5623 a
2830 5580 3000 5633 terra,
3030 5570 3502 5623 corroboravit'mi-

1929 5662 2269 5715 sericordiam
2292 5678 2439 5713 suam
2472 5678 2626 5729 super
2651 5662 2885 5715 timentes
2907 5678 2960 5714 se
2983 5675 2999 5711 :
3025 5662 3144 5730 quia
3174 5662 3326 5715 sicuti
3361 5671 3501 5713 terra

1931 5755 2168 5822 undique
2197 5770 2224 5805 a
2272 5753 2409 5807 cmlo
2441 5754 2758 5823 protegitur,
2792 5764 2839 5806 et
2890 5756 2955 5807 ab
2994 5769 3055 5805 eo
3100 5754 3277 5807 lumen
3326 5755 3501 5813 habet,

1930 5864 1981 5911 ct
2012 5856 2078 5908 ab
2124 5869 2190 5909 ro
2235 5870 2356 5907 rore
2398 5856 2653 5925 irrigatur
2695 5864 2745 5909 et
2790 5856 2963 5926 pluvia
3013 5855 3383 5913 imbrilicatur,
3435 5854 3502 5905 ita

1932 5964 2068 6023 quos
2106 5949 2335 6021 protegit
2364 5950 2731 6006 misericordia
2773 5949 2864 6006 Dei
2911 5949 3145 6021 undique
3172 5948 3423 6021 protegit,
3455 5955 3503 6002 et
