3868 5622
101 440 225 496 675

1263 439 1793 499 ENABRATIONES
1831 441 1896 497 IN
1935 441 2272 500 PSALMOS.

3268 444 3372 503 67s
3389 516 3393 525 τ

93 549 326 615 anima,
348 548 599 615 Domino,
625 549 751 620 quia
779 558 837 605 tu
871 548 1089 606 Domine
1124 549 1265 606 Deus
1287 569 1428 607 meus
1448 594 1463 619 ,
1494 554 1698 625 magni—
1722 561 1776 620 Α
1802 555 2080 626 Scriptura
2112 573 2141 612 a
2169 572 2323 612 sacra
2348 556 2499 627 quasi
2527 558 2854 624 extenditur,
2886 559 3099 628 quando
3128 527 3197 615 ne
3234 561 3371 617 obli-

97 643 309 712 ﬁcatus
338 660 391 698 es
433 644 773 698 vehementer.
803 641 919 698 Non
948 644 1323 715 magniﬁcatur
1352 644 1615 701 Dominus
1641 644 1698 703 in

98 737 299 807 seipse
321 777 337 803 ,
368 751 467 793 nec
518 736 816 791 minuitur:
849 738 944 792 sed
987 736 1040 792 in
1090 735 1245 792 nobis
1281 737 1692 808 magniﬁcatur,

97 831 335 899 quando
365 844 527 900 opera
567 844 663 884 sua
710 829 763 884 in
794 830 948 885 nobis
986 836 1265 899 apparent.
1308 827 1696 899 Confessionem

94 929 152 973 et
177 921 427 974 decorem
452 919 687 974 induisti.
718 920 880 988 Quasi
906 920 1094 976 dicat:
1139 918 1278 975 Vere
1316 920 1697 991 magniﬁcatus

94 1027 166 1068 es
196 1014 554 1069 vehementer
578 1031 592 1067 :
624 1013 748 1085 quia
784 1012 1059 1068 confessos
1083 1020 1138 1068 et
1163 1012 1242 1067 sic
1270 1012 1443 1066 factos
1469 1012 1696 1068 decoros

90 1103 372 1167 induisti,
419 1103 473 1158 id
517 1112 632 1168 est,
677 1103 1057 1158 vestimentum
1093 1102 1190 1159 tibi
1218 1101 1415 1158 fecisti.
1447 1100 1617 1166 Nota,
1648 1103 1693 1158 si

92 1193 189 1249 vis
216 1207 343 1249 esse
372 1193 618 1257 decorus,
645 1192 934 1248 conﬁtere:
957 1201 1012 1248 et
1047 1208 1077 1247 a
1104 1192 1443 1249 confessione
1470 1192 1697 1262 incipies

94 1282 363 1336 decorari
392 1299 405 1335 :
438 1280 697 1337 Dominus
736 1282 879 1337 enim
914 1290 973 1336 ut
1019 1297 1049 1336 a
1079 1280 1321 1336 fmditate
1355 1282 1409 1336 in
1442 1282 1693 1338 decorem

96 1374 401 1440 transires,
424 1388 546 1429 cum
575 1383 718 1430 esset
758 1374 1004 1439 decorus,
1043 1373 1219 1430 factus
1246 1383 1328 1429 est
1360 1373 1553 1430 fmdus.
1585 1375 1691 1432 De-

95 1477 276 1520 coms
322 1464 378 1518 in
427 1464 558 1528 hoc,
610 1464 735 1533 quia
780 1465 835 1518 in
878 1465 1133 1534 principio
1177 1474 1289 1518 erat
1332 1462 1597 1531 Verbum,
1642 1474 1691 1519 et

101 1552 351 1609 Verbum
390 1565 503 1609 erat
543 1556 685 1626 apud
737 1556 903 1611 Deum
931 1555 1113 1627 (Joan.
1141 1558 1201 1629 ι).
1236 1556 1433 1612 Fmdus
1482 1558 1536 1613 in
1590 1558 1693 1612 hoc

92 1650 234 1720 quia
272 1649 326 1703 in
360 1648 718 1705 hoeformam
758 1651 900 1705 servi
927 1650 1135 1720 accepit
1164 1648 1329 1720 (Phil.
1360 1650 1446 1719 ιι),
1480 1660 1535 1703 ut
1567 1666 1689 1705 cum

94 1750 357 1800 nostram
412 1738 710 1797 ﬁeditatem
757 1740 1147 1812 participaret,
1196 1756 1294 1797 nos
1347 1756 1445 1796 suo
1494 1743 1691 1797 decore

93 1833 414 1889 decoraret.
470 1832 621 1901 Quod
675 1834 841 1900 dicit,
900 1835 1276 1905 confessionem
1341 1845 1390 1890 et
1449 1837 1686 1890 decorem

1799 647 1943 703 vioni
1995 648 2257 715 tradatur,
2305 648 2505 719 ubique
2544 650 2866 719 divulgatur.
2912 650 3014 716 Qui
3047 654 3173 723 tegis
3214 656 3363 725 aquis

1795 740 2063 809 superiora
2087 740 2223 810 ejus.
2269 740 2560 811 Superiora
2590 741 2885 811 Scriptura:
2920 743 3091 813 accipi
3121 755 3365 813 possunt,

1798 831 2015 888 dilectio
2056 833 2150 888 Dei
2177 842 2232 888 et
2270 835 2499 905 proximi
2524 850 2539 889 :
2564 852 2684 907 qua:
2725 835 2882 906 aquis
2923 845 3197 908 teguntur,
3242 839 3368 910 quia

1796 924 2129 994 spiritalibus
2156 925 2314 982 donis
2338 934 2399 981 ut
2440 935 2817 997 permaneant,
2859 928 3120 984 uuiuntur
3148 937 3203 984 et
3238 945 3372 986 con-

1794 1013 2096 1070 ﬁrmantur.
2144 1015 2249 1072 Per
2297 1031 2467 1086 aquas
2519 1018 2663 1073 enim
2708 1017 3009 1089 spiritualia
3062 1020 3365 1088 donantur,

1793 1104 1916 1174 quia
1962 1106 2030 1161 ab
2084 1106 2434 1163 interioribus
2475 1108 2725 1164 sordibus
2785 1109 3023 1165 animam
3078 1104 3394 1170 mundanta

1793 1193 1999 1263 Quibus
2046 1196 2419 1267 spiritualibus
2448 1199 2603 1254 donis
2655 1198 3010 1255 conﬁrmatur
3049 1203 3285 1257 charitas
3316 1212 3372 1258 et

1791 1300 2020 1357 quaeque
2045 1288 2276 1343 virtutes
2302 1304 2315 1341 :
2339 1289 2596 1358 quoniam
2623 1290 2766 1361 quod
2794 1292 3022 1362 quisque
3051 1294 3211 1349 habet
3241 1296 3370 1349 cha-

1793 1380 2005 1433 ritatem
2049 1389 2381 1451 caeterasque
2422 1382 2670 1449 virtutes,
2717 1384 2818 1438 hoc
2856 1400 2923 1440 ex
2958 1386 3097 1440 dono
3129 1386 3224 1441 Dei
3273 1387 3368 1442 ba-

1790 1471 1882 1528 bet
1913 1489 1927 1525 :
1957 1471 2101 1541 quia,
2146 1490 2297 1528 omne
2340 1475 2524 1529 datum
2572 1476 2844 1545 Optimum,
2887 1487 2935 1531 et
2976 1494 3125 1533 omne
3175 1481 3367 1532 donum

1788 1560 2095 1631 perfectum,
2119 1563 2391 1619 desursum
2413 1576 2506 1633 est,
2534 1566 2847 1623 descendens
2872 1587 2903 1623 a
2926 1567 3089 1623 Patre
3111 1568 3370 1623 luminum

1792 1654 1933 1724 (Jac.
1983 1655 2043 1726 ι).
2089 1654 2183 1710 Vel
2234 1657 2313 1713 sic
2359 1675 2372 1711 :
2422 1657 2722 1713 Extendens
2762 1657 2943 1713 cwlum
2984 1661 3119 1713 sicut
3161 1659 3365 1729 pellent.

1789 1745 2022 1803 Possunt
2042 1764 2140 1818 per
2163 1749 2356 1803 cmlum
2386 1751 2770 1819 prtedicatores
2799 1750 3168 1819 notari,juxta
3197 1750 3359 1805 illud:

1786 1835 1917 1892 Cati
1947 1849 2194 1892 enarrant
2230 1839 2453 1907 gloriam
2488 1840 2584 1894 Dei
2620 1839 2790 1911 (Psal.
2820 1840 2995 1912 xvm).
3045 1841 3367 1895 Praedicato-

96 1926 376 1991 induisti,
442 1928 664 1982 amictus
724 1926 958 1993 lumine,
1015 1928 1068 1983 id
1137 1937 1221 1984 est
1248 1969 1264 1994 ,
1322 1928 1688 1984 circumdatus
1718 1914 1765 1975 Β
1795 1944 1883 1984 res
1926 1928 2015 1983 isti
2067 1930 2430 1984 extenduntur
2465 1931 2607 1985 sicut
2652 1931 2826 2001 pellis,
2874 1933 2997 2001 quia
3043 1934 3182 1988 sicut
3214 1932 3366 2002 pellis

88 2014 213 2071 illis
267 2016 355 2087 qui
386 2018 535 2087 prius
581 2016 795 2073 fuerunt
828 2018 1130 2085 tenebrosi,
1185 2019 1319 2074 velut
1368 2010 1687 2075 vestimento.

95 2106 266 2164 Unde
312 2109 483 2164 illud:
516 2108 717 2166 Fuistis
754 2111 1036 2182 aliquando
1074 2111 1316 2178 tenebrw,
1348 2129 1484 2167 nunc
1518 2122 1701 2166 autem.

96 2200 199 2254 lux
236 2202 293 2254 in
336 2200 562 2256 Domino
602 2201 817 2273 (Ephes.
857 2202 934 2274 v).
985 2202 1287 2258 Extendens
1333 2203 1516 2258 caelum
1556 2204 1691 2258 sicut

94 2292 295 2363 pellem
317 2307 337 2346 :
360 2293 527 2362 Quasi
560 2296 704 2351 dicat
726 2313 739 2349 :
760 2294 873 2351 Hoc
908 2297 1064 2352 modo
1102 2297 1292 2354 indues
1332 2297 1611 2353 confessos
1637 2305 1692 2353 et

98 2385 361 2451 decoros,
394 2386 521 2456 quia
563 2386 822 2443 extendes
864 2389 1073 2454 caelum,
1116 2388 1169 2445 id
1212 2398 1314 2453 est,
1353 2375 1689 2459 Scripturam

96 2493 346 2544 sacram,
400 2494 519 2549 qme
561 2479 699 2535 c0310
746 2490 1109 2552 comparatur,
1146 2481 1271 2551 quia
1323 2480 1501 2535 divina
1549 2479 1689 2536 celat

96 2570 393 2641 mysteria,
432 2571 564 2625 sicut
602 2570 807 2642 pellem,
855 2572 908 2627 id
943 2581 1046 2639 est,
1094 2572 1450 2629 sicutl'amam
1480 2582 1685 2628 morta-

96 2660 240 2717 lium
274 2673 605 2720 sanctorum.
646 2664 714 2720 Et
740 2664 882 2735 quod
918 2680 1015 2735 per
1044 2664 1239 2736 pellem
1281 2664 1580 2720 mortalitas
1609 2664 1690 2719 in-

100 2753 391 2825 telligitur,
425 2755 478 2811 in
501 2755 697 2812 Genesi
733 2766 989 2811 notatur:
1016 2757 1142 2827 quia
1173 2764 1457 2827 postquam
1484 2770 1689 2828 prteva-

98 2847 266 2903 ricati
294 2857 423 2904 sunt
442 2848 601 2919 primi
625 2858 895 2919 parentes,
930 2848 1056 2904 fecit
1081 2849 1160 2904 eis
1186 2848 1448 2904 Dominus
1474 2847 1688 2915 tunicas

94 2940 365 3012 pelliceas
388 2938 542 3011 (Cen.
576 2942 679 3013 ιιι),
704 2942 990 3013 designans
1018 2956 1114 3012 per
1135 2942 1237 2997 hoc
1274 2942 1400 3012 quia
1432 2940 1687 2997 mortales

94 3042 292 3089 essent
328 3030 478 3087 facti.
510 3031 613 3088 Per
644 3033 837 3104 pellem
865 3033 1166 3090 mortalitas
1194 3032 1533 3106 intelligitur,
1560 3032 1685 3102 quia

94 3126 262 3196 pellis
292 3142 323 3180 a
354 3135 568 3182 mortuo
603 3126 823 3181 animali
862 3127 1216 3183 abstrahitur.
1265 3125 1403 3181 Nota
1451 3112 1691 3195 scriptu?

94 3234 224 3273 ram
266 3226 549 3273 extensam
587 3218 727 3275 sicut
765 3218 980 3289 pellem,
1022 3220 1147 3289 quia
1174 3235 1322 3275 mors
1369 3228 1682 3274 sanctorum

1793 2028 2042 2091 protenta
2079 2022 2313 2092 protegit
2342 2036 2610 2091 quemque
2631 2025 2697 2078 ab
2729 2024 2920 2079 ardore
2946 2025 3094 2091 solis,
3126 2025 3197 2079 ita
3222 2040 3364 2094 pra:-

1794 2114 2062 2169 dicatores
2104 2127 2201 2181 per
2241 2130 2429 2169 eorum
2473 2115 2826 2170 imitationem
2858 2132 3129 2187 quemque
3173 2126 3358 2186 prote-

1793 2214 1926 2277 gunt
1960 2204 2029 2260 ab
2056 2204 2452 2261 incentivorum
2491 2215 2645 2263 testu.
2680 2206 2939 2264 Solebant
2972 2210 3271 2278 antiquitus
3298 2197 3393 2263 ex.

1790 2298 2022 2368 pellibus
2063 2296 2181 2352 ﬁeri
2229 2297 2484 2363 tentoria,
2531 2308 2591 2352 ut
2632 2298 2779 2354 calor
2812 2299 2941 2355 solis
2993 2318 3099 2355 non
3143 2306 3393 2357 noceret
3467 2366 3474 2377 ,

1791 2388 2190 2444 habitatoribus
2232 2390 2609 2444 tentoriorum.
2648 2390 2732 2445 Ad
2764 2392 2902 2446 hanc
2954 2392 3362 2447 similitudinem

1792 2482 2046 2538 dicuntur
2098 2483 2484 2553 praedicatores
2530 2484 2782 2549 extendi,
2840 2484 2965 2555 quia
3020 2500 3182 2555 super
3232 2500 3368 2555 quos

1790 2576 2173 2639 extenduntur,
2204 2576 2381 2630 nullus
2412 2575 2621 2630 accedit
2648 2575 2717 2629 ad
2751 2588 2847 2630 eos
2867 2584 3031 2631 aestus
3066 2575 3366 2630 incentivo-

1791 2681 1932 2721 rum.
1958 2666 2112 2734 Quod
2140 2666 2287 2730 dicit,
2318 2665 2617 2722 Extendens
2639 2667 2821 2721 caelum
2843 2668 2979 2721 sicut
3009 2667 3215 2738 pellem,
3240 2667 3365 2736 quia

1789 2758 1918 2829 tegis
1957 2760 2106 2829 aquis
2136 2759 2406 2828 superiora
2434 2757 2570 2828 ejus,
2614 2758 2670 2811 id
2707 2766 2811 2824 est,
2840 2758 3049 2829 majora
3092 2767 3364 2829 praecepta

1790 2858 1923 2920 quae
1950 2850 2269 2920 prazcipiunt
2298 2849 2400 2920 ipsi
2436 2848 2840 2920 przedicatores,
2877 2848 3167 2905 conﬁrmas
3207 2850 3366 2919 spiri-

1790 2943 2025 3000 tualibus
2050 2943 2225 3011 donis,
2255 2943 2381 3014 quia
2410 2943 2553 3013 quod
2599 2942 2699 3014 ipsi
2729 2943 3109 3012 praedicatores
3138 2943 3194 2997 in
3222 2942 3366 2998 Scri-

1787 3037 1962 3109 pturis
2006 3035 2184 3092 sciunt
2232 3035 2612 3090 discretionem
2662 3035 2960 3101 hortorum,
3011 3035 3115 3090 hoc
3168 3035 3365 3090 donum

1790 3129 2025 3201 Spiritus
2072 3130 2245 3185 sancti
2285 3137 2387 3184 est.
2427 3128 2563 3184 Nota
2603 3128 2728 3198 quia
2768 3128 3150 3200 praedicatores
3192 3127 3247 3183 in
3289 3128 3368 3182 di-

1790 3218 2083 3278 scretione'
2112 3232 2499 3293 praeceptorum
2546 3222 2746 3277 habent
2803 3222 3087 3292 superiora
3130 3230 3183 3275 et
3236 3221 3373 3275 infc-

93 3310 308 3381 ubique
349 3310 617 3381 divulgata
661 3310 958 3382 scripturas
1011 3326 1198 3367 eorum
1239 3310 1369 3366 fecit
1425 3309 1687 3366 authenti-
1715 3292 1761 3357 (ἶ
1793 3314 1957 3369 riora.
2001 3312 2261 3367 lnleriora
2287 3292 2435 3367 itunc
2482 3311 2822 3382 praecipiunt,
2871 3312 3086 3380 quando
3131 3310 3367 3365 litteram

95 3416 220 3456 eas.
255 3400 402 3457 Mors
425 3410 740 3458 sanctorum
766 3403 887 3475 plus
910 3413 995 3459 est
1027 3403 1321 3475 divulgata,
1345 3403 1486 3459 sicut
1522 3404 1685 3458 etiam

96 3492 290 3548 caeteri
314 3493 697 3562 praedicatores
723 3510 820 3565 per
844 3504 1073 3552 mortem
1102 3511 1257 3551 suam
1288 3495 1533 3565 pluribus
1574 3495 1689 3550 noti

96 3585 239 3640 facti
270 3594 420 3652 sunt,
448 3594 503 3642 et
531 3587 611 3643 sic
656 3596 831 3645 morte
858 3603 1046 3644 eorum
1092 3587 1383 3658 divulgata,
1421 3587 1690 3659 scriptura

97 3693 298 3733 eorum
334 3676 478 3733 facta
506 3686 589 3734 est
628 3680 963 3735 authentica.
996 3678 1152 3748 Quod
1187 3680 1357 3736 dicit:
1386 3679 1688 3735 Extendens

98 3766 296 3823 calum
325 3768 458 3823 sicut
494 3769 827 3842 pellemtqui
864 3773 992 3844 tegis
1036 3774 1185 3843 aquis
1220 3773 1494 3843 superiora
1534 3772 1689 3843 ejus:

98 3860 277 3926 scias,
317 3861 443 3930 quia
472 3860 652 3916 divina
695 3859 978 3933 Scriptura
1018 3862 1181 3917 habet
1217 3863 1495 3933 superiora
1524 3869 1581 3917 et
1608 3861 1691 3916 in-

97 3954 311 4009 feriora
360 3962 665 4025 praecepta,
715 3969 835 4026 quae
882 3955 1129 4026 superius
1169 3969 1266 4025 per
1314 3954 1579 4025 psalmum
1635 3962 1692 4009 et

101 4054 429 4117 tympanum
460 4056 586 4102 sunt
621 4055 810 4102 notata
846 4047 1061 4117 saepius.
1091 4047 1230 4103 Sunt
1258 4047 1403 4102 enim
1432 4045 1690 4102 inferiora

98 4147 384 4208 praecepta
417 4136 731 4210 Scripturae,
790 4153 1008 4195 manum
1058 4139 1282 4210 pauperi
1333 4139 1692 4210 praeberent

99 4239 314 4285 caetera
364 4245 503 4301 quae
544 4247 643 4302 per
689 4246 887 4303 corpus
940 4232 1340 4287 ministrentur.
1398 4230 1689 4302 Superiora

98 4333 387 4395 praecepta
425 4331 568 4387 sunt,
605 4324 898 4380 observare
937 4323 1080 4380 diem
1121 4323 1366 4391 Sabbati,
1398 4333 1454 4379 et
1494 4333 1690 4379 caetera

100 4428 234 4483 qua:
260 4428 362 4469 nos
386 4412 673 4469 hortantur
714 4413 966 4470 insistere
997 4414 1192 4470 divinae
1228 4415 1689 4485 contemplationi.

103 4504 242 4561 Haec
274 4506 556 4577 superiora
588 4517 856 4579 pmoepta
882 4516 1193 4578 comparata
1216 4507 1473 4562 charitati
1502 4516 1690 4578 tegun-

106 4607 223 4664 tur,
249 4599 305 4655 id
332 4607 440 4665 est,
467 4600 623 4670 quasi
651 4600 775 4655 vilia
798 4599 1064 4656 habentur
1090 4615 1105 4653 :
1128 4614 1234 4654 non
1260 4599 1403 4670 quod
1431 4598 1558 4653 vilia
1581 4598 1689 4652 sint

107 4688 166 4743 in
218 4704 297 4753 se,
339 4689 436 4745 sed
480 4692 603 4760 quia
647 4691 888 4747 charitas
926 4690 1275 4748 excellentior
1320 4700 1404 4746 est
1436 4690 1689 4746 omnibus

106 4784 441 4853 praeceptis:
469 4784 595 4854 quia
633 4783 687 4839 in
716 4784 982 4841 charitate
1013 4785 1210 4856 pendet
1236 4784 1323 4840 lex
1370 4792 1425 4840 et
1461 4784 1691 4855 prophe-

110 4882 183 4930 ta:
220 4873 439 4945 (Matth.
485 4879 608 4948 xu).
657 4874 938 4931 Plenitudo
985 4878 1119 4931 enim
1158 4876 1284 4946 legis
1338 4886 1414 4932 est
1454 4875 1691 4932 charitas

109 4964 292 5039 (Rom.
326 4965 470 5036 xm).
501 4965 579 5021 De
597 4981 703 5037 qua
731 4966 863 5021 dicit
899 4965 1093 5022 Paulus
1116 4984 1131 5021 :
1154 4964 1339 5021 Adhuc
1359 4964 1691 5022 excellentio-

108 5075 223 5115 rem
262 5058 407 5113 ciam
444 5058 585 5113 vobis
634 5058 929 5113 demonstro
956 5058 1006 5128 (I
1053 5057 1174 5113 Cor.
1211 5057 1333 5129 xit),
1378 5066 1434 5115 et
1475 5067 1690 5114 caetera.

106 5153 375 5212 Charitas
400 5152 551 5223 aquis
586 5159 956 5221 comparatur,
986 5152 1112 5221 quia
1142 5152 1283 5207 sicut
1332 5166 1470 5223 aqua
1498 5152 1694 5207 durum

107 5244 375 5316 quodque
415 5243 575 5301 molle
620 5241 815 5308 reddit,
856 5242 932 5296 ita
961 5242 1201 5297 charitas
1241 5242 1373 5299 dura
1416 5242 1696 5298 hominum

107 5337 286 5394 corda
322 5336 490 5391 mollit
518 5344 576 5392 et
598 5334 811 5405 irrigat,
835 5342 899 5389 ut
929 5332 1162 5391 fructum
1192 5334 1319 5389 boni
1350 5335 1529 5406 operis
1565 5347 1694 5404 pro-

106 5428 360 5484 ducant:
402 5427 546 5497 quod
575 5425 730 5489 dicit,
761 5423 864 5491 Qui
908 5427 1033 5495 tegis
1068 5427 1219 5498 aquis
1257 5428 1529 5497 superiora
1558 5422 1694 5493 ejus,

107 5518 167 5576 id
195 5524 317 5582 est,
341 5518 488 5586 quasi
512 5517 642 5573 vilia
664 5515 940 5586 superiora
971 5514 1087 5584 ejus
1119 5518 1522 5586 Scripturarum
1555 5529 1695 5586 prte-

1789 3414 2067 3476 exponunt
2112 3414 2166 3460 et
2211 3405 2572 3460 moralitatem
2623 3403 2817 3460 docent
2860 3422 2872 3457 :
2906 3403 2962 3458 in
3003 3403 3371 3474 superioribus

1788 3507 2078 3554 versantur
2102 3498 2406 3569 praeceptis,
2429 3498 2647 3569 quando
2669 3497 2954 3569 mysticum
2979 3512 3198 3552 sensum
3221 3495 3372 3551 Scri—

1789 3598 2070 3661 pturarum
2094 3588 2360 3657 aperiunt,
2382 3597 2436 3642 et
2456 3588 2571 3643 haec
2593 3587 2872 3657 superiora
2900 3596 3153 3658 teguntur
3176 3585 3366 3655 aquis;

1790 3687 1916 3758 quia
1968 3684 2226 3756 quidquid
2269 3684 2587 3755 praecipiunt
2633 3683 2805 3738 sanctl
2847 3682 3250 3753 praedicatores,
3304 3695 3370 3733 ex

1791 3780 1935 3836 dono
1976 3780 2209 3851 Spiritus
2243 3779 2413 3834 sancti
2463 3778 2702 3833 habent:
2729 3776 2873 3847 quod
2916 3776 3067 3839 dicit,
3099 3774 3203 3841 Qui
3242 3774 3383 3853 tegis

1792 3873 1942 3943 aquis
1972 3873 2244 3943 superiora
2281 3870 2418 3941 ejus.
2451 3868 2556 3936 Qui
2586 3869 2735 3940 ponis
2771 3872 2978 3933 nubem,
3013 3867 3068 3922 id
3111 3876 3216 3932 est,
3249 3881 3372 3921 san-

1792 3975 1910 4023 ctos
1950 3965 2338 4037 praedicatores
2363 3970 2505 4026 tuos,
2536 3978 2807 4017 ascensum
2842 3970 3032 4014 tuum:
3060 3958 3187 4031 quia
3228 3955 3370 4027 quod

1791 4058 1858 4114 ad
1886 4068 1939 4114 te
1971 4056 2303 4123 ascenditur,
2336 4055 2438 4109 hoc
2471 4061 2555 4109 est
2576 4067 2672 4123 per
2700 4051 3059 4107 ministerium
3103 4049 3368 4122 praedica-

1794 4159 1993 4206 torum.
2020 4148 2115 4206 Vel
2143 4162 2239 4219 per
2261 4148 2444 4203 nubem
2465 4155 2642 4217 potest
2673 4145 2896 4215 intelligi
2928 4144 3227 4214 Scriptura,
3253 4156 3372 4211 quae

1791 4242 2035 4313 exposita
2082 4255 2246 4296 causa
2279 4247 2384 4305 est,
2419 4252 2585 4309 quare
2621 4236 2816 4306 aliquis
2855 4235 3114 4291 ascendat
3160 4233 3227 4289 ad
3270 4233 3372 4287 Do-

1792 4336 2020 4389 minum.
2069 4331 2174 4398 Qui
2221 4328 2458 4384 ambulas
2499 4344 2654 4398 super
2686 4342 2882 4397 pennas
2934 4335 3224 4378 ventorum.
3268 4322 3372 4375 Per

1792 4435 2032 4491 ventum,
2061 4423 2254 4478 animae
2282 4428 2590 4476 sanctorum
2625 4417 2995 4487 intelliguntur
3019 4431 3035 4470 :
3060 4413 3185 4483 quia
3210 4411 3369 4469 sicuti

1793 4532 1883 4573 res
1909 4525 1995 4571 est
2020 4516 2334 4583 incorporea
2372 4520 2427 4566 et
2452 4525 2648 4580 corpus
2674 4518 2873 4573 movet,
2917 4508 2991 4562 ita
3037 4506 3216 4562 anima
3247 4522 3369 4563 cum

1794 4610 1866 4666 sit
1894 4610 2229 4678 incorporea,
2258 4606 2494 4661 viviﬁcat
2520 4619 2714 4675 corpus
2739 4613 2792 4659 et
2820 4612 3017 4659 movet.
3046 4603 3150 4658 Per
3170 4618 3371 4673 pennas

1792 4702 2108 4772 intelligitur
2133 4700 2348 4755 dilectio
2379 4706 2720 4755 sanctorum:
2749 4697 2875 4767 quia
2904 4713 3002 4769 per
3026 4697 3369 4753 dilectionem

1793 4794 1889 4851 Dei
1918 4801 1975 4848 et
2002 4792 2236 4863 proximi
2267 4791 2621 4861 deportantur
2647 4788 2701 4843 in
2737 4804 2898 4843 auras
2937 4787 3227 4843 libertatis.
3264 4784 3367 4840 Sed

1794 4901 1957 4957 super
1999 4900 2188 4942 onmes
2229 4899 2433 4954 pennas
2470 4890 2753 4937 ventorum
2805 4880 3046 4938 ambulat
3091 4878 3371 4942 Dominus,

1793 4977 1921 5049 quia
1967 4978 2084 5049 ejus
2113 4976 2329 5033 dilectio
2372 4972 2611 5030 ambulat
2647 4986 2810 5041 super
2867 4986 3082 5028 omnem
3133 4967 3376 5025 dilectio.

1794 5084 1944 5139 nem,
1974 5072 2099 5144 quia
2130 5071 2243 5141 ipse
2269 5068 2421 5140 prior
2456 5065 2644 5124 dilexit
2673 5079 2791 5118 nos.
2818 5063 2976 5121 Unde
3012 5061 3175 5117 illud:
3202 5056 3380 5125 Majo-

1792 5179 1901 5219 rem
1928 5165 2251 5222 charitatem
2292 5178 2445 5218 nemo
2489 5159 2639 5215 habet
2667 5172 2831 5226 quam
2866 5167 2921 5213 ut
2962 5155 3192 5209 animam
3224 5165 3383 5204 suum

1792 5254 1908 5325 quis
1936 5265 2097 5325 ponat
2132 5272 2226 5327 pro
2260 5252 2444 5309 amicis
2493 5250 2601 5304 suis
2632 5246 2815 5319 (Joan.
2854 5247 2977 5318 xv);
3005 5252 3060 5298 et
3096 5239 3222 5296 illud
3249 5238 3387 5327 Sic

1796 5342 1935 5399 Deus
1977 5326 2157 5400 dilexit
2204 5344 2485 5408 mundum,
2520 5348 2575 5393 ut
2622 5336 2823 5389 Filium
2864 5350 3017 5392 suum
3060 5326 3386 5399 unigenitum

1795 5434 1942 5489 daret
1974 5437 2158 5508 (Joan.
2188 5435 2294 5505 ιιι).
2327 5433 2419 5488 Vel
2451 5432 2569 5488 sic:
2598 5426 2701 5491 Qui
2735 5425 2979 5479 ambulas
3015 5436 3167 5490 super
3189 5432 3395 5508 pennas

1773 5505 2108 5597 .ventorum,
2163 5526 2291 5596 quia
2340 5538 2449 5577 non
2494 5517 2779 5586 diligentes
2834 5524 2889 5570 te
2936 5511 3084 5582 prior
3130 5505 3396 5563 dilexisti.

3146 5614 3327 5622 ---u-n-
3340 5617 3370 5622 --
3384 5618 3397 5622 _
