3868 5446
428 439 533 504 675

1075 433 1332 492 REMIGII
1373 424 2030 488 ANTISSIODORENSIS
2071 423 2222 482 OPP.
2266 421 2446 490 PARS
2473 421 2511 476 l.
2545 451 2608 461 —
2638 414 3046 475 EXEGETICA.

3613 404 3706 462 676

423 559 593 615 locius
623 569 824 628 :super
873 552 1028 626 cujus
1070 562 1247 608 tamen
1291 565 1495 622 pennas
1541 544 1780 602 ambulat
1825 541 2004 597 Domi-
2034 543 2084 603 Α
2111 539 2232 609 quia
2267 535 2441 592 nullus
2482 543 2809 607 persecutor
2834 534 2996 588 habet
3035 534 3367 600 potestatem
3411 521 3708 578 inferendae

423 667 548 717 nus,
607 650 734 720 quia
801 662 1017 701 onmem
1075 645 1412 699 velocitatem
1469 638 1818 700 transcendit,
1877 636 2003 706 quia

422 743 622 812 ubique
650 755 889 811 praisens
930 747 1030 793 est.
1066 737 1169 803 Qui
1198 737 1327 806 fucis
1360 732 1568 803 angelos
1614 741 1728 784 tuos
1769 729 2004 799 spiritus,

423 842 469 888 et
497 835 761 888 ministros
792 843 907 885 tuos
936 832 1100 899 ignem
1137 838 1399 891 urentem;
1423 826 1576 896 quasi
1607 824 1750 880 dicat
1784 841 1794 876 :
1831 822 1883 876 In
1909 823 2008 875 hoc

425 925 592 979 etiam
626 920 1056 994 tnagnilicaberis
1079 921 1446 981 vehementer,
1475 917 1601 986 quia
1628 914 1837 985 angelos
1867 922 2007 977 tuos,

425 1017 603 1081 idest,
641 1015 917 1070 ministros
947 1021 1084 1076 tuos,
1117 1010 1199 1065 vel
1229 1009 1432 1078 legatos
1464 1008 1598 1063 facis
1623 1022 1742 1062 esse
1770 1006 2008 1076 spiritus,

427 1107 480 1162 id
525 1116 608 1162 est
648 1105 954 1176 spirituales
985 1123 997 1158 :
1025 1105 1148 1173 quia
1189 1119 1294 1157 non
1345 1101 1557 1172 corpori
1599 1101 1863 1166 serviunt,
1917 1098 2012 1154 sed

427 1202 616 1272 spiritu
660 1199 870 1254 fervent
917 1199 968 1252 in
1010 1196 1258 1252 Domino.
1288 1194 1353 1248 Et
1404 1195 1668 1250 ministros
1696 1204 1813 1247 tuos
1844 1192 2013 1263 ignem

427 1305 695 1348 urentem:
725 1293 851 1364 quia
882 1291 1112 1348 interius
1154 1289 1369 1344 ﬂamma
1408 1288 1688 1344 cbaritatis
1725 1287 1935 1350 ardent,
1960 1292 2015 1341 et

425 1387 480 1441 in
519 1385 638 1441 aliis
668 1385 941 1441 desideria
996 1383 1392 1438 incentivorum
1443 1379 1759 1436 incendunt.
1805 1377 1862 1432 In
1914 1377 2016 1432 hoc

425 1481 587 1536 etiam
638 1479 1017 1550 magnificatus
1065 1492 1124 1531 es
1169 1475 1552 1542 vehementer,
1608 1473 1732 1543 quia
1781 1467 2018 1542 fundasti

427 1581 643 1638 terram,
692 1570 744 1624 id
795 1577 878 1624 est
924 1566 1247 1634 Ecclesium,
1282 1582 1438 1636 super
1469 1562 1801 1618 stabilitatem
1845 1577 2015 1616 suam.

428 1663 710 1719 Stabilitas
755 1661 1009 1718 Ecclesiae
1054 1661 1301 1716 Christus
1342 1669 1460 1723 est,
1514 1657 1637 1728 quia
1692 1670 1854 1725 super
1895 1669 2020 1708 eum

432 1757 650 1812 fundata
690 1767 772 1813 est
819 1755 1080 1812 Ecclesia.
1133 1754 1284 1810 Unde
1325 1749 2020 1825 Apostolustundatnen-

427 1859 536 1906 tum
568 1852 714 1907 aliud
757 1868 906 1905 nemo
937 1858 1101 1921 potest
1126 1865 1317 1920 ponere
1345 1857 1536 1918 prtcter
1570 1845 1623 1899 id
1654 1843 1793 1916 quod
1821 1853 1893 1897 est
1923 1857 2018 1913 po-

2109 629 2516 700 persecutlonis,
2548 628 2645 681 nisi
2668 634 2874 680 tantum
2896 630 3158 693 quantum
3182 620 3232 674 ei
3259 619 3343 672 ire
3368 613 3707 686 permittitur

2111 737 2138 774 a
2170 731 2239 775 te.
2269 718 2348 773 Tu
2373 722 2517 775 enim
2543 720 2649 774 seis
2674 727 2952 788 quousque
2980 711 3290 785 persecutio
3311 711 3387 766 sit
3414 708 3572 762 utilis
3593 708 3704 761 tuis.

2110 814 2260 881 Quod
2304 813 2454 877 dicit,
2503 809 2805 865 Terminum
2849 806 3070 878 posuisti
3098 823 3250 878 quem
3302 820 3416 859 non
3456 811 3707 870 transgre-

2111 896 2339 971 dientur,
2367 919 2527 975 neque
2548 910 2912 956 convertentur
2935 900 3136 968 Operire
3162 908 3384 959 terram,
3412 895 3472 948 id
3497 903 3604 956 est,
3625 891 3708 945 Ec-

2113 999 2333 1055 clesium
2363 1011 2550 1051 eorum
2576 993 2970 1066 persecutione,
2998 991 3122 1044 licet
3144 989 3382 1060 quisque
3411 986 3612 1039 audiat
3636 999 3706 1039 so-

2115 1091 2286 1146 nitutn
2322 1088 2599 1153 lituorum,
2649 1094 2825 1139 tamen
2867 1099 2970 1137 non
3012 1089 3094 1136 est
3122 1077 3552 1137 cxhorrendum
3588 1073 3708 1130 dilu~

2115 1182 2259 1236 vium
2288 1199 2299 1234 :
2327 1180 2418 1251 qui
2449 1178 2551 1232 etsi
2582 1175 2793 1232 occulte
2826 1175 3146 1230 tentationes
3184 1173 3484 1244 patiantur
3517 1167 3709 1233 tideles,

2120 1285 2298 1331 tamen
2326 1289 2429 1327 non
2455 1272 2750 1328 timendum
2780 1279 2881 1337 est,
2910 1279 2967 1323 ut
2997 1278 3149 1326 extra
3185 1267 3510 1322 subdantur
3539 1278 3708 1334 perse-

2118 1365 2414 1423 cutoribus.
2467 1364 2572 1430 Qui
2608 1364 2800 1418 emittis
2843 1361 3011 1432 fontes
3059 1362 3114 1413 in
3160 1357 3541 1420 conuallibus;
3579 1354 3710 1424 quasi

2119 1462 2264 1517 dicat
2295 1478 2306 1513 :
2343 1458 2641 1513 Terminum
2665 1455 2885 1527 posuisti
2913 1469 3064 1520 quem
3093 1468 3192 1506 non
3237 1449 3710 1521 transgredientur,

2121 1553 2225 1607 hoc
2267 1551 2426 1608 modo
2473 1548 2767 1604 emittemlo
2803 1545 2977 1602 fontes
3005 1588 3019 1612 ,
3052 1546 3103 1602 id
3135 1553 3218 1600 est
3244 1585 3258 1610 ,
3288 1542 3713 1613 praedicatores,

2120 1661 2184 1700 ex
2233 1645 2429 1714 quibus
2475 1641 2843 1708 saluberrima:
2891 1639 3122 1710 potionis
3159 1647 3379 1693 emanat
3423 1650 3595 1705 aqua.
3628 1633 3717 1689 Hos

2120 1736 2290 1808 fontes
2313 1736 2505 1790 emittis
2543 1735 2597 1787 in
2624 1732 2968 1800 convallibus,
2996 1732 3046 1785 id
3071 1740 3172 1797 est,
3204 1731 3451 1799 undique
3487 1729 3540 1781 in
3560 1727 3717 1782 cordi-

2123 1831 2222 1883 bus
2263 1827 2499 1884 iidelium
2525 1833 2579 1882 et
2605 1825 2910 1892 humilium,
2942 1825 3031 1895 qui
3063 1840 3119 1880 se
3157 1822 3410 1878 iecerunt
3440 1821 3648 1882 valles,
3678 1818 3721 1873 id

429 1945 586 1999 δξιιιηι
630 1943 766 2014 quod
828 1952 905 1997 εει
937 1911 1196 1996 ¹(31ηήςίιιδ
1236 1911 1390 1994 Jesfts
1540 1911 1676 1992 Cor;
1700 1936 1816 2006 ιιι),
1859 1911 2020 2004 δίψει*
2044 1911 2097 1978 Β
2124 1930 2206 1978 CSI.
2261 1920 2492 1976 humiles
2525 1938 2539 1975 ἓ
2579 1921 2714 1974 inter
2752 1920 2979 1978 medium
3020 1918 3278 1973 montium
3332 1913 3718 1987 pertransibunt

428 2051 587 2105 quem
622 2034 860 2090 Ecclesia
899 2032 1141 2099 fundata,
1177 2050 1279 2087 non
1312 2031 1654 2087 inclinabitur
1691 2030 1745 2083 in
1771 2027 2020 2083 strculum

427 2129 628 2184 stt'culi.
677 2127 1002 2185 Unde-illud
1038 2125 1238 2182 :Serles
1283 2134 1396 2191 tua,
1461 2124 1627 2188 Deus,
1666 2122 1721 2176 in
1769 2118 2023 2176 sarculum

429 2221 606 2278 stcculi
649 2219 820 2293 (Psal.
849 2220 1016 2293 xuv).
1056 2219 1286 2291 Abyssus
1329 2219 1462 2272 sicut
1495 2217 1853 2272 uestimentum
1891 2213 2024 2268 ami-

431 2324 543 2369 ctus
581 2313 716 2384 ejus.
760 2313 1077 2383 Quanquam
1110 2308 1354 2366 Ecclesia
1401 2324 1563 2380 super
1603 2307 1879 2363 Christum
1907 2305 2026 2360 fun-

432 2405 557 2460 data
590 2420 697 2460 non
729 2403 1020 2460 inclinetur
1047 2403 1100 2458 in
1149 2402 1403 2460 saeculum
1443 2400 1650 2466 saeculi,
1695 2408 1873 2455 tamen
1921 2397 2025 2452 im-

433 2497 695 2554 mensitas
724 2497 1166 2567 persecutionum
1211 2496 1363 2568 quasi
1398 2495 1758 2552 vestimentum
1788 2491 2024 2547 eircuul-

434 2589 584 2644 dabit
637 2588 985 2644 Ecclesiam-z
1017 2605 1173 2660 super
1207 2597 1404 2644 montes
1445 2586 1655 2644 stabunt
1703 2601 1872 2658 aqute.
1916 2581 2030 2638 Hoc

435 2681 630 2754 legitur
662 2683 716 2738 in
754 2690 997 2753 tempore
1040 2681 1226 2738 diluvii
1267 2680 1581 2750 contigisse,
1633 2679 1849 2750 quando
1887 2691 2030 2748 aqua

433 2786 649 2827 omnem
693 2771 1036 2828 altitudinem
1086 2772 1349 2827 montium
1392 2770 1672 2842 cooperuit
1722 2765 1876 2841 (Gen.
1904 2768 2028 2840 vn).

434 2862 490 2918 In
517 2865 712 2934 quibus
764 2865 1038 2922 montibus
1083 2863 1355 2934 coopertis
1380 2861 1857 2934 praxtignrabatur,
1903 2875 2030 2931 qma

436 2960 651 3012 montes,
677 2945 729 3002 id
759 2958 863 3016 est,
887 2947 977 3019 qui
1007 2946 1307 3002 eminentes
1351 2952 1508 3001 erant
1538 2944 1590 2999 in
1624 2943 1865 2998 Ecclesia
1885 2984 1900 3010 ,
1936 2959 2029 2997 co-

436 3041 713 3111 Opericndi
737 3050 893 3096 erant
919 3039 1067 3112 gravi
1105 3039 1480 3112 persecutione
1516 3036 1859 3108 populorum,
1892 3034 2036 3106 quod

438 3133 493 3187 in
525 3131 797 3202 primitiva
832 3131 1071 3187 Ecclesia
1100 3129 1300 3186 factum
1328 3145 1449 3185 esse
1472 3130 1723 3203 legimus,
1752 3129 1878 3198 quia
1914 3143 2032 3184 om-

438 3242 536 3281 nes
575 3234 704 3280 tunc
733 3223 1060 3291 clamabant,
1108 3223 1324 3291 Preme,
1361 3238 1569 3296 preme,
1596 3230 1650 3277 et
1694 3222 2034 3296 premebant,

2124 2031 2294 2087 aquw.
2343 2013 2510 2084 Aquae
2560 2011 2838 2067 doctrinas
2889 2019 3078 2065 notant
3125 2007 3722 2080 prmdicantium.qux

2123 2103 2536 2179 pertransibunt
2575 2104 2720 2158 inter
2746 2101 2981 2156 medium
3029 2099 3293 2156 montium
3327 2115 3341 2152 :
3377 2096 3514 2169 quia
3546 2094 3718 2151 eadem

2123 2197 2371 2256 doctrina
2399 2196 2506 2252 erit
2526 2195 2830 2252 communis
2857 2191 3305 2265 praedicatoribus
3329 2187 3722 2259 posterioribus

2127 2307 2247 2366 quae
2270 2289 2372 2345 fuit
2398 2289 2702 2362 prioribus:
2727 2287 2853 2359 quia
2876 2285 3017 2340 nulla
3046 2286 3098 2340 in
3122 2283 3201 2340 eis
3221 2293 3390 2340 erunt
3414 2282 3722 2342 schismata,

2127 2383 2253 2456 quia
2271 2381 2410 2437 idem
2437 2379 2651 2450 sapiunt
2669 2377 3054 2450 praedicatores
3074 2376 3309 2432 extremi
3335 2372 3487 2444 quod
3511 2370 3724 2442 apostoli

2129 2473 2220 2548 qui
2274 2471 2496 2530 fuerunt
2536 2471 2923 2543 praedicatores
2953 2467 3152 2539 primi:
3197 2467 3326 2540 quia
3378 2482 3524 2520 unus
3557 2463 3725 2527 Dens,

2131 2587 2238 2624 una
2267 2569 2421 2640 fides,
2448 2585 2609 2624 unum
2634 2567 2892 2640 baptisma
2924 2561 3083 2636 (Eph.
3122 2565 3219 2637 tv).
3251 2563 3532 2618 Potabant
3564 2578 3725 2616 omnes

2132 2661 2309 2716 bestia:
2343 2660 2483 2732 agri,
2523 2659 2678 2732 quasi
2709 2659 2854 2713 dicat
2886 2675 2900 2714 :
2941 2655 3155 2713 Emittis
3183 2655 3356 2724 fontes
3391 2656 3446 2706 in
3483 2651 3726 2706 concalfi-

2133 2756 2250 2822 bus,
2299 2771 2366 2810 ex
2395 2754 2591 2827 quibus
2629 2753 2882 2825 potabant
2929 2768 3103 2805 omnes
3141 2750 3320 2804 bestia:
3364 2749 3511 2820 agri,
3554 2747 3610 2801 id
3638 2754 3725 2810 est,

2134 2849 2348 2914 Judaei,
2403 2848 2494 2919 qui
2541 2847 2670 2903 licet
2707 2846 3006 2904 bestialiter
3056 2845 3330 2906 viverent,
3370 2851 3561 2896 tamen
3612 2855 3728 2912 agre

2143 2947 2560 3009 comparantur,
2585 2939 2711 3012 quia
2746 2937 3053 3008 cognitione
3081 2935 3218 3007 legis
3247 2944 3395 2988 terra
3427 2933 3583 2987 culta
3610 2947 3727 3003 quo-

2137 3029 2426 3085 dummodo
2456 3027 2585 3083 facti
2613 3037 2755 3085 sunt.
2795 3026 3185 3099 Exspectabunt
3211 3026 3399 3095 onagri
3429 3025 3490 3078 in
3509 3025 3596 3077 siti
3625 3040 3726 3076 sua.

2137 3124 2352 3195 Onager
2370 3130 2451 3177 est
2473 3123 2659 3178 asinus
2681 3121 2967 3188 silvestris,
2999 3119 3294 3190 designans
3322 3117 3587 3189 populum
3609 3130 3728 3187 gen—

2143 3219 2294 3274 tilem
2328 3237 2340 3272 :
2379 3219 2471 3289 qui
2494 3233 2665 3290 aquas
2690 3217 3047 3290 procedentes
3079 3215 3144 3271 de
3170 3215 3418 3269 futilibus
3445 3214 3504 3274 in
3527 3214 3616 3267 siti
3640 3226 3724 3264 sas

439 3317 748 3390 exstingue,
779 3334 848 3374 ne
876 3329 1194 3390 appareant.
1223 3317 1375 3372 Tune
1403 3316 1568 3372 etiam
1603 3316 1777 3372 sancti
1805 3315 2034 3387 apostoli
2066 3291 2111 3354 Ο
2142 3311 2516 3382 exspectabant
2547 3324 2564 3362 :
2595 3311 2723 3382 quia
2746 3318 2950 3382 quanto
2982 3305 3418 3374 irrationabilius
3439 3304 3652 3360 caeteris
3678 3317 3728 3356 se

441 3415 531 3484 qui
556 3411 810 3470 fortiores
842 3421 1021 3478 erant,
1071 3411 1327 3467 latebant.
1363 3411 1468 3466 Sed
1501 3427 1619 3481 qua:
1648 3409 1821 3465 cura?
1849 3408 1924 3462 Ab
1955 3409 2036 3464 in-

441 3509 739 3589 crepatione
768 3516 860 3561 tua
887 3505 1089 3578 fugient
1124 3504 1199 3559 illi
1230 3520 1458 3577 quorum
1489 3503 1827 3560 immensitas
1851 3519 2037 3575 perse-

442 3600 719 3656 cutionum
747 3599 962 3670 operuit
991 3599 1394 3671 prazdieatores,
1421 3598 1550 3672 quia
1597 3597 1860 3670 increpati
1896 3596 2039 3654 salu-

444 3694 681 3749 berrima
742 3694 1153 3768 increpatione,
1205 3693 1495 3750 cessabant
1549 3707 1579 3746 a
1637 3691 2035 3764 persecutione.

449 3783 600 3840 Unde
639 3783 806 3846 illud:
835 3785 1025 3855 Argue,
1079 3783 1310 3850 obsecra,
1376 3783 1588 3856 increpa
1626 3779 1715 3851 (II
1748 3781 1882 3836 Tim.
1940 3783 2032 3854 tv).

448 3873 601 3943 Quod
633 3875 782 3943 dicit,
811 3876 886 3929 Ab
912 3877 1267 3947 increpatione
1300 3886 1391 3930 tua
1421 3874 1621 3947 fugient
1661 3893 1671 3929 :
1700 3892 1730 3928 a
1755 3891 1872 3928 voce
1899 3873 2038 3927 toni-

450 3966 554 4019 trui
602 3966 675 4018 tui
707 3964 1089 4035 formidabant,
1124 3965 1173 4020 id
1214 3976 1318 4032 est,
1350 3981 1378 4019 a
1420 3964 1843 4020 eomn‘tinatione
1873 3963 2040 4034 futuri

443 4057 630 4129 judicii
661 4055 1046 4126 formidabunt,
1077 4068 1133 4113 et
1163 4059 1263 4129 ipsi
1292 4061 1579 4113 ascendunt
1606 4070 1824 4126 montes,
1852 4059 1904 4113 id
1936 4069 2042 4128 est,

448 4148 571 4202 elati
617 4149 669 4203 in
722 4148 929 4204 honore
966 4150 1180 4215 sa'culi,
1232 4151 1517 4206 ascendunt
1575 4153 1640 4209 ad
1697 4151 2045 4209 obtinendam

449 4239 748 4294 Ecclesium
785 4257 798 4294 :
826 4251 872 4294 et
913 4241 1082 4312 campi
1114 4241 1456 4309 descendunt,
1485 4243 1609 4314 quia
1657 4261 2046 4316 recognoscen-

451 4341 532 4388 tes
577 4349 675 4404 per
724 4332 1036 4404 superbiam
1082 4350 1233 4389 suam
1279 4336 1416 4389 male
1475 4352 1531 4392 se
1579 4338 1912 4406 ascendisse,
1953 4337 2047 4392 de-

451 4427 715 4481 scendunt
770 4441 868 4496 per
931 4427 1290 4482 humilitatem
1354 4429 1614 4483 imitando
1662 4446 1797 4499 quos
1859 4445 2048 4485 ascen-

452 4515 627 4571 dendo
659 4516 1030 4588 despiciebant
1058 4537 1069 4572 :
1105 4521 1439 4575 descemlunt
1467 4521 1518 4574 in
1547 4520 1718 4575 locum
1747 4539 1897 4593 quem
1927 4522 2051 4592 fun-

454 4607 594 4660 dasti
647 4609 740 4662 eis.
797 4608 951 4664 Unde
998 4610 1167 4664 illud:
1200 4611 1498 4683 Unicuique
1534 4615 1800 4686 proprium
1850 4616 2045 4669 donum

453 4699 640 4753 datum
674 4709 755 4754 est
785 4716 812 4754 a
852 4700 962 4755 Deo
995 4701 1046 4774 (Ι
1089 4701 1212 4758 Cor.
1244 4721 1350 4772 vlt;
1388 4705 1524 4776 Epit.
1563 4707 1656 4777 tv).
1710 4707 1799 4763 Vel
1840 4707 2036 4763 aliter;

453 4788 751 4844 Ascendunt
788 4802 985 4846 montes
1010 4803 1052 4846 et
1089 4795 1407 4850 descendunt
1436 4798 1606 4868 campi
1630 4811 1646 4849 :
1672 4800 1821 4867 quasi
1854 4799 1995 4853 dicat
2021 4818 2034 4854 :

452 4883 835 4940 Persecutores
887 4904 918 4940 a
968 4903 1101 4942 voce
1149 4890 1371 4942 tonitrui
1420 4890 1494 4943 lui
1546 4889 1930 4960 formidalnmt,
1986 4901 2040 4948 et

458 4985 585 5031 tunc
621 4977 904 5032 ascendunt
946 4989 1167 5046 montes,
1198 4994 1242 5034 et
1275 4981 1615 5047 descendunt,
1647 4983 1696 5035 id
1736 4994 1837 5048 est,
1869 4985 2042 5037 mani-

456 5071 579 5126 festi
607 5071 736 5127 ﬁent
767 5073 1000 5144 majores
1040 5082 1096 5128 et
1123 5075 1357 5129 minores
1388 5075 1439 5128 in
1467 5086 1650 5130 sancta
1682 5077 1938 5132 Ecclesia.
1977 5080 2043 5133 Et

458 5163 659 5218 dictum
694 5176 777 5221 est
812 5167 881 5220 ad
929 5166 1344 5222 similitudinem
1382 5169 1524 5236 quod
1560 5170 1709 5232 dicit,
1747 5171 2042 5234 Ascendunt

490 5266 598 5278 ..-μμ
830 5258 865 5277 ‘7
1020 5260 1026 5271 l
1079 5272 1123 5282 ..⁸
1183 5277 1187 5279 _
1238 5276 1241 5277 ν
1327 5260 1335 5268 α
1384 5259 1542 5284 7"“.“-7
1593 5278 1600 5279 ὲ

2136 3403 2340 3459 vixisse
2367 3412 2772 3475 cognoverunt,
2805 3412 2954 3456 tanto
2985 3399 3176 3473 majori
3204 3399 3324 3454 sitis
3367 3398 3572 3454 ardore
3599 3395 3726 3451 desi-

2137 3494 2405 3550 derahunt
2454 3495 2574 3556 illas
2622 3511 2791 3567 aquas
2834 3503 3055 3568 potare,
3092 3502 3162 3562 et
3210 3508 3369 3562 super
3415 3508 3522 3558 ea,
3571 3489 3621 3546 id
3656 3497 3728 3543 est

2139 3599 2340 3663 praeter
2366 3606 2456 3656 ea,
2483 3589 2739 3656 rolucres,
2776 3589 2828 3643 id
2854 3598 2956 3656 est,
2992 3585 3273 3642 instabiles
3302 3595 3356 3641 ct
3383 3583 3531 3656 vagi,
3559 3583 3610 3637 id
3631 3591 3722 3642 est.

2141 3683 2344 3738 nullmn
2400 3683 2692 3738 terminum
2736 3681 2818 3737 sui
2869 3679 3081 3736 volatus
3129 3687 3418 3746 tenentes,
3461 3675 3579 3746 jam
3610 3673 3723 3727 iacti

2142 3777 2391 3832 volucres
2425 3777 2560 3842 atrii,
2606 3775 2839 3830 scientes
2863 3774 2991 3846 quid
3023 3773 3101 3829 eis
3135 3770 3430 3838 velandum
3457 3779 3565 3838 est,
3592 3767 3725 3821 Itasi-

2143 3871 2346 3934 tabant,
2383 3869 2572 3941 repleti
2609 3868 2846 3924 fontibus
2878 3867 3058 3927 missis
3093 3867 3148 3924 in
3192 3863 3534 3922 convallibus
3562 3873 3612 3916 et
3634 3867 3720 3913 de~

2144 3965 2269 4020 bunt
2301 3980 2486 4019 vocem
2513 3963 2576 4017 de
2600 3963 2770 4017 medio
2795 3973 3059 4032 petrarum
3084 3975 3099 4014 :
3128 3960 3258 4032 quia
3281 3975 3473 4017 eorum
3497 3957 3719 4014 doctrina

2145 4071 2253 4110 non
2286 4055 2556 4110 discordat
2588 4071 2617 4108 a
2650 4054 2893 4110 doctrina
2926 4036 3296 4124 apostolorum
3324 4092 3342 4119 ,
3394 4064 3616 4122 quorum
3640 4047 3719 4100 du-

2146 4149 2321 4205 ctrina
2352 4150 2402 4203 in
2437 4157 2609 4219 petra,
2645 4147 2698 4202 id
2723 4157 2829 4212 est,
2863 4148 2914 4202 in
2947 4145 3198 4214 Christo,
3235 4146 3336 4202 fuit
3359 4145 3597 4200 futuiata.
3637 4138 3716 4190 γρι

2148 4242 2211 4296 de
2233 4242 2402 4297 medio
2425 4254 2692 4313 petrarum
2718 4283 2732 4306 ,
2760 4241 2811 4295 id
2842 4250 2941 4304 est,
2975 4242 3038 4295 de
3065 4237 3392 4298 tCStimoniis
3434 4236 3717 4304 Scriptum-

2149 4350 2267 4389 rum
2291 4334 2444 4404 quasi
2472 4334 2536 4388 de
2566 4333 2732 4404 petris
2757 4347 2918 4386 voces
2941 4331 3163 4396 dabunt,
3196 4328 3290 4386 Vel
3316 4329 3395 4384 sic
3420 4347 3432 4380 :
3461 4327 3620 4396 Super
3646 4340 3716 4381 ιμ’,

2152 4427 2355 4492 idest,
2395 4440 2556 4496 super
2605 4425 2751 4493 ipsos
2789 4424 2993 4490 tctitcs,
3048 4421 3348 4493 prephetas
3393 4415 3631 4474 videlicet
3671 4423 3717 4465 ct

2150 4521 2442 4594 apostolos,
2477 4521 2529 4574 in
2573 4535 2802 4589 quorum
2835 4518 3161 4574 auctoritate
3187 4516 3590 4576 consistendum
3612 4523 3710 4571 est,

2152 4616 2383 4670 volucres
2429 4611 2541 4666 caeli
2588 4613 2864 4677 habitant,
2915 4612 3042 4680 quia
3075 4610 3128 4665 in
3179 4610 3341 4664 dictis
3372 4604 3705 4678 apostolorum

2151 4705 2422 4777 Spiritales
2443 4704 2542 4758 viri
2569 4703 2773 4757 iumlati
2788 4711 2932 4760 sunt.
2963 4701 3035 4755 De
3059 4703 3228 4758 metlio
3244 4710 3517 4770 petrarum
3542 4695 3704 4750 dabant

2149 4819 2342 4857 vocem.
2390 4799 2586 4871 Riguus
2634 4807 2832 4852 montes
2883 4798 2946 4851 de
2993 4795 3352 4870 superioribus
3402 4782 3704 4870 suis;quasi

2151 4898 2338 4954 dicat:
2388 4894 2498 4959 Tu,
2545 4893 2806 4958 Domine,
2857 4892 3049 4946 emittis
3090 4889 3349 4959 fontess’n
3391 4883 3702 4964 convallibus,

2152 4991 2326 5062 rigans
2354 4997 2553 5061 montes
2584 4988 2647 5042 de
2679 4985 3034 5057 superioribus
3070 4985 3181 5038 suis
3201 5023 3216 5047 ,
3249 4983 3302 5042 id
3331 4992 3412 5052 est
3434 5020 3455 5055 ι
3492 4978 3555 5034 de
3581 4973 3703 5031 dicte

2149 5085 2538 5156 prophetarum
2594 5079 2792 5136 imbuis
2839 5077 3116 5152 apostolos
3167 5086 3307 5132 tuos.
3364 5074 3517 5132 Unde
3568 5067 3700 5125 illud:

2153 5175 2411 5232 Ouoniam
2438 5175 2720 5229 placebant
2744 5175 2902 5228 servis
2928 5173 3030 5227 tuis
3061 5170 3261 5242 lapides
3285 5169 3404 5240 ejus
3431 5166 3594 5240 (P881.
3613 5163 3701 5233 et):

3091 5268 3121 5276 --
3237 5267 3346 5312 κίε.
3367 5305 3388 5314 -
3419 5265 3612 5337 tuast.
