4034 6430
152 430 299 488 67⁸1

1317 420 1847 482 ENARRATIONES
1886 419 1954 477 IN
1990 421 2326 481 PSALMOS.

3377 435 3479 493 678

151 565 351 605 suum
382 546 697 620 perﬁciatur
724 562 737 599 :
766 543 966 616 quibus
1010 542 1260 613 producit
1306 541 1488 600 fenum
1516 584 1532 609 ,
1575 542 1703 613 quia
1751 555 1783 593 a
1809 543 1865 602 Α
1891 541 1987 608 vit,
2017 551 2071 598 et
2092 543 2337 613 probavit
2361 544 2486 615 quia
2520 560 2625 600 non
2653 554 2734 603 est
2763 557 3005 607 mortuus
3031 564 3095 606 ex
3127 555 3473 624 necessitate,

152 642 428 698 subditis
472 638 644 707 victui
691 647 746 694 et
794 636 1013 692 vestitui
1062 634 1374 691 necessaria
1422 635 1501 690 eis
1552 631 1781 705 praeberi

140 734 370 803 jubet;
390 734 533 801 unde
553 731 873 803 Apostolus:
898 728 1007 796 Ita,
1032 729 1128 793 ait,
1144 728 1402 782 Dominus
1423 726 1703 791 ordinavit,
1727 732 1782 779 ut

149 826 272 896 qui
290 823 967 896 Evangelianvannuntiont
988 821 1052 875 de
1072 818 1358 891 Evangelia
1382 818 1567 873 vivant
1587 815 1643 901 (ζ
1654 816 1777 869 Cor.

151 926 313 987 1x);
356 920 504 973 unde
550 916 682 972 illud
727 934 740 970 :
784 913 1145 969 Communicet
1188 912 1234 965 is
1280 910 1370 981 qui
1421 910 1779 963 catecltizatur

152 1011 363 1079 verba,
390 1012 439 1066 ei
461 1010 633 1081 qui,“
660 1008 943 1064 satecltizat
971 1008 1025 1061 in
1046 1005 1284 1061 omnibus
1311 1003 1456 1059 bonis
1479 999 1622 1075 (Gal.
1655 1000 1731 1071 γι)
1760 1018 1772 1054 ;

152 1118 217 1161 οε
259 1106 480 1161 herbam
508 1104 743 1161 servituti
778 1103 1069 1159 hominum.
1106 1100 1253 1155 Idem
1298 1112 1397 1169 per
1432 1098 1655 1152 herbam
1694 1095 1776 1150 in-

153 1197 469 1269 telligitur,
514 1197 658 1268 quod
682 1210 780 1265 per
806 1193 991 1250 fenum
1018 1210 1031 1246 :
1067 1199 1122 1247 et
1142 1206 1238 1262 per
1261 1190 1601 1254 servitutem,
1631 1185 1775 1257 quod

152 1304 281 1360 per
321 1289 649 1359 iumentum.
701 1283 771 1340 Ut
818 1285 1012 1339 educas
1059 1299 1249 1356 panem
1290 1282 1355 1336 de
1387 1290 1565 1345 terra;
1613 1279 1771 1351 quasi

154 1383 333 1440 dicat
362 1402 376 1438 :
407 1384 490 1439 Ad
510 1384 617 1439 hoc
642 1380 900 1452 producis
924 1378 1107 1434 fenum
1131 1376 1392 1448 jumentis
1411 1414 1426 1441 ,
1459 1384 1517 1431 ut
1543 1374 1621 1431 sic
1641 1374 1771 1431 edu-

155 1492 278 1535 cas
302 1479 373 1535 de
400 1485 551 1532 terra
579 1473 847 1545 superiori
876 1471 1122 1529 inferiori
1150 1480 1309 1526 terrae
1333 1484 1523 1541 panem
1554 1482 1770 1533 verum,

155 1571 227 1630 id
261 1580 373 1637 est,
414 1569 692 1625 etnlestem
723 1565 1201 1637 prtadicationem,
1241 1577 1350 1634 quo
1378 1561 1432 1616 in
1464 1560 1568 1615 ﬁde
1613 1561 1772 1619 robo-

156 1673 374 1721 rentur
402 1661 588 1718 ﬁdeles
612 1700 628 1728 ,
655 1668 714 1717 et
755 1659 1092 1715 reﬁciantur.
1128 1657 1211 1715 Ad
1250 1658 1354 1713 hoc
1377 1654 1522 1711 enim
1565 1654 1770 1710 submi-

154 1757 487 1812 nistrantur
552 1752 999 1825 praedicatoribus
1055 1749 1221 1806 victui
1276 1756 1335 1805 et
1387 1745 1605 1803 vestitui
1674 1759 1768 1801 ne-

157 1847 454 1913 cessaria,
486 1862 556 1902 ne
585 1846 640 1900 in
691 1844 924 1901 subditis
956 1841 1265 1899 reﬁciendis
1304 1840 1597 1896 deﬁciant:
1627 1838 1767 1909 quod

1887 633 1980 687 sed
2003 650 2066 689 ex
2096 635 2383 691 voluntate.
2422 635 2512 693 Sol
2554 639 2805 709 cognovit
2830 656 3079 698 occasum
3126 662 3279 701 suum
3320 667 3332 703 :
3371 668 3475 720 quo

1885 737 2078 779 occasu
2110 725 2222 796 jam
2264 726 2599 797 imminente,
2630 727 2860 784 Posuisti
2891 733 3124 789 tenebras
3157 748 3201 790 et
3227 738 3367 806 facta
3402 754 3475 796 es!

1884 832 2006 870 nom.
2060 814 2315 873 Tenebras
2341 821 2531 891 positae
2556 832 2681 878 sunt
2710 824 2761 878 in
2788 825 3038 882 cordibus
3064 827 3474 901 discipulorum,

1880 907 2237 966 dubitanlium
2264 911 2544 969 Dominum
2578 930 3005 975 resurrecturum
3036 941 3047 975 :
3080 942 3184 978 no.1:
3206 925 3347 993 facta
3380 940 3473 994 est,

1881 1000 1935 1054 id
1969 1010 2069 1068 est,
2102 1005 2317 1060 accitas
2352 1008 2547 1063 mentis
2576 1008 2715 1065 facta
2741 1012 2900 1066 estin
2928 1013 3033 1068 illis
3075 1018 3164 1085 qui
3204 1018 3476 1077 clamave-

1880 1101 2025 1159 runt,
2062 1092 2226 1161 Tolle,
2254 1097 2397 1165 tolle,
2437 1102 2683 1172 cruciﬁge
2718 1121 2835 1157 eum
2880 1105 3057 1176 (Joan.
3095 1110 3204 1179 xxx)
3239 1126 3253 1165 :
3290 1114 3344 1168 in
3377 1116 3476 1172 hac

1878 1195 2037 1241 nocte
2062 1191 2449 1257 pertransibunt
2482 1211 2656 1249 omnes
2679 1198 2851 1253 bestia:
2879 1201 3043 1268 sila-tr,
3093 1203 3145 1257 id
3186 1217 3289 1271 est,
3331 1218 3475 1266 totus

1876 1273 2131 1349 Iudaicus
2160 1282 2384 1351 populus
2420 1285 2485 1339 ad
2513 1285 2670 1342 ﬁdem
2727 1307 2831 1345 non
2878 1310 3172 1351 conversus
3222 1303 3475 1357 transibit

1877 1364 1930 1421 in
1962 1367 2061 1424 hac
2086 1373 2339 1463 .cmcitate
2368 1377 2584 1447 mentis,
2616 1383 2739 1451 quia
2772 1386 2836 1439 de
2862 1403 2965 1441 uno
2996 1400 3219 1457 peccato
3248 1392 3299 1447 in
3330 1395 3477 1453 aliud

1876 1463 2021 1559 cadit
2052 1480 2065 1518 :
2092 1467 2218 1536 quia
2253 1470 2321 1529 de
2372 1473 2723 1533 cruciﬁxionc
2774 1480 2839 1539 ad
2884 1485 3183 1547 custodiam
3217 1489 3472 1559 sepulcri,

1874 1550 1942 1652 de
1974 1557 2215 1613 custodia
2246 1562 2476 1631 sepulcri
2516 1567 2582 1621 ad
2611 1571 2953 1627 mendacium
2983 1579 3198 1644 quando
3233 1550 3473 1652 discipu-

1874 1641 1955 1697 los
1995 1660 2117 1701 emn
2150 1664 2269 1706 esse
2299 1653 2534 1710 furatum
2569 1662 2972 1719 mentiebantur
3017 1685 3029 1721 :
3073 1678 3127 1723 et
3157 1672 3235 1726 sic
3260 1641 3478 1730 venient

1874 1732 2047 1792 Catuli
2072 1739 2275 1796 leonum
2310 1748 2564 1817 rugientes
2592 1764 2646 1806 ut
2678 1757 2903 1825 rapiant-
2949 1760 3121 1818 Catuli
3145 1773 3271 1820 sunt
3299 1770 3474 1843 angeli

1874 1842 2151 1932 apostatte,
2182 1837 2442 1897 habentes
2482 1855 2645 1915 caput
2678 1848 2782 1903 sibi
2831 1850 3038 1908 leonem
3073 1855 3242 1923 illum,
3277 1860 3342 1914 de
3369 1837 3475 1932 quo

156 1940 333 2007 dicit,
378 1952 433 1994 ια
471 1941 666 1995 cauea;
698 1956 887 2009 panem
920 1940 984 1992 de
1022 1947 1199 2003 terra,
1228 1946 1275 1991 et
1315 1936 1492 1992 vinum
1540 1934 1765 2003 ltvtiﬁcet
1795 1935 1846 1997 Β
1873 1923 2075 1980 dictum
2111 1936 2195 1984 est
2224 1950 2236 1983 :
2270 1931 2615 1991 Adversarius
2651 1949 2813 1994 vester
2835 1942 3075 1999 diabolus
3102 1957 3353 2020 tanquam
3388 1923 3472 2007 leo

158 2050 267 2088 cor
289 2033 520 2088 hominis
546 2046 565 2085 :
597 2047 664 2088 ne
686 2032 875 2087 vinum
899 2030 1043 2100 quod
1064 2045 1158 2085 cor
1184 2028 1421 2087 hominis
1450 2028 1727 2083 dementat
1749 2068 1765 2090 ,

158 2128 266 2184 sed
304 2127 455 2199 quod
488 2142 585 2181 cor
608 2126 845 2182 hominis
872 2125 1137 2189 laetiﬁcat,
1174 2122 1488 2193 iucunditas
1521 2120 1770 2177 videlicet

160 2219 440 2275 doctrinae
470 2218 585 2285 Dei,
612 2229 667 2273 et
687 2218 920 2274 imitatio
944 2217 1211 2287 passionis
1228 2215 1462 2281 Domini,
1483 2215 1622 2270 unde
1652 2215 1768 2269 ine-

158 2310 427 2367 briantur
454 2310 658 2377 ﬁdeles,
680 2311 837 2382 juxta
860 2310 1022 2366 illud:
1054 2308 1117 2364 Et
1143 2310 1285 2364 calix
1308 2326 1455 2364 meus
1478 2308 1765 2374 inebrians,

156 2420 331 2474 quam
352 2401 641 2474 praclarus
664 2403 775 2457 est!
796 2400 970 2475 (Psal.
1016 2401 1173 2473 xm.)
1203 2399 1268 2455 Ut
1300 2401 1552 2457 exhilaret
1579 2399 1765 2469 faciem

159 2494 220 2548 in
241 2493 384 2548 oleo.
411 2492 578 2561 Quasi
613 2494 759 2553 dicat
782 2512 795 2548 :
830 2493 912 2549 Ad
942 2493 1042 2549 hoc
1068 2495 1264 2549 educes
1297 2509 1483 2563 panem
1510 2491 1573 2546 de
1601 2501 1764 2558 terra,

158 2596 221 2639 ut
243 2586 510 2641 exhilaret
537 2586 726 2656 faciem
767 2586 823 2641 in
854 2585 964 2641 oleo
985 2626 1000 2651 ,
1028 2585 1080 2639 id
1123 2593 1227 2651 est,
1261 2593 1321 2639 ut
1350 2594 1494 2639 terra
1542 2583 1767 2639 inferior

158 2679 510 2735 exhilaretur
553 2680 729 2751 gratia
778 2678 1051 2749 spirituali
1096 2696 1108 2731 :
1162 2689 1209 2731 et
1267 2678 1419 2747 panis
1448 2716 1462 2742 ,
1513 2675 1766 2730 videlicet

157 2770 323 2825 verbi
369 2771 498 2836 Dei,
545 2770 815 2839 conﬁrmet
858 2786 952 2824 cor
993 2770 1217 2824 hominis
1243 2782 1262 2821 :
1304 2778 1359 2823 et
1399 2769 1502 2825 hoc
1551 2768 1761 2828 ordine.

160 2860 574 2917 Saturabuntur
610 2861 755 2933 ligna
792 2862 983 2931 campi,
1015 2861 1201 2931 plebes
1227 2860 1475 2916 videlicet
1506 2860 1759 2917 humiles.

159 2956 581 3012 Saturabuntur
611 2966 659 3011 et
706 2958 851 3012 cedri
897 2955 1122 3022 Libani,
1157 2957 1209 3013 id
1252 2967 1369 3020 est,
1420 2965 1669 3028 potentes
1708 2956 1761 3013 in

158 3051 399 3115 saeculo,
450 3068 583 3122 quas
627 3050 918 3123 plantavit,
958 3053 1011 3107 id
1058 3062 1175 3118 est,
1227 3053 1459 3110 ﬁrmiter
1500 3054 1763 3110 stabilivit

160 3143 437 3201 Dominus
476 3146 529 3201 in
583 3144 719 3213 ﬁde,
773 3158 831 3201 ut
882 3145 1051 3201 illud:
1086 3145 1269 3204 Omnis
1313 3147 1571 3219 plantatio
1603 3166 1762 3220 quam

158 3260 267 3298 non
326 3242 583 3312 plantavit
645 3242 810 3299 Pater
871 3261 1015 3299 meus
1077 3244 1336 3312 caelestis,
1403 3246 1762 3301 eradicabitur

1875 2018 2082 2118 rugiens
2121 2023 2326 2093 circuit,
2369 2044 2608 2097 quaerens
2652 2050 2803 2105 quem
2850 2038 3157 2114 devoret-(1
3199 2018 3344 2101 Ρειν.
3395 2049 3470 2118 v).

1873 2110 2041 2181 llujus
2082 2115 2253 2175 leonis
2290 2122 2455 2178 catuli
2502 2127 2739 2197 undique
2775 2130 3098 2189 insidiantur
3114 2110 3183 2192 'ut
3214 2110 3469 2211 rapiant:

1869 2214 1916 2260 et
1963 2208 2089 2278 quia
2122 2210 2275 2266 mala:
2312 2213 2574 2273 voluntati
2618 2234 2729 2276 suae
2773 2239 2877 2279 non
2928 2238 3013 2281 est
3055 2243 3156 2299 par
3208 2208 3468 2301 potestas,

1869 2311 2109 2371 quierant
2139 2321 2171 2359 a
2196 2303 2301 2359 Deo
2333 2324 2504 2363 escam
2530 2311 2647 2365 sibi.
2694 2312 2832 2371 Esca
2875 2332 3060 2374 eorum
3098 2330 3181 2378 est
3216 2339 3472 2382 revocare

1868 2402 2173 2449 creaturam
2209 2411 2238 2450 a
2269 2398 2528 2457 Creatore
2567 2419 2663 2460 suo
2692 2422 2705 2460 :
2737 2422 2896 2477 quam
2935 2425 3111 2475 escam
3139 2430 3169 2468 a
3196 2414 3305 2470 Deo
3329 2432 3473 2486 quae-

1868 2491 2014 2551 runt,
2052 2487 2176 2557 quia
2212 2505 2315 2543 non
2346 2492 2466 2562 plus
2500 2507 2723 2564 possunt
2755 2516 2915 2571 quam
2945 2505 3013 2557 ab
3048 2520 3112 2560 eo
3146 2509 3471 2579 permittun-

1870 2584 1977 2631 tur.
2033 2576 2191 2635 Ortus
2219 2592 2293 2636 est
2320 2584 2420 2650 sol,
2468 2598 2514 2640 et
2549 2594 2847 2663 congregati
2878 2608 2999 2651 sunt
3032 2614 3050 2655 .'
3079 2576 3231 2668 quasi
3282 2602 3426 2657 dicat
3454 2622 3467 2658 :

1866 2669 2040 2726 Catuli
2086 2673 2300 2729 leonum
2358 2680 2597 2751 undique
2655 2687 2890 2755 rapiunt.
2960 2691 3064 2746 Sed
3117 2710 3238 2763 qua:
3289 2698 3472 2750 cura?

1868 2764 2007 2831 Quia
2036 2778 2179 2823 ortus
2208 2782 2282 2825 est
2308 2771 2409 2840 sol,
2448 2775 2499 2830 id
2529 2786 2611 2832 est
2639 2791 2882 2849 resurget
2915 2784 3193 2852 Dominus,
3244 2798 3297 2843 et
3343 2805 3471 2843 con—

1863 2859 2231 2929 gregabantur
2253 2863 2496 2921 diabolus
2526 2878 2580 2922 et
2607 2873 2846 2927 membra
2883 2873 2999 2943 ejus
3028 2877 3167 2933 infra
3206 2882 3471 2936 tcrn’iinos

1863 2953 2206 3010 constitutos.
2252 2957 2317 3012 Et
2344 2959 2545 3017 dictum
2569 2973 2651 3018 est
2672 2966 2737 3018 ad
2767 2968 3176 3043 similitudinem
3206 2972 3467 3042 ferarum,

1862 3060 1982 3115 quae
1999 3046 2052 3101 in
2078 3049 2250 3107 noctis
2273 3053 2657 3113 tenebrositate
2681 3071 2947 3130 vagantur
2976 3081 2988 3115 :
3014 3072 3067 3116 et
3092 3066 3340 3121 veniente
3363 3068 3465 3131 die,

1862 3138 1914 3194 in
1937 3140 2206 3212 speluncis
2235 3146 2464 3203 occultis
2494 3164 2552 3204 se
2579 3161 2865 3219 reponunt.
2902 3153 2981 3209 lta
3015 3158 3190 3228 angeli
3221 3160 3310 3229 qui
3344 3170 3469 3215 ante

1862 3235 2149 3293 adventum
2203 3239 2419 3297 Domini
2468 3258 2607 3313 pene
2652 3248 2905 3303 onmihus
2948 3250 3309 3320 dominantes,
3364 3254 3472 3309 late

158 3310 391 3406 (Matt—lt.
426 3336 518 3407 xv)
544 3350 562 3389 ς
588 3346 635 3392 et
667 3336 797 3402 illic,
828 3338 880 3392 id
911 3345 1013 3403 est,
1042 3337 1096 3391 in
1134 3310 1551 3405 cedﬁvaibani,
1589 3355 1761 3409 passe-
1787 3310 1833 3377 ο
1865 3330 2221 3400 vagabantur,
2264 3342 2387 3404 post
2417 3310 2663 3393 notitiam
2708 3340 2907 3410 ubique
2951 3310 3308 3413 divulgatum,
3348 3362 3465 3401 con.

159 3447 242 3485 res
268 3430 619 3498 nidiﬁcabunt
647 3446 666 3486 :
689 3432 815 3502 quia
846 3430 948 3501 ipsi
972 3439 1219 3502 potentes
1242 3433 1294 3487 in
1318 3433 1536 3497 saeculo,
1565 3432 1763 3488 allodia

157 3538 259 3579 sna
306 3532 556 3580 amantes
602 3524 899 3581 Ecclesiam
948 3526 1066 3592 Dei,
1109 3525 1391 3582 molerent
1438 3526 1705 3583 ceeaobiis
1744 3543 1757 3579 :

158 3616 213 3671 in
260 3614 464 3687 quibus
511 3618 591 3671 sic
628 3616 973 3686 nidiﬁcabunt
1013 3634 1276 3686 passeres,
1325 3619 1381 3674 id
1410 3628 1534 3685 est,
1577 3617 1765 3676 ﬁdeles

158 3716 474 3778 quatientes
515 3708 618 3764 sibi
657 3708 963 3781 prolongari
1003 3710 1259 3781 patriam,
1312 3712 1766 3767 sustentaliuntur

159 3801 339 3869 copiis
391 3801 623 3869 illorum,
649 3801 844 3873 quibus
874 3804 1057 3858 ditata:
1096 3815 1222 3860 sunt
1264 3804 1555 3861 Ecclesiae:
1584 3815 1637 3860 et
1686 3807 1765 3861 sic

160 3894 591 3950 nidiﬁcabuntur
624 3896 678 3951 in
722 3897 852 3967 ipsis
883 3896 1158 3965 Ecclesiis,
1185 3912 1253 3953 ne
1282 3899 1412 3953 ﬁant
1444 3899 1619 3968 przeda
1645 3899 1761 3953 dia-

160 3989 293 4044 boli.
334 3988 558 4043 Ilerodii
594 3990 779 4045 domus
817 4001 894 4046 est
936 3992 1046 4047 dua:
1086 4009 1289 4047 eorum.
1339 3992 1603 4049 Herodius
1649 3994 1765 4049 aris

160 4092 248 4135 est
283 4080 568 4137 nidiﬁcans
591 4084 643 4136 in
670 4092 821 4152 petra
849 4099 1011 4154 quam
1036 4085 1242 4141 invenit
1278 4085 1595 4153 ﬁrmiorem,
1630 4096 1686 4141 ct
1708 4095 1766 4141 ut

160 4174 337 4229 huius
365 4175 456 4240 sit,
480 4176 640 4230 etiam
663 4175 717 4230 in
742 4177 970 4233 marinis
992 4179 1227 4249 scopulis
1256 4180 1437 4234 nidum
1466 4180 1648 4236 facere
1676 4181 1767 4233 de-

159 4268 395 4326 siderat.
450 4266 603 4324 Petra
630 4278 808 4325 autem
842 4271 956 4326 haec
986 4273 1039 4327 in
1063 4288 1169 4343 qua
1199 4272 1393 4330 domus
1431 4284 1514 4331 est
1554 4276 1761 4331 herodii

158 4361 418 4418 Christus
442 4371 546 4427 est,
577 4362 631 4417 in
662 4379 769 4434 quo
794 4364 1023 4435 quisque
1051 4366 1223 4421 ﬁdelis
1263 4368 1421 4423 debet
1459 4368 1758 4424 nidiﬁcare.

158 4454 309 4521 Illic,
338 4455 390 4510 id
426 4464 527 4523 est,
563 4458 617 4512 in
639 4459 815 4515 cedris
854 4458 1066 4526 Libani,
1098 4461 1445 4530 nidiﬁcabunt
1474 4481 1710 4533 passeres
1743 4479 1762 4517 :

160 4550 245 4605 sic
268 4558 473 4617 tamen,
509 4558 565 4606 ut
592 4552 774 4607 domus
804 4554 1029 4621 herodii,
1058 4555 1110 4610 id
1140 4564 1223 4609 est
1262 4555 1529 4623 Christus,
1564 4559 1764 4628 princi-

161 4639 362 4713 paliter
392 4642 499 4696 dux
534 4643 605 4698 sit
644 4659 859 4712 eorum,
908 4646 999 4716 qui
1050 4646 1175 4703 licet
1216 4663 1313 4718 per
1346 4649 1541 4705 cedros
1572 4649 1761 4706 Libani

162 4743 561 4801 sustentantur,
606 4744 783 4791 tamen
838 4735 1085 4794 Christus
1117 4739 1491 4811 principaliter
1518 4749 1602 4796 est
1654 4742 1764 4795 dua:

163 4844 347 4882 eorum
377 4843 394 4881 :
423 4836 477 4883 et
518 4839 713 4884 utentes
748 4830 956 4895 excelsi,
991 4832 1043 4887 id
1073 4843 1177 4899 est,
1205 4835 1505 4891 eminentes
1546 4835 1600 4891 in
1647 4836 1761 4891 vir-

166 4918 394 4982 tutibus,
423 4929 582 4974 erunt
610 4920 874 4992 refugium
899 4922 1081 4989 cervis,
1121 4924 1171 4979 id
1205 4934 1310 4991 est,
1338 4927 1428 4996 qui
1464 4928 1571 4998 apti
1617 4936 1762 4994 sunt,

164 5013 419 5081 Spinosas
449 5020 503 5068 et
524 5012 819 5070 lubricosas
849 5014 962 5070 vias
1001 5024 1054 5070 et
1098 5015 1151 5070 in
1200 5026 1456 5074 montana
1505 5035 1764 5075 conscen-

165 5105 323 5158 dunt.
374 5103 441 5159 Et
487 5114 663 5161 tamen
705 5114 873 5177 petra,
924 5107 977 5163 id
1026 5116 1111 5164 est
1155 5109 1426 5175 Christus,
1470 5112 1765 5183 principale

168 5196 439 5266 refugium
468 5198 573 5253 erit
601 5200 775 5255 cervis
802 5242 815 5266 ,
856 5216 975 5270 qme
1012 5202 1115 5256 erit
1147 5204 1406 5274 refugium
1452 5206 1761 5274 berinnceis,

170 5286 353 5352 idest,
394 5289 448 5342 in
483 5296 704 5360 peccato
730 5291 954 5362 hispidis
999 5302 1053 5349 et
1094 5296 1286 5350 acutis.
1342 5296 1409 5351 Et
1461 5298 1561 5352 hoc
1607 5300 1765 5355 modo

170 5395 311 5450 pane
332 5381 528 5437 educto
550 5382 616 5437 de
640 5391 821 5450 terra,
864 5394 920 5441 et
963 5388 1219 5443 saturatis
1270 5388 1427 5459 lignis
1468 5392 1669 5461 campi,
1714 5400 1767 5448 et

170 5471 430 5555 plantatis
456 5474 633 5532 cedris
658 5475 870 5544 Libani,
914 5478 967 5533 in
1011 5479 1205 5550 quibus
1241 5495 1490 5550 passeres
1521 5485 1765 5540 nidiﬁca-

172 5570 326 5625 bunt.
359 5566 509 5625 Fecit
528 5570 897 5643 Deuslignum,
926 5572 978 5629 id
1000 5582 1083 5629 est
1112 5574 1425 5642 Ecclesiam,
1454 5578 1505 5632 in
1536 5588 1770 5648 tempora

174 5663 455 5730 duratura,
489 5665 555 5720 ad
590 5680 751 5736 quam
786 5670 1203 5724 construendum
1236 5669 1315 5724 sol
1347 5672 1579 5741 cognovit
1618 5688 1769 5726 occa-

174 5773 288 5811 sum
309 5774 484 5824 suum,
510 5773 617 5814 non
643 5759 722 5816 sol
745 5760 845 5815 iste
870 5775 1028 5830 quem
1053 5776 1152 5816 nos
1180 5762 1468 5827 intuemur,
1494 5764 1587 5819 sed
1608 5762 1769 5820 Chri-

178 5858 312 5915 stus,
344 5847 496 5919 cujus
540 5852 687 5906 radio
728 5854 1056 5907 :eternalitcr
1098 5853 1471 5910 illuminantur
1498 5857 1598 5910 sui.
1653 5855 1770 5927 Ipse

180 5945 423 6005 Cogitavit
448 5960 696 6004 occasum
736 5961 909 6011 suum,
943 5947 1067 6017 quia
1096 5958 1327 6004 mortem
1363 5965 1513 6007 suam
1554 5950 1770 6020 praesci-

1866 3423 2073 3493 gregati
2109 3432 2253 3487 sunt,
2298 3425 2427 3496 quia
2474 3443 2581 3485 non
2614 3430 2686 3485 ita
2730 3430 2835 3487 late
2876 3443 3142 3504 vagantur
3185 3445 3243 3492 ut
3280 3439 3466 3509 prius:

1865 3522 1913 3566 et
1940 3515 1993 3569 in
2019 3514 2271 3573 cubilibus
2308 3520 2417 3575 suis
2454 3520 2870 3579 collocabantur.
2913 3524 3122 3582 Cubilia
3165 3528 3469 3585 daemonum

1866 3609 2027 3664 corda
2054 3620 2181 3665 sunt
2207 3611 2515 3682 impiorum,
2551 3614 2604 3669 in
2636 3615 2832 3686 quibus
2862 3617 3109 3674 collocati
3146 3630 3273 3676 sunt
3304 3640 3315 3676 :
3342 3624 3467 3692 quia

1867 3718 1971 3757 non
1996 3701 2109 3771 jam
2146 3718 2241 3774 per
2273 3704 2463 3775 impios
2488 3706 2560 3761 ita
2596 3707 2881 3764 manifeste
2928 3709 3243 3782 impugnant
3282 3712 3473 3768 Eccle-

1867 3794 2026 3861 sium,
2048 3793 2189 3851 sicut
2220 3796 2410 3865 primis
2439 3799 2770 3867 temporibus
2802 3813 2817 3853 :
2846 3807 2901 3854 et
2928 3800 3006 3856 sic
3033 3801 3138 3857 illis
3168 3802 3469 3871 collocatis,

1868 3888 2047 3943 Exibit
2090 3890 2241 3946 homo
2289 3890 2358 3943 ad
2406 3907 2532 3960 opus
2580 3905 2775 3946 suum:
2810 3894 2936 3964 quia
2978 3896 3358 3965 praedicatores
3404 3899 3471 3953 ad

1866 3983 2150 4039 colendam
2198 3983 2408 4039 vineam
2456 3984 2548 4039 Dei
2599 4000 2788 4042 secure
2839 3988 3082 4043 exibunt.
3129 3988 3277 4045 Unde
3320 3991 3466 4051 illud,

1867 4074 2055 4130 Messis
2084 4076 2293 4147 quidem
2332 4076 2517 4145 multa,
2560 4080 2787 4147 operarii
2831 4090 3007 4135 autem
3049 4083 3205 4151 pauci
3252 4082 3468 4153 (Matth.

1866 4169 1944 4237 tx)
1982 4179 2073 4223 :et
2101 4169 2269 4233 exibit
2297 4170 2362 4226 de
2384 4170 2472 4224 illa
2510 4170 2729 4227 civitate
2753 4174 2929 4228 omnis
2974 4174 3062 4229 ille
3101 4178 3191 4245 qui
3242 4176 3467 4232 voluerit

1865 4276 1986 4318 esse
2016 4263 2193 4324 homo,
2226 4264 2294 4318 ad
2335 4265 2690 4333 Operationem
2728 4267 2844 4322 sine.
2870 4269 3176 4324 conditione
3205 4286 3364 4339 usque
3400 4272 3469 4322 ml

1866 4373 2153 4427 vesperum,
2182 4358 2231 4412 id
2260 4368 2361 4423 est,
2390 4376 2559 4427 usque
2586 4360 2652 4413 ad
2682 4362 2844 4415 linem
2871 4361 3076 4425 saeculi,
3106 4361 3160 4415 in
3194 4376 3300 4429 quo
3329 4362 3469 4415 sicut

1865 4450 2154 4520 Apostolus
2195 4453 2288 4515 ait,
2321 4450 2491 4507 Mittet
2518 4452 2595 4507 eis
2633 4452 2773 4506 Deus
2802 4461 3141 4521 operatorem
3166 4454 3381 4517 erroris,
3414 4463 3469 4507 ut

1866 4545 2079 4600 credant
2108 4546 2378 4599 mendacio
2402 4586 2414 4608 ,
2436 4554 2493 4599 et
2512 4545 2820 4613 jutlicentur
2865 4561 3041 4599 omnes
3081 4545 3169 4616 qui
3213 4562 3317 4598 non
3362 4562 3471 4600 cre-

1867 4638 2000 4693 dunt
2021 4638 2246 4704 veritati,
2266 4636 2355 4692 sed
2378 4646 2746 4692 consenserunt
2772 4636 3034 4705 iniquitati
3052 4637 3137 4707 (ll
3172 4637 3348 4692 Thess.
3367 4641 3427 4707 ιι)
3453 4658 3466 4695 :

1870 4730 1955 4785 vel
1982 4730 2059 4787 sic
2086 4749 2098 4785 :
2133 4730 2223 4785 Sol
2256 4731 2493 4801 cognovit
2536 4746 2801 4795 occasum,
2834 4742 2887 4785 et
2912 4731 3030 4786 sic:
3062 4730 3294 4787 Posuisti
3326 4744 3466 4787 tene-

1871 4824 2011 4887 bras,
2048 4833 2095 4878 et
2126 4824 2266 4892 facta
2288 4834 2358 4880 est
2384 4840 2491 4879 nos:
2519 4824 2683 4894 :quia
2711 4823 2927 4893 contigit
2955 4825 3163 4878 cmoitas
3193 4824 3246 4879 in
3275 4824 3467 4889 Israel,

1871 4927 1930 4975 ut
1963 4918 2226 4989 plenitudo
2259 4920 2489 4987 gentium
2533 4920 2753 4973 intraret
2797 4917 2955 4990 (Rom
3005 4919 3082 4989 XI)
3114 4936 3126 4972 :
3157 4928 3212 4973 et
3262 4920 3315 4972 in
3358 4920 3469 4986 ipsa

1870 5020 2049 5077 nocte,
2079 5013 2130 5067 id
2155 5021 2257 5079 est,
2304 5013 2359 5068 in
2399 5015 2512 5083 ipsa
2552 5012 2750 5069 mentis
2786 5012 3051 5076 caecitate,
3079 5012 3469 5081 pertransibunt

1870 5123 2045 5163 omnes
2074 5107 2243 5161 bestia:
2272 5107 2445 5172 silvte,
2477 5110 2703 5179 populus
2728 5106 2979 5163 videlicet
3003 5104 3310 5162 Judmorum
3331 5146 3345 5162 .
3379 5106 3468 5175 qui

1872 5200 1935 5254 de
1966 5200 2300 5255 detractione
2326 5200 2534 5256 occulta
2564 5202 2777 5258 transiit
2814 5200 2880 5257 ad
2909 5199 3219 5261 concilium.
3251 5198 3317 5253 de
3339 5213 3470 5253 con-

1870 5290 1992 5347 cilio
2014 5292 2081 5344 ad
2119 5291 2485 5355 traditionem,
2517 5292 2580 5346 de
2618 5294 2903 5347 traditione
2928 5290 2997 5346 ad
3020 5287 3426 5347 cruciﬁxiouem
3451 5301 3466 5343 :

1870 5394 1922 5439 et
1949 5386 2026 5439 sic
2047 5384 2111 5438 ad
2144 5385 2441 5439 custodiam
2472 5385 2723 5454 sepulcri,
2766 5386 2831 5439 de
2874 5383 3114 5440 custodia
3142 5381 3372 5451 sepulcri
3403 5380 3468 5433 ad

1870 5477 2233 5543 mendacium,
2276 5476 2341 5532 de
2368 5475 2647 5531 mendacio
2686 5476 2750 5530 ad
2778 5476 3208 5531 interdictionem
3244 5488 3314 5528 ne
3350 5473 3473 5540 quis

1874 5573 1929 5630 in
1956 5573 2173 5629 nomine
2202 5572 2321 5642 ejus
2346 5571 2653 5640 loqueretur
2678 5585 2692 5623 :
2716 5569 2800 5624 vel
2830 5570 2907 5625 sic
2929 5584 2944 5623 :
2968 5569 3035 5624 1n
3056 5571 3170 5638 ipsa
3206 5577 3471 5638 pertrans-

1875 5666 2020 5720 ibunt
2058 5682 2233 5719 omncs
2268 5665 2439 5719 bestia?
2472 5662 2636 5727 silvai,
2662 5661 2713 5715 id
2742 5668 2848 5726 est,
2882 5660 2934 5715 in
2958 5659 3157 5717 Iudaeis
3185 5659 3473 5719 obeat-catis

1874 5759 2279 5831 pertransibunt
2315 5756 2559 5812 diabolus
2583 5754 2829 5825 etangeli
2868 5752 3003 5821 ejus.
3053 5752 3229 5809 Catuli
3262 5754 3473 5810 leonum

1873 5855 2156 5924 rugientes,
2200 5862 2255 5905 ut
2299 5851 2526 5919 rapiant.
2578 5848 2752 5905 Catuli
2787 5848 2897 5901 tum
2912 5857 3007 5903 unt
3039 5845 3277 5903 minores
3302 5847 3355 5901 in
3382 5861 3473 5915 p0-

1873 5946 2002 6019 pulo
2050 5946 2357 6005 Judaeorum
2400 5946 2489 6015 qui
2530 5943 2929 6001 cettsenticntes
2972 5940 3335 6013 principibus,
3387 5955 3471 5995 ru-
