4034 6468
633 466 738 522 679

1299 465 1555 524 REMIGII
1589 459 2249 525 ANTISSIODORENSIS
2281 463 2432 522 OPP.
2474 463 2674 521 PARS.
2713 464 2754 522 Ι.
2794 495 2860 507 -υ-
2906 465 3310 524 EXEGETICA.
3757 475 3825 533 εω

631 574 826 646 giendo
877 575 1222 633 clamabant:
1258 574 1518 650 Cruciﬁge
1562 595 1680 633 eum
1733 577 1913 650 (Joan.
1963 577 2100 648 xix).
2153 575 2211 632 Si
2240 587 2287 644 Α
2313 576 2383 628 ad
2413 575 2739 631 illudendum
2760 577 2824 642 ei,
2857 580 2983 647 quia
3007 578 3181 634 fecisti
3203 595 3324 634 eum
3356 586 3415 635 ut
3441 579 3672 640 illudatur
3695 601 3824 644 asan-

633 675 811 722 autem
846 665 1032 724 bestiae
1080 667 1252 735 silvae,
1295 667 1566 724 diabolum
1610 677 1666 724 et
1702 667 1920 740 angelos
1961 667 2080 737 ejus
2125 681 2224 723 no‘

635 747 788 824 ‘ant,
837 757 971 828 ipsis
1023 756 1222 816 Iudaeis
1265 759 1547 815 excascatis
1595 766 2066 830 pertranseuntes,
2118 749 2238 815 erit

631 863 795 904 causa
823 850 965 920 quod
989 850 1192 906 dictum
1221 859 1306 907 est
1335 867 1351 904 :-
1379 848 1556 906 Catuli
1580 850 1790 905 leonum
1835 850 2113 922 rugientes,
2166 857 2222 905 ut

632 942 857 1011 rapiant.
913 943 1039 997 Ideo
1065 940 1207 998 facta
1249 942 1305 997 in
1352 942 1604 998 cordibus
1640 940 1945 998 Judaeomm
1985 943 2220 1009 caecitas,

631 1031 758 1101 quia
797 1032 899 1105 ipsi
933 1031 1104 1088 Judaei
1140 1032 1305 1088 catuli
1346 1032 1561 1089 leonum
1610 1035 1906 1090 existentes
1944 1035 2225 1106 rugierunt

632 1130 690 1177 ut
718 1128 970 1193 raperent
998 1124 1306 1190 Dominum,
1333 1123 1664 1184 clamantes:
1699 1125 1849 1182 Tolle
1885 1127 2030 1182 hunc
2059 1135 2113 1179 et
2142 1125 2224 1180 di-

631 1215 784 1270 mitte
813 1217 969 1272 nobis
997 1217 1286 1273 Barrabam
1319 1217 1498 1291 (Joan.
1524 1217 1702 1291 xvm).
1720 1217 1788 1272 Et
1807 1227 2046 1290 quaerant
2068 1235 2101 1271 a
2118 1218 2222 1272 Deo

628 1323 800 1361 escam
820 1308 939 1376 sibi,
969 1308 1022 1363 id
1054 1316 1163 1374 est,
1195 1310 1251 1364 in
1281 1324 1508 1381 corpore
1535 1310 1747 1366 Domini
1787 1311 1994 1367 carnali
2035 1311 2226 1366 volun-

629 1399 726 1454 tati
763 1415 876 1456 sua:
903 1400 1303 1458 satisfecerunt.
1340 1402 1473 1471 Quae
1498 1417 1624 1459 esca
1645 1411 1728 1459 est
1749 1418 1781 1458 a
1813 1403 1920 1459 Deo
1948 1403 2051 1459 sibi
2093 1401 2236 1459 con-5

629 1507 780 1548 cessa
807 1493 935 1562 quia
957 1509 1064 1550 non
1089 1503 1170 1550 est
1203 1503 1448 1551 mortuus
1476 1510 1545 1550 ex
1576 1511 1764 1552 eorum
1791 1494 2090 1563 voluntate,
2125 1495 2220 1550 sed

626 1592 852 1652 paterna
874 1586 1243 1655 dispositione.
1273 1586 1526 1654 Quarant
1553 1605 1586 1642 a
1617 1587 1723 1642 Deo
1749 1604 1922 1643 escam
1950 1589 2069 1643 sibi.
2115 1586 2222 1643 Sed

627 1691 746 1745 qum
773 1678 949 1731 cura?
983 1677 1120 1745 Quia
1157 1689 1308 1735 ortus
1337 1690 1421 1736 est
1452 1678 1544 1735 Sol
1575 1678 1818 1749 justitiaa,
1848 1680 1899 1734 id
1931 1687 2031 1759 est,
2070 1679 2225 1736 Chri-

627 1777 742 1823 stus
768 1768 859 1838 qui
885 1783 1044 1824 verus
1065 1778 1149 1825 est
1176 1771 1275 1835 sol,
1301 1780 1550 1841 resurget
1573 1788 1606 1826 a
1632 1771 1872 1837 mortuis,
1896 1781 1952 1827 et
1973 1788 2113 1826 mors
2140 1771 2219 1825 illi

628 1863 766 1917 ultra
796 1880 899 1918 non
920 1864 1276 1920 dominabitur
1294 1863 1471 1937 (Rom.
1490 1864 1588 1936 vr).
1618 1865 1736 1933 Quo
1760 1874 2073 1938 resurgente
2096 1880 2222 1921 con-

2323 667 2426 722 ctis
2470 666 2577 724 tuis
2609 668 2776 739 :quia
2819 684 2955 738 quos
2997 679 3152 740 putat
3199 672 3555 740 absorbuisse,
3591 685 3640 731 et
3679 679 3824 736 sibiex

2323 767 2438 814 toto
2467 760 2839 830 incorporasse
2862 801 2877 829 ,
2912 777 3009 832 per
3035 761 3262 819 sanctos
3283 773 3400 820 tuos
3432 768 3673 833 extrahis,
3693 781 3740 824 ut
3760 773 3824 828 tibi

2322 851 2755 922 incorporentur,
2787 853 2914 923 quia
2942 855 3152 910 armilla
3184 865 3273 911 tua
3295 856 3560 913 maxillam
3597 857 3695 928 ejus
3708 876 3824 932 pene-

2322 943 2498 999 trasti.
2547 944 2769 998 Armilla
2799 961 2887 1000 res
2909 955 2994 1003 est
3023 947 3276 1013 rutunda,
3310 947 3512 1004 nullum
3536 950 3710 1007 habens
3725 956 3824 1024 priu-

2321 1034 2520 1104 cipium
2548 1034 2631 1090 vel
2660 1034 2822 1091 linem
2849 1053 2864 1092 :
2894 1051 2992 1106 per
3013 1053 3174 1108 quam
3205 1039 3379 1110 gratia
3409 1039 3610 1095 Domini
3641 1041 3822 1115 designa-

2323 1133 2431 1191 tur,
2468 1140 2628 1195 quam
2674 1125 2818 1182 licet
2848 1143 2946 1184 nos
2987 1129 3333 1201 percipimus,
3382 1140 3558 1187 tamen
3596 1150 3653 1189 ex
3673 1137 3824 1212 ,ωειιίιο

2322 1225 2509 1270 nostro
2536 1231 2641 1271 non
2664 1217 2945 1282 habemus,
2995 1221 3090 1274 sed
3132 1220 3200 1274 ab
3246 1235 3311 1275 eo
3357 1221 3621 1277 descendit
3657 1225 3726 1279 cui
3760 1241 3822 1283 nec

2321 1307 2640 1378 priuetpium
2670 1324 2771 1366 nec
2799 1309 2922 1366 linis
2957 1319 3061 1366 est.
3123 1309 3226 1367 Per
3265 1312 3493 1383 gratiam
3532 1313 3712 1369 Domini
3746 1334 3821 1371 ma-

2320 1397 2449 1453 xilla
2471 1399 2721 1456 draconis
2750 1392 3023 1472 perforata
3053 1411 3137 1458 est
3164 1420 3178 1459 :
3210 1393 3336 1472 quia
3361 1419 3494 1474 quos
3517 1406 3737 1462 devorare
3759 1427 3821 1463 cu-

2320 1492 2421 1562 pit,
2448 1494 2620 1564 gratia
2648 1509 2743 1549 sua
2772 1493 2966 1549 liberat
3005 1504 3060 1550 et
3103 1495 3303 1552 educit.
3352 1496 3418 1551 Et
3463 1499 3646 1553 dictum
3684 1509 3747 1555 est
3781 1504 3822 1556 ad

2319 1581 2726 1638 similitudinem
2752 1584 2956 1640 balenae
2980 1625 2996 1651 ,
3021 1600 3142 1654 qua:
3162 1585 3214 1641 id
3243 1586 3385 1655 quod
3409 1587 3678 1643 absorbere
3703 1598 3820 1658 putat,

2320 1687 2417 1742 per
2436 1672 2707 1727 maxillam
2730 1672 3060 1744 perforatam
3088 1675 3304 1730 amittit.
3346 1675 3497 1742 Quod
3537 1677 3684 1733 dicit:
3705 1678 3820 1733 Draco

2321 1762 2434 1821 iste
2455 1782 2605 1837 quem
2629 1765 2870 1837 formasti
2896 1768 2964 1821 ad
2995 1767 3322 1822 illudendum
3353 1770 3400 1824 ei
3423 1785 3443 1823 .·
3463 1779 3515 1825 et
3538 1772 3690 1826 omnia
3713 1774 3821 1841 mpli-

2322 1855 2390 1910 lia
2419 1865 2474 1912 et
2495 1857 2768 1923 animalia,
2798 1867 2854 1912 et
2882 1857 2994 1928 ipse
3020 1860 3188 1915 draco
3225 1869 3389 1931 caput
3419 1875 3596 1916 eorum
3631 1879 3658 1914 a
3695 1872 3732 1916 te
3763 1879 3820 1916 ts-

624 1957 828 2037 gregati
860 1967 986 2013 sunt
1009 1956 1209 2026 Judtei;
1253 1960 1377 2029 quia
1408 1959 1635 2016 Domino
1660 1961 2018 2026 adhaerentes,
2048 1961 2212 2016 etiam
2246 1951 2291 2011 Β
2316 1959 2568 2018 Spectanti
2592 1959 2650 2004 υτ
2673 1951 2762 2005 des
2783 1950 2888 2006 ίίίίε
2911 1967 3083 2006 “cum
3117 1953 3174 2006 ίη
3202 1961 3454 2023 mullo“,
3482 1954 3570 2009 Sed
3605 1969 3630 2007 ³
3666 1963 3706 2009 ιε
3725 1969 3817 2023 Ρη·

622 2043 678 2100 in
698 2050 808 2103 suis
829 2047 1082 2104 cubilibus
1109 2050 1502 2106 collocabantur
1523 2067 1543 2108 :
1576 2053 1700 2122 quia
1739 2052 1793 2107 in
1837 2054 2059 2109 secretis
2085 2052 2219 2109 locis

621 2139 832 2195 occulte
860 2140 1127 2198 consiliati
1166 2150 1294 2197 sunt
1336 2151 1394 2196 ut
1438 2143 1824 2199 interdicerent
1873 2158 1940 2199 ne
1986 2142 2108 2215 quis
2163 2144 2220 2200 in

621 2230 737 2299 ejus
774 2233 990 2287 nomine
1014 2232 1326 2304 loqueretur
1367 2234 1504 2304 (Act.
1531 2241 1628 2308 ιν).
1672 2235 1832 2292 Ortus
1860 2246 1934 2291 est
1961 2236 2059 2292 sol.
2101 2235 2218 2304 Quo

623 2322 734 2378 sole
774 2324 986 2380 oriente
1007 2367 1023 2392 ,
1052 2326 1209 2380 exibit
1236 2327 1390 2382 homo
1417 2327 1486 2382 ad
1508 2344 1636 2398 opus
1661 2345 1815 2383 suum
1836 2340 1892 2384 et
1926 2329 1992 2385 ad
2021 2343 2216 2401 opera-

625 2415 823 2470 tionem
868 2432 1021 2472 suam
1064 2435 1225 2490 usque
1269 2421 1338 2474 ad
1377 2437 1661 2492 uesperum.
1709 2422 1910 2479 Versus
1954 2422 2058 2478 iste
2110 2437 2217 2479 non

623 2518 884 2564 mutatur.
923 2510 1095 2577 Quam
1119 2513 1454 2583 magniﬁcam
1480 2523 1598 2569 sunt
1628 2530 1784 2585 opera
1810 2525 1927 2580 tua,
1956 2513 2218 2571 Domine!

625 2596 825 2655 Videns
861 2599 1132 2673 Propheta
1157 2603 1439 2658 Dominum
1469 2612 1578 2659 tam
1607 2605 1660 2660 in
1702 2621 1762 2661 se
1799 2620 1964 2676 quam
2009 2606 2065 2660 in
2102 2606 2216 2664 suis

622 2693 1042 2764 magniﬁcatum,
1098 2698 1439 2768 congaudens
1485 2699 1784 2770 prorumpit
1824 2699 1879 2755 in
1925 2700 2068 2756 hanc
2115 2715 2214 2757 vo-

622 2803 740 2844 cem
778 2792 1275 2863 congratulationis,
1308 2793 1490 2850 dicens
1525 2812 1537 2849 :
1567 2793 1614 2852 Ο
1637 2795 1877 2862 Domine,
1915 2795 2032 2851 haec
2055 2809 2214 2866 opera

620 2892 732 2948 tua,
764 2884 958 2953 quibus
996 2886 1110 2941 haec
1155 2888 1334 2942 omnia
1369 2887 1630 2958 disponis,
1674 2905 1831 2960 quam
1874 2889 2212 2960 magniﬁcam

619 2984 757 3037 sunt,
790 2975 842 3029 id
867 2986 971 3042 est,
1002 2992 1165 3047 quam
1197 2993 1392 3049 magna
1433 2978 1487 3033 in
1526 2979 1957 3034 consideratione
1978 2994 2098 3035 mea
2124 2979 2210 3034 fa-

619 3074 706 3120 cta
735 3069 891 3122 sunt!
934 3069 1002 3123 Et
1043 3085 1148 3125 non
1198 3071 1395 3125 mirum
1434 3071 1480 3125 si
1511 3086 1675 3141 opera
1707 3082 1797 3126 tua
1829 3087 2025 3144 magna
2053 3079 2208 3137 sunt;

620 3160 744 3228 quia
780 3176 876 3230 per
903 3162 1248 3232 magnificum
1290 3172 1438 3218 tuum
1479 3166 1653 3220 omnia
1702 3163 1842 3220 facta
1885 3175 2031 3230 sunt,
2083 3181 2210 3220 nam

2319 2042 2457 2098 viso.
2515 2041 2586 2097 Et
2615 2058 2630 2097 :
2661 2043 2832 2098 Dante
2865 2054 2913 2098 te
2940 2043 3062 2109 illis,
3091 2044 3140 2099 id
3167 2054 3253 2101 est
3284 2054 3336 2100 te
3365 2047 3698 2117 permittente,
3721 2046 3819 2100 colli-

2319 2148 2437 2208 gent
2465 2138 2606 2194 unde
2631 2154 2691 2195 se
2721 2141 2983 2196 reﬁciant.
3023 2139 3108 2196 Nil
3149 2143 3414 2212 colligunt
3455 2144 3557 2198 nisi
3595 2160 3621 2198 a
3663 2154 3706 2199 te
3735 2161 3818 2215 per-

2319 2229 2468 2287 missi
2495 2239 2585 2286 :et
2629 2232 2888 2300 aperiente
2927 2242 2975 2286 te
3015 2249 3229 2287 manum
3255 2244 3427 2300 tuam,
3466 2234 3515 2288 id
3542 2245 3633 2300 est,
3659 2234 3816 2289 manife-

2317 2333 2492 2379 stante
2520 2322 2795 2378 Christum
2827 2334 2997 2390 tuum,
3045 2326 3221 2380 omnia
3264 2326 3605 2396 implebunlur
3641 2328 3828 2389 bonitate,

2317 2415 2370 2470 id
2396 2423 2498 2483 est,
2531 2415 2704 2489 gratia
2736 2425 2844 2472 tua.
2900 2415 3090 2472 Omnia
3119 2417 3260 2482 dico,
3305 2433 3426 2488 qua:
3467 2418 3702 2489 implenda
3734 2425 3818 2472 sunt

2316 2509 2370 2564 in
2412 2519 2482 2566 te.
2528 2509 2804 2581 Aperiente
2842 2521 2890 2566 te
2936 2528 3150 2566 manum
3200 2523 3366 2576 tuam,
3420 2510 3739 2582 implebantur.
3771 2509 3817 2584 ie

2315 2613 2489 2659 autem
2516 2614 2774 2660 auertente
2795 2604 3002 2676 faciem,
3019 2605 3069 2661 id
3098 2615 3200 2672 est,
3229 2614 3530 2676 respectum
3558 2603 3711 2677 gratia:
3733 2612 3813 2665 tua,

2313 2693 2663 2749 turbabuntur
2691 2696 3084 2751 turbationibus
3105 2683 3331 2763 illicitis,
3358 2707 3415 2752 et
3440 2697 3518 2753 sic
3541 2697 3612 2752 eis
3638 2696 3813 2755 turbatis,

2313 2785 2520 2859 auferes
2559 2787 2800 2859 spiritum
2844 2804 3046 2856 eorum,
3090 2788 3340 2858 spiritum
3388 2788 3618 2845 videlicet
3655 2802 3814 2858 pronum

2313 2879 2370 2936 in
2399 2879 2686 2946 delectum,
2712 2881 2995 2936 vadentem
3029 2891 3082 2936 et
3110 2895 3215 2936 non
3257 2881 3562 2936 redeuntem
3587 2898 3602 2935 :
3627 2879 3726 2950 quia
3748 2891 3814 2930 non

2312 2980 2396 3029 est
2429 2971 2664 3028 hominis
2692 2971 2927 3043 dirigere
2951 2971 3090 3026 viam
3115 2987 3270 3027 suam
3299 2989 3313 3026 :
3352 2981 3401 3026 et
3446 2972 3522 3027 sic
3557 2969 3748 3039 deﬁcient
3782 2967 3814 3018 in

2311 3078 2396 3132 se,
2415 3072 2476 3120 ut
2498 3063 2783 3134 proficiant
2808 3065 2862 3118 in
2889 3073 2942 3120 te
2971 3083 2985 3120 :
3018 3072 3064 3118 et
3087 3065 3141 3118 in
3172 3065 3436 3134 pulverem
3462 3079 3602 3118 suum
3632 3068 3816 3114 revertet-

2313 3163 2418 3221 tur,
2454 3154 2862 3211 considerantes
2890 3170 2948 3210 se
2973 3169 3093 3211 esse
3117 3154 3421 3225 pulverem,
3462 3161 3509 3208 et
3544 3150 3661 3207 nihil
3692 3162 3814 3220 perse

616 3250 674 3304 in
717 3252 973 3322 sapientia
1019 3253 1212 3323 fecisti,
1255 3254 1308 3310 id
1348 3263 1453 3322 est,
1492 3255 1546 3310 in
1574 3255 1711 3311 Filio
1745 3266 1838 3312 tuo
1870 3254 2210 3313 incﬂ'abilitet‘
2249 3319 2278 3323 _
2313 3261 2490 3316 posse-
2537 3246 2633 3302 Vel
2660 3248 2740 3303 sic
2768 3262 2783 3300 ε
2810 3247 3030 3317 Auferes
3056 3248 3293 3319 spiritum
3324 3264 3524 3312 eorum.
3551 3244 3680 3313 iuxta
3704 3239 3810 3296 ίιιιιάε

618 3319 946 3412 disposuisti.
994 3319 1100 3400 Per
1137 3361 1300 3416 quam
1345 3319 1661 3417 sapientiam
1697 3347 1908 3417 impleta
1945 3359 2021 3404 est
2066 3359 2207 3404 terra
2233 3319 2280 3382 ο
2314 3339 2491 3395 Nolite
2512 3340 2739 3412 cogitare
2767 3348 3025 3413 quomodo
3065 3352 3155 3398 aut
3196 3341 3322 3412 quid
3353 3341 3621 3412 loquamini
3663 3335 3812 3408 (Παιιθιο

615 3439 937 3506 possessione
974 3447 1066 3492 tua
1095 3454 1115 3494 :
1144 3439 1270 3510 quia
1323 3439 1516 3494 Omnia
1557 3439 1820 3510 subjecisti
1855 3440 1951 3495 sub
1992 3440 2220 3513 pedibus

613 3529 727 3598 ejus
754 3529 926 3601 (Psal.
957 3533 1096 3601 VIII).
1151 3530 1217 3586 Et
1241 3547 1346 3588 non
1379 3540 1589 3588 tantum
1619 3543 1780 3601 terra,
1808 3533 1861 3590 id
1891 3545 1997 3603 est,
2025 3533 2208 3591 Judaio

614 3635 709 3677 cus
738 3624 965 3694 populus
1003 3625 1256 3695 impletus
1282 3636 1365 3683 est
1387 3629 1728 3698 possessione
1750 3637 1838 3683 tua
1856 3669 1870 3694 ,
1895 3631 1987 3685 sed
2017 3631 2202 3696 etiam,

615 3711 730 3766 Hoc
769 3730 915 3770 mare
947 3733 1193 3787 magnum
1218 3726 1266 3773 et
1294 3719 1578 3789 spatiosum
1617 3720 1890 3787 manibus,
1922 3721 2202 3792 impletum

612 3815 696 3859 est
739 3809 1057 3875 possessione
1101 3821 1210 3875 tua,
1250 3810 1305 3865 id
1352 3821 1438 3867 est
1480 3821 1727 3868 creatura
1775 3822 1886 3869 tua.
1936 3813 2108 3880 Mare,
2145 3823 2205 3870 ut

614 3909 755 3963 δεῖρε
780 3899 1101 3966 audivimus,
1143 3901 1399 3972 gentilem
1433 3904 1698 3975 signiﬁcat
1728 3905 1998 3975 pophlum.
2049 3905 2203 3974 Quod

612 4001 758 4040 mare
778 4003 1023 4058 magnum
1050 4000 1133 4046 est
1171 3993 1225 4047 in
1253 3993 1498 4061 Domino,
1542 4007 1588 4050 et
1629 3998 1870 4052 manibus
1913 3999 2201 4068 spatiosum

613 4083 714 4140 est,
746 4075 797 4131 id
825 4087 926 4143 est,
955 4080 1205 4150 operibus
1230 4092 1538 4139 sanctorum
1571 4126 1585 4152 ,
1616 4087 1739 4156 quia
1771 4088 1840 4142 ibi
1874 4087 1926 4141 in
1957 4087 2202 4158 pluribus

614 4165 812 4223 habent
837 4184 1091 4227 exercere
1118 4188 1214 4228 sua
1242 4172 1406 4244 opera
1432 4176 1639 4231 sancti:
1671 4187 1726 4233 et
1754 4177 1884 4245 illic,
1921 4179 1973 4234 id
2001 4188 2102 4246 est,
2145 4181 2200 4236 in

611 4262 950 4330 possessione
990 4263 1225 4334 Domini,
1270 4277 1396 4324 sunt
1429 4269 1652 4340 reptilia,
1693 4271 1746 4325 id
1774 4280 1878 4339 est,
1908 4273 2199 4345 repentinae

611 4344 1000 4426 suggestiones,
1039 4369 1341 4430 pugnantes
1367 4369 1557 4416 contra
1583 4372 1820 4430 sanctos,
1863 4380 1932 4420 ne
1969 4344 2200 4435 operen-

612 4452 698 4498 tur
719 4445 918 4502 bonum
950 4463 1084 4519 opus
1114 4465 1268 4506 suum
1296 4451 1351 4506 in
1380 4453 1628 4509 subditis.
1681 4453 1885 4511 Horum
1920 4457 2197 4528 reptilium

610 4554 712 4592 non
744 4549 816 4594 est
848 4558 1112 4610 numerus,
1143 4545 1268 4615 quia
1291 4545 1465 4617 angeli
1495 4557 1753 4618 apostatae
1795 4550 1991 4621 ubique
2028 4559 2082 4605 et
2113 4551 2205 4606 in-"

609 4631 967 4688 numerabiles
999 4624 1268 4691 scininant
1289 4638 1690 4708 suggestiones;
1727 4641 1868 4711 quod
1895 4641 2046 4709 dicit,
2072 4637 2192 4698 Illic

610 4719 813 4788 reptilia
845 4738 1068 4792 quorum
1097 4741 1201 4780 non
1229 4735 1303 4782 est
1333 4744 1600 4796 numerus,
1624 4739 1678 4786 et
1705 4732 1811 4788 illic
1837 4742 1964 4788 sunt
1983 4735 2190 4789 anima-

606 4807 681 4864 lia
706 4812 901 4880 pusilla
925 4829 1044 4869 cum
1086 4820 1287 4889 magnis
1312 4836 1332 4875 :
1364 4821 1472 4878 illic
1519 4823 1758 4879 haeretici
1798 4824 1851 4880 in
1898 4821 2194 4894 majoribus

604 4902 736 4958 etin
761 4904 1060 4964 minoribus
1097 4921 1360 4980 errantes,
1408 4916 1462 4970 in
1508 4917 1804 4986 majoribus
1854 4928 2056 4986 errant,
2098 4919 2192 4991 qui

604 4991 924 5053 Trinitatem
959 5015 1064 5056 non
1109 5004 1337 5061 credunt
1370 5021 1384 5061 :
1419 5007 1476 5063 in
1518 5009 1840 5077 minoribus,
1889 5013 1981 5082 qui
2019 5013 2191 5068 eccle-

602 5085 834 5145 siasticis
894 5090 1155 5150 institutis
1215 5112 1322 5152 non
1375 5100 1739 5156 consentiunt.
1807 5101 1961 5169 Quod
2009 5103 2186 5173 dicit,

600 5180 866 5238 Animalia
902 5186 1094 5256 pusilla
1120 5204 1240 5243 cum
1269 5193 1493 5263 magnis,
1530 5201 1587 5249 et
1625 5203 1806 5250 tamen
1831 5194 1962 5262 illic,
1994 5197 2047 5251 id
2075 5194 2180 5266 est,

599 5269 743 5328 inter
796 5276 1049 5334 animalia
1099 5288 1155 5336 et
1191 5282 1401 5352 reptilia
1450 5301 1626 5352 naves,
1679 5285 1731 5342 id
1777 5295 1882 5353 est,
1932 5287 2184 5344 Ecclesia:

598 5379 957 5441 congregatur,
986 5377 1369 5444 pertransibunt
1411 5393 1507 5448 per
1539 5380 1737 5434 bonum
1767 5379 2182 5451 gubernatorem

598 5456 882 5517 Dominum
911 5473 1154 5521 nostrum
1183 5465 1365 5524 Jesum
1391 5467 1685 5526 Christum.
1732 5470 1968 5530 Navibus
1995 5475 2179 5531 Eccle-

597 5548 676 5637 sia
701 5565 1063 5624 comparatur,
1089 5560 1213 5630 quia
1240 5557 1291 5615 in
1318 5559 1566 5618 ﬂuctibus
1599 5564 1802 5632 smculi,
1833 5582 1900 5621 ne
1926 5567 2079 5637 quasi
2125 5566 2180 5622 in

596 5636 733 5699 m'ari
759 5649 1107 5718 periclitetur,
1145 5668 1176 5706 a
1211 5653 1426 5712 Christo
1466 5658 1819 5728 gubernatur.
1877 5636 2049 5714 Draco
2087 5661 2180 5716 iste

593 5751 747 5807 quem
787 5741 1025 5809 formasti
1067 5746 1138 5802 ad
1173 5747 1500 5804 illudendum
1539 5751 1630 5818 ei,
1665 5751 1719 5806 id
1761 5759 1882 5807 est:
1913 5751 2175 5819 diabolus,

595 5824 847 5905 princeps
870 5837 1136 5907 reptilium
1159 5847 1216 5894 et
1234 5841 1563 5905 animalium,
1593 5843 1915 5913 repugnabit
1934 5858 2001 5897 ne
2030 5858 2181 5899 mare

596 5921 741 5982 istud
775 5941 1028 5999 magnum
1055 5931 1149 5987 ﬁat
1175 5933 1443 6003 possessio
1478 5943 1567 5990 tua
1601 5951 1612 5987 :
1647 5950 1797 6004 quem
1840 5941 1916 5991 tu‘
1940 5934 2180 6005 formasti

2309 3432 2365 3504 x)
2396 3449 2410 3488 :
2447 3443 2492 3487 et
2520 3434 2596 3487 sic
2616 3432 2881 3502 deﬁcient,
2910 3444 2956 3488 et
2986 3437 3041 3488 in
3069 3434 3328 3504 pulverem
3365 3449 3516 3489 suum
3554 3441 3812 3487 revertentur.

2307 3528 2375 3583 Et
2402 3529 2480 3584 sic
2507 3529 2694 3584 emitte
2722 3529 2963 3599 spiritum
3007 3540 3179 3595 tuum,
3217 3529 3468 3600 spiritum
3515 3525 3724 3582 videlicet
3755 3521 3816 3572 hu.

2307 3619 2549 3675 militatis
2577 3636 2685 3690 quo
2705 3635 2764 3676 se
2783 3620 3071 3676 humilient
3102 3639 3114 3674 :
3149 3632 3196 3675 et
3232 3622 3543 3676 creabantur
3565 3619 3611 3672 in
3629 3613 3812 3686 operibus

2305 3710 2482 3778 bonis,
2512 3721 2560 3766 et
2589 3713 2668 3769 sic
2695 3713 2964 3768 renovabis
2992 3713 3181 3784 faciem
3207 3724 3386 3780 terrae,
3412 3713 3462 3768 id
3492 3719 3588 3777 est,
3610 3706 3811 3766 estiscien-

2307 3803 2438 3869 tiam
2461 3812 2822 3872 terrenorum,
2851 3822 2973 3876 qua:
2997 3806 3292 3862 inveterata
3320 3807 3442 3873 fuit,
3465 3804 3655 3876 quando
3678 3810 3810 3854 avem

2303 3895 2443 3954 facie
2487 3899 2858 3956 turbabantur.
2901 3899 3244 3957 Conscientia
3293 3900 3462 3958 facies
3504 3899 3688 3960 dicitur,
3724 3891 3808 3962 quia

2303 3989 2442 4044 sicut
2487 3990 2714 4060 quisque
2763 3992 2878 4046 visa
2931 3991 3069 4047 facie
3102 3991 3362 4048 exteriori
3411 3990 3617 4046 alterius
3649 3979 3810 4041 eumab

2300 4081 2406 4138 alio
2443 4083 2724 4149 discernit,
2777 4085 2850 4137 ita
2907 4083 3260 4155 interroganti
3300 4081 3616 4138 conscientia
3649 4090 3724 4132 sua
3755 4084 3811 4123 ser

2301 4165 2489 4244 ipsum.
2524 4176 2878 4246 recognoscit.
2930 4174 3012 4230 Sit
3053 4175 3224 4246 gloria
3260 4173 3471 4229 Domini
3517 4173 3567 4226 in
3605 4162 3807 4224 iaculum.

2297 4263 2564 4334 Propheta
2588 4280 2684 4336 pro
2701 4267 2954 4322 omnibus
2977 4266 3225 4338 superius
3252 4281 3283 4320 a
3305 4265 3528 4321 Domino
3546 4251 3808 4316 inetl'abiliter

2299 4359 2572 4428 dispositis
2622 4359 2869 4413 hortatur
2921 4373 3019 4413 nos
3064 4366 3123 4412 ut
3172 4356 3456 4411 Dominum
3500 4348 3803 4426 gloriﬁcemus.

2290 4447 2448 4520 juxta
2485 4449 2661 4504 illud:
2703 4449 2806 4516 Qui
2849 4448 3128 4521 gloriatur,
3174 4449 3230 4504 in
3267 4447 3491 4502 Domino
3533 4440 3740 4516 glorietur
3769 4429 3804 4503 (1

2296 4543 2420 4599 Cor.
2463 4542 2528 4615 ι).
2562 4540 2630 4596 Ει
2672 4542 2806 4597 dicit
2839 4559 2851 4595 :
2882 4539 2962 4596 Sit
2992 4541 3160 4612 gloria
3191 4541 3406 4596 Domini
3444 4554 3546 4597 non
3583 4543 3745 4591 tantum
3769 4527 3804 4579 in

2295 4633 2500 4702 futuro,
2543 4637 2639 4692 sed
2663 4635 2825 4692 etiam
2854 4636 2908 4690 in
2935 4635 3186 4690 steculum
3213 4636 3353 4691 istud
3381 4633 3518 4704 quod
3561 4642 3679 4686 nunc
3715 4627 3800 4677 est:

2296 4738 2350 4785 et
2374 4729 2455 4784 sic
2477 4727 2744 4782 lwtabitur
2765 4727 3021 4782 Dominus
3043 4728 3096 4782 in
3119 4727 3358 4798 operibus
3390 4727 3516 4788 suis,
3543 4721 3591 4778 id
3617 4725 3699 4779 est,
3722 4711 3801 4782 [113‘

2296 4823 2438 4879 cehit
2469 4822 2571 4878 sibi
2612 4822 2665 4876 in
2705 4820 3034 4891 perfectione
3076 4821 3257 4892 operis
3295 4820 3396 4877 sui.
3436 4817 3513 4872 Sit
3553 4810 3692 4887 gloria
3725 4806 3797 4859 D0-

2294 4915 2427 4971 mini
2459 4933 2472 4969 :
2502 4913 2717 4968 Domini
2741 4914 2883 4980 dico,
2904 4915 2994 4984 qui
3025 4914 3231 4983 respicit
3259 4922 3472 4976 terram,
3493 4911 3542 4964 id
3567 4913 3655 4968 est.
3680 4908 3798 4997 if"?

2291 5022 2392 5062 nos
2411 5007 2675 5073 homines,
2698 5014 2747 5062 et
2773 5005 2900 5076 facit
2921 5022 3040 5060 eum
3069 5015 3307 5072 tremere,
3345 5005 3409 5061 de
3434 5002 3600 5058 futuro
3629 4992 3794 5064 judicio-

2293 5097 2448 5161 Unde
2477 5099 2673 5155 Paulus
2704 5117 2718 5153 :
2742 5096 2876 5154 Cum
2901 5098 3098 5154 timore
3117 5109 3164 5153 et
3194 5108 3413 5154 tremore
3437 5103 3634 5152 uestram
3665 5095 3796 5184 optta'

2289 5191 2418 5247 mini
2443 5191 2664 5257 salutem
2687 5189 2854 5264 (Phil.
2880 5192 2962 5262 tt).
2998 5191 3070 5248 Ut
3092 5191 3220 5248 illud
3246 5207 3260 5247 :
3289 5191 3460 5263 Super
3476 5199 3619 5260 quem
3636 5187 3792 5246 κοιλωθ-

2290 5285 2395 5340 scit
2413 5284 2633 5356 spiritus
2659 5299 2829 5348 meus,
2846 5285 2950 5340 nisi
2975 5299 3138 5356 super
3165 5285 3418 5341 humilem
3439 5291 3490 5340 et
3508 5279 3792 5366 mansuellmb

2289 5386 2346 5434 et
2367 5363 2686 5434 trementem
2709 5379 2869 5435 verba
2891 5378 3046 5434 mea?
3068 5377 3204 5451 (Isa.
3229 5379 3393 5452 LXVI.)
3413 5377 3491 5434 Sit
3515 5373 3654 5431 etiam
3671 5362 3793 5436 910""

2287 5467 2522 5534 Domini,
2553 5469 2644 5541 qui
2677 5469 2918 5526 interiori
2961 5477 3106 5526 tactu
3151 5471 3314 5540 tangit
3335 5464 3606 5533 πιθηκιῄὰ
3625 5462 3792 5550 estsit:

2287 5536 2592 5630 perﬂuitate
2634 5549 3010 5632 tempOralium
3060 5536 3353 5630 exaltaios,
3392 5571 3438 5617 et
3476 5554 3720 5629 fumiganl.
3751 5536 3789 5594 id

2285 5663 2388 5719 est,
2414 5653 2769 5726 lacrymosam
2807 5653 3241 5726 deprecationem
3266 5653 3503 5710 fundunt.
3555 5641 3680 5702 Unde
3710 5645 3787 5690 non

2284 5743 2458 5800 solum
2481 5745 2574 5816 qui
2600 5744 2655 5800 in
2678 5760 2844 5803 carne
2880 5746 3378 5824 promcorporalibus
3412 5737 3682 5800 cantabunt.
3714 5734 3785 5794 Pro

2284 5839 2368 5896 his
2397 5841 2711 5904 cantabunt,
2744 5841 2838 5896 sed
2871 5856 2970 5911 ego
2998 5856 3214 5912 quoque
3263 5847 3407 5899 tanto
3444 5844 3559 5892 ante
3600 5827 3783 5912 ιειιιρίξτθ

2283 5934 2579 6003 exsultans,
2623 5933 2856 5991 Cantabo
2905 5907 3143 5990 Domina
3182 5935 3242 5990 in
3290 5943 3389 5990 vita
3437 5943 3556 5992 mea,
3604 5907 3782 5975 canum
