3868 5526
61 400 140 458 681

62 525 183 578 voce,
201 508 408 581 psallam
435 526 595 607 opere
635 514 745 572 Deo
793 537 923 591 meo,
980 540 1086 584 non
1132 533 1199 587 ad
1248 536 1458 607 horam,
1504 545 1598 598 sed

58 603 251 673 quandiu
276 619 418 668 sum;
456 604 538 660 vel
574 607 690 665 sie:
718 609 952 670 Cantabo
975 619 1030 674 in
1057 623 1159 677 vita
1181 642 1295 682 mea
1324 603 1598 703 pmsenti,

56 701 99 748 et
121 691 309 746 tandem
331 692 382 746 in
400 691 579 751 futuro
599 699 821 767 psallam
846 704 953 760 Ileo
980 726 1093 765 meo
1115 691 1349 783 quandiu
1377 739 1513 791 sum,
1547 691 1601 781 in

54 783 359 849 Immutabili,
388 785 439 839 in
472 802 536 842 eo
564 803 683 845 esse
707 810 1053 863 permaneam
1082 822 1094 857 :
1128 809 1271 875 quod
1301 812 1405 867 erit
1438 825 1599 871 arter-

54 876 230 941 naliter,
259 877 373 945 quia
410 881 585 935 omnia
619 892 861 956 tempora
901 894 1225 954 transibunt.
1258 902 1324 958 Et
1347 907 1595 975 psallam,

50 964 308 1018 Iucundum
328 967 389 1020 sit
415 969 462 1021 ei
494 970 756 1042 eloquium
788 994 978 1046 meum,
1010 984 1062 1039 id
1102 998 1207 1055 est,
1248 964 1459 1061 placeat
1495 964 1599 1055 sibi

52 1054 274 1110 confessio
300 1073 434 1123 mea,
464 1076 585 1130 quin
612 1074 765 1121 extra
806 1069 1044 1140 loquitur
1092 1077 1147 1132 in
1188 1079 1364 1138 littera
1414 1091 1597 1145 omnia

50 1162 144 1214 qua:
181 1145 361 1215 injuste
406 1157 737 1221 perpetravi.
786 1160 882 1215 Vel
931 1164 1048 1220 sic:
1087 1166 1392 1229 Iucundum
1433 1178 1498 1232 sit
1548 1182 1595 1234 ei

47 1522 130 1564 tum
157 1522 206 1566 ut
228 1517 465 1586 exemplo
495 1535 616 1576 meo
639 1530 914 1592 provocati
963 1546 1255 1603 peccatores
1285 1542 1531 1612 deﬁciant
1557 1566 1589 1602 a

45 1614 172 1667 terra,
198 1604 366 1673 idest,
394 1624 422 1663 a
449 1618 669 1670 terreno
692 1632 856 1689 opere
882 1638 1012 1692 suo;
1046 1638 1092 1681 et
1118 1632 1284 1703 iniqui
1313 1636 1586 1706 deﬁciant,

42 1694 97 1745 ita
122 1704 164 1746 ut
185 1713 277 1749 non
305 1698 403 1752 sint
430 1705 577 1772 quod
597 1708 747 1776 prius
777 1710 993 1769 fuerunt
1019 1736 1032 1771 :
1072 1694 1218 1790 quod
1246 1731 1305 1779 ut
1342 1725 1456 1793 ﬁat,
1504 1694 1588 1785 be:

42 1783 175 1849 nedic,
197 1786 361 1841 anima
385 1806 523 1857 mea,
552 1795 795 1855 Domino.

522 1886 750 1947 PSALM
763 1894 847 1951 US
911 1900 1046 1957 CIV.

639 1998 921 2044 ALLELUIA.

39 2618 51 2649 ‹
87 2604 367 2707 mirabilimn
397 2615 513 2684 ejus
545 2633 667 2687 quae
698 2621 845 2690 fecit,
878 2604 1120 2702 prodigia
1147 2632 1264 2702 ejus
1295 2647 1350 2693 et
1370 2604 1573 2709 judicia

36 2709 50 2738 ς
84 2694 171 2747 oris
196 2697 315 2766 ejus.
365 2704 568 2762 Semen
604 2710 876 2770 Abraham
910 2722 1050 2775 servi
1088 2722 1226 2792 ejus,
1268 2727 1361 2783 ﬁlii
1404 2730 1573 2790 Jacob

35 2799 47 2827 ε
76 2783 201 2840 electi
235 2789 360 2857 ejus.
408 2795 525 2866 Ipse
562 2799 816 2859 Dominus
842 2808 983 2865 Dens
1010 2821 1212 2881 noster,
1238 2819 1290 2872 in
1320 2821 1571 2881 universa

32 2885 45 2917 ι
81 2879 193 2929 terra
216 2876 404 2946 judicia
428 2885 573 2955 ejus.
627 2891 831 2951 Memor
873 2900 975 2955 fuit
1011 2903 1063 2958 in
1105 2876 1357 2965 sazculuin
1405 2923 1571 2971 testa-

29 2979 40 3007 ε
78 2970 215 3023 menti
236 2974 333 3039 sui,
360 2980 508 3035 verbi
534 2986 684 3052 quod
708 2990 982 3048 mandavit
1012 2995 1063 3050 in
1092 3000 1238 3056 mille
1260 3011 1567 3072 generatio-

28 3071 162 3159 tnes.
213 3062 354 3130 Quod
391 3069 665 3141 disposuit
708 3079 776 3133 ad
823 3080 1094 3144 Abraham
1125 3133 1140 3158 ,
1186 3103 1241 3149 et
1260 3062 1567 3171 jurattienti

28 3161 39 3190 ι
71 3148 134 3201 Sui
160 3152 218 3206 ad
247 3155 406 3214 lsaac.
455 3163 523 3218 Et
558 3170 751 3224 statuit
780 3172 907 3229 illud
933 3177 1102 3237 Jacob
1126 3148 1180 3238 in
1208 3148 1564 3262 praeceptum:

30 3252 41 3262 ,
76 3245 115 3262 Δ,
151 3240 236 3262 ,ψ
279 3246 291 3262 .
336 3250 348 3261 .

28 3245 117 3341 «et
149 3240 292 3301 Israel
335 3250 385 3304 in
428 3262 815 3317 testamentum
858 3277 1141 3341 aeternum,
1191 3240 1413 3336 dicensl:
1446 3240 1564 3341 Tibi
1592 3259 1636 3321 Ο

28 3341 39 3371 ι
72 3327 183 3385 dabo
216 3344 403 3396 terram
436 3346 719 3418 Chanaan,
755 3353 1051 3416 funiculum
1100 3327 1431 3430 hiereditatis
1471 3392 1565 3431 ve-

27 3432 36 3461 ι
70 3426 185 3476 stne.
224 3427 348 3484 Cum
371 3447 556 3492 essent
587 3455 815 3501 numero
846 3448 1015 3518 brevi,
1050 3458 1360 3523 paucissimi
1390 3472 1443 3518 et
1477 3466 1561 3521 in-

28 3530 31 3553 ι
70 3515 175 3629 cola:
196 3520 301 3589 ejus
330 3543 343 3579 :
372 3538 426 3584 ct
467 3538 906 3601 pertransierunt
945 3546 1012 3601 de
1050 3560 1206 3617 gente
1240 3553 1292 3607 in
1320 3567 1557 3629 gentem,

27 3618 32 3647 ι
68 3605 121 3707 de
141 3626 288 3682 regno
329 3622 395 3675 ad
430 3627 689 3695 populum
715 3632 966 3692 alterum.
1013 3605 1129 3698 Non
1167 3605 1561 3719 rel—intruitvh-d:

28 3708 30 3717 '
64 3709 229 3808 :tnnem
263 3722 456 3766 nocere
486 3716 590 3783 eis,
621 3729 676 3774 et
703 3725 964 3796 corripuit
987 3746 1089 3801 pro
1119 3734 1197 3790 eis
1231 3708 1403 3808 reges.
1449 3741 1558 3799 No-

576 3782 581 3783 .
847 3782 864 3796 .
987 3782 1083 3801 τη
1124 3782 1196 3790 ---
1231 3782 1403 3808 -νυυυσ
1449 3782 1556 3799 “V—

65 3782 146 3895 lite.
166 3799 373 3865 tangere
408 3804 647 3863 ehristos
686 3827 855 3880 meos,
896 3826 951 3871 et
990 3819 1044 3875 in
1092 3828 1372 3895 prophetis
1420 3835 1556 3890 meis

62 3876 198 3935 nolite
238 3888 541 3962 malignari.
585 3898 653 3952 Et
684 3906 895 3959 vocavit
922 3908 1118 3966 famem
1142 3929 1306 3985 super
1328 3929 1552 3991 terram,

60 3975 100 4020 et
127 3988 270 4033 omne
300 3982 706 4053 ﬁrmamentum
737 3999 891 4065 panis
930 3975 1224 4061 contrivit:
1244 4009 1387 4067 Misit
1427 3975 1552 4072 anu;

51 4076 125 4181 $33
160 4070 357 4181 virum;
425 4082 479 4137 in
536 4101 753 4143 servum
806 4100 1143 4157 venundatus
1195 4114 1280 4161 est
1327 4107 1546 4181 Ioseph.

52 4151 441 4228 llltmiliaverunt
456 4175 510 4230 in
524 4183 873 4251 compedibus
884 4190 1047 4257 pedes
1060 4193 1194 4262 ejus,
1214 4196 1417 4256 ferrum
1432 4151 1551 4272 pler-

54 4252 231 4272 μων,
335 4261 346 4271 .
574 4268 585 4272 -

884 4252 900 4257 -
1085 4252 1103 4262 ,
1182 4252 1193 4262 ,
1276 4252 1519 4272 υπηρ-

54 4252 234 4363 Lrlansiit
262 4261 495 4319 animam
536 4268 678 4342 ejus,
718 4272 892 4331 donec
920 4281 1129 4338 veniret
1159 4289 1380 4345 verbum
1407 4293 1543 4363 ejus.

564 4330 583 4342 _
663 4330 674 4336 ν
842 4330 885 4331 γέ
934 4330 1129 4338 .__--_--
1169 4330 1380 4345 mw...
1408 4330 1436 4345 υ
1462 4330 1543 4350 μδ.

48 4330 292 4443 Eloquium
341 4353 555 4413 Domini
596 4360 948 4424 inﬂammavit
985 4388 1148 4430 eum:
1179 4380 1329 4436 misit
1359 4330 1453 4440 rei:l
1490 4396 1545 4443 et

46 4426 341 4537 iolviteum,
381 4447 637 4521 princeps
667 4459 988 4527 pupulorum
1040 4474 1095 4521 et
1147 4471 1353 4530 dimisit
1395 4494 1537 4537 eum.

384 4513 399 4515 _
574 4513 591 4521 -
667 4513 685 4525 ,
737 4513 754 4527 ,
1043 4513 1095 4521 ν-
1148 4513 1353 4530 νηηω..
1395 4513 1535 4537 μαι...

46 4513 300 4586 Constituit
328 4550 451 4592 eum
475 4540 755 4602 dominum
779 4551 972 4609 domus
998 4571 1132 4625 suae,
1157 4570 1211 4616 et
1236 4566 1535 4640 principem

1117 4616 1130 4625 -
1238 4616 1255 4634 1
1278 4616 1287 4617 ί
1304 4616 1535 4640 ---ν·ι’ν···

41 4616 184 4708 omnis
208 4633 567 4692 possessionis
594 4654 723 4696 sum.
763 4642 833 4699 Ut
854 4649 1094 4705 erudiret
1117 4655 1390 4727 principes
1420 4662 1535 4729 ejus

40 4711 152 4811 510‘"!
166 4719 540 4811 semetipsum,
573 4737 631 4782 et
657 4746 815 4790 senes
849 4735 966 4805 ejus
1005 4744 1346 4811 prudentiam
1379 4751 1536 4811 doce-

40 4796 121 4903 ret.
164 4799 226 4856 Et
258 4807 478 4869 intravit
527 4816 699 4876 Israel
729 4825 783 4879 in
814 4796 1130 4901 IE-gyplttm,
1165 4847 1220 4892 et
1247 4838 1413 4899 Jacob
1443 4862 1533 4903 ac-

38 4889 131 4998 Colla
152 4894 246 4953 fuit
279 4902 332 4957 in
365 4913 509 4963 terra
548 4909 742 4969 Cliam.
798 4918 864 4972 Et
901 4889 1051 4978 a'ttxit
1080 4929 1333 4998 populum
1373 4950 1527 4993 suum

35 4980 362 5098 :ehementer,
394 5007 449 5053 et
477 5000 719 5060 ﬁrmavit
747 5024 870 5066 eum
908 5028 1071 5085 super
1102 5019 1353 5081 inimicos
1390 5029 1525 5098 ejus.

973 5069 989 5085 ι
1049 5069 1060 5071 _
1104 5069 1353 5081 ---ηψπ
1390 5069 1525 5098 ηπ.

33 5069 278 5195 (ξοιηνθι-ιὶι
310 5106 407 5147 cor
431 5110 623 5153 eorum
663 5111 723 5157 ut
750 5106 963 5166 odirent
1002 5118 1260 5186 populum
1303 5124 1440 5195 ejus,
1476 5137 1530 5186 et

1004 5162 1066 5183 ,η
1113 5162 1260 5173 ........
1303 5162 1328 5178 ι
1358 5162 1417 5181 ..ο
1476 5162 1527 5186 υ.

33 5162 182 5229 dolum
206 5176 441 5241 facerent
480 5189 535 5244 in
574 5206 762 5250 servos
790 5197 924 5266 ejus.
968 5162 1110 5262 Misit
1151 5162 1372 5285 MoyseJn
1409 5169 1527 5276 ser-

34 5268 133 5359 thm
166 5282 343 5343 suum,
391 5278 574 5335 Aaron
613 5298 775 5353 quem
807 5290 968 5362 elegit
1004 5296 1197 5367 ipsum.
1238 5268 1426 5363 Posuit
1469 5314 1523 5368 in

34 5350 97 5403 eis
132 5361 281 5418 verba
327 5368 608 5440 signorum
660 5390 899 5448 suorum,
953 5392 1009 5438 et
1051 5391 1415 5459 prodigiorum
1468 5405 1519 5442 ῖιι

33 5450 149 5502 terra
173 5450 350 5511 Cham.
404 5460 544 5506 Micii
573 5467 760 5500 ποηιιι..

1137 420 1676 487 ENARRATIONES
1715 432 1782 489 IN
1821 435 1947 493 PSA
1959 438 2159 498 LMOS.

2586 408 2614 432 ἃ

3183 471 3291 533 682

1625 552 1674 610 Α
1710 566 1727 600 t
1770 551 2017 609 omnibus
2067 555 2263 615 ﬁnibus
2324 576 2534 620 eorum.
2596 568 2788 629 Posuit
2842 575 3051 646 pluvias
3103 597 3291 645 eorum

1710 656 1730 689 ι
1773 644 2106 713 grandinem,
2137 649 2314 721 ignem
2345 658 2748 719 comburentem
2774 644 2996 725 interra
3029 672 3289 743 ipsorum.

1707 746 1725 779 ‹
1772 728 1841 784 Ει
1873 738 2138 802 percussit
2187 742 2371 799 vineas
2426 761 2613 804 eorum
2661 762 2717 807 et
2767 728 3292 837 ﬁeulneasIeorum,

1705 835 1724 868 ι
1769 826 1823 874 et
1851 825 2107 881 contrivit
2140 828 2339 901 lignum
2372 834 2559 893 ﬁnium
2596 854 2805 898 eorum.
2860 847 3035 917 Dixit,
3064 862 3119 908 et
3146 825 3295 914 venit

1702 928 1722 960 ε
1765 910 1969 969 lucusta
1991 925 2045 972 et
2067 920 2326 991 bruchus,
2358 928 2510 999 cujus
2535 947 2639 987 non
2665 945 2784 991 erat
2806 955 3086 999 numerus.
3114 946 3179 1001 Et
3199 966 3295 1006 co-

1702 1018 1723 1052 ‹
1768 1004 1935 1059 medit
1956 1021 2115 1065 omne
2132 1011 2312 1069 fenum
2345 1018 2400 1072 in
2432 1028 2578 1078 terra
2607 1040 2817 1095 eorum,
2845 1040 2898 1086 et
2922 1038 3153 1093 comedit
3173 1056 3291 1097 om-

1704 1115 1723 1147 ‹
1770 1114 1893 1155 nem
1919 1102 2151 1163 fructum
2173 1118 2332 1167 terrae
2360 1130 2568 1174 eorum.
2612 1123 2675 1177 Et
2697 1130 2963 1194 percussit
2985 1147 3146 1190 omne
3174 1138 3291 1207 pri-

1702 1206 1722 1239 t
1769 1194 2095 1263 mogenitum
2119 1199 2171 1254 in
2203 1210 2342 1258 terra
2364 1222 2570 1277 eorum,
2596 1215 2863 1283 primitias
2890 1223 3065 1279 omnis
3086 1224 3288 1283 laboris

1701 1298 1719 1331 ι
1764 1296 1972 1341 eorum.
2034 1289 2100 1345 Et
2154 1294 2338 1350 eduxit
2380 1313 2474 1355 eos
2504 1316 2627 1359 cum
2666 1321 2799 1365 auro
2840 1320 2894 1367 et
2938 1326 3184 1386 argento,
3233 1330 3290 1374 et

1699 1388 1717 1422 ι
1762 1389 1869 1429 non
1897 1386 2016 1432 erat
2045 1379 2100 1433 in
2138 1383 2382 1441 tribubus
2425 1404 2612 1447 eorum
2651 1395 2918 1456 inﬁrmus.
2972 1379 3173 1461 Lj-etata
3203 1419 3287 1464 est

1697 1482 1715 1515 ι
1760 1464 2027 1538 Egyptus
2052 1471 2107 1525 in
2138 1475 2474 1543 profectione
2517 1497 2726 1551 eorum,
2776 1491 2899 1558 quia
2942 1492 3182 1551 incubuit
3223 1499 3289 1553 ti-

1695 1574 1713 1607 ι
1759 1573 1877 1613 mor
1910 1576 2097 1617 eorum
2127 1581 2291 1636 super
2317 1584 2430 1626 cos.
2478 1572 2743 1645 Expandit
2778 1581 2973 1637 nubem
3012 1585 3067 1639 in
3106 1597 3289 1656 prote-

1694 1666 1712 1699 ι
1759 1649 1992 1706 ctionem
2033 1669 2243 1725 eorum,
2280 1669 2335 1714 et
2367 1662 2544 1733 ignem
2575 1675 2635 1721 ut
2674 1667 2879 1727 luceret
2917 1674 2997 1729 eis
3042 1690 3141 1745 per
3182 1694 3285 1735 no-

1693 1757 1712 1791 ι
1754 1751 1919 1797 clem.
1968 1744 2268 1816 Petierunt,
2303 1756 2526 1810 etvenit
2563 1762 2837 1829 coturnix,
2886 1777 2939 1820 et
2985 1744 3123 1836 pane
3158 1770 3284 1827 coeli

1692 1852 1710 1883 ι
1754 1838 2017 1892 saturavit
2039 1853 2151 1895 eos.
2203 1842 2415 1915 Dirupit
2441 1856 2650 1917 petram
2668 1893 2684 1917 ,
2710 1860 2763 1907 et
2788 1853 3056 1913 ﬂuxerunt
3085 1876 3239 1932 aqua:
3262 1882 3280 1918 :

2337 1906 2352 1915 .
2441 1906 2455 1917 .
2671 1906 2683 1917 .
2726 1906 2729 1907 ν
2789 1906 3055 1913 ηηηω--
3085 1906 3279 1932 κν...

1616 1906 1658 1964 Β
1695 1944 1712 1976 ι
1756 1927 2003 1985 abierunt
2040 1932 2092 1986 in
2123 1934 2269 1990 sicco
2309 1935 2550 1994 ﬁumina.
2607 1943 2873 2010 Quoniam
2920 1965 3129 2007 memm-
3179 1953 3284 2008 ιἰιίι

1689 2035 1708 2069 ‹
1753 2020 1903 2076 verbi
1933 2024 2105 2078 sancti
2133 2026 2235 2092 sui,
2269 2030 2412 2097 quod
2438 2031 2724 2089 habuit-ab
2747 2038 3019 2095 Abraham
3052 2058 3281 2111 puerum

1687 2127 1705 2160 ι
1750 2124 1930 2165 suum.
1981 2113 2047 2167 Et
2082 2115 2268 2171 eduxit
2304 2120 2559 2190 p0pulum
2598 2139 2753 2179 suum
2800 2127 2853 2181 in
2894 2130 3278 2197 exsultatione.

1684 2215 1704 2250 ι
1747 2206 1804 2254 et
1850 2201 2052 2259 electos
2089 2220 2217 2261 suos
2266 2207 2322 2262 in
2366 2210 2569 2267 laetitia.
2616 2215 2681 2270 Et
2711 2217 2858 2273 dedit
2893 2219 3000 2276 illis
3027 2224 3280 2295 regiones

1683 2309 1704 2343 ‹
1750 2294 2022 2364 gentium,
2074 2307 2128 2353 et
2167 2300 2381 2359 labores
2428 2306 2747 2376 populorum
2804 2294 3283 2381 possederuntzut

1682 2400 1701 2435 (
1746 2386 2055 2442 custodiant
2074 2388 2492 2461 iustiﬁcationes
2513 2397 2652 2468 ejus,
2682 2407 2737 2454 et
2768 2401 2937 2473 legem
2963 2403 3078 2475 ejus
3098 2409 3280 2480 requi-

1682 2492 1701 2526 ι
1747 2485 1892 2532 rant.
1941 2497 1961 2531 ι

2246 2575 2704 2637 ΕΝΑΒΙΜΤΙΟ.

1744 2656 1994 2716 Psahnns
2042 2662 2144 2719 iste
2185 2667 2395 2735 primus
2423 2678 2505 2724 est
2545 2673 2611 2726 de
2650 2673 2989 2733 alleluiaticis
3025 2680 3267 2749 psalmis.

1672 2744 1969 2818 lnterpreta
1979 2760 2063 2806 tur
2076 2755 2219 2809 enim
2234 2758 2483 2826 Alleluia,
2502 2761 2710 2817 laudate
2727 2765 3009 2823 Dominum
3062 2780 3113 2824 et
3127 2789 3275 2827 com-

1673 2841 1892 2895 mendat
1913 2844 2067 2900 nobis
2089 2846 2356 2917 Propheta
2388 2850 2444 2906 in
2473 2853 2575 2909 hoc
2599 2856 2808 2924 psalmo
2833 2858 2953 2915 illos
2995 2862 3060 2916 de
3103 2865 3273 2933 priori

1668 2932 1886 3001 populo,
1932 2937 2025 3007 qui
2073 2938 2244 2995 Deum
2288 2958 2395 2998 non
2437 2948 2890 3017 amaricaverunt,
2938 2954 3026 3023 qui
3082 2967 3273 3010 contra

1668 3038 1791 3079 eum
1824 3041 1928 3081 non
1961 3042 2452 3102 mnrmuraverunt,
2502 3051 2685 3093 semen
2726 3040 2974 3097 videlicet
3014 3045 3269 3110 Abrahae.

1669 3111 1808 3173 ﬁlios
1826 3118 2219 3189 promissionis,
2242 3128 2579 3193 pertinentes
2605 3131 2671 3184 ad
2704 3132 3074 3191 haereditatem
3105 3147 3270 3194 testa-

1669 3207 1835 3260 menti
1882 3212 2107 3266 aeterni:
2134 3214 2233 3269 bos
2260 3217 2826 3290 admonetProphcta,
2863 3235 3129 3295 quatenus
3154 3245 3269 3285 ser—
3362 3270 3369 3276 ο

1668 3297 1817 3352 viant
1841 3299 1972 3367 Deo,
2001 3319 2108 3359 non
2133 3317 2354 3376 propter
2379 3313 2673 3380 temporale
2701 3314 2922 3383 bonum,
2948 3321 3090 3389 quod
3117 3338 3267 3378 com-

1667 3403 1829 3443 mune
1854 3402 1937 3446 est
1972 3393 2130 3450 bonis
2175 3405 2230 3451 et
2272 3399 2449 3465 malis,
2495 3403 2590 3457 sed
2637 3406 2807 3474 gratis
2848 3407 3017 3463 Deum
3062 3412 3262 3477 colant.

1664 3494 1770 3534 non
1804 3495 2110 3552 quaerentes
2132 3488 2348 3559 aliquod
2386 3496 2653 3552 mercedis
2689 3498 3112 3557 emolumentum
3143 3521 3267 3574 pro-

1660 3581 1782 3642 pter
1819 3575 1993 3646 ipsum
2043 3579 2254 3636 Deum:
2283 3592 2339 3638 et
2382 3585 2499 3640 haec
2542 3587 2743 3643 faciant
2781 3589 3071 3660 laudando,
3110 3595 3265 3651 invo-

1661 3664 1855 3731 cando,
1887 3682 1987 3736 per
2030 3668 2190 3725 ﬁdem
2231 3673 2368 3729 bene
2403 3678 2697 3745 operando,
2732 3690 2839 3734 nOn
2862 3683 2929 3737 ad
2956 3700 3132 3751 suam,
3165 3690 3261 3743 sed

1661 3755 1727 3810 ad
1767 3756 1979 3813 Domini
2010 3762 2259 3830 gloriam.
2296 3765 2555 3836 Proponit
2598 3772 2753 3827 nobis
2802 3775 3044 3843 psalmus
3082 3779 3261 3835 adhuc

1656 3855 1888 3905 internas
1926 3855 2334 3924 promissiones,
2372 3859 2543 3917 factas
2583 3864 2785 3919 sanctis
2828 3868 3157 3936 patriarchis
3202 3881 3260 3928 et

1654 3939 1931 4009 prophetis
1957 3945 2200 4012 patribus
2226 3951 2426 4006 nostris
2451 3969 2463 4005 :
2496 3961 2550 4006 et
2568 3968 2666 4023 per
2687 3954 2803 4011 haec
2831 3973 2929 4013 nos
2961 3959 3252 4028 hortando,

1655 4038 1715 4083 ut
1741 4031 1909 4087 simus
1948 4032 2041 4089 ﬁlii
2094 4036 2307 4093 illorum
2358 4041 2621 4100 imitando
2667 4055 2721 4102 et
2773 4051 3058 4118 sperando.
3113 4052 3254 4107 Dicit

1651 4121 1814 4175 etiam
1844 4138 1939 4179 eos
1966 4141 2073 4180 non
2114 4141 2235 4183 esse
2279 4131 2566 4190 derelictos
2596 4139 2982 4208 temporalibus
3011 4141 3167 4197 bonis
3192 4144 3248 4198 in

1650 4210 1845 4281 quibus
1868 4216 2046 4283 posuit
2075 4220 2380 4290 exemplum
2406 4223 2527 4280 ﬁdei
2554 4226 2638 4283 bis
2666 4230 2757 4299 qui
2786 4230 2853 4285 de
2877 4247 3040 4287 carne
3061 4248 3249 4289 eorum

1648 4310 1779 4357 sunt
1815 4308 2116 4377 propagati,
2151 4320 2206 4366 et
2235 4313 2325 4381 qui
2358 4314 2515 4370 ﬁdem
2556 4333 2744 4373 eorum
2792 4322 2979 4376 volunt
3020 4325 3242 4381 imitari.

1646 4395 1787 4452 Dicit
1812 4404 2097 4459 autem'sic
2127 4422 2141 4458 ε

1714 4487 2047 4558 Conﬁtemini
2073 4494 2324 4562 Domino,
2355 4509 2403 4552 et
2434 4502 2668 4556 invocale
2693 4519 2880 4560 nomen
2907 4506 3041 4576 ejus.
3094 4507 3241 4576 Quo-

1644 4578 1787 4631 niam
1820 4580 2008 4637 titulus
2037 4585 2231 4652 psalmi
2265 4587 2386 4642 talis
2421 4599 2523 4655 est,
2567 4590 2792 4647 Alleluia
2814 4610 2835 4648 :
2879 4598 3021 4665 quod
3068 4599 3241 4655 inter-

1636 4677 1902 4737 pretatur,
1934 4671 2147 4729 laudate
2170 4674 2485 4745 Dominum,-
2509 4691 2721 4750 oportet
2742 4692 2800 4739 ut
2822 4685 2876 4739 in
2900 4688 3242 4745 confessione

1637 4775 1799 4829 quam
1830 4761 1918 4818 hic
1944 4764 2101 4821 nobis
2125 4769 2397 4837 promittit
2424 4770 2714 4841 Propheta,
2758 4776 2812 4831 in
2849 4779 3101 4845 laudibus
3149 4800 3241 4839 ac-

1634 4849 1898 4918 cipiamus
1925 4871 1940 4907 :
1968 4861 2024 4909 et
2048 4869 2170 4911 eum
2207 4856 2498 4928 laudando,
2526 4864 2838 4924 invocemus
2864 4886 3060 4927 nomen
3101 4873 3234 4940 ejus.

1634 4937 1865 4995 Exaudit
1904 4958 2027 4999 eum
2074 4946 2444 5018 invocantem,
2491 4954 2584 5008 sed
2624 4972 2785 5025 quem
2822 4963 2971 5017 videt
3013 4964 3237 5018 laudan-

1632 5038 1763 5097 tem,
1818 5049 1977 5104 quem
2022 5042 2218 5107 probat
2251 5055 2550 5101 amantem.
2614 5049 2767 5115 Quod
2814 5055 2965 5120 dicit,
3011 5054 3239 5123 Conﬁte-

1632 5124 1761 5178 mim'
1804 5126 2046 5197 Domino,
2087 5143 2135 5188 et
2178 5133 2424 5196 invocate
2470 5156 2650 5194 nomen
2692 5142 2805 5212 ejus
2834 5160 2852 5197 :
2884 5153 2935 5199 et
2982 5147 3236 5215 quoniam

1630 5216 1719 5285 qui
1779 5217 1952 5291 diligit
2000 5220 2190 5291 Deum,
2245 5224 2418 5289 debet
2470 5230 2686 5301 diligere
2743 5236 3064 5303 proximum,
3114 5234 3237 5291 ideo

1627 5307 1905 5382 ευδιῖυηείι
1938 5335 1950 5369 :
1985 5317 2311 5375 Annuuliate
2342 5327 2486 5383 inter
2520 5335 2688 5395 gentes
2720 5342 2876 5393 opera
2904 5327 3049 5396 ejus;
3080 5329 3235 5395 quasi

1627 5399 1768 5438 ("09.
1803 5420 1812 5430 ·
1843 5403 1934 5440 εἴη
1965 5421 2141 5454 ῃηιςιιρ
2172 5413 2474 5456 nhil-:nun“
2528 5424 2579 5448 ¹¹⁹
2608 5425 2653 5448 Α·
2690 5421 2881 5462 ⁸⁵⁷³⁸⁸1ῖὲ
2907 5419 3208 5461 Πνηνίπδηπδ
