4034 6482
586 461 691 520 685

1210 450 1473 512 REMIGII
1511 445 2166 509 ANTISSIODORENSIS
2204 444 2353 504 ΟΡΡ.
2394 445 2574 503 PARS
2612 444 2652 500 Ι.
2692 473 2762 485 -
2794 439 3202 499 EXEGETICA.

3735 436 3828 497 ml

583 583 633 628 et
646 570 853 644 psallite
872 570 917 625 ei
941 582 1141 639 opere:
1174 575 1383 621 narrate
1410 565 1584 619 ontnia
1608 562 1871 618 mirabilia
1890 561 2029 630 ejus,
2047 571 2166 629 quae
2196 559 2242 617 A
2269 555 2555 611 vivendum
2585 555 2697 610 suis
2722 551 3020 625 proposuit.
3050 548 3243 607 Semen
3270 545 3531 644 Abraham
3547 549 3688 644 senti
3707 548 3828 619 ejus,

586 663 856 722 narranda
890 671 1041 727 sunt,
1066 675 1129 716 ea
1163 667 1337 713 tamen
1369 655 1755 719 moderatione,
1791 668 1859 708 ne
1900 650 2170 723 spargatis

588 754 910 825 margaritas
938 762 1062 807 ante
1090 765 1300 821 porcos.
1326 746 1677 812 -Laudamini,
1714 745 1769 801 id
1793 753 1895 811 est,
1926 741 2170 798 laudabi-

580 843 711 899 liter
737 845 900 899 vitam
932 840 1197 904 instruite,
1222 848 1277 894 et
1299 840 1399 893 hoc
1425 837 1631 890 nomine
1658 844 1837 890 sancto
1869 832 1982 903 ejus
2003 829 2170 902 glori-

586 938 837 1002 ﬁcaudo,
877 950 981 989 non
1026 942 1208 987 vestro
1251 930 1487 987 nomine.
1542 927 1611 982 1n
1651 928 1747 981 Itoc
1793 924 2044 996 glorietur
2080 924 2170 993 qui

585 1027 862 1096 gloriatur,
891 1024 1019 1079 dicit
1058 1021 1334 1085 Dominus,
1364 1020 1497 1075 scire
1533 1028 1579 1073 et
1613 1033 1763 1073 nosse
1792 1032 1872 1070 me
1903 1015 2035 1086 (Jer.
2067 1016 2167 1084 ιιι).

584 1114 904 1170 Laudamini
953 1115 1006 1169 in
1047 1114 1252 1167 nomine
1291 1120 1473 1166 sancto
1513 1110 1647 1181 ejus,
1680 1117 1741 1164 ut
1770 1117 1949 1163 vestro
1978 1122 2045 1161 ex
2070 1120 2168 1177 po-

583 1205 711 1275 pulo
758 1203 962 1258 laetetur
1010 1219 1101 1257 cor
1138 1203 1480 1274 qutcrentium
1527 1200 1829 1254 Dominum.
1873 1196 1979 1255 Vos
2026 1213 2171 1269 qua:-

586 1296 682 1350 rite
736 1295 1019 1349 Dominum
1075 1293 1129 1347 in
1187 1291 1530 1361 simplicitate
1597 1290 1815 1354 cordis,
1866 1296 1921 1343 et
1974 1286 2169 1355 confir-

586 1386 803 1439 mantini
838 1424 852 1450 ,
918 1384 972 1438 id
1026 1391 1149 1448 est,
1200 1381 1520 1452 inquirendo
1580 1379 1729 1434 illum
1778 1378 1920 1433 firmi
1975 1386 2165 1432 estote.

587 1476 902 1544 Quaeramus
948 1490 1078 1546 ergo
1119 1489 1241 1529 eum
1279 1514 1295 1539 ,
1352 1481 1409 1531 ut
1461 1472 1747 1543 quaerendo
1799 1472 2120 1524 accedamus
2148 1508 2164 1535 ,

587 1565 893 1621 accedendo
939 1565 1321 1629 illuminemur,
1367 1561 1649 1617 illuminati
1701 1560 2165 1615 corroborentur:

588 1658 982 1722 illuminemur,
1017 1671 1081 1711 nc
1116 1671 1213 1726 per
1262 1655 1558 1709 caecitatem
1590 1651 1734 1723 quod
1764 1651 2051 1706 videndum
2086 1658 2171 1705 est

587 1764 694 1805 non
720 1747 1014 1805 videamus.
1044 1746 1125 1802 Ad
1156 1746 1258 1801 hoc
1285 1746 1720 1813 corroborcmur,
1747 1757 1814 1798 ne
1838 1750 2063 1812 propter
2090 1740 2169 1795 in-

587 1842 933 1906 ﬁrmitatem,
980 1840 1121 1909 quod
1168 1838 1469 1895 faciendum
1539 1852 1657 1893 esse
1702 1835 1994 1891 viderimus
2060 1848 2164 1889 non

2270 645 2370 714 [itii
2409 644 2574 700 Iacob
2612 644 2762 699 electi
2806 643 2943 713 ejus.
2988 641 3313 696 Mementote
3349 636 3681 693 mirabilium
3705 638 3830 710 ejus.

2273 736 2342 793 Et
2367 751 2436 791 ne
2462 735 2604 806 quis,
2631 735 2757 807 quia
2785 734 2921 789 dixit
2946 731 3195 796 Abrahte,
3220 729 3380 785 vellet
3405 737 3622 784 tantum
3647 729 3836 785 intelli-

2272 841 2399 899 gere
2426 843 2521 885 eos
2544 828 2637 898 qui
2663 842 2731 882 ex
2758 840 2923 881 carne
2957 823 3190 880 Abrahae
3227 830 3356 876 sunt
3388 821 3696 891 propagati,
3724 822 3837 876 sub-

2264 916 2444 990 iungit
2472 938 2484 973 :
2519 917 2640 989 Ipse
2668 917 2919 971 Dominus
2960 914 3098 969 Deus
3126 923 3319 977 noster,
3352 914 3409 966 in
3439 914 3689 967 uniuersa
3711 922 3837 966 terra

2261 1011 2470 1083 judicia
2502 1010 2636 1080 ejus.
2673 1008 2872 1063 Memor
2898 1006 2998 1076 fuit
3038 1004 3328 1060 testamenti
3367 1003 3471 1068 sui,
3507 1002 3563 1057 id
3606 1010 3692 1058 est
3714 1003 3839 1072 pacti

2272 1100 2373 1163 sui,
2395 1101 2450 1153 in
2476 1097 2725 1153 strculunt
2752 1095 2932 1151 saeculi
2958 1093 3310 1150 extendendi:
3340 1108 3551 1148 memor
3576 1090 3841 1147 fuitetiam

2272 1190 2407 1243 verbi
2465 1188 2601 1260 quod
2633 1186 2897 1240 mandavit
2936 1182 3152 1239 extendi
3193 1184 3250 1236 in
3287 1180 3429 1237 mille
3472 1184 3837 1251 generationes.

2271 1284 2409 1338 Ecce
2438 1292 2654 1338 noxatur
2678 1282 2803 1352 quia
2835 1296 2940 1336 non
2966 1280 3096 1336 dicit
3120 1279 3209 1333 hic
3234 1280 3300 1333 de
3326 1287 3600 1348 prazcepto
3625 1280 3845 1334 carnalis

2270 1375 2649 1439 observantiae,
2681 1388 2856 1443 neque
2885 1373 2949 1427 de
2971 1370 3165 1426 Judaeis
3192 1378 3397 1425 tantum
3427 1386 3551 1425 cum
3582 1370 3641 1427 in
3665 1370 3845 1441 populo

2270 1464 2361 1530 illo
2386 1481 2493 1520 non
2521 1472 2703 1519 essent
2737 1463 2881 1518 mille
2912 1462 3306 1533 generationes.
3360 1460 3511 1515 Mille
3554 1470 3738 1516 autem
3770 1479 3845 1533 ge-

2270 1557 2562 1629 nerationes
2585 1564 2774 1611 notant
2800 1554 2939 1618 illos,
2966 1553 3058 1624 qui
3088 1554 3397 1609 discedente
3425 1554 3779 1623 generatione
3796 1562 3846 1608 et

2271 1650 2612 1714 succedente,
2642 1655 2910 1718 praecepto
2937 1646 3061 1701 fidei
3106 1646 3314 1711 vivunt,
3341 1660 3631 1715 quousque
3658 1660 3725 1701 ex
3745 1661 3846 1699 om-

2268 1738 2428 1793 nibus
2496 1736 2935 1809 generationibus
2997 1750 3103 1789 nna
3172 1735 3450 1805 generatio
3520 1734 3845 1805 perﬁciatur.

2269 1828 2604 1883 Millenarius
2634 1836 2814 1883 autem
2849 1842 3109 1900 numerus
3146 1826 3274 1897 quia
3307 1825 3591 1896 perfectus
3618 1834 3723 1891 est,
3752 1842 3847 1879 non

584 1931 870 1987 faciamus.
918 1930 1148 1996 Quaerite
1190 1929 1377 2000 facient
1412 1928 1526 1998 ejus
1567 1944 1782 1998 semper.
1828 1926 2017 1980 Facies
2045 1922 2161 1994 ejus
2194 1918 2241 1976 Β
2268 1919 2561 1988 incongrue
2606 1933 2702 1987 per
2730 1916 2874 1997 mille
2911 1917 3286 1988 generationes
3329 1925 3552 1971 notatur
3585 1917 3848 1986 generatio

562 2023 775 2078 -notitia
822 2030 906 2076 est
942 2021 1111 2092 ipsius
1139 2039 1151 2074 :
1184 2036 1303 2090 qum
1329 2022 1373 2074 si
1404 2034 1617 2088 semper
1641 2017 1921 2088 quaeritur,
1949 2016 2165 2086 quando

586 2112 926 2169 invenietur?
974 2128 1142 2184 quare
1179 2126 1484 2181 quaeramus
1530 2125 1653 2164 eum
1705 2109 1759 2162 in
1790 2107 1893 2162 hoc
1926 2114 2167 2177 tempore

578 2220 821 2274 semper,
848 2214 908 2258 ut
936 2204 988 2258 in
1017 2202 1199 2259 futuro
1232 2203 1589 2257 inveniamus.
1620 2199 1718 2255 llic
1747 2199 1891 2254 enim
1919 2206 2000 2253 est
2029 2206 2165 2252 tent-

582 2313 687 2366 pus
713 2296 988 2367 qurerendi
1014 2336 1029 2360 ,
1078 2296 1165 2350 hic
1201 2293 1528 2350 inveniendi.
1564 2293 1663 2348 llic
1688 2307 1813 2347 vere
1846 2298 1928 2347 est
1958 2299 2167 2361 tempus

585 2387 899 2456 qumrendi,
943 2401 1066 2440 cum
1116 2385 1281 2440 etiam
1333 2384 1635 2446 invenitur,
1658 2383 1834 2438 adlmc
1863 2381 2164 2453 qumritur:

585 2478 711 2547 quia
758 2477 881 2531 licet
930 2475 1179 2530 inventus
1227 2475 1297 2529 sit
1348 2490 1444 2544 per
1483 2472 1660 2536 fidem,
1694 2482 1875 2527 tamen
1911 2470 2169 2547 quteritur

584 2584 683 2638 per
711 2583 883 2639 spem.
926 2566 1173 2622 Charitas
1200 2566 1344 2621 enim
1374 2564 1578 2619 invenit
1605 2578 1727 2618 eum
1756 2578 1855 2634 per
1883 2562 2073 2625 fidem,
2115 2546 2171 2615 et

587 2660 779 2730 quaerit
804 2674 925 2713 eum
957 2674 1052 2728 per
1077 2673 1248 2727 spem,
1280 2656 1346 2711 ad
1385 2671 1546 2725 quam
1579 2670 1703 2709 cum
1738 2652 2165 2723 pervenerimus,

588 2748 721 2802 nihil
746 2756 827 2803 cst
854 2748 992 2817 quoi
1034 2747 1170 2800 ultra
1199 2761 1506 2815 qumramus
1535 2764 1547 2799 2
1577 2743 1721 2814 quod
1749 2760 1849 2815 per
1884 2743 2044 2798 fidem
2081 2742 2167 2797 in-

586 2838 833 2892 veniatur
856 2825 1144 2900 Dominus,
1165 2838 1444 2908 Scriptura
1477 2846 1720 2901 testatur,
1752 2837 1937 2892 dicens
1970 2855 1982 2891 :
2018 2835 2170 2901 Qua:-

583 2929 681 2981 rite
714 2928 1020 2994 Dominum,
1053 2937 1107 2982 ct
1133 2942 1255 2983 cum
1291 2928 1602 2984 inveneritis
1629 2927 1950 2998 derelinquat
1976 2927 2167 2996 impius

584 3021 722 3071 riunt
748 3035 918 3084 suam,
949 3030 994 3073 et
1023 3020 1099 3073 vir
1128 3020 1336 3090 iniquus
1363 3020 1699 3090 cogitationes
1734 3036 1856 3073 suas
1886 3018 2020 3090 (Isa.
2051 3019 2161 3090 ιν).

590 3104 700 3159 Nisi
734 3115 913 3160 autem
944 3107 1047 3160 tide
1074 3106 1344 3173 inventus,
1376 3110 1551 3163 adlme
1579 3123 1675 3178 per
1704 3123 1853 3179 spem
1898 3123 2168 3178 quaerere-

588 3208 696 3262 tur,
744 3213 850 3252 non
889 3197 1094 3253 diceret
1132 3199 1330 3255 Paulus
1372 3218 1383 3253 :
1415 3198 1568 3265 Quod
1614 3218 1717 3255 non
1761 3198 1994 3255 videmus
2020 3240 2037 3266 ,
2075 3215 2167 3271 per

584 3287 889 3355 patientiam
934 3299 1287 3359 exspectamus
1334 3289 1525 3362 (Rom.
1574 3288 1708 3361 vin)
1753 3304 1768 3344 :
1814 3290 1960 3360 quod
2006 3290 2169 3346 etiam
2198 3281 2243 3345 C
2273 3295 2598 3349 aeternaliter
2653 3294 2979 3369 habuerunt.
3036 3290 3135 3346 Vel
3180 3290 3260 3345 sic
3309 3307 3322 3342 :

585 3378 820 3433 Joannes
847 3386 1020 3446 notat,
1044 3381 1227 3436 dicens
1254 3399 1266 3435 :
1296 3381 1426 3436 Cum
1451 3384 1749 3453 apparuerit
1776 3382 1830 3436 in
1856 3381 2025 3453 gloria
2047 3397 2167 3446 sua,

587 3471 881 3526 consimiles
931 3473 975 3526 ei
1023 3473 1252 3540 erimus,
1312 3482 1366 3528 et
1415 3474 1697 3528 ridebimus
1741 3489 1857 3527 eum
1893 3474 2047 3526 sicuti
2095 3482 2169 3527 est

587 3560 640 3631 (I
666 3560 826 3615 Joan.
866 3560 988 3633 ιιι),
1041 3563 1093 3617 id
1142 3577 1226 3619 cst
1272 3563 1408 3633 facie
1450 3565 1519 3617 at!
1552 3563 1740 3632 faciem
1778 3576 1795 3615 :
1834 3562 1917 3619 vel
1944 3562 2171 3619 fortasse

588 3655 731 3723 quod
766 3654 915 3721 dicit,
973 3653 1203 3719 Quwrite
1238 3654 1426 3725 faciem
1464 3656 1577 3726 ejus
1616 3672 1835 3726 semper,
1879 3664 2053 3725 potest
2085 3656 2169 3709 iu-

588 3747 754 3818 tclligi
790 3748 854 3802 de
900 3747 1080 3802 futuro
1114 3764 1127 3801 :
1161 3748 1284 3817 quia
1325 3748 1394 3802 ibi
1428 3764 1523 3803 cor
1550 3749 1654 3803 erit
1685 3744 1899 3818 semper
1928 3763 2173 3818 quaeren-

592 3841 763 3906 tium,
808 3848 861 3894 et
907 3841 1027 3895 ideo
1070 3855 1285 3911 semper
1327 3841 1714 3911 quterentium,
1762 3836 1887 3911 quia
1933 3838 2172 3910 perfecte

593 3932 911 3985 amantium.
953 3930 1019 3985 Et
1045 3931 1148 3986 hoc
1174 3932 1374 4001 quare?
1402 3930 1534 3998 Quia
1566 3931 1698 3987 facie
1723 3932 1791 3987 ad
1819 3930 2011 3988 faciem
2044 3947 2175 3987 con-

589 4020 985 4090 templantium,
1022 4031 1076 4076 et
1115 4022 1217 4077 hoc
1256 4023 1415 4077 modo
1448 4037 1661 4092 semper
1693 4031 1966 4092 quaeretur
1991 4022 2171 4078 Domi-

590 4127 711 4166 nus.
741 4111 878 4179 Quid
904 4112 1046 4166 enim
1072 4119 1154 4166 est
1196 4110 1337 4165 aliud
1368 4127 1579 4181 semper
1599 4113 1882 4167 Dominum
1907 4127 2171 4183 quaerere,

593 4203 694 4256 nisi
728 4203 1017 4273 qurereudo
1072 4218 1343 4272 nunquam
1372 4201 1648 4258 fastidire?
1683 4203 1827 4257 illum
1854 4204 1996 4258 enim
2019 4205 2173 4274 quasi

592 4308 804 4363 semper
824 4292 1137 4363 qumrimus,
1180 4307 1340 4361 quem
1369 4306 1643 4362 nunquam
1677 4302 1994 4363 praesentem
2023 4293 2174 4349 fasti.

591 4385 681 4439 dio
717 4385 995 4439 habemus.
1029 4383 1337 4438 Mementote
1363 4383 1681 4437 mirabilium
1710 4385 1843 4455 ejus.
1879 4383 2169 4455 ﬂuensque

591 4476 906 4530 exhortatus
935 4483 1015 4528 est
1040 4490 1136 4529 nos
1166 4474 1456 4543 Propheta,
1478 4483 1537 4529 ut
1560 4474 1845 4529 Dominum
1872 4474 2172 4539 laudemus,

592 4568 905 4622 invocemus
929 4608 942 4632 ,
983 4565 1099 4635 ejus
1138 4583 1303 4636 opera
1344 4568 1743 4623 annuntiemus.
1795 4566 1948 4624 Nunc
1992 4576 2172 4624 autem

593 4665 896 4727 sequuntur
949 4657 1335 4728 promissiones
1388 4666 1602 4712 aeterna:
1660 4658 1907 4730 patribus
1974 4660 2176 4715 nostris

594 4748 768 4815 factm,
802 4763 1029 4818 quorum
1081 4748 1171 4803 ﬁlii
1204 4764 1302 4803 nos
1344 4749 1602 4805 debemus
1647 4765 1769 4806 esse
1818 4750 2079 4806 imitando
2122 4761 2177 4806 et

593 4840 882 4911 sperando.
935 4838 1165 4904 Quwrite
1210 4840 1396 4910 facient
1445 4839 1559 4912 ejus
1614 4859 1831 4913 semper.
1887 4842 1944 4898 Si
1994 4853 2174 4899 autem

596 4934 819 4989 multum
846 4942 931 4989 est
960 4942 1215 5002 quantum
1246 4934 1313 4989 ad
1338 4949 1433 4989 vos
1459 4950 1581 4989 eum
1636 4943 1796 5005 prout
1821 4929 1905 4991 eSt
1933 4950 2175 5006 quaerere

594 5036 651 5081 et
684 5026 887 5089 videre,
922 5024 1037 5093 ejus
1065 5040 1228 5095 opera
1272 5023 1463 5080 saltem
1496 5027 1777 5091 attendite,
1808 5035 1861 5080 et
1890 5042 1986 5097 per
2010 5041 2175 5097 opera

593 5116 711 5186 ejus
738 5125 996 5187 quantum
1045 5117 1299 5187 potestis,
1345 5117 1669 5187 cognoscite.
1718 5116 1836 5187 Ipse
1875 5117 2017 5172 enim
2047 5133 2169 5173 cum

592 5210 822 5264 dixisset
853 5227 865 5263 :
900 5208 1011 5280 Ego
1047 5225 1161 5263 sum
1189 5209 1278 5279 qui
1308 5224 1423 5261 sum
1474 5204 1668 5277 (Exod.
1697 5207 1811 5280 ιιι),
1863 5209 2041 5263 sciens
2068 5209 2172 5264 hoc

595 5300 794 5357 nullius
843 5301 1113 5356 intellectu
1160 5300 1277 5371 capi
1322 5314 1515 5370 posse,
1557 5302 1982 5371 contemperavit
2007 5305 2171 5358 verba

594 5409 692 5448 sua
722 5402 778 5448 et
804 5392 939 5447 dixit
969 5411 981 5445 :
1019 5392 1126 5463 Ego
1152 5408 1267 5446 sum
1294 5394 1434 5445 Deus
1464 5391 1728 5446 Abraham
1759 5390 1951 5466 (ibid.),
1994 5402 2054 5450 ut
2078 5411 2175 5466 per

597 5493 877 5539 creaturas
905 5497 1030 5537 suas
1057 5479 1443 5551 intelligibilem
1471 5496 1529 5536 se
1554 5483 1729 5548 daret,
1755 5500 1876 5539 cum
1904 5486 2007 5540 hoc
2030 5487 2171 5555 quod

570 5584 681 5657 .est
727 5576 925 5631 nemini
949 5583 1177 5644 pateret.
1209 5573 1534 5630 Mementote
1564 5575 1888 5633 mirabilium
1918 5576 2034 5646 ejus
2060 5595 2176 5646 qua:

598 5669 757 5737 fecit,
798 5667 1036 5739 prodigia
1073 5666 1186 5735 ejus
1210 5708 1225 5733 ,
1268 5676 1316 5721 et
1346 5668 1553 5738 judicia
1582 5670 1689 5722 oris
1729 5669 1863 5739 ejus.
1908 5658 2176 5727 Mirabilia

599 5759 732 5829 ejus,
768 5761 976 5815 minora
1008 5758 1261 5813 miracula
1300 5759 1416 5828 ejus
1444 5768 1571 5814 sunt
1600 5775 1615 5824 ;
1644 5760 1903 5831 prodigia,
1930 5761 2130 5831 majora
2159 5779 2171 5817 :

591 5853 800 5922 judicia
830 5852 935 5908 oris
974 5852 1122 5921 ejus,
1155 5850 1405 5907 mandata
1435 5850 1550 5921 ejus
1570 5893 1583 5919 ,
1614 5868 1731 5922 qua:
1778 5853 1845 5907 ad
1888 5853 2179 5918 salubriter

2267 2008 2378 2072 illa,
2407 2007 2494 2062 cui
2526 2006 2656 2060 nihil
2685 1994 2836 2061 deest
2861 2006 2928 2061 ad
2970 2004 3378 2076 perfectionem.
3410 2005 3656 2060 Verbum
3684 2014 3845 2059 autem

2266 2101 2406 2171 quod
2435 2099 2730 2169 mandavit,
2756 2106 3084 2168 praeceptum
3111 2098 3213 2152 fuit
3238 2097 3363 2152 fidei
3391 2115 3405 2151 :
3436 2112 3548 2167 quo
3572 2096 3846 2151 vivendum

2266 2201 2351 2250 est
2378 2193 2546 2264 justo,
2581 2191 2752 2246 donec
2793 2190 3173 2261 perveniamus
3216 2189 3284 2243 ad
3320 2203 3470 2259 spem
3507 2188 3657 2257 quod
3688 2187 3845 2241 dicit;

2272 2284 2431 2351 Verbi
2458 2285 2614 2359 ‘quod
2641 2283 2904 2338 mandavit
2931 2299 2950 2338 :
2982 2283 3120 2337 verbi
3142 2282 3280 2346 dico,
3307 2280 3449 2352 quod
3487 2279 3753 2348 disposuit
3786 2278 3849 2332 ad

2272 2378 2575 2445 Abraham,
2626 2391 2748 2432 cum
2778 2374 2915 2430 dixit
2950 2392 2965 2429 :
3002 2373 3071 2431 In
3104 2374 3297 2429 semine
3351 2380 3444 2426 tuo
3492 2371 3851 2426 benedicentur

2268 2485 2458 2527 omnes
2497 2469 2661 2523 tribus
2707 2478 2862 2523 terra:
2908 2464 3071 2538 (Gen.
3115 2466 3313 2537 xxvut)
3356 2483 3369 2519 :
3412 2475 3461 2519 et
3507 2480 3729 2520 memor
3762 2463 3851 2518 fuit

2269 2563 2576 2620 testamenti
2601 2562 2686 2617 sui
2713 2562 2784 2617 ad
2824 2561 2981 2619 Isaae
3026 2560 3186 2627 facti,
3220 2560 3289 2615 de
3328 2574 3435 2630 quo
3464 2557 3679 2613 dictum
3722 2564 3802 2611 est
3835 2573 3850 2608 :

2268 2655 2336 2711 In
2369 2656 2525 2711 Isaac
2552 2656 2821 2710 vocabitur
2846 2656 2937 2710 tibi
2979 2671 3154 2709 semen
3202 2652 3356 2725 (Gen.
3389 2651 3528 2722 nt).
3578 2651 3652 2706 Et
3678 2650 3850 2706 statuit

2267 2746 2399 2801 illud
2442 2747 2667 2802 verbum
2714 2761 2870 2801 suum
2912 2745 3077 2800 Iacob
3126 2745 3182 2798 in
3220 2752 3536 2815 prteceptum
3589 2740 3759 2803 ﬁdei,
3801 2747 3854 2792 ut

2267 2846 2488 2907 propter
2535 2846 2864 2907 praeceptum
2905 2835 3031 2892 ﬁdei
3073 2835 3141 2890 ad
3195 2842 3564 2901 testamentum
3609 2842 3851 2886 tutemet

2267 2929 2497 2994 veniret,
2530 2928 2581 2983 id
2611 2938 2693 2984 est
2731 2930 2783 2983 in
2809 2937 3066 2983 :eternam
3096 2916 3536 2997 promissionem.
3566 2924 3672 2980 Hic
3702 2925 3851 2980 etiam

2268 3028 2506 3086 notatur,
2530 3020 2655 3090 quia
2677 3019 3064 3090 promissiones
3086 3016 3296 3073 Domini
3319 3016 3477 3071 factae
3505 3014 3717 3070 Iudaeis
3761 3027 3853 3069 non

2267 3120 2395 3169 sunt
2448 3112 2774 3183 accipienda:
2826 3112 2891 3167 de
2944 3109 3226 3181 temporali
3278 3123 3445 3177 regno
3497 3114 3557 3160 et
3609 3105 3854 3162 sacerdo-

2272 3202 2385 3270 tio,
2434 3202 2558 3273 quia
2607 3202 2900 3272 temporale
2951 3215 3174 3271 regnum
3222 3207 3278 3254 et
3335 3196 3713 3252 sacerdotium
3762 3210 3853 3251 non

3374 3287 3576 3343 Statuit
3634 3286 3773 3339 illud
3809 3285 3856 3340 is

2268 3394 2632 3451 testamentum
2680 3394 2932 3438 internum
2959 3396 2977 3434 :
3008 3382 3132 3451 quia
3164 3395 3230 3435 ex
3280 3380 3396 3449 ipso
3444 3378 3615 3433 verbo
3643 3387 3703 3433 et
3734 3392 3854 3447 pr:-

2268 3485 2427 3546 cepto
2470 3474 2690 3546 impleto
2717 3515 2732 3541 ,
2776 3474 3001 3529 daturus
3028 3481 3146 3527 erat
3171 3471 3251 3527 eis
3290 3478 3689 3525 testamentum
3719 3483 3857 3522 man—

2271 3581 2456 3621 surum
2516 3566 2572 3620 in
2640 3574 2925 3621 aeternum.
2992 3563 3182 3617 Dicens
3224 3578 3244 3617 .'
3293 3560 3410 3615 Tibi
3476 3560 3617 3614 dabo
3675 3570 3857 3613 terram

2272 3655 2551 3722 Chanaan,
2603 3655 2899 3725 funiculum
2930 3653 3251 3709 Ittrreditatis
3299 3660 3506 3715 vestrm,
3556 3651 3612 3705 id
3642 3662 3752 3715 est,
3797 3648 3857 3703 ad

2273 3748 2698 3803 distribuendam
2749 3748 2901 3802 vobis
2952 3747 3005 3800 in
3036 3744 3431 3800 haereditatem.
3464 3742 3583 3798 Hoc
3612 3741 3855 3812 promisit

2271 3839 2400 3906 illis,
2449 3856 2567 3894 cum
2613 3840 2790 3895 adhuc
2818 3848 2984 3893 essent
3015 3853 3229 3891 numero
3278 3835 3445 3900 brevi,
3470 3842 3528 3890 et
3556 3834 3699 3889 nihil
3744 3846 3855 3903 erga

2274 3935 2559 3991 Dominqu
2603 3934 3032 4005 promeruissent
3059 3945 3075 3960 θ
3106 3928 3408 4000 paucissimi
3440 3928 3612 3982 etiam
3644 3927 3857 3982 fuerunt

2273 4036 2560 4097 antequam
2587 4034 2767 4097 patres
2796 4024 2956 4096 primi
2986 4022 3041 4077 in
3067 4021 3301 4093 Aigypw
3330 4020 3382 4073 in
3410 4018 3657 4088 posteris
3687 4024 3856 4073 essent

2274 4116 2610 4187 multiplicati
2658 4129 2674 4169 :
2720 4125 2766 4169 et
2816 4112 3003 4168 incola:
3048 4111 3163 4181 ejus
3211 4118 3367 4165 terra:
3410 4107 3676 4173 fuerunt,
3744 4106 3857 4176 quia

2276 4209 2549 4263 Abraham
2575 4208 2798 4262 veniens
2825 4206 2891 4259 de
2924 4204 2998 4260 Ur
3040 4202 3435 4266 Cbaldmorum,
3462 4198 3655 4254 accola
3686 4200 3784 4252 fuit
3810 4198 3857 4250 in

2277 4309 2419 4355 terra
2446 4299 2723 4355 Chanaan.
2753 4297 2820 4350 Et
2841 4296 3255 4368 pertransiernnt
3286 4292 3349 4346 de
3369 4302 3520 4361 gente
3552 4307 3607 4343 in
3637 4300 3853 4361 gentem.

2277 4390 2430 4458 Quod
2472 4398 2649 4458 potest
2676 4388 2873 4457 accipi.
2903 4384 3159 4456 quoniam
3210 4381 3484 4437 Abraham
3532 4390 3763 4450 propter
3784 4378 3857 4432 in.

2278 4478 2627 4535 stabilitatem
2659 4485 2818 4531 terrae
2846 4475 3127 4539 Chanaan,
3156 4470 3436 4527 transtulit
3481 4484 3543 4524 se
3575 4470 3630 4523 in
3665 4480 3852 4523 terram

2279 4571 2518 4641 gentium
2544 4577 2882 4625 ereterarum.
2938 4566 3004 4623 Et
3038 4564 3473 4636 pertransierunt
3497 4561 3565 4615 de
3594 4577 3759 4632 regno
3794 4558 3854 4611 ad

2203 4632 2252 4692 Β
2279 4632 2531 4735 papulum
2577 4661 2797 4715 alterunt
2825 4673 2843 4713 :
2873 4658 2998 4729 quia
3028 4632 3096 4713 de
3132 4665 3273 4712 terra
3305 4654 3564 4709 Chanaan
3616 4654 3675 4706 in
3704 4650 3856 4720 Egy-

2281 4762 2435 4826 ptum
2487 4767 2545 4809 se
2576 4751 2986 4807 transtulerunt.
3040 4748 3299 4819 Superius
3323 4746 3560 4802 ostendit
3601 4745 3721 4814 ipse
3746 4756 3857 4813 pro-

2283 4845 2569 4900 missiones
2593 4852 2844 4906 :eternas,
2875 4841 2962 4896 hic
2988 4856 3131 4895 nunc
3157 4838 3391 4894 ostendit
3420 4852 3531 4892 non
3564 4852 3691 4892 esse
3716 4837 3856 4891 dere-

2282 4935 2441 4991 lictos
2485 4936 2541 4990 in
2590 4932 2873 5004 temporali
2906 4932 3251 4987 necessitate.
3281 4928 3438 4997 Quod
3468 4930 3549 4983 ait
3576 4930 3647 4984 de
3676 4940 3852 4995 regno,

2282 5028 2519 5084 nondum
2548 5027 2602 5082 in
2630 5036 2771 5081 terra
2802 5026 3055 5081 Chanaan
3085 5038 3308 5094 regnum
3337 5023 3698 5078 constitutum
3721 5027 3852 5081 erat,

2274 5121 2368 5176 sed
2411 5135 2595 5176 semen
2641 5134 2826 5174 eorum
2873 5116 3282 5187 multiplicatum
3309 5114 3363 5168 in
3388 5113 3649 5184 Aigypto,
3679 5113 3751 5168 ibi
3775 5126 3853 5165 re-

2274 5221 2558 5284 gnaturum
2588 5218 2726 5266 crat.
2777 5206 3202 5279 Pertransierunt
3248 5206 3311 5260 de
3357 5218 3506 5277 gente
3551 5207 3605 5260 in
3637 5215 3849 5276 gentem.

2275 5303 2339 5357 Et
2371 5303 2476 5358 ltoc
2508 5317 2614 5356 non
2664 5300 2885 5364 mirum,
2916 5299 3042 5369 quia
3074 5297 3334 5353 Dominus
3378 5314 3483 5351 non
3523 5297 3732 5368 reliquit
3761 5296 3850 5348 lto-

2275 5392 2465 5448 minem
2514 5406 2696 5445 nocere
2736 5390 2833 5456 eis,
2876 5398 2924 5443 et
2974 5389 3228 5457 corripuit
3254 5403 3350 5457 pro
3398 5388 3472 5441 eis
3513 5404 3659 5457 reges
3689 5402 3709 5441 :
3735 5383 3851 5455 quia

2274 5482 2375 5541 rex
2400 5485 2751 5551 Gerarorutn,
2802 5492 2857 5539 et
2903 5498 3000 5539 rex
3046 5482 3443 5554 Egyptiorum,
3473 5484 3693 5538 accensi
3741 5479 3851 5552 pol.

2279 5579 2585 5636 chritudine
2629 5578 2811 5633 uxoris
2858 5575 3107 5641 Abrabaa,
3161 5574 3448 5630 voluerunt
3472 5588 3597 5628 eam
3636 5584 3847 5642 rapere;

2278 5672 2373 5727 sed
2416 5670 2674 5726 admoniti
2724 5669 2942 5726 fuerunt
2986 5668 3275 5733 divinitus,
3326 5682 3396 5722 ne
3445 5667 3563 5722 haec
3612 5665 3846 5720 facerent

2281 5756 2432 5833 (Gen.
2482 5777 2584 5828 xu,
2615 5761 2707 5833 ιιι)
2741 5778 2753 5814 :
2786 5761 2980 5831 quibus
3024 5759 3203 5816 verbis
3231 5759 3591 5829 corripuisset
3616 5770 3707 5812 eos
3750 5753 3851 5807 Do«

2281 5857 2460 5912 minus
2511 5871 2617 5911 non
2667 5854 2903 5926 legitur:
2937 5862 3115 5923 potest
3159 5861 3338 5909 tamen
3386 5867 3506 5909 esse
3552 5850 3693 5922 quod
3734 5846 3848 5904 sine
