4034 6424
154 495 261 555 0.85.

1269 498 1814 566 ,ENARBATIONES
1852 498 1919 554 IN
1957 496 2294 557 PSALMOS.

3316 513 3417 571 686

153 615 344 668 vernis
374 629 403 667 a
432 615 662 670 Domino
692 616 747 669 in
777 615 1022 671 interiori
1049 632 1147 672 suo
1173 618 1404 673 correcti
1431 628 1575 671 sunt.
1609 615 1746 669 Nota
1770 609 1831 676 Α
1852 611 2020 669 Cham
2048 631 2077 669 a
2122 615 2231 670 ﬁlio
2266 613 2400 677 Noe.
2456 615 2625 671 Cham
2673 617 2939 687 videlicet,
2985 620 3136 690 cujus
3173 626 3419 696 primitus

148 705 457 775 signiﬁcari
507 720 604 774 per
652 707 937 761 transitum
984 707 1125 761 illius
1169 707 1352 777 populi
1401 707 1467 762 de
1501 717 1659 777 gente
1690 706 1744 761 in

146 809 396 868 gentem,
429 809 481 854 et
510 800 576 854 de
610 817 775 871 regno
804 804 869 857 ad
899 818 1144 872 regnum,
1200 804 1326 873 quia
1357 804 1540 859 ﬁdeles
1564 804 1743 861 Domi—

150 890 207 943 ni
274 891 342 943 de
397 905 560 957 regno
605 892 854 948 mutabili
904 895 972 947 ad
1020 909 1243 963 regnum
1304 896 1742 951 incommutabile

148 981 490 1047 perducendi
536 990 679 1035 sunt.
712 982 985 1053 Corripuit
1030 986 1233 1054 procis
1279 1000 1449 1055 reges,
1502 987 1737 1041 dicens:

149 1069 345 1124 Nolite
377 1082 586 1140 tangere
624 1072 846 1128 christos
890 1091 1061 1141 meos,
1112 1087 1159 1129 et
1204 1078 1257 1130 in
1300 1078 1561 1147 prophetis
1610 1077 1740 1131 meis

143 1160 317 1212 nolite
357 1160 657 1231 malignari.
694 1164 826 1219 Vide
872 1165 1014 1233 quod
1056 1166 1189 1221 dicit
1216 1167 1469 1231 christos,
1508 1182 1631 1222 cum
1681 1168 1735 1222 in

144 1264 400 1323 tempore
444 1254 535 1310 illo
564 1256 740 1311 nullus
769 1256 960 1313 fuisset
1003 1260 1263 1323 christus,
1311 1261 1365 1314 id
1410 1270 1488 1316 est
1520 1270 1732 1315 unctus.

142 1342 260 1396 Sed
296 1342 552 1411 quoniam
583 1344 820 1401 futurum
847 1348 1091 1416 prae'vidit
1116 1348 1408 1418 Propheta,
1436 1351 1555 1405 ideo
1580 1352 1733 1419 quasi

140 1450 392 1504 pnesens
415 1438 766 1492 annuntiavit.
800 1439 895 1494 γει
924 1449 1102 1508 potest
1132 1455 1269 1501 esse,
1312 1443 1452 1510 quod
1485 1455 1552 1496 eo
1600 1451 1734 1498 tem-

138 1543 279 1596 pore
328 1529 519 1583 christi
568 1531 656 1598 qui
705 1531 935 1585 latenter
980 1530 1272 1586 Christiani
1304 1531 1540 1587 fuerunt.
1599 1532 1732 1588 Nam

140 1618 331 1671 nullus
360 1628 484 1673 ante
534 1619 811 1675 Christum
844 1621 926 1676 vel
957 1631 1077 1691 post
1105 1622 1379 1677 Christum
1410 1624 1728 1679 reconcilia-

139 1720 234 1762 tus
264 1720 351 1764 est
380 1709 515 1775 Deo,
563 1713 666 1765 nisi
714 1727 809 1781 per
840 1712 1022 1776 ﬁdem,
1075 1730 1235 1782 (piam
1267 1730 1412 1770 nunc
1440 1725 1585 1770 tenet
1612 1718 1729 1770 uni-

134 1812 303 1853 versa
345 1809 508 1855 terra.
563 1799 631 1855 Et
666 1806 861 1857 vocavit
892 1806 1086 1873 famem
1112 1824 1268 1877 super
1313 1817 1524 1861 terram.
1557 1808 1611 1862 In
1641 1826 1729 1865 su-

132 1892 485 1957 perioribus,
555 1894 855 1949 notiﬁcavit
914 1897 1053 1952 bona
1105 1899 1453 1967 temporalia,
1529 1902 1727 1970 quibus

1850 699 1950 756 fuit
1980 713 2119 757 terra
2166 704 2441 765 Chanaan.
2496 706 2562 761 de
2609 722 2714 777 quo
2738 724 2869 777 gens
2931 710 3245 783 Egyptiaca
3293 729 3421 774 nata

1847 803 1969 848 est:
2002 795 2087 848 cui
2139 796 2309 849 Cham
2354 796 2631 851 maledixit
2678 797 2809 862 Noe,
2871 802 3200 871 prophetans
3247 806 3313 861 de
3356 823 3421 863 eo

1846 886 1986 954 quod
2014 887 2225 942 futurus
2252 895 2395 942 esset
2421 903 2608 944 servus
2636 891 2863 944 fratrum
2889 906 3107 947 suorum
3133 897 3288 967 (Cen.
3318 901 3417 968 ix).

1842 975 1910 1029 Et
1935 976 2061 1045 quid
2090 992 2187 1047 per
2216 978 2317 1034 hoc
2370 979 2537 1033 voluit
2569 980 2818 1053 intelligi,
2856 984 2959 1037 nisi
2988 987 3130 1053 quod
3165 987 3332 1043 Cham
3362 990 3419 1045 in

1840 1068 2072 1135 posteris
2099 1069 2211 1123 suis
2238 1067 2530 1138 ejiciendus
2557 1081 2673 1125 erat
2697 1073 2760 1126 de
2786 1082 2927 1127 terra
2959 1075 3231 1143 Chanaan,
3255 1095 3416 1149 quam

1838 1160 2137 1227 possessuri
2166 1169 2323 1215 erant
2351 1162 2550 1217 fratres
2578 1163 2698 1217 sui?
2728 1163 2793 1217 Et
2820 1167 2965 1219 auxit
2992 1169 3239 1237 populum
3262 1188 3416 1225 suum

1838 1249 2180 1316 vehementer,
2204 1261 2250 1305 et
2272 1252 2501 1320 ﬁrmavit
2534 1270 2651 1306 eum
2677 1271 2831 1323 super
2856 1256 3091 1311 inimicos
3122 1258 3254 1327 ejus.
3280 1258 3417 1314 Cons

1837 1340 1983 1393 vertit
2012 1356 2102 1393 cor
2126 1358 2304 1395 eorum
2337 1353 2390 1395 ut
2422 1343 2621 1397 adirent
2669 1344 2919 1413 populum
2948 1347 3062 1416 ejus
3093 1363 3110 1402 :
3142 1366 3246 1403 non
3272 1352 3416 1420 quod

1837 1442 2024 1488 auctor
2070 1442 2214 1488 esset
2259 1436 2391 1501 odii,
2419 1435 2513 1490 sed
2544 1452 2664 1490 cum
2696 1452 2821 1493 suos
2848 1439 3134 1506 exaltaret,
3167 1441 3413 1513 Egyptii

1834 1520 2155 1588 invidentes,
2211 1526 2289 1580 eis
2319 1527 2371 1579 in
2400 1526 2581 1581 odium
2612 1529 2857 1584 conversi
2890 1540 3035 1585 sunt.
3090 1531 3233 1586 Misit
3263 1533 3423 1605 Mog:

1832 1628 1922 1665 seu
1950 1629 2155 1666 servum
2207 1632 2379 1681 suum,
2408 1617 2587 1672 Aaron
2632 1636 2783 1689 quem
2809 1620 2960 1691 elegit
2992 1623 3182 1692 ipsum.
3228 1621 3414 1678 Posuit

1833 1702 1886 1756 in
1929 1704 2001 1757 eis
2031 1706 2179 1758 verba
2207 1708 2476 1776 signorum
2503 1727 2721 1764 suorum
2748 1724 2766 1762 .'
2789 1726 2896 1767 non
2937 1722 2996 1766 ut
3043 1714 3309 1784 loquendo
3342 1717 3415 1772 si-

1828 1810 1931 1864 gna
1958 1796 2168 1863 ﬁerent,
2199 1799 2291 1853 sed
2318 1799 2459 1854 sicut
2487 1802 2651 1855 verba
2675 1802 2983 1873 signiﬁcant
3007 1821 3095 1860 res
3126 1808 3190 1863 dc
3216 1792 3415 1877 quibus

1830 1898 2011 1957 agunt,
2062 1888 2139 1942 ita
2186 1888 2324 1944 facta
2374 1891 2607 1956 illorum,
2640 1893 2868 1949 aliorum
2942 1895 3207 1954 factorum
3258 1901 3410 1971 signa

134 1980 410 2035 consolati
458 1992 583 2036 sunt
610 1992 793 2050 patres
822 1987 1028 2051 nostri,
1078 1987 1132 2040 in
1162 1990 1513 2055 sequentibus
1543 2000 1719 2045 autem

1832 1977 2076 2045 fuerunt;
2115 1981 2260 2050 quod
2289 1982 2461 2037 dicit:
2494 1982 2680 2037 Posuit
2730 1986 2784 2039 in
2830 1988 2903 2041 eis
2942 1991 3095 2042 verba
3141 1991 3413 2060 signorum

134 2083 523 2142 proponuntur
553 2076 712 2129 mala.
744 2076 921 2132 Causa
958 2094 1145 2134 eorum
1180 2079 1360 2136 afﬂicti
1389 2092 1513 2137 sunt
1543 2084 1723 2138 inimi-

134 2160 185 2217 ci
219 2181 233 2217 :
266 2164 414 2232 quod
453 2164 605 2229 dicit,
662 2165 873 2222 Vocavit
928 2168 1119 2238 famem
1160 2188 1315 2241 super
1343 2182 1554 2231 terram.
1590 2173 1725 2229 Nota

128 2255 282 2323 quod
317 2254 469 2319 dicit,
504 2257 720 2310 vocavit.
750 2256 941 2315 Vocari
970 2259 1115 2314 enim
1145 2277 1249 2316 non
1276 2262 1471 2328 solent,
1504 2266 1605 2319 uisi
1636 2280 1723 2321 res

133 2347 416 2411 animatas,
482 2348 706 2416 spiritus
747 2350 1001 2407 videlicet
1045 2365 1102 2407 et
1146 2369 1374 2425 corpora
1425 2359 1722 2415 sensibilia.

134 2435 337 2492 Fames
385 2454 537 2503 vero,
577 2456 699 2495 cum
731 2442 802 2497 sit
829 2444 1099 2513 pernicies
1124 2460 1191 2499 ex
1220 2448 1393 2502 inedia
1423 2459 1721 2517 contracta,

132 2530 321 2582 vocari
352 2545 458 2585 non
490 2541 663 2599 potest
692 2551 706 2589 :
738 2549 908 2603 quare
937 2536 1199 2603 dicamus,
1262 2537 1477 2594 Vocarit‘
1506 2542 1718 2611 famem,

130 2618 187 2674 id
236 2630 344 2685 est,
379 2622 677 2692 principem
728 2623 906 2690 famis,
949 2628 1197 2697 angelum
1246 2630 1452 2687 scilicet
1500 2635 1719 2699 malum,

133 2729 231 2781 per
257 2729 423 2783 quem
454 2714 625 2770 futues
677 2716 952 2773 inducitur
984 2736 1147 2790 super
1199 2731 1401 2778 terram
1428 2742 1441 2788 ;
1478 2725 1561 2779 vel
1592 2727 1670 2780 sic
1703 2745 1715 2781 ;

142 2802 364 2859 Vocavit
396 2807 609 2875 famem,
665 2810 718 2863 id
748 2820 850 2877 est,
882 2815 1140 2884 praecepit
1165 2831 1287 2870 esse
1330 2818 1530 2872 famem
1560 2834 1722 2889 super

129 2908 337 2953 serram
367 2916 382 2951 :
415 2910 462 2953 et
507 2917 657 2956 omne
682 2903 1071 2967 firmamentum
1099 2908 1250 2977 panis
1278 2911 1517 2963 contrivit
1546 2924 1563 2962 :
1591 2913 1719 2981 quia

130 2999 242 3042 tam
274 3007 507 3059 granum
556 3003 757 3060 satum,
788 3011 949 3065 quam
990 3014 1095 3054 non
1126 3010 1305 3056 satum
1335 3003 1617 3072 dissipavit
1644 3022 1656 3071 ;
1690 3022 1719 3059 a

56 3100 64 3109 -
124 3094 235 3147 qua
267 3080 418 3135 fame
449 3091 506 3135 ut
549 3082 870 3141 liberaretur
904 3090 1131 3159 populus
1163 3091 1272 3157 ille,
1313 3092 1458 3147 Misit
1489 3106 1608 3149 ante
1634 3114 1719 3152 eos

128 3172 301 3224 virum
332 3188 350 3227 :
382 3174 434 3225 in
461 3190 667 3228 servum
701 3179 1022 3234 venundatus
1052 3192 1127 3237 est
1155 3182 1371 3254 Ioseph.
1422 3185 1575 3253 Quod
1607 3188 1720 3258 ipse

126 3262 476 3318 venundatus
512 3276 614 3333 est,
666 3283 731 3322 ex
780 3271 1135 3340 dispositione
1173 3276 1385 3331 Domini
1437 3276 1540 3331 fuit
1568 3295 1580 3331 :
1611 3294 1716 3334 non

1825 2085 2062 2136 suorum,
2090 2080 2136 2123 et
2162 2072 2521 2142 prodigiorum
2548 2074 2602 2127 in
2649 2086 2787 2129 terra
2815 2077 2999 2132 Cham.
3032 2080 3098 2133 Et
3126 2096 3252 2137 ecce
3279 2099 3411 2152 pro-

1825 2158 1965 2229 digia
1996 2169 2051 2215 et
2081 2162 2234 2231 signa
2262 2179 2277 2217 :
2310 2164 2437 2232 quia
2487 2166 2627 2219 misit
2660 2167 2895 2222 tenebras
2921 2180 2967 2222 et
2995 2170 3310 2239 obscuravit,
3360 2184 3411 2228 et

1826 2265 1927 2304 non
1956 2252 2282 2308 exacerbavit
2308 2270 2569 2309 sermones
2615 2273 2755 2319 suos,
2790 2259 2841 2311 id
2866 2268 2969 2323 est,
3002 2277 3104 2315 non
3129 2264 3412 2318 exttcerba»

1823 2343 1917 2407 vit,
1967 2343 2203 2399 reddidit
2230 2345 2527 2415 injunctam
2575 2350 2689 2403 suis
2718 2352 3058 2420 negationem
3086 2370 3102 2407 :
3132 2356 3277 2424 quod
3307 2356 3407 2411 ﬁe-

1825 2443 1930 2498 ret,
1967 2435 2013 2488 si
2045 2451 2152 2490 non
2181 2439 2385 2507 recepti
2415 2449 2594 2494 essent
2624 2440 2797 2497 abhis
2827 2458 2964 2512 quos
2992 2445 3143 2500 missi
3171 2447 3405 2503 fuerant.

1822 2525 1975 2581 Nunc
2047 2537 2226 2583 autem
2292 2531 2416 2598 quia
2465 2532 2777 2589 obedientes
2825 2534 3054 2617 fuerunt.
3114 2535 3287 2607 Moysi
3352 2550 3409 2593 et

1820 2618 1999 2672 Aaron
2048 2620 2142 2673 ﬁlii
2190 2620 2373 2687 lsrael,
2424 2624 2545 2679 ideo
2590 2640 2696 2679 non
2749 2627 3094 2682 exacerbavit
3146 2630 3408 2685 DOminus

1822 2724 2099 2765 sermones
2126 2726 2251 2766 suos
2277 2731 2289 2767 :
2319 2716 2566 2768 convertit
2596 2733 2760 2785 aquas
2784 2733 2961 2770 eorum
2990 2720 3046 2772 in
3072 2723 3403 2790 sanguinem,

1821 2812 1867 2854 et
1904 2802 2089 2858 occidit
2130 2806 2293 2873 pisces
2345 2823 2545 2874 eorum,
2596 2818 2643 2862 et
2671 2809 2816 2864 dedit
2849 2820 3050 2865 terram
3097 2827 3285 2868 eorum
3314 2831 3409 2868 ra-

1822 2896 1925 2961 nis,
1959 2898 2083 2967 quia
2117 2900 2249 2953 nihil
2282 2900 2455 2953 visum
2486 2913 2569 2956 est
2593 2902 2646 2955 in
2675 2910 2815 2958 terra
2844 2915 3041 2973 prmtcr
3069 2922 3261 2973 ranas;
3317 2909 3405 2961 vel

1821 2990 1981 3043 edidit
2012 3000 2152 3045 terra
2183 3008 2363 3046 eorum
2412 3010 2592 3058 ranas,
2624 2995 2747 3063 quia
2779 2996 3013 3065 undique
3047 3006 3194 3051 tanta
3227 3000 3403 3053 abun-

1822 3081 2004 3135 dantia
2032 3098 2287 3135 ranarum
2342 3082 2465 3148 fuit,
2514 3099 2579 3140 ac
2623 3086 2666 3139 si
2718 3086 2952 3157 undique
3000 3103 3065 3141 ex
3117 3088 3230 3157 ipsa
3259 3096 3403 3143 terra

1821 3173 1978 3227 editae
2005 3185 2185 3229 essent
2211 3191 2224 3239 ;
2253 3175 2307 3227 in
2335 3176 2707 3244 penetralibus,
2741 3177 2793 3231 id
2822 3188 2925 3242 est,
2957 3179 3007 3233 in
3035 3180 3300 3236 cubilibus
3323 3197 3405 3237 re-

1819 3280 1941 3333 gum
1970 3266 2200 3333 ipsorum
2233 3264 2390 3319 edita:
2419 3275 2544 3320 sunt
2576 3283 2738 3322 ranae.
2773 3267 2938 3333 Dixit,
2987 3270 3039 3324 id
3067 3280 3169 3335 est,
3199 3286 3404 3339 praace-

124 3370 192 3407 ex
224 3365 497 3424 potestate
517 3357 767 3425 fratrum,
797 3364 886 3432 qui
918 3373 1096 3419 tamen
1124 3367 1248 3421 odio
1276 3383 1373 3423 suo
1399 3368 1714 3426 satisfacere

1823 3355 1913 3422 pit,
1943 3363 1991 3407 et
2018 3355 2150 3407 venit
2182 3355 2487 3424 cmnomgia,
2521 3364 2568 3407 et
2620 3355 2803 3424 cinifes
2831 3357 2884 3410 in
2936 3358 3171 3412 omnibus
3207 3360 3401 3427 ﬁnibus

126 3449 414 3514 putabant.
471 3448 888 3507 llumiliaverunt
929 3456 980 3508 in
1030 3458 1361 3527 compedibus
1386 3460 1561 3529 pedes.
1604 3460 1715 3516 lloc

125 3540 259 3594 licet
307 3550 486 3595 taceat
533 3543 781 3611 historia,
830 3562 934 3602 non
966 3558 1143 3604 tamen
1180 3550 1358 3605 minus
1386 3552 1714 3607 credendum

123 3642 232 3697 est,
267 3648 392 3687 cum
426 3635 527 3689 hoc
575 3634 810 3704 Spiritus
836 3650 1055 3694 sanctus
1084 3656 1179 3710 per
1207 3657 1270 3696 os
1305 3640 1591 3712 Propheta:
1617 3659 1712 3696 an-

127 3722 350 3776 nuntiat
377 3723 648 3790 futurum;
681 3725 899 3793 ferrum,
935 3730 984 3783 id
1013 3739 1117 3794 est,
1145 3730 1433 3787 difﬁcultas
1461 3741 1515 3787 et
1547 3733 1716 3788 tribu-

128 3812 263 3865 tatio
314 3813 497 3880 gravis
548 3814 799 3871 humana:
848 3819 1099 3883 miserim,
1130 3824 1435 3889 pertransiit
1482 3824 1715 3878 animam

126 3902 263 3970 ejus.
299 3902 595 3959 Tribulatio
624 3922 721 3976 per
748 3907 948 3964 ferrum
976 3911 1139 3965 etiam
1166 3912 1293 3968 alibi
1323 3922 1562 3980 notatur,
1590 3931 1712 3970 cum

131 3992 459 4046 beatissima:
504 3994 710 4065 Virgini
742 3998 975 4052 dicitur:
1008 3999 1076 4052 Et
1109 4012 1251 4054 tuam
1284 4004 1447 4073 ipsius
1480 4005 1713 4059 animam

128 4085 465 4151 pertransibit
501 4086 708 4155 gladius
751 4088 899 4160 (Luc.
930 4090 1016 4161 ιι).
1046 4090 1197 4146 Nulla
1226 4095 1369 4147 enim
1396 4096 1570 4164 potuit
1596 4112 1716 4151 esse

130 4174 306 4243 major
357 4176 651 4244 tribulatio,
706 4196 867 4249 quam
904 4190 961 4235 ut
1011 4192 1182 4238 mater
1232 4184 1398 4240 ﬁlium
1450 4186 1504 4240 in
1551 4204 1714 4244 cruce

130 4268 368 4335 pendere
413 4270 644 4338 videret;
700 4279 840 4344 quod
894 4278 1024 4332 dicit
1073 4299 1084 4332 :
1136 4279 1360 4335 Ferrum
1410 4286 1715 4352 pertransiit

130 4359 363 4412 animam
392 4361 525 4428 ejus,
558 4364 719 4418 donec
752 4369 940 4422 veniret
970 4372 1177 4425 verbum
1206 4374 1339 4441 ejus.
1366 4372 1601 4429 Verbum
1632 4377 1714 4427 vi-

132 4447 347 4514 delicet,
397 4466 502 4519 quo
548 4453 934 4524 interpretatus
964 4468 1047 4513 est
1074 4463 1340 4516 somnium
1392 4462 1711 4530 Pharaonis,

130 4542 275 4608 quod
310 4550 484 4597 tamen
518 4560 620 4598 non
651 4563 716 4600 ex
744 4563 801 4602 se
826 4548 1032 4614 habuit,
1063 4553 1187 4621 quia
1214 4552 1476 4622 eloquium
1501 4554 1713 4623 Domini

129 4631 477 4699 inﬂammarit
522 4653 675 4702 eum;
723 4636 875 4706 juxta
924 4640 1198 4696 illnduln
1231 4644 1465 4712 quiet-itis
1513 4646 1716 4713 expeti-

1817 3461 2018 3497 eorum.
2057 3444 2390 3514 Coenomyia,
2425 3459 2607 3499 musca
2657 3445 2900 3511 canina;
2959 3446 3170 3513 cinifcs,
3222 3449 3403 3505 minor

1818 3552 2021 3591 musca.
2077 3535 2261 3590 Posuit
2292 3536 2495 3605 pluvias
2545 3554 2721 3591 eorum
2767 3540 3098 3607 grandinem,
3150 3551 3197 3594 et
3228 3542 3402 3611 ignem

1817 3628 2195 3682 coniburentem
2246 3628 2299 3681 in
2332 3637 2471 3681 terra
2500 3628 2750 3696 ipsorum.
2806 3626 2874 3682 Et
2917 3632 3169 3699 percussit
3216 3626 3394 3687 vineas

1816 3732 1994 3770 eorum
2023 3725 2071 3770 et
2096 3716 2349 3784 ﬁculneas
2375 3732 2574 3782 eorum,
2623 3726 2669 3771 et
2720 3718 2956 3772 contrivit
2987 3718 3184 3789 lignum
3210 3721 3397 3790 ﬁnium

1815 3824 2016 3862 eorum.
2045 3807 2215 3873 Dixit,
2250 3819 2297 3862 et
2332 3810 2461 3863 venit
2492 3808 2727 3874 locusta,
2757 3818 2803 3863 et
2836 3810 3079 3875 bruchus,
3114 3812 3263 3881 cujus
3294 3830 3399 3867 non

1814 3912 1925 3954 erat
1955 3918 2217 3955 numerus.
2250 3900 2453 3955 Eadem
2501 3900 2655 3970 plaga
2681 3910 2764 3955 est
2806 3901 3043 3957 bruchus
3069 3911 3122 3958 et
3147 3902 3352 3958 locusta
3381 3918 3398 3957 :

1814 3996 1938 4064 quia
1984 3995 2190 4051 locusta
2217 4004 2299 4049 est
2323 4009 2543 4063 parcns,
2574 3994 2814 4049 bruchus
2842 4001 2926 4051 est
2972 3994 3134 4051 fetus.
3164 3995 3231 4050 Et
3257 4012 3398 4050 com-

1815 4089 1919 4143 edit
1969 4106 2119 4143 omne
2164 4088 2338 4158 fenum
2367 4088 2421 4140 in
2447 4098 2587 4141 terra
2612 4103 2811 4152 eorum,
2859 4096 2907 4140 et
2936 4088 3159 4140 comedit
3193 4104 3394 4141 onmem

1814 4180 2045 4249 fructum
2073 4190 2227 4234 teme
2254 4196 2451 4233 eorum.
2484 4178 2553 4232 Et
2598 4180 2853 4248 percussit
2892 4195 3043 4233 omne
3085 4181 3390 4249 primogeni-

1816 4282 1921 4325 tum
1952 4284 2103 4326 teme
2130 4289 2335 4337 corum,
2383 4272 2646 4341 primitias
2693 4273 2860 4325 omnis
2888 4271 3082 4325 laboris
3104 4288 3307 4336 eorum,
3341 4273 3395 4325 id

1815 4374 1916 4426 est,
1946 4363 2125 4418 omnia
2163 4364 2520 4433 primogenita
2549 4363 2601 4416 in
2634 4364 2829 4431 quibus
2860 4363 3162 4416 nutriendis
3187 4361 3397 4416 labora-

1816 4464 2027 4509 verunt.
2084 4454 2149 4506 Et
2197 4454 2377 4507 eduxit
2422 4470 2508 4508 eos
2560 4468 2677 4507 cum
2726 4462 2941 4522 argento
2990 4464 3037 4507 et
3067 4453 3393 4522 aurotquia

1815 4546 2182 4614 unusquisque
2210 4553 2394 4598 mutuo
2422 4544 2629 4613 accepit
2659 4559 2787 4599 vasa
2813 4552 3063 4613 argentea
3090 4552 3145 4598 et
3171 4558 3335 4598 aurea
3360 4559 3390 4597 a

1816 4634 1995 4687 vicino
2020 4648 2137 4698 suo,
2180 4635 2333 4705 quasi
2366 4634 2492 4688 ituri
2522 4642 2707 4688 essent
2737 4634 2790 4688 in
2822 4634 3093 4689 desertum
3126 4634 3191 4688 ad
3220 4635 3394 4689 sacri-

128 4733 361 4776 mentum
413 4724 556 4780 illius
601 4729 691 4798 qui
726 4731 776 4783 in
805 4747 884 4784 me
914 4732 1145 4801 loquitur
1191 4732 1429 4787 Christus
1463 4732 1547 4806 (II
1588 4732 1709 4788 Cor.
1739 4738 1793 4798 Ι)
1821 4726 2084 4781 “calidum
2114 4727 2242 4791 θεον
2283 4736 2338 4782 ει
2366 4728 2633 4782 Γθνθτδυτί
2674 4736 2732 4780 ιιι
2760 4741 2885 4781 V353
2936 4726 3241 4781 τθδάθτθηί·
3286 4728 3396 4781 Au"

132 4816 297 4879 xm)?
327 4816 471 4871 Misit
517 4836 626 4884 rex,
672 4831 721 4874 et
751 4822 899 4877 solvit
924 4842 1041 4877 eum
1067 4842 1085 4878 :
1116 4826 1352 4894 princeps
1375 4825 1709 4895 papulorum,

129 4915 176 4956 ct
214 4905 413 4960 dimisit
460 4926 575 4961 eum
601 4924 618 4960 .·
649 4920 702 4964 et
748 4915 1013 4966 constituit
1059 4932 1176 4968 eum
1225 4916 1494 4969 dominum
1525 4916 1711 4969 domus

130 5014 261 5063 sure,
290 5007 337 5051 et
363 5000 646 5069 principem
674 5006 840 5057 omnis
864 5008 1204 5075 possessionis
1231 5026 1360 5062 sutv.
1391 5006 1457 5062 Ut
1482 5009 1710 5063 erudirct

129 5089 389 5157 principes
434 5091 549 5159 ejus
578 5095 710 5146 sicut
738 5098 1091 5166 semetipsum,
1143 5098 1197 5154 id
1224 5110 1326 5165 est,
1381 5110 1551 5156 semet
1602 5102 1709 5156 sci-

131 5182 208 5235 vit
239 5183 445 5238 scilicet
476 5187 742 5242 eruditum
771 5206 785 5242 :
816 5198 862 5243 et
888 5207 1032 5245 senes
1061 5190 1172 5261 ejus
1198 5193 1530 5261 prudentiam
1558 5194 1711 5247 doce-

133 5280 229 5323 ret.
278 5271 389 5327 lloc
439 5282 578 5330 tacet
626 5277 870 5343 historia,
924 5280 1062 5334 sicut
1107 5289 1160 5336 et
1210 5282 1336 5335 illud
1374 5283 1517 5352 quod
1560 5283 1711 5353 prius

135 5362 335 5416 dictum
380 5374 462 5419 est
508 5367 573 5422 de
620 5373 986 5439 compedibus.
1038 5373 1165 5428 lude
1210 5376 1537 5428 credendum
1588 5384 1665 5429 cst
1693 5416 1707 5441 ,

132 5454 261 5522 quia
304 5458 479 5524 potuit
524 5474 642 5515 esse
694 5473 749 5516 ut
800 5480 904 5517 non
943 5475 1146 5519 tantum
1184 5465 1450 5537 Egyptiis
1480 5469 1531 5519 in
1573 5474 1710 5520 tem-

134 5557 264 5612 pore
316 5544 473 5601 famis
516 5552 844 5620 provideret,
893 5556 985 5608 sed
1038 5557 1201 5609 etiam
1246 5556 1473 5610 interius
1522 5570 1616 5610 eos
1642 5555 1709 5610 de

136 5634 419 5699 prudentia
464 5638 698 5693 doceret.
732 5640 797 5695 Et
840 5642 1046 5696 intravit
1083 5643 1263 5713 Israel
1312 5646 1367 5697 in
1394 5643 1709 5713 .IEggptum,

134 5732 183 5774 et
210 5721 374 5776 Iacob
401 5726 578 5781 accola
610 5729 707 5797 fuit
740 5732 791 5783 in
823 5740 959 5785 terra
990 5731 1173 5785 Cham.
1214 5732 1351 5787 Ecce
1378 5735 1518 5803 quod
1548 5750 1708 5804 supe-

136 5810 248 5868 rius
281 5814 482 5870 dictum
533 5830 632 5886 est,
672 5817 1091 5876 Pertransierunt
1120 5824 1182 5877 de
1210 5834 1357 5893 gente
1386 5825 1439 5877 in
1484 5836 1703 5894 gentem.

136 5908 301 5964 Terra
345 5908 512 5966 Cham
552 5913 693 5971 idem
736 5923 815 5972 est
865 5916 1004 5984 quod
1037 5915 1303 5987 Egyptus
1335 5934 1347 5969 :
1382 5925 1436 5972 et
1482 5926 1707 5973 vocatur

1816 4834 1935 4872 rum
1962 4827 2015 4872 ct
2040 4828 2320 4888 argentum
2351 4818 2419 4871 ab
2449 4818 2758 4873 hominibus
2808 4817 3008 4888 iniquis
3047 4828 3391 4887 acceperunt,

1816 4910 1941 4979 quia
1970 4923 2178 4964 merces
2204 4922 2390 4963 eorum
2414 4923 2515 4977 pro
2536 4906 2722 4962 labore
2746 4922 2845 4962 suo
2866 4922 2985 4961 esse
3012 4907 3217 4973 debuit,
3267 4908 3391 4975 quia

1815 5002 1936 5071 plus
1964 5000 2258 5055 laborando
2286 5000 2679 5065 descrvierunt,
2710 5013 2872 5068 quam
2922 4998 3002 5052 eis
3030 4996 3389 5052 abstulerunt.

1813 5094 1924 5149 Nec
1954 5094 2006 5147 in
2034 5108 2098 5148 eo
2125 5102 2303 5147 tamen
2336 5091 2479 5163 quod
2510 5090 2794 5162 Egyptios
2821 5091 3172 5161 decepcrunt,
3202 5104 3230 5141 a
3273 5087 3393 5156 qui.

1816 5190 1917 5244 bus
1961 5187 2064 5242 sibi
2104 5194 2387 5257 argentum
2434 5194 2493 5240 ct
2537 5199 2729 5239 aurum
2780 5179 3178 5237 accommodari
3226 5179 3393 5248 petie-

1819 5289 1965 5344 runt,
2012 5279 2281 5348 putandus
2307 5285 2392 5331 est
2442 5277 2583 5330 Deus
2637 5273 2942 5341 hujusmodi
2988 5272 3141 5325 dolos
3170 5269 3247 5324 eis
3297 5268 3390 5337 qui

1817 5386 2033 5426 sursum
2064 5370 2267 5424 habent
2312 5366 2496 5425 corda.
2524 5365 2607 5420 vel
2631 5364 2840 5433 jubere,
2869 5362 2951 5417 vel
2978 5362 3022 5416 si
3052 5360 3279 5415 fecerint
3302 5373 3393 5426 ap-

1816 5463 2064 5530 probare.
2117 5459 2284 5532 Magis
2333 5457 2476 5513 enim
2498 5472 2594 5525 per
2639 5456 2752 5525 ipsa
2784 5451 2876 5507 Dei
2902 5452 3062 5505 verba
3114 5449 3297 5519 utiun
3326 5450 3393 5503 ab

1816 5552 1909 5606 illo
1940 5552 2031 5621 qui
2058 5566 2153 5604 cor
2193 5564 2381 5604 eorum
2419 5545 2654 5606 videbat,
2685 5552 2739 5596 ct
2761 5541 3081 5610 cupiditates
3113 5552 3391 5592 examina-

1816 5643 1908 5699 bat
1938 5643 2215 5697 Dominus.
2249 5639 2400 5705 Quod
2430 5637 2560 5691 dicit
2587 5651 2601 5688 :
2636 5632 2703 5686 Et
2734 5631 2911 5685 eduxit
2939 5647 3024 5684 eos
3070 5644 3185 5682 cum
3213 5644 3383 5698 argen»

1818 5747 1870 5791 to
1898 5746 1945 5790 et
1977 5748 2149 5789 auro:
2175 5742 2222 5787 et
2270 5748 2371 5783 non
2393 5738 2503 5782 erat
2549 5727 2602 5780 in
2652 5725 3087 5778 tribubus'eorum
3114 5719 3388 5788 infirmus,

1814 5827 2065 5897 superius
2106 5817 2549 5878 commemoravit
2592 5814 2775 5887 plagas
2800 5828 2936 5883 quas
2982 5811 3161 5866 intulit
3212 5810 3387 5865 inimi-

1815 5920 1914 5984 cis,
1968 5931 2110 5972 nunc
2146 5911 2408 5969 beneﬁcia
2439 5914 2827 5964 commemorat
2851 5920 2971 5975 qua:
3000 5902 3229 5960 contulit
3254 5898 3381 5956 ωε.
