4034 6430
668 526 775 584 887

1294 514 1550 573 REMlGll
1587 502 2241 568 ANTISSlODORENSIS
2279 501 2430 559 OPP.
2471 499 2651 556 PARS
2689 499 2730 554 l.
2770 528 2839 539 —
2875 493 3284 552 EXEGETICA.
3779 492 3849 550 633

673 643 752 697 cis
779 655 794 693 :
817 652 924 694 non
958 645 1136 690 tamen
1156 635 1344 690 eodem
1375 631 1567 687 ordine
1595 636 1827 684 narratae
1857 632 1983 679 sunt
2002 622 2091 677 hic
2115 620 2237 692 pla-
2265 624 2317 684 Α
2349 637 2366 670 ι
2398 626 2453 674 et
2479 618 2626 673 misit
2655 616 2994 672 saturitatem
3026 615 3080 669 in
3111 613 3318 668 animas
3344 623 3555 666 eorum.
3585 607 3648 663 Et
3671 608 3853 666 irritare-

672 745 772 800 gae,
798 741 906 798 quo
934 732 1166 780 narratas
1195 731 1319 777 sunt
1347 721 1401 775 in
1434 719 1661 774 historia
1689 734 1701 770 :
1731 715 1859 786 quia
1897 711 2135 766 laudatio
2163 716 2248 765 est

670 799 843 875 libera
870 832 901 872 a
930 815 1045 887 lege
1069 813 1340 869 narrantis
1368 819 1423 865 et
1446 808 1728 864 historiam
1759 803 2013 861 texentis.
2042 799 2248 854 Laztata

675 920 749 966 est
803 909 1065 979 Egyptus
1113 907 1167 959 in
1213 902 1532 974 profectione
1580 914 1784 962 eorum,
1817 911 1922 951 non
1975 895 2028 948 in
2072 892 2249 962 prima

673 997 1029 1071 profectione,
1078 992 1293 1062 quando
1324 992 1391 1046 ab
1423 988 1658 1060 Atlgypto
1687 985 1834 1042 ducti
1881 992 2027 1047 sunt,
2067 982 2163 1036 sed
2193 979 2246 1032 in

675 1088 1010 1163 profectione
1054 1084 1142 1139 illa
1172 1097 1333 1154 quam
1373 1079 1620 1136 fecerunt
1645 1087 1931 1150 postquam
1966 1088 2116 1130 mare
2144 1071 2252 1125 Ru-

672 1160 831 1236 brum
888 1173 1248 1238 transierunt;
1301 1180 1355 1227 et
1381 1183 1552 1240 quare
1578 1177 1709 1224 tunc
1739 1166 1911 1221 laetata
1957 1172 2040 1219 est
2082 1160 2252 1232 Aigy-

672 1268 840 1340 ptus?
885 1265 1024 1332 Quia
1052 1263 1283 1318 incubuit
1312 1261 1469 1315 timor
1496 1275 1674 1314 eorum
1720 1272 1874 1327 super
1901 1271 2008 1310 eos.
2039 1253 2256 1308 Timue—

674 1367 804 1412 runt
833 1356 1000 1421 enim,
1029 1352 1135 1407 illis
1165 1348 1460 1406 submersis
1494 1347 1590 1418 qui
1617 1345 1845 1402 insecuti
1882 1352 2008 1398 sunt
2033 1357 2147 1406 eos,
2186 1355 2258 1395 ne

679 1453 1090 1504 reverterentur
1113 1451 1175 1497 ut
1199 1439 1569 1496 interﬁcerent
1596 1435 1898 1506 IEgyptios,
1939 1433 2066 1503 quia
2097 1428 2256 1501 pauci

673 1550 837 1598 erant
865 1541 932 1596 de
958 1535 1250 1609 Egyptiis,
1284 1533 1376 1604 qui
1403 1532 1546 1588 domi
1576 1531 1683 1585 vivi
1711 1533 2108 1585 remanserunt.
2142 1523 2257 1578 Ea:-

680 1633 863 1705 pandit
915 1629 1100 1684 nubem
1140 1627 1196 1680 in
1243 1623 1610 1695 protectionem
1657 1636 1861 1684 eorum,
1905 1626 1954 1672 et
1985 1619 2155 1688 ignem
2201 1622 2260 1666 ut

680 1703 874 1778 luceret
903 1721 976 1775 eis
1004 1735 1095 1790 per
1123 1724 1344 1770 noctem.
1395 1710 1686 1775 Petierunt,
1741 1717 1787 1763 et
1819 1708 1954 1763 venit
1981 1703 2259 1768 coturnix,

680 1823 728 1867 et
755 1829 889 1883 pane
915 1810 1028 1866 caeli
1053 1805 1308 1864 saturavit
1328 1819 1436 1858 eos.
1467 1799 1614 1855 Pane
1645 1799 1758 1854 caeli
1788 1798 1906 1853 ideo
1934 1797 2086 1860 dicit,
2132 1793 2258 1860 quia

682 1917 880 1958 manna
911 1899 1052 1971 quod
1096 1895 1450 1952 comederunt
1477 1888 1649 1945 Judaei
1701 1887 2043 1960 signiﬁcabat
2067 1897 2261 1954 panem

2353 731 2371 762 ι
2404 717 2530 766 runt
2558 710 2774 781 Moysen
2815 709 2870 762 in
2913 706 3136 770 castris,
3174 706 3351 759 Aaron
3403 709 3640 758 sanetum
3678 701 3850 757 Domini.

2355 821 2373 852 ι
2404 801 2601 871 Aperta
2630 807 2714 855 est
2739 807 2883 853 terra
2913 838 2928 864 ,
2969 805 3024 853 et
3051 795 3327 867 deglutivit
3357 793 3566 847 Datban
3590 831 3604 856 ,
3633 800 3681 845 ‘et
3702 795 3853 862 claruit

2357 909 2375 941 ‹
2405 904 2566 958 super
2600 887 3069 958 congregationem
3103 884 3326 940 Abiron.
3373 882 3445 936 Et
3485 879 3675 936 exarsit
3696 881 3800 951 ignis
3815 883 3851 936 in

2357 1003 2374 1035 ι
2407 995 2680 1054 synagoga
2705 995 2917 1043 eorum,
2943 977 3157 1032 flamma
3185 973 3483 1030 combussit
3508 979 3792 1042 peceatores.
3812 972 3853 1025 Et

2358 1090 2376 1122 ι
2407 1072 2646 1126 fecerunt
2666 1069 2890 1123 vitulum
2916 1067 2969 1121 in
2993 1065 3191 1127 ﬂoreb,
3209 1073 3263 1120 et
3285 1063 3641 1118 adoraverunt
3660 1059 3851 1130 sculptile.

2360 1181 2379 1215 ι
2407 1162 2473 1217 Et
2499 1168 2844 1216 mutaverunt
2880 1156 3105 1230 gloriam
3142 1169 3294 1210 suam
3330 1154 3385 1207 in
3425 1150 3787 1207 similitudinem
3806 1151 3855 1202 vi.
3944 1150 3945 1186 l

2361 1275 2380 1308 ι
2410 1255 2502 1310 tuli
2532 1253 2864 1310 comedentis
2895 1251 3095 1306 fenum.
3145 1248 3308 1305 Obliti
3346 1255 3476 1302 sunt
3509 1245 3663 1301 Deum
3689 1244 3760 1314 qui
3782 1245 3852 1298 sal-
3944 1313 3945 1316 η

2362 1366 2380 1398 ι
2412 1347 2558 1402 vavit
2584 1360 2698 1410 eos,
2729 1343 2819 1414 qui
2848 1342 2975 1397 fecit
2999 1339 3266 1412 magnalia
3295 1339 3348 1392 in
3388 1335 3639 1406 Egypto,
3662 1334 3854 1388 mirabilia

2365 1457 2382 1490 ι
2412 1439 2468 1493 in
2498 1447 2640 1492 terra
2670 1435 2837 1490 Cbam
2864 1473 2879 1499 ,
2913 1432 3170 1487 terribilia
3204 1431 3257 1484 in
3287 1430 3424 1483 mari
3456 1424 3650 1481 Rubro.
3691 1424 3744 1478 Et
3768 1423 3855 1478 dixit

2365 1549 2383 1582 ι
2411 1538 2471 1585 ιιι
2495 1528 2829 1598 disperderet
2854 1540 2966 1590 eos,
2999 1524 3044 1579 si
3080 1538 3186 1577 non
3217 1521 3429 1590 Moyses
3455 1519 3653 1573 electus
3675 1514 3767 1582 ejus
3785 1525 3855 1567 stc-

2365 1639 2384 1672 ι
2418 1621 2572 1676 tisset
2607 1619 2660 1674 in
2695 1616 3064 1674 confractione
3110 1615 3164 1669 in
3195 1619 3489 1682 conspectu
3518 1607 3644 1676 ejus.
3671 1604 3730 1659 Ut
3750 1619 3855 1658 arer-

2367 1731 2385 1764 ι
2419 1708 2714 1767 teret'iram
2755 1708 2875 1778 ejus
2916 1723 2984 1762 ne
3028 1704 3366 1776 disperderet
3408 1714 3523 1764 eos,
3563 1709 3611 1754 et
3641 1711 3723 1766 pm
3745 1696 3854 1748 nihilo

2367 1822 2385 1856 ‹
2418 1803 2722 1858 habuerunt
2753 1809 2956 1855 terram
2985 1795 3419 1853 desiderabilem.
3455 1791 3570 1846 Non
3597 1789 3854 1845 crediderunt

2369 1913 2388 1947 ι
2417 1894 2584 1950 verbo
2604 1891 2740 1960 ejus,
2762 1901 2816 1946 et
2837 1895 3310 1945 murmuraverunt
3331 1886 3384 1939 in
3411 1881 3738 1938 tabernaculis
3753 1881 3851 1934 suis:

679 1992 833 2048 illum
860 1970 1046 2046 verum
1097 1985 1190 2056 qui
1219 1983 1286 2038 de
1319 1980 1460 2037 coelo
1505 1977 1804 2043 descendit,
1862 1990 1931 2030 ex
1974 1988 2082 2044 quo
2125 1985 2265 2042 pane

2374 2005 2391 2037 ι
2419 1999 2526 2041 non
2555 1983 2914 2040 exaudierunt
2940 1993 3126 2036 vocem
3178 1975 3415 2032 Domini.
3469 1973 3535 2026 Et
3575 1970 3767 2027 elevavit
3786 1983 3856 2021 uno

681 2098 872 2139 omnes
923 2079 1255 2139 reﬁciuntur,
1304 2081 1360 2128 et
1404 2071 1522 2126 sine
1549 2084 1657 2140 quo
1697 2067 1876 2123 nullus
1913 2078 2035 2121 esse
2087 2069 2264 2134 potest

683 2173 865 2244 (Joan.
921 2171 1018 2238 vi).
1069 2168 1145 2221 De
1171 2178 1278 2236 quo
1320 2175 1460 2233 pane
1501 2159 1744 2216 dicitur:
1781 2155 2264 2210 Panemnostrum

678 2261 1044 2334 quotidianum
1094 2257 1164 2310 da
1193 2255 1342 2309 nobis
1386 2253 1540 2306 hodie
1589 2249 1740 2321 (Luc.
1785 2247 1884 2320 ιιι).
1932 2244 2143 2314 Dirupit
2179 2259 2268 2314 pe-

679 2363 845 2418 tram,
875 2361 921 2404 et
968 2350 1236 2419 ﬂuxerunt
1281 2357 1432 2414 aqua:
1458 2357 1476 2396 :
1507 2341 1744 2395 abierunt
1775 2339 1829 2394 in
1856 2338 1991 2392 sicco
2020 2333 2264 2404 ﬂumina.

685 2442 756 2498 Et
784 2443 886 2496 hoc
915 2440 1035 2494 ideo
1067 2455 1080 2491 ι
1111 2435 1373 2503 Quoniam
1424 2447 1621 2486 menter
1656 2430 1754 2499 fuit
1791 2427 1926 2483 verbi
1952 2424 2118 2480 sancti
2158 2421 2265 2487 sui,

694 2532 836 2605 quod
879 2529 1059 2584 habuit
1103 2526 1171 2580 ad
1214 2522 1478 2596 Abraham
1508 2535 1724 2591 puerum
1763 2533 1940 2580 suum,
1968 2515 2054 2570 cui
2090 2513 2266 2568 dixit:

683 2601 754 2677 In
779 2622 972 2677 semine
1000 2628 1089 2673 tuo
1120 2615 1486 2671 benedicentur
1512 2625 1700 2667 omnes
1736 2608 1902 2664 tribus
1933 2615 2085 2660 tet-rw
2115 2601 2268 2674 (Cen.

690 2713 848 2782 χχιι).
887 2709 955 2763 Et
983 2709 1164 2764 eduxit
1209 2703 1457 2776 populum
1504 2717 1657 2757 suum
1709 2701 1763 2753 in
1803 2696 2185 2760 exsultatione,
2223 2703 2270 2747 et

688 2803 874 2858 electos
899 2817 1024 2855 suos
1059 2799 1113 2852 in
1139 2797 1345 2851 latitia.
1376 2795 1444 2850 Et
1467 2793 1608 2848 dedit
1635 2790 1738 2846 illis
1764 2791 1994 2861 regiones
2018 2788 2271 2858 gentium,

689 2904 736 2947 et
771 2893 978 2947 labores
1005 2885 1316 2960 populorum
1357 2883 1714 2956 possederunt.
1750 2878 1874 2933 Haec
1909 2876 2090 2932 omnia
2122 2874 2276 2929 attri-

688 2985 806 3040 buit
854 2983 967 3037 suis
1015 2977 1313 3042 Dominus,
1359 2990 1467 3030 non
1503 2982 1561 3027 ut
1593 2988 1691 3042 pro
1731 2971 1849 3025 istis
1895 2965 2276 3037 temporalibus

694 3075 798 3131 sibi
827 3073 1114 3136 serviatur,
1148 3084 1246 3123 nec
1274 3065 1414 3122 mala
1447 3064 1737 3120 securitate
1782 3067 2127 3131 torpescunt;
2181 3057 2276 3112 sed

691 3173 754 3220 ιιι
796 3161 991 3218 remoti
1019 3176 1050 3215 a
1079 3156 1424 3214 smcularibus
1461 3153 1628 3218 curis,
1656 3150 1908 3206 libentius
1937 3156 2096 3218 atque
2133 3145 2278 3201 solli-

696 3255 856 3311 citius
900 3253 1010 3308 Deo
1049 3250 1327 3313 serviant,
1368 3244 1526 3314 juxta
1573 3242 1699 3298 illud
1740 3256 1753 3294 :
1796 3238 2035 3292 Primum
2063 3238 2278 3309 quwrite

694 3359 910 3415 regnum
946 3340 1064 3405 Dei,
1101 3349 1146 3393 et
1182 3338 1358 3392 omnia
1408 3334 1724 3404 adﬁcientur
1759 3332 1899 3386 vobis
1938 3327 2154 3399 (Matth.
2181 3326 2273 3396 vi).
2303 3321 2353 3386 ο

696 3436 848 3505 Quod
872 3434 1001 3490 dicit
1025 3448 1038 3486 :
1070 3430 1135 3486 Ut
1161 3424 1874 3497 custodiantjustiﬁcationes
1900 3422 2011 3493 ejus
2037 3432 2083 3476 et
2114 3421 2276 3491 legent

695 3532 811 3600 ejus
839 3527 1124 3599 requirant.
1467 3521 1472 3526 ’

718 3613 738 3626 ”
1263 3615 1584 3672 PSALMUS
1621 3613 1728 3670 CV.

1356 3723 1640 3765 ALLELUIA.

775 3826 795 3858 ι
828 3804 1171 3862 Conﬁtemini
1205 3803 1455 3866 Domino,
1486 3800 1742 3873 quoniam
1791 3798 1987 3865 bonus,
2024 3796 2282 3868 quoniam

707 3917 725 3948 ι
760 3899 811 3952 in
840 3896 1094 3951 saeculum
1139 3893 1510 3950 misericordia
1552 3891 1687 3960 ejus.
1730 3888 1862 3957 Quis
1909 3889 2156 3960 loquetur
2183 3902 2284 3957 po-

707 4009 725 4038 ‹
757 3988 952 4043 tentias
989 3985 1224 4050 Domini,
1264 3982 1476 4038 auditas
1505 3981 1667 4036 faciet
1701 3994 1891 4036 omnes
1919 3979 2106 4036 laudes
2129 3977 2284 4050 ejus?

709 4099 728 4128 ι
760 4077 910 4132 Beati
939 4077 1030 4146 qui
1060 4073 1371 4130 custodiunt
1403 4071 1688 4141 judicium,
1717 4079 1771 4126 et
1792 4069 1998 4126 faciunt
2019 4068 2286 4138 justitiam

709 4170 814 4224 «in
862 4168 1010 4223 omni
1063 4175 1320 4235 tempore.
1372 4162 1644 4217 Memento
1691 4162 1898 4228 nostri,
1931 4161 2186 4226 Domine,
2231 4160 2287 4215 in

710 4281 729 4314 ι
759 4259 1096 4332 beneplacito
1124 4257 1302 4328 populi
1335 4255 1443 4322 tui;
1498 4254 1654 4310 visita
1702 4269 1801 4310 nos
1840 4255 1894 4308 in
1923 4252 2144 4309 salutari
2175 4259 2287 4318 tuo,

710 4377 726 4405 ι
759 4355 825 4410 ad
868 4352 1158 4408 vivendum
1201 4349 1254 4403 in
1299 4347 1538 4403 bonitate
1583 4346 1881 4402 electorum
1936 4353 2171 4412 tuorum,
2221 4344 2289 4398 ad

713 4465 728 4495 ι
761 4443 1050 4500 laetandum
1098 4441 1150 4495 in
1197 4438 1382 4493 laetitia
1430 4436 1604 4507 gentis
1631 4445 1768 4501 tuce,
1798 4442 1860 4488 ut
1904 4434 2136 4489 lauderis
2164 4447 2288 4488 cum

715 4556 732 4585 ι
766 4533 1079 4588 lizereditate
1113 4541 1221 4584 tua.
1251 4527 1600 4583 Peccavimus
1639 4540 1758 4580 cum
1799 4525 2041 4594 patribus
2067 4523 2289 4587 nostris,

716 4645 732 4673 ι
765 4624 963 4693 injuste
993 4622 1226 4692 egimus,
1261 4617 1598 4688 iniquitatem
1628 4615 1872 4671 fecimus.
1903 4615 2093 4671 Patres
2119 4615 2290 4669 nostri

714 4738 731 4765 ι
767 4716 819 4769 in
847 4713 1080 4785 Egypto
1111 4729 1214 4767 non
1264 4708 1641 4764 intellexerunt
1687 4706 1952 4760 mirabilia
2007 4714 2094 4759 tua
2118 4746 2134 4772 ,
2184 4719 2289 4758 nou

718 4827 734 4855 ι
769 4805 987 4858 fuerunt.
1029 4815 1296 4856 memores
1341 4797 1697 4852 multitudinis
1744 4797 2127 4856 misericordia;
2166 4803 2287 4852 tuae.

717 4918 732 4946 ι
768 4895 835 4949 Et
864 4894 1213 4948 irritaverant
1260 4890 1612 4944 ascendentes
1659 4887 1710 4942 in
1742 4886 1986 4942 Rubrum
2019 4900 2188 4949 mare,
2239 4895 2294 4940 et

716 5010 732 5038 ι
767 4985 992 5040 salvavit
1028 4998 1121 5039 eos
1148 4990 1370 5053 propter
1401 4996 1595 5034 nomen
1645 4994 1822 5044 suum,
1855 4987 1913 5033 ut
1941 4988 2123 5034 notam
2151 4978 2297 5034 face-

718 5099 735 5128 I
771 5087 854 5132 ret
897 5075 1192 5147 potentiam
1233 5087 1408 5128 suam.
1445 5073 1513 5126 Et
1540 5073 1806 5142 increpuit
1844 5087 1994 5126 mare
2027 5071 2292 5138 Rubrum,

721 5188 740 5220 ι
771 5178 826 5224 et
851 5167 1179 5224 exsiccatum
1211 5155 1297 5218 est
1322 5204 1336 5230 ,
1381 5170 1435 5217 et
1470 5162 1690 5218 deduxit
1716 5177 1810 5217 eos
1842 5162 1893 5216 in
1921 5161 2126 5233 abyssis
2156 5162 2298 5219 sicut

718 5277 740 5312 ‹
771 5259 824 5314 in
870 5259 1100 5314 deserto.
1138 5255 1205 5309 Et
1229 5253 1457 5309 salvavit
1481 5267 1577 5309 eos
1612 5254 1676 5308 de
1703 5269 1863 5308 manu
1899 5253 2215 5320 odientium,
2247 5263 2302 5310 et

721 5369 740 5402 c
771 5349 998 5406 redemit
1021 5362 1115 5403 eos
1144 5348 1209 5401 de
1237 5360 1397 5398 manu
1438 5343 1660 5398 inimici.
1707 5343 1773 5396 Et
1800 5343 2010 5413 operuit
2039 5357 2179 5412 aqua
2208 5343 2302 5397 tri-

722 5440 1018 5514 ebulantes
1044 5451 1159 5502 eos,
1187 5450 1327 5490 unus
1355 5450 1423 5488 ex
1450 5433 1530 5488 eis
1561 5449 1665 5487 non
1716 5434 1994 5488 remansit.
2034 5433 2102 5487 Et
2127 5433 2274 5489 credi

723 5533 965 5586 «.derunt
988 5530 1168 5585 verbis
1191 5529 1347 5599 ejus,
1399 5535 1453 5582 et
1499 5525 1851 5580 laudaverunt
1899 5526 2112 5580 laudem
2160 5526 2296 5596 ejus.

725 5621 891 5676 «Cito
941 5621 1203 5686 fecerunt,
1259 5617 1411 5672 obliti
1473 5624 1599 5671 sunt
1660 5631 1884 5686 operum
1948 5616 2088 5685 ejus,
2118 5626 2300 5672 etnon

728 5730 746 5762 ι
777 5711 1146 5766 sustinuerunt
1209 5708 1495 5765 consilium
1567 5706 1707 5778 ejus.
1760 5708 1827 5763 Et
1912 5707 2306 5777 concupierunt

724 5819 746 5852 4
779 5800 1263 5871 concupiscentiam
1319 5801 1372 5856 in
1418 5803 1653 5867 deserto,
1680 5808 1734 5856 et
1775 5809 2118 5857 tentaverunt
2139 5801 2307 5857 Deum

731 5914 747 5944 ι
777 5894 830 5948 in
870 5893 1147 5962 inaquoso.
1209 5893 1274 5948 Et
1334 5892 1482 5950 dedit
1528 5892 1610 5950 eis
1679 5892 1986 5962 petitionem
2046 5893 2308 5964 ipsorum,

2370 2096 2387 2128 ι
2418 2090 2544 2130 num
2597 2087 2750 2129 suam
2797 2084 2960 2143 super
3005 2084 3121 2134 eos,
3151 2076 3212 2123 ut
3245 2071 3609 2137 prosterneret
3633 2075 3710 2117 eos
3734 2059 3773 2113 in
3793 2059 3851 2112 de-

2371 2190 2388 2222 ι
2419 2178 2584 2226 serto.
2632 2168 2699 2222 Et
2728 2174 2788 2220 ut
2817 2164 3073 2235 dejiceret
3098 2175 3283 2217 semen
3312 2173 3502 2214 eorum
3527 2156 3580 2210 in
3614 2151 3854 2210 nationibus,

2373 2283 2390 2315 ι
2421 2273 2474 2318 et
2503 2261 2835 2331 dispergeret
2869 2272 2964 2312 eos
2998 2257 3050 2310 in
3088 2253 3420 2324 regionibus.
3473 2249 3538 2303 Et
3581 2244 3743 2302 initiati
3776 2251 3854 2296 sunt

2373 2372 2390 2404 ι
2419 2351 2750 2421 Beelpliegor
2772 2388 2787 2414 ,
2828 2356 2884 2403 et
2909 2346 3258 2403 comederunt
3293 2340 3561 2398 sacriﬁcia
3590 2344 3854 2392 mortuorum.

2374 2464 2392 2497 ι
2423 2445 2490 2499 Et
2539 2444 2889 2498 irritaverunt
2935 2454 3060 2496 eum
3112 2439 3167 2493 in
3220 2431 3675 2491 adinventionibus
3714 2427 3795 2482 suis
3822 2433 3855 2478 et

2375 2554 2393 2587 ι
2423 2532 2776 2603 multiplicata
2806 2539 2886 2586 est
2916 2529 2970 2584 in
3007 2528 3089 2584 eis
3119 2527 3296 2582 ruina.
3348 2525 3419 2580 Et
3445 2522 3590 2578 stetit
3628 2519 3855 2574 Pbineeset

2378 2644 2396 2678 ι
2430 2625 2692 2696 placavit,
2723 2632 2778 2678 et
2803 2621 3036 2678 cessavit
3073 2618 3371 2690 quassatio.
3424 2615 3491 2669 Et
3539 2619 3785 2682 reputatum
3806 2615 3855 2660 est

2380 2741 2398 2774 ι
2427 2722 2474 2777 ei
2513 2723 2565 2776 in
2591 2719 2882 2792 justitiam,
2915 2717 2966 2770 in
2997 2713 3401 2787 generationem
3453 2720 3506 2765 et
3550 2703 3853 2776 generationem

2381 2835 2398 2866 ι
2431 2791 2603 2885 usque
2644 2814 2698 2867 in
2749 2810 3178 2885 sempiternum.
3205 2806 3274 2861 Et
3328 2804 3660 2859 irritaverant
3695 2810 3784 2851 eum
3813 2791 3853 2844 ad

2381 2927 2400 2959 ι
2431 2882 2624 2976 aquam
2652 2900 3116 2965 contradictionis,
3147 2882 3201 2954 et
3228 2905 3457 2952 vexatus
3483 2903 3562 2948 est
3587 2891 3756 2960 Moyses
3775 2896 3855 2952 pro-

2383 3021 2400 3052 ι
2430 2975 2549 3068 pter
2581 3012 2708 3062 eos,
2743 2996 2867 3066 quia
2907 2994 3369 3048 exacerbaverunt
3416 2987 3647 3059 spiritum
3684 2979 3784 3049 ejus.
3818 2975 3856 3028 Et

2386 3114 2403 3147 ι
2433 3091 2680 3148 distinxit
2729 3092 2781 3145 iu
2831 3087 2988 3142 labiis
3025 3085 3157 3150 suis,
3186 3099 3292 3138 non
3322 3079 3718 3152 disperdiderunt
3737 3079 3856 3141 gentes

2387 3209 2403 3241 ι
2434 3203 2571 3260 quas
2601 3187 2736 3242 dixit
2766 3183 3024 3238 Dominus
3055 3180 3178 3234 illis.
3230 3178 3294 3231 Et
3350 3170 3608 3230 commisti
3651 3173 3748 3222 sunt
3768 3163 3857 3215 inter

2388 3303 2404 3334 ι
2436 3289 2654 3351 gentes,
2689 3285 2739 3332 et
2774 3276 3076 3332 didicerunt
3123 3285 3285 3340 opera
3313 3282 3502 3324 eorum
3531 3282 3543 3318 :
3572 3270 3621 3317 et
3645 3256 3857 3314 servierunt

2387 3394 2405 3426 ι
2435 3344 2773 3443 sculptilibus
2787 3383 2995 3429 eorum,
3020 3372 3074 3420 et
3089 3363 3288 3419 factum
3305 3371 3390 3416 cst
3408 3358 3510 3413 illis
3538 3357 3586 3410 in
3615 3344 3856 3407 scandalum.

2387 3490 2404 3522 ι
2434 3477 2489 3525 et
2523 3441 2936 3522 immolaverunt
2982 3459 3120 3514 ﬁlios
3147 3471 3273 3514 suos
3298 3497 3313 3522 ,
3367 3464 3423 3510 et
3450 3453 3580 3508 ﬁlias
3606 3461 3709 3503 suas
3729 3441 3858 3495 damo-

2387 3580 2405 3612 ι
2433 3559 2557 3614 niis.
2586 3557 2654 3612 Et
2679 3554 2983 3611 effuderunt
3008 3550 3327 3620 sanguinem
3359 3547 3693 3601 innocentem,
3716 3525 3859 3596 Sangui-

2388 3673 2406 3704 ι
2439 3667 2558 3708 nem
2591 3650 2823 3706 ﬁliorum
2853 3661 3070 3702 suorum
3098 3652 3153 3700 et
3179 3642 3413 3696 ﬁliarum
3443 3647 3663 3695 suarum,
3686 3638 3783 3695 quas
3802 3633 3856 3672 sa-

2389 3766 2408 3798 ι
2437 3745 2818 3801 criﬁcaverunt
2870 3736 3204 3809 sculptilibus
3246 3734 3522 3789 Chanaan.
3559 3725 3620 3780 Et
3644 3715 3858 3808 infectae!

2391 3857 2409 3890 ι
2440 3847 2586 3892 terra
2617 3836 2672 3890 in
2699 3831 3071 3904 sanguinibus,
3105 3837 3159 3882 et
3196 3822 3557 3880 contaminata
3583 3821 3654 3870 est
3684 3810 3725 3863 in
3745 3799 3857 3904 optri-

2391 3948 2410 3983 ι
2438 3929 2538 3984 bus
2567 3940 2753 3983 eorum
2779 3964 2794 3988 ,
2832 3931 2887 3978 et
2933 3917 3182 3976 fornicati
3224 3924 3352 3971 sunt
3399 3915 3452 3968 in
3501 3892 3858 3988 adinventionibus

2393 4042 2412 4076 ι
2441 4021 2576 4079 suis.
2626 4019 2695 4074 Et
2742 4017 2916 4073 iratus
2963 4022 3047 4069 est
3095 4011 3276 4066 furore
3320 4007 3571 4064 Dominus
3617 3999 3660 4052 in
3686 3985 3856 4079 ρορυ¹υξ¹¹

2395 4136 2413 4169 ι
2447 4130 2606 4171 suum
2631 4155 2644 4177 ,
2688 4121 2744 4168 et
2788 4108 3129 4165 abominatus
3161 4112 3244 4160 est
3285 4101 3636 4158 hmreditatem
3663 4096 3790 4141 suam.
3821 4073 3859 4127 El

2395 4225 2414 4258 ι
2449 4205 2673 4262 tradidit
2694 4219 2789 4259 eos
2813 4203 2864 4256 in
2897 4213 3087 4254 manus
3111 4178 3859 4271 gentium,etdominatisunt'ee

2397 4317 2416 4350 ‘
2445 4313 2563 4353 "1m
2603 4297 2696 4367 (Ιυί
2745 4295 3132 4350 Oderunt'eos.
3180 4289 3251 4344 Et
3299 4283 3667 4342 tribulaverunt
3695 4283 3763 4324 eos
3801 4272 3859 4367 Im:

2398 4411 2417 4444 ί
2449 4391 2572 4445 mici
2602 4404 2808 4451 eorum,
2829 4395 2882 4441 et
2902 4383 3167 4440 humiliati
3196 4388 3323 4436 sunt
3352 4380 3450 4435 sub
3475 4369 3690 4430 manibus
3711 4359 3855 4451 εοῐιιηξῖ

2401 4504 2419 4535 ι
2453 4498 2593 4553 saepe
2604 4481 2853 4536 liberavit
2865 4494 2978 4535 eos.
2993 4476 3096 4548 Ipsi
3117 4484 3296 4530 autem
3312 4461 3724 4529 exacerbaveruut
3735 4457 3856 4545 eumut

2401 4597 2418 4629 ι
2451 4575 2673 4632 consilio
2697 4588 2812 4639 suo,
2846 4580 2900 4627 et
2924 4569 3190 4627 humiliati
3214 4577 3340 4623 sunt
3364 4567 3415 4622 in
3443 4551 3758 4639 iniquitatibus
3773 4549 3854 4639 Silli-

2322 4668 2367 4726 ἰ)
2402 4687 2417 4719 ι
2451 4669 2516 4722 Et
2555 4666 2686 4722 vidit
2731 4680 2851 4721 eum
2904 4662 3313 4724 tribularentur,
3353 4667 3407 4714 et
3441 4648 3624 4708 audivit
3651 4634 3855 4726 oratioucttl

2405 4778 2425 4812 t
2455 4773 2660 4816 eorum.
2703 4757 2772 4811 Et
2801 4771 3006 4811 memor
3036 4753 3138 4808 fuit
3168 4745 3472 4807 testamenti
3506 4739 3598 4802 sui,
3621 4740 3665 4789 et
3689 4719 3856 4816 ptBnllujl

2407 4872 2423 4904 ι
2451 4866 2573 4907 eum
2599 4849 2891 4906 secundum
2922 4844 3317 4902 multitudinem
3351 4824 3694 4894 misericordia:
3710 4827 3800 4871 sua.
3817 4803 3856 4901 El

2407 4963 2424 4995 ι
2457 4943 2711 4999 dediteos
2725 4941 2778 4996 in
2795 4938 3216 5001 misericordias,
3241 4935 3294 4990 in
3315 4935 3586 5000 conspectu
3605 4911 3786 4974 omnium
3800 4910 3853 4965 qm

2409 5053 2428 5086 ι
2463 5042 2723 5106 ceperant
2761 5047 2874 5088 eos.
2919 5031 3110 5086 Salvos
3149 5027 3235 5082 fac
3274 5039 3406 5088 nos,
3453 5013 3649 5106 Dominf3
3671 5002 3851 5106 De"???

2414 5082 2426 5086 -
2467 5082 2722 5106 νυν-η.-.-
2766 5082 2873 5088 --υ
3395 5082 3405 5088 ,

2408 5147 2425 5179 ι
2466 5136 2597 5191 ster,
2627 5133 2681 5180 et
2708 5136 2976 5193 congrege
3005 5136 3105 5175 nos
3153 5119 3220 5173 de
3258 5111 3570 5171 nationibus.
3600 5097 3658 5193 Ut

2408 5238 2426 5269 ι
2461 5233 2584 5278 mur
2611 5214 2813 5270 nomini
2845 5220 3033 5268 sancto
3061 5218 3183 5274 tuo,
3215 5216 3270 5263 et
3291 5204 3564 5276 gloriemur
3584 5191 3627 5246 in
3647 5176 3761 5237 laude

2410 5331 2427 5362 ‹
2465 5308 2788 5366 Benedictus
2812 5305 3071 5361 Dominus
3097 5303 3239 5357 Deus
3263 5296 3426 5353 Israel
3451 5309 3478 5347 a
3502 5279 3669 5344 smculo
3687 5279 3725 5325 et
3740 5266 3852 5366 usti"-c

2410 5423 2428 5454 ι
2462 5405 2516 5458 in
2546 5401 2803 5460 szeculum
2832 5419 2844 5453 :
2877 5408 2932 5454 et
2957 5395 3090 5452 dicit
3118 5393 3295 5448 omnis
3319 5385 3535 5461 pOpulus
3553 5418 3565 5442 ,
3587 5370 3711 5427 Fiat,
3738 5355 3813 5408 Ιῖίιιο
3836 5359 3844 5388 ³

2959 5504 3111 5561 ENA
3123 5498 3412 5558 RRATIO.

2477 5606 2805 5677 Conﬁtemiui
2838 5601 3090 5665 Domino,
3119 5597 3366 5670 quoniam
3409 5591 3556 5644 bonus

2406 5699 2656 5757 steculum
2676 5694 3033 5752 misericordia
3059 5692 3192 5760 eius.
3215 5681 3481 5744 Confessio
3505 5659 3770 5760 istaliroptf

2410 5789 2551 5860 Quod
2593 5787 2878 5856 sequitur:
2931 5782 3269 5838 Peccavimus
3321 5792 3430 5834 cum
3471 5741 3844 5860 patribuinoﬁz‘r:

2414 5831 2551 5860 ‘I"V“'
2593 5831 2826 5856 υ-ηιι---ισ-
2865 5831 2878 5840 -
2931 5831 2954 5836 -
2982 5831 3265 5838 "mum---
3325 5831 3364 5834 ,τ
3471 5831 3479 5840 ,
3832 5842 3846 5852 ο

2414 5883 2676 5958 gementis
2705 5892 2804 5939 est.
2853 5882 2958 5939 Sed
2987 5881 3245 5953 quoniam
3275 5874 3470 5936 alleluia
3492 5849 3720 5938 persedit.
3739 5831 3829 5897 090'

3571 5618 3585 5642 ,
3614 5560 3794 5643 quoniant
3816 5545 3848 5595 ίπ
