4034 6426
124 403 263 460 689

1255 412 1791 470 ENARRA'PIONES
1830 412 1897 468 IN
1934 415 2277 480 PSALMOS.

3305 435 3425 491 690K

128 509 228 557 tet
280 501 528 557 eamdem
570 501 967 559 confessionem
1018 505 1069 559 in
1115 505 1270 562 laude
1314 508 1411 564 Dei
1455 509 1729 579 accipere,
1759 510 1805 569 Α
1835 511 1939 562 tari
1963 520 2075 577 tuo,
2106 514 2176 567 ad
2222 514 2500 573 videndum
2530 520 2584 575 in
2616 522 2842 579 bonitate
2871 526 3147 581 electorum
3175 537 3409 585 tuorum.

124 596 285 667 quia
329 596 476 650 nulla
524 595 790 652 confessio
832 606 916 651 est
954 598 1040 667 pia
1074 608 1130 653 et
1155 600 1332 666 utilis,
1372 602 1477 657 nisi
1526 602 1578 656 in
1628 618 1731 671 qua

126 684 301 740 Deus
326 682 592 739 laudatur.
622 684 765 739 Laus
791 694 970 741 autem
998 702 1094 742 ore
1127 697 1289 758 atque
1330 706 1579 746 sermone
1620 692 1733 747 sive

126 788 214 827 ex
250 773 372 829 solo
399 774 576 828 cordis
602 781 688 827 est
713 771 927 829 affectu.
960 774 1135 831 liabet
1160 785 1340 832 autem
1365 779 1604 847 psalmus
1630 780 1733 835 iste

134 863 199 917 in
236 862 345 919 hoc
376 863 585 919 laudem
616 865 743 930 Dei,
770 865 893 933 quia
924 867 1017 935 qui
1044 867 1131 923 hic
1169 868 1425 938 loquitur,
1466 884 1587 924 eum
1631 871 1731 926 bo-

133 970 286 1008 num
318 962 378 1009 et
406 955 813 1011 misericordem
841 958 1151 1025 conﬁtetur,
1182 962 1264 1016 vel
1294 963 1384 1032 qui
1416 977 1538 1017 eum
1574 962 1732 1018 talem

128 1057 276 1098 esse
302 1045 495 1099 credit.
524 1045 673 1111 Quod
703 1046 832 1101 dicit
861 1065 874 1101 :
906 1046 1238 1118 Conﬁtemini
1260 1050 1485 1105 Domino
1506 1094 1520 1117 ,
1549 1062 1603 1107 et
1631 1054 1734 1107 hoc

136 1133 309 1199 ideo,
352 1134 477 1203 quia
520 1136 683 1189 bonus
721 1146 826 1202 est,
869 1139 1052 1193 suavis
1093 1141 1341 1196 videlicet
1384 1142 1633 1197 omnibus
1674 1158 1735 1197 se

136 1222 313 1295 digne
360 1227 721 1295 gustantibus.
763 1226 887 1283 Ideo
926 1231 1090 1284 etiam
1133 1233 1452 1300 conﬁtemini
1485 1233 1733 1305 quoniam

135 1313 517 1367 misericordia
548 1314 661 1384 ejus
696 1323 780 1370 est
806 1318 860 1369 in
887 1319 1170 1386 siccatum,
1201 1322 1253 1375 id
1282 1331 1367 1376 est
1394 1322 1445 1375 in
1473 1332 1733 1378 mternum

135 1419 318 1474 super
340 1420 439 1460 nos
450 1405 660 1461 scilicet
677 1409 1051 1477 perduratura.
1072 1412 1200 1478 Quis
1224 1412 1460 1484 loquetur
1477 1416 1732 1484 potentias

137 1495 419 1550 Domini?
447 1506 539 1552 aut
565 1498 687 1567 quis
715 1498 924 1554 auditas
952 1501 1105 1571 faciet
1143 1520 1316 1558 omnes
1356 1504 1538 1559 laudes
1578 1507 1688 1575 ejus
1710 1507 1735 1559 .9

140 1583 417 1652 Impletus
447 1586 628 1640 divina
660 1588 1129 1657 consideratione,
1167 1595 1259 1662 qui
1299 1594 1388 1648 hic
1428 1596 1734 1652 misericor-

137 1675 296 1730 diam
323 1677 535 1731 Domini
565 1680 885 1736 exhortatur
913 1685 1235 1753 poscendam
1256 1727 1271 1752 ,
1296 1687 1456 1742 dicit:
1492 1688 1623 1753 Quis
1658 1690 1736 1743 lo-

132 1778 341 1836 quetur
357 1771 615 1837 potentias
636 1770 895 1827 Domini?
916 1784 1008 1829 aut
1033 1778 1152 1846 quis
1178 1780 1332 1849 faciet
1354 1796 1529 1836 omnes
1554 1782 1735 1838 laudes

134 1860 262 1928 ejus
296 1860 531 1927 auditas,
562 1863 615 1917 id
642 1872 765 1929 est,
795 1866 917 1935 quis
942 1865 1106 1923 faciet
1132 1848 1191 1925 ut
1216 1872 1525 1940 audiantur,
1556 1884 1739 1932 osten-
1770 1848 1809 1907 Β

141 1953 287 2007 deus
315 1968 411 2007 eas
444 1951 520 2009 ita
549 1970 670 2010 esse
699 1956 994 2027 loquendus
1014 2000 1029 2025 ,
1075 1971 1133 2016 ut
1173 1965 1507 2020 auditoribus
1544 1968 1740 2036 przedi-

137 2052 365 2097 centur.
426 2045 521 2101 Vel
559 2046 789 2104 fortasse
831 2052 955 2120 quia
996 2055 1279 2123 sequitur:
1321 2057 1471 2112 Beati
1513 2062 1605 2129 qui
1649 2078 1739 2115 cu-

133 2136 381 2189 stodiunt
404 2137 669 2207 judicium
707 2150 752 2193 et
780 2141 981 2211 faciunt
1002 2144 1302 2213 justitiam,
1334 2148 1454 2203 ideo
1493 2150 1593 2205 iste
1644 2152 1737 2222 qui

138 2226 237 2280 hic
287 2226 569 2297 loquitur,
627 2229 880 2300 impletus
936 2236 1373 2293 consideratione
1430 2239 1736 2297 divinorum

148 2328 596 2388 praeceptorum,
626 2336 855 2390 quorum
885 2338 1049 2394 Opera
1083 2325 1271 2383 laudes
1318 2338 1445 2384 sunt
1483 2332 1599 2402 ejus
1645 2333 1737 2402 qui

140 2418 411 2479 Operatur
458 2412 560 2465 hoc
606 2412 658 2465 in
701 2413 848 2479 suis,
890 2415 1008 2469 ait:
1059 2415 1188 2483 Quis
1216 2416 1454 2489 loquetur
1478 2423 1738 2491 potentias

142 2499 415 2553 Domini?
440 2500 717 2557 Potentias
746 2502 868 2558 ideo
904 2504 1033 2559 dicit
1057 2547 1073 2572 ,
1107 2508 1362 2578 quoniam
1408 2510 1511 2565 hoc
1551 2510 1739 2568 ineffa-

142 2591 332 2645 biliter
360 2601 619 2662 Operatur
644 2594 697 2648 in
726 2596 857 2649 suis.
883 2596 948 2649 Et
976 2597 1096 2667 quis
1139 2601 1351 2655 auditas
1374 2601 1531 2670 faciet
1560 2621 1739 2660 onmes

142 2681 335 2737 laudes
363 2683 512 2752 ejus,
545 2684 597 2739 id
622 2694 729 2751 est,
753 2687 873 2756 quis
917 2702 1039 2742 cum
1081 2689 1314 2744 audierit
1352 2690 1513 2747 faciet
1556 2695 1737 2749 omnia

144 2788 321 2844 Opera
370 2785 762 2844 praeceptorum
811 2778 960 2847 ejus,
1012 2794 1131 2849 qua:
1175 2790 1300 2835 sunt
1341 2782 1459 2853 ejus
1511 2783 1739 2840 laudes?

146 2865 414 2935 quoniam
440 2868 541 2921 etsi
571 2867 753 2922 omnia
793 2867 927 2921 ﬁunt
971 2885 1091 2940 qua:
1131 2871 1315 2926 audita
1354 2881 1511 2941 sunt,
1558 2882 1738 2931 tamen

146 2955 477 3025 inquantum
504 2956 665 3021 ﬁunt,
698 2956 787 3011 ille
812 2956 1113 3015 laudandus
1138 2969 1251 3025 est,
1280 2976 1376 3029 per
1414 2978 1575 3032 quem
1618 2964 1737 3021 haec

146 3045 328 3100 ﬁunt:
372 3056 429 3101 et
469 3048 561 3118 qui
602 3058 857 3119 operatur
897 3051 950 3104 in
993 3050 1147 3106 nobis
1191 3052 1325 3107 velle
1362 3063 1417 3109 et
1455 3070 1553 3125 pro
1598 3056 1736 3111 bona

148 3138 435 3194 voluntate
480 3141 618 3195 bene
664 3140 945 3213 perﬁcere.
990 3142 1114 3198 Ideo
1156 3159 1277 3199 cum
1325 3154 1508 3216 posset
1554 3147 1734 3203 dicere

149 3230 335 3283 omnia
366 3232 614 3287 mandata
655 3231 801 3300 ejus,
832 3234 915 3287 vel
962 3235 1143 3288 omnia
1188 3246 1580 3306 praeceptorum
1619 3239 1736 3310 ejus

150 3335 318 3391 Opera
346 3363 363 3387 ,
414 3323 603 3378 maluit
649 3324 831 3379 dicere
870 3340 1059 3381 omnes
1098 3326 1284 3382 laudes
1329 3327 1483 3396 ejus:
1516 3331 1638 3398 quia
1682 3339 1740 3385 ut

152 3412 361 3466 dictum
401 3420 514 3476 est,
565 3413 886 3483 inquantum
934 3414 1106 3481 ﬁunt,
1154 3416 1265 3486 ipse
1310 3417 1612 3474 laudandus
1655 3429 1740 3474 est

150 3521 251 3575 per
298 3522 460 3576 quem
510 3508 623 3562 haec
672 3508 848 3563 ﬁunt:
897 3507 1051 3575 Quod
1098 3510 1270 3564 dicit:
1320 3509 1452 3576 Quis
1498 3511 1739 3582 loquetur

150 3604 414 3671 potentias
442 3602 691 3658 Domini?
713 3613 767 3659 et
794 3605 914 3674 quis
939 3606 1150 3660 auditas
1175 3605 1330 3674 faciet
1357 3623 1532 3660 omnes
1555 3606 1737 3660 laudes

151 3694 290 3763 ejus.
329 3692 396 3746 Et
427 3694 549 3762 quia
582 3694 671 3747 vix
704 3693 897 3764 aliquis
927 3703 1103 3764 potest
1139 3695 1397 3764 implere,
1427 3710 1557 3765 ergo
1594 3696 1739 3751 beati

152 3786 248 3855 qui
279 3784 591 3839 custodiunt
611 3785 870 3855 judicium
890 3827 904 3853 ,
931 3786 1310 3841 discretionem
1334 3788 1589 3842 videlicet
1612 3788 1737 3843 boni

154 3882 212 3929 et
242 3875 375 3930 mali
404 3892 418 3941 ;
450 3884 505 3929 ct
533 3874 676 3930 beati
707 3885 833 3930 sunt
877 3876 968 3945 qui
1008 3878 1316 3933 custodiunt
1340 3879 1636 3949 justitiam,
1681 3886 1740 3933 ut

156 3966 363 4021 bonum
394 3966 642 4021 videlicet
669 3967 812 4035 quod
836 3981 930 4036 per
958 3966 1119 4023 ﬁdem
1158 3967 1460 4023 faciendum
1509 3984 1629 4024 esse
1655 3969 1739 4023 in-

159 4055 441 4127 telligunt,
474 4055 526 4109 in
554 4056 925 4125 operationem
954 4056 1173 4111 ducant.
1207 4058 1399 4113 Veniet
1428 4058 1570 4113 enim
1605 4067 1737 4114 tem-

156 4161 283 4215 pus,
310 4155 371 4199 ut
393 4146 657 4217 judicium
684 4151 825 4217 quod
849 4164 990 4204 nunc
1009 4150 1311 4204 custoditur
1338 4150 1389 4204 in
1422 4149 1548 4216 ﬁde,
1574 4150 1737 4206 etiam

157 4246 481 4293 exerceatur
510 4238 561 4291 in
589 4238 943 4307 operatione:
987 4254 1111 4295 cum
1148 4240 1357 4310 justitia
1390 4250 1741 4297 convertetur

160 4331 215 4384 in
240 4330 527 4401 judicium,
561 4330 612 4385 id
640 4340 881 4395 est,cum
911 4333 1222 4402 acceperint
1244 4331 1377 4401 justi
1408 4341 1737 4403 potestatem

151 4420 437 4489 iudicandi
476 4437 569 4477 eos
602 4431 747 4478 recte
787 4438 819 4476 a
852 4424 1047 4492 quibus
1070 4422 1297 4492 judicati
1351 4434 1478 4480 sunt
1510 4427 1598 4480 hic
1632 4442 1739 4483 non

160 4523 356 4571 recte:
388 4515 531 4583 quod
572 4516 743 4570 dicit:
787 4515 940 4569 Beati
966 4517 1056 4586 qui
1104 4518 1405 4571 custodiunt
1441 4518 1738 4587 judicium,

162 4616 211 4660 et
250 4607 457 4676 faciunt
488 4607 755 4677 justitiam
798 4608 851 4661 in
883 4610 1023 4661 omni
1052 4617 1312 4678 tempore,
1344 4609 1394 4662 id
1427 4618 1510 4664 est
1539 4625 1603 4665 ex
1634 4625 1741 4680 quo

162 4712 284 4752 esse
315 4697 605 4767 incipiunt,
631 4707 686 4752 et
723 4697 778 4751 in
822 4707 1062 4769 tempore
1097 4701 1304 4753 vivunt.
1350 4698 1608 4753 Memento
1652 4717 1746 4754 no-

162 4790 292 4855 stri,
321 4787 562 4843 Domine.
595 4790 735 4845 Ecce
774 4790 950 4844 oratio
990 4790 1206 4845 illorum
1253 4791 1343 4860 qui
1386 4792 1635 4847 conversi
1679 4792 1745 4847 de

166 4881 597 4936 murmuratione
628 4881 838 4936 veniam
864 4890 1173 4951 precantur.
1198 4882 1360 4948 Quasi
1382 4881 1567 4937 dicant
1592 4900 1605 4934 :
1635 4881 1747 4936 Mc-

167 4981 341 5025 mento
372 4971 536 5025 nostri
564 4971 617 5023 in
646 4969 965 5039 beneplacito
993 4969 1171 5040 populi
1202 4973 1277 5024 tui
1296 5010 1310 5036 ,
1338 4971 1390 5025 id
1417 4980 1498 5026 est
1526 4972 1579 5024 in
1609 4969 1748 5027 Filio

172 5070 294 5127 tuo,
343 5060 410 5116 de
458 5074 563 5129 quo
592 5060 794 5117 dictum
829 5067 949 5113 est:
992 5058 1093 5113 llic
1126 5070 1199 5113 est
1229 5057 1276 5110 F
1281 5059 1402 5114 ilius
1443 5076 1591 5113 meus
1614 5058 1741 5113 dile-

170 5162 315 5217 ctus,
348 5153 403 5205 in
431 5168 533 5222 quo
558 5152 683 5205 mihi
711 5150 833 5204 bene
857 5150 1144 5219 complacui
1175 5149 1400 5221 (Matth.
1425 5166 1483 5205 ιη
1502 5191 1515 5217 ,
1549 5166 1658 5205 xvu
1681 5151 1699 5221 )
1724 5167 1739 5215 ;

173 5240 254 5296 vel
290 5241 371 5295 sic
400 5258 413 5293 :
450 5239 709 5294 Memento
752 5240 946 5305 nostri,
978 5239 1231 5305 Domine,
1268 5239 1515 5309 ponendo
1555 5254 1655 5295 nos
1690 5240 1744 5293 in

175 5332 488 5402 beneplacito
512 5330 689 5402 populi
719 5332 820 5397 tui,
844 5331 896 5385 id
924 5340 1023 5395 est,
1044 5330 1184 5386 inter
1208 5330 1328 5385 illos
1356 5330 1408 5383 in
1435 5330 1629 5401 quibus
1654 5331 1747 5386 be-

174 5426 498 5498 neplacitum
528 5434 611 5479 est
638 5424 768 5489 tibi,
797 5424 922 5494 quia
953 5439 1057 5477 non
1090 5424 1143 5477 in
1173 5423 1422 5478 omnibus
1453 5422 1554 5477 fuit
1582 5422 1747 5493 placi-

177 5526 287 5572 tum
314 5517 455 5571 bene
483 5515 746 5579 Domino;
779 5515 929 5568 visita
958 5530 1050 5568 nos
1078 5514 1132 5567 in
1158 5513 1383 5568 salutari
1424 5522 1542 5579 tuo,
1575 5514 1628 5569 id
1665 5522 1749 5569 est

179 5608 233 5661 iu
257 5606 497 5661 Christo.
526 5604 645 5673 Ipse
672 5612 757 5659 est
785 5604 928 5658 enim
958 5602 1224 5670 Salvator,
1245 5603 1299 5657 in
1329 5619 1437 5672 quo
1465 5603 1748 5659 dimittun-

182 5706 267 5751 tur
292 5705 519 5768 peccata
541 5737 555 5762 ,
586 5706 642 5751 et
671 5702 937 5750 sanantur
964 5694 1158 5749 animae
1179 5735 1194 5761 ,
1227 5704 1285 5748 ut
1327 5694 1534 5765 possint
1571 5706 1752 5750 custo-

182 5786 293 5844 dite
315 5785 579 5857 judicium
608 5793 662 5841 et
688 5783 868 5842 facere
887 5782 1173 5854 justitiam.
1215 5781 1377 5841 Visita
1408 5800 1499 5838 nos
1529 5782 1583 5835 in
1612 5780 1754 5869 salu:

1835 600 1995 667 Quasi
2028 605 2215 661 dicat:
2259 608 2384 664 [deo
2414 627 2665 683 rogamus
2715 615 2768 670 in
2816 617 3039 673 salutari
3068 628 3199 687 tuo,
3248 631 3308 675 ut
3356 631 3417 679 te

1834 690 2112 748 videamus
2160 698 2214 749 in
2270 697 2497 755 bonitate
2543 703 2824 759 electorum
2856 717 3097 774 tuorum,
3140 710 3191 763 id
3231 718 3314 766 est
3355 710 3417 775 in,

1833 779 1921 833 illa
1952 782 2247 851 suavitate,
2297 786 2348 841 in
2382 805 2485 859 qua
2539 800 2743 847 tantum
2786 796 2954 853 visuri
2995 808 3119 853 sunt
3159 808 3212 855 te
3253 800 3413 861 electi

1835 870 1909 922 tui
1944 912 1958 935 ,
1990 888 2094 927 non
2153 875 2225 929 illi
2280 876 2346 932 de
2391 881 2586 950 quibus
2621 884 2823 940 dictum
2872 897 2993 943 est:
3028 889 3271 945 Tollatur
3312 891 3413 946 im-

1832 962 1974 1031 pius,
2007 980 2075 1021 ne
2108 968 2287 1023 videat
2316 970 2543 1039 gloriam
2584 976 2792 1031 Domini
2835 979 2852 1051 (
2880 979 2989 1033 Isa.
3032 997 3158 1036 xxvi
3185 982 3235 1051 ),
3269 983 3414 1052 quod

1832 1052 2005 1109 dicit:
2054 1058 2124 1109 ad
2168 1060 2443 1116 videndum
2486 1066 2541 1117 in
2583 1068 2809 1123 bonitate
2857 1070 3136 1126 electorum
3178 1083 3413 1135 tuorum,

1831 1142 1901 1195 ad
1951 1143 2236 1217 (celandum
2282 1151 2336 1204 in
2366 1150 2548 1207 lwtitia
2580 1158 2745 1225 gentis
2795 1166 2900 1213 tua:
2922 1200 2936 1225 ,
2968 1160 3019 1213 id
3053 1169 3156 1225 est,
3191 1161 3256 1215 ad
3309 1162 3413 1217 hoc

1833 1241 1887 1286 te
1924 1232 1979 1287 in
2024 1237 2289 1292 suavitate
2334 1240 2518 1296 videre
2549 1243 2947 1312 desideramus,
2991 1258 3047 1303 ut
3089 1266 3211 1304 cum
3249 1260 3409 1321 gente

1834 1331 1923 1378 tua
1967 1324 2212 1381 laetemur
2256 1344 2272 1383 :
2329 1346 2435 1386 non
2485 1334 2628 1389 enim
2693 1337 2903 1408 impius.
2956 1341 3188 1411 gaudere
3239 1350 3414 1410 potest

1834 1423 1890 1467 ut
1945 1414 2176 1471 lauderis
2230 1436 2349 1474 cum
2404 1422 2710 1481 luereditate
2755 1436 2869 1482 tua.
2931 1429 3207 1485 Laudatur
3262 1432 3429 1485 Deus.

1834 1520 1956 1560 cum
2007 1521 2107 1563 sua
2156 1509 2445 1568 htcreditas
2493 1513 2765 1584 laudatur,
2813 1521 3066 1589 quoniam
3128 1522 3415 1576 haereditas

1835 1595 1948 1664 ipsa
1993 1596 2242 1653 laudatur
2286 1617 2384 1671 per
2436 1604 2632 1675 ipsum.
2689 1606 3027 1664 Peccavimus
3080 1628 3198 1664 cum
3249 1612 3417 1680 patri-

1836 1684 1929 1739 bus
1982 1689 2193 1743 nostris.
2237 1688 2403 1757 Quasi
2451 1693 2593 1748 dicat
2627 1698 2812 1767 :Opus
2854 1709 2937 1754 est
2988 1708 3047 1753 ut
3096 1715 3309 1755 memor
3337 1700 3412 1753 sis

1837 1777 2027 1841 nostri,
2062 1779 2185 1846 quia
2224 1796 2323 1835 nos
2374 1786 2699 1852 peccavimus
2740 1805 2858 1841 cum
2915 1789 3150 1859 patribus
3198 1791 3416 1856 nostris,

1840 1869 1930 1937 qui
1977 1868 2029 1922 in
2064 1867 2301 1942 Egypto
2344 1888 2720 1943 peccaverunt.
2772 1877 2894 1933 Non
2932 1881 3070 1950 quod
3100 1882 3209 1935 nati
3236 1882 3411 1934 adhuc

1839 1974 2093 2024 essemus,
2124 1960 2214 2015 sed
2237 1963 2359 2033 quia
2387 1964 2440 2017 in
2462 1964 2651 2020 lumbis
2676 1984 2855 2024 eorum
2880 1986 3109 2022 eramus.
3134 1968 3266 2023 Nota
3290 1970 3416 2038 quia

1838 2047 2126 2103 sicutLevi
2155 2066 2275 2105 cum
2315 2050 2588 2107 Abraham
2618 2055 2914 2111 decimatas
2942 2069 3041 2120 est,
3074 2058 3330 2128 quoniam
3361 2059 3413 2112 in

1838 2136 2034 2193 lumbis
2074 2139 2189 2208 ejus
2230 2139 2350 2206 fuit,
2381 2144 2597 2213 quando
2628 2145 2775 2200 dedit
2816 2148 3087 2204 sacerdoti
3137 2147 3418 2204 Melchise-

1838 2229 1973 2284 dech
2003 2229 2244 2287 decimas
2272 2230 2423 2303 (Cen.
2464 2250 2585 2299 xw;
2623 2234 2781 2291 Hebr.
2816 2239 2911 2311 vn)
2943 2257 2956 2295 :
2984 2239 3062 2294 sic
3090 2240 3255 2295 etisti
3294 2256 3419 2310 pec-

1838 2331 2101 2375 caverunt
2151 2338 2272 2376 cum
2328 2324 2573 2392 patribus
2616 2326 2765 2391 suis,
2830 2328 2881 2382 iu
2936 2344 3167 2399 quorum
3222 2329 3420 2386 lumbis

1838 2418 2012 2474 erant,
2045 2413 2259 2480 quando
2299 2412 2351 2467 in
2382 2413 2616 2485 AEgypto
2644 2429 3022 2486 peccaverunt.
3063 2421 3214 2487 Quod
3243 2422 3373 2475 dicit
3401 2436 3416 2474 :

1842 2497 2180 2556 Peccavimus
2230 2519 2347 2557 cum
2397 2506 2633 2574 patribus
2684 2508 2911 2574 nostris,
2958 2509 3150 2578 injuste
3197 2510 3416 2580 egimus,

1838 2599 2097 2661 quantum
2135 2595 2201 2646 ad
2247 2596 2551 2662 proximum
2577 2613 2591 2661 ;
2623 2598 2950 2667 iniquitatem
2978 2600 3223 2669 fecimus,
3248 2616 3421 2670 quan-

1840 2688 1952 2735 tum
2008 2682 2077 2736 ad
2130 2681 2321 2737 Deum.
2373 2683 2541 2739 Aliter
2588 2703 2599 2739 :
2642 2683 2972 2742 Peccavimus
3027 2706 3145 2743 cum
3182 2690 3419 2759 patribus

1838 2774 2053 2839 nostris,
2111 2772 2357 2829 faciendo
2399 2776 2594 2830 similia
2644 2778 2879 2847 peccatis
2926 2794 3113 2834 eorum
3172 2788 3415 2850 peccata.

1844 2861 2029 2916 Patres
2057 2864 2220 2917 nostri
2265 2865 2320 2918 in
2344 2863 2575 2936 ZEgypto
2608 2882 2708 2920 non
2735 2866 3102 2922 intellexerunt
3145 2852 3414 2922 mirabilia

1837 2963 1950 3008 tua.
1967 2953 2129 3020 Quasi
2153 2954 2296 3009 dicat
2320 2972 2333 3008 :
2370 2953 2707 3012 Peccavimus
2722 2974 2840 3011 cum
2862 2958 3095 3028 patribus
3120 2959 3328 3012 nostris.
3350 2958 3419 3014 Et

1836 3059 1962 3100 ecce
1986 3045 2217 3115 qualiter
2233 3056 2410 3117 patres
2431 3050 2952 3120 peccaverunt,quia
2974 3066 3093 3105 cum
3118 3050 3170 3105 in
3188 3050 3423 3123 [Egypto

1837 3145 2036 3204 essent,
2058 3135 2178 3193 Non
2201 3138 2561 3194 intellexerunt
2583 3141 2849 3196 mirabilia
2872 3153 2987 3208 tua,
3012 3142 3062 3199 id
3084 3152 3186 3209 est,
3212 3160 3317 3199 non
3340 3153 3424 3199 at-

1842 3225 2267 3297 tenderuntquid
2290 3245 2385 3299 per
2406 3229 2494 3284 illa
2516 3230 2773 3285 miracula
2792 3233 2870 3287 eis
2891 3242 3147 3304 praestare
3165 3234 3419 3299 volueris,
3440 3290 3444 3295 .

1839 3318 2005 3371 vitam
2044 3319 2250 3374 scilicet
2278 3328 2559 3386 aeternam,
2591 3332 2645 3377 et
2670 3338 2775 3377 non
2800 3324 3171 3393 temporalem,
3218 3326 3312 3380 sed
3342 3328 3425 3380 iu-

1840 3408 2217 3464 commutabile
2242 3410 2439 3465 bonum
2478 3413 2620 3481 quod
2644 3428 2741 3482 per
2777 3413 3093 3482 patientiam
3143 3424 3423 3483 exspecta—

1844 3506 1970 3552 tur:
2004 3499 2122 3554 ideo
2168 3500 2511 3569 impatienter
2554 3512 3029 3559 murmuraverunt
3055 3512 3109 3558 et
3155 3506 3420 3560 amarica-

1841 3599 2053 3658 verunt,
2078 3600 2133 3647 et
2154 3590 2308 3646 bonis
2331 3593 2690 3663 prtesentibus
2732 3601 2895 3663 atque
2938 3594 3220 3651 fallacibus
3252 3605 3414 3665 atque

1842 3682 2122 3752 fugacibus
2164 3684 2351 3738 beatos
2392 3698 2449 3738 se
2496 3682 2612 3739 ﬁeri
2654 3685 3003 3753 quaesierunt.
3053 3686 3176 3741 Non
3207 3686 3420 3755 fuerunt

1840 3789 2092 3827 memores
2144 3772 2495 3828 multitudinis
2524 3775 2898 3831 misericordia:
2923 3787 3048 3832 tum.
3090 3778 3158 3833 Et
3203 3778 3416 3834 intelle-

1841 3871 1984 3918 ctum
2016 3865 2308 3933 redarguit,
2347 3874 2403 3920 et
2431 3868 2746 3922 memoriam
2787 3885 2800 3922 :
2845 3878 3075 3939 utroque
3101 3871 3247 3926 enim
3275 3886 3412 3942 opus

1838 3963 1977 4010 erat.
2028 3954 2306 4010 lntellectu
2355 3957 2553 4027 quippe
2595 3973 2730 4028 opus
2769 3969 2910 4025 erat,
2952 3970 3011 4015 ut
3055 3962 3425 4033 intelligerent

1841 4044 2009 4099 Deum
2052 4044 2152 4099 sibi
2182 4060 2376 4115 parare
2414 4055 2612 4101 aeterna
2641 4064 2738 4118 per
2774 4051 3122 4120 temporalia;
3158 4053 3421 4107 memoria

1840 4151 1976 4205 Opus
2028 4134 2153 4201 fuit,
2184 4145 2238 4191 ut
2286 4135 2475 4191 saltem
2519 4153 2637 4207 qua:
2694 4139 3059 4209 temporaliter
3106 4141 3247 4197 facta
3295 4151 3424 4197 sunt

1842 4225 2120 4290 miracula,
2170 4240 2278 4281 non
2312 4227 2758 4285 obliviscerentur
2789 4248 2804 4285 :
2837 4230 3175 4302 ﬁdeliterque
3214 4248 3419 4301 prtesu-

1843 4326 2072 4384 merent,
2109 4326 2170 4372 ut
2224 4319 2412 4373 eadem
2464 4327 2733 4389 potestate
2768 4337 2929 4391 quam
2961 4322 3178 4378 fuerant
3206 4323 3420 4391 experti

1844 4410 1898 4464 in
1930 4408 2186 4481 Egypto,
2236 4410 2379 4465 Deus
2409 4410 2528 4465 illos
2558 4414 2625 4466 ab
2658 4412 3000 4466 inimicorum
3043 4413 3420 4482 persecutione

1846 4504 2117 4559 liberaret.
2174 4504 2336 4560 Obliti
2375 4513 2499 4559 sunt
2526 4505 2654 4575 quid
2695 4506 2773 4561 eis
2803 4506 2856 4560 in
2877 4504 3113 4577 Λεπρῑο
3140 4506 3209 4562 ob
3239 4506 3422 4562 inimi-

1846 4614 1939 4654 cos
1961 4614 2146 4655 eorum
2177 4599 2537 4654 contereudos
2576 4599 2835 4655 Dominus
2873 4614 2969 4669 per
2995 4608 3142 4655 tanta
3174 4600 3421 4671 prodigia

1848 4689 2203 4760 praestitisset.
2234 4689 2300 4743 Et
2346 4689 2465 4743 ideo
2487 4690 2612 4759 quia
2639 4688 2791 4745 obliti
2821 4690 3057 4756 fuerant,
3102 4690 3424 4746 dubitabant

1849 4788 2031 4834 utrum
2061 4778 2325 4834 liberandi
2379 4778 2578 4843 forent,
2628 4794 2751 4834 cum
2784 4794 2847 4835 ex
2895 4788 3130 4849 quatuor
3178 4782 3423 4850 partibus

1850 4869 2103 4941 periculis
2133 4869 2451 4924 circumdati
2482 4868 2697 4924 fuerant
2726 4887 2739 4925 :
2766 4887 2796 4925 a
2826 4879 2975 4942 tergo
3001 4873 3146 4927 enim
3177 4872 3426 4942 inseque-

1850 4963 2047 5018 bantur
2094 4962 2297 5027 hostes,
2324 4976 2391 5015 ex
2425 4961 2595 5016 latere
2623 4977 2729 5017 uno
2774 4971 2986 5019 montes
3026 4962 3242 5018 fuerant
3288 4978 3424 5033 quos

1853 5055 2086 5110 transire
2111 5070 2219 5111 non
2246 5064 2527 5125 poterant;
2550 5070 2618 5111 ex
2643 5055 2751 5111 alio
2782 5056 2953 5113 latere
2981 5058 3257 5115 desertum
3279 5060 3422 5128 quod

1850 5146 2133 5211 timebant,
2160 5151 2287 5200 ante
2314 5159 2371 5200 se
2389 5160 2537 5199 mare
2557 5145 2801 5201 Rubrum
2826 5147 3252 5217 conspiciebant,
3280 5147 3425 5216 quod

1849 5237 2012 5292 etiam
2043 5234 2427 5290 formidabant.
2459 5233 2527 5287 Et
2568 5236 2686 5290 ideo
2722 5232 3055 5291 ascendentes
3082 5237 3146 5292 de
3191 5234 3427 5307 Egypto

1851 5325 1921 5380 ad
1949 5334 2147 5379 terram
2176 5322 2455 5390 Chanaan,
2484 5324 2841 5393 irritaverant,
2866 5326 2993 5380 dum
3022 5327 3077 5379 in
3098 5340 3283 5380 mare:
3308 5342 3425 5379 ma-

1854 5417 1897 5471 ri
1928 5416 2068 5482 dico,
2092 5415 2305 5469 rubrum
2334 5415 2642 5470 formidato.
2668 5414 2733 5469 Et
2764 5426 2937 5470 tamen
2960 5416 3172 5470 salvavit
3210 5433 3295 5470 eos
3315 5434 3431 5487 pro-

1853 5515 1966 5575 pter
1993 5520 2178 5559 nomen
2206 5520 2379 5570 suum,
2425 5514 2481 5557 ut
2535 5511 2711 5557 notam
2737 5504 2928 5573 faceret
2951 5506 3231 5575 potentiam
3256 5522 3433 5559 suam.

1856 5597 2007 5666 Quod
2057 5597 2231 5652 dicit:
2270 5596 2658 5660 Ascendentes,
2706 5604 2925 5667 pr0pter
2970 5606 3170 5651 statum
3215 5597 3319 5652 loci
3351 5597 3432 5651 dl-

1858 5698 2003 5745 ctum
2032 5697 2137 5753 est,
2185 5689 2311 5756 quia
2348 5684 2571 5741 inferior
2596 5694 2680 5742 est
2708 5686 2974 5758 Egyptus
2999 5704 3159 5759 quam
3187 5690 3259 5744 sit
3290 5696 3430 5743 terra

1861 5779 2137 5835 Chanaan.
2174 5777 2242 5833 Et
2287 5778 2538 5846 increpuit
2578 5794 2721 5833 mare
2748 5776 2981 5834 Rubrum
3032 5790 3079 5837 et
3117 5782 3437 5837 exsiccatum
