4034 6422
677 424 780 489 691

1254 427 1267 437 ⁴
1292 423 1550 481 REMIGII
1587 413 2241 477 ANTiSSlODORENSlS
2278 411 2430 470 OPP.
2471 407 2648 466 PARS
2683 406 2727 463 1.
2764 402 2839 447 -’
2870 401 3277 460 EXEGETICA.
3798 404 3869 460 699

678 562 779 621 est,
806 559 855 608 et
891 549 1073 606 eduxit
1113 565 1199 604 eos
1242 549 1298 604 in
1338 549 1538 619 abyssis
1566 547 1699 602 sicut
1729 545 1784 598 in
1815 544 2036 599 deserto.
2066 540 2120 595 In
2148 539 2250 593 hac
2276 536 2324 598 Α
2354 541 2480 590 vere
2502 527 2911 588 desiderabilem
2924 525 3225 621 diligamus
3267 538 3281 576 :
3315 518 3417 621 sed
3460 517 3641 621 potius
3676 517 3868 621 hic-inﬁ-

678 641 1046 711 increpatione
1070 654 1176 695 non
1201 652 1387 694 vocem
1405 636 1639 708 aliquam
1669 634 1884 689 caelitus
1911 632 2130 695 factam,
2156 627 2249 684 sed

678 732 975 806 potentiam
1013 716 1251 786 divinam
1300 744 1405 800 qua
1442 728 1493 783 id
1532 726 1734 782 factum
1780 732 1883 790 est,
1933 720 2253 790 increpatio-

680 834 806 878 nem
830 818 1151 891 appellavit:
1182 828 1230 873 et
1251 817 1467 872 salvavit
1495 831 1582 870 eos
1604 814 1666 868 de
1696 829 1857 867 manu
1881 809 2251 872 obedientium,

680 919 731 965 et
755 911 969 966 redemit
1000 925 1087 964 eos
1133 908 1197 962 de
1233 924 1392 962 manu
1423 905 1641 961 inimici.
1670 901 1737 956 Et
1766 902 1966 973 operuit
1991 916 2131 971 aqua
2160 897 2253 952 tri-

684 998 924 1054 bulantes
952 988 1212 1063 eos,unus
1241 1012 1306 1050 ea:
1327 996 1400 1050 eis
1427 1011 1531 1049 non
1555 993 1821 1049 remansit.
1845 991 1914 1045 Et
1944 990 1996 1044 in
2030 989 2113 1044 his
2145 1002 2255 1042 om-

686 1084 847 1143 nibus
882 1087 1212 1141 crediderunt
1240 1085 1405 1140 verbis
1428 1085 1565 1155 ejus,
1592 1093 1640 1138 et
1671 1083 2014 1137 laudauerunt
2045 1080 2253 1134 laudem

685 1179 818 1250 ejus.
852 1179 987 1247 Quia
1028 1179 1328 1235 transducti
1375 1194 1525 1235 mare
1552 1178 1819 1243 Rubrum,
1846 1178 2104 1249 hymnum
2128 1189 2253 1230 can-

684 1269 876 1325 tabent
914 1268 1165 1335 Domino,
1207 1270 1447 1326 dicentes
1479 1290 1492 1324 :
1534 1267 1815 1322 Cantemus
1858 1262 2257 1334 Domino:glo-

685 1361 824 1416 riose
853 1362 991 1416 enim
1034 1361 1402 1432 magniﬁcatus
1434 1369 1548 1427 est;
1594 1368 1648 1414 et
1676 1360 1820 1415 hoc:
1853 1358 1968 1413 Cito
2000 1357 2254 1428 fecerunt,

688 1450 743 1506 id
766 1458 851 1505 est
875 1450 989 1505 cito
1011 1465 1040 1503 a
1063 1450 1219 1505 laude
1248 1448 1336 1504 illa
1366 1448 1681 1505 defecerunt
1714 1465 1728 1502 :
1762 1456 1811 1502 et
1830 1446 1975 1508 obliti
1995 1455 2113 1500 sunt
2138 1461 2259 1516 ope-

688 1555 806 1592 rum
834 1541 968 1608 ejus,
1000 1538 1124 1610 quia
1150 1553 1257 1593 non
1283 1538 1657 1609 cogitaverunt
1677 1544 1825 1591 tanta
1854 1549 2016 1606 opera
2046 1532 2258 1589 Domini

689 1646 817 1703 erga
852 1647 911 1688 se
956 1649 1063 1688 non
1103 1647 1221 1688 esse
1246 1633 1448 1698 inania,
1477 1631 1571 1689 sed
1612 1645 1705 1687 eos
1723 1643 1920 1685 vocare
1938 1628 2005 1684 ad
2026 1627 2260 1697 aliquam

691 1724 811 1780 sine
840 1724 945 1780 line
969 1723 1303 1791 felicitatem,
1328 1739 1448 1795 quae
1471 1738 1568 1795 per
1600 1721 1918 1795 patientiam
1945 1718 2261 1776 sustinenda

690 1820 803 1882 est;
834 1815 927 1870 sed
953 1814 1340 1872 festinaverunt
1356 1816 1508 1881 beari
1535 1812 1926 1886 temporalibus
1948 1812 2130 1875 rebus,
2145 1823 2264 1880 quae

2355 624 2592 681 delitatis
2621 622 2816 678 merito
2844 618 3262 688 redarguuntnr,
3291 612 3426 683 quia
3460 611 3515 665 in
3556 624 3620 666 eo
3652 611 3773 680 quod
3794 620 3869 668 ter-

2353 704 2470 770 ram
2515 727 2616 785 pro
2649 710 2823 766 nihilo
2847 708 3175 769 habuerunt,
3203 703 3391 758 verbis
3428 701 3642 758 Domini
3674 717 3764 758 non
3786 719 3869 759 cre-

2354 802 2607 859 diderunt
2641 820 2654 855 :
2686 800 2881 871 quibus
2922 795 3172 868 promisit
3198 804 3407 849 interna
3437 807 3540 863 per
3579 792 3688 847 base
3721 801 3869 863 tempo-

2356 892 2508 948 ralia.
2542 889 2664 945 Non
2697 888 3031 944 crediderunt
3068 885 3218 941 verbo
3248 884 3387 954 ejus,
3440 881 3610 953 Moysi
3636 883 3867 941 videlicet:

2355 972 2401 1039 et
2428 987 2883 1039 murmuraverunt
2910 978 2962 1034 in
2999 974 3353 1031 tabernaculis
3407 975 3545 1038 suis,
3570 981 3616 1029 et
3646 990 3868 1029 nonmo-

2356 1076 2561 1130 dierunt
2588 1089 2760 1129 vocem
2789 1071 3019 1133 Domini,
3058 1069 3421 1124 vehementer
3445 1080 3542 1121 eos
3573 1081 3600 1119 a
3626 1081 3866 1122 murmurs-

2358 1167 2505 1221 tione
2551 1162 2911 1235 prohibentis.
2954 1157 3023 1213 Et
3055 1158 3267 1213 elevavit
3314 1173 3539 1210 manum
3594 1170 3728 1209 mam
3764 1173 3870 1225 super
3942 1166 3943 1173 ‘

2358 1272 2466 1321 eos,
2499 1263 2554 1308 ut
2599 1258 2949 1323 prosterneret
3003 1263 3090 1303 eos
3137 1247 3195 1301 in
3228 1245 3464 1306 deserto,
3494 1243 3549 1297 id
3574 1251 3652 1298 est
3675 1242 3866 1300 elevando
3942 1286 3943 1303 η

2360 1358 2578 1400 manum
2621 1338 2832 1396 distulit
2858 1336 3284 1408 percussionem,
3309 1341 3369 1389 et
3409 1332 3515 1401 ipsi
3550 1332 3745 1402 gravius
3764 1347 3867 1385 eam.
3942 1338 3943 1353 ‘

2361 1434 2628 1488 miserunt
2677 1434 2981 1499 peccatum.
3015 1422 3083 1477 Et
3113 1432 3172 1477 ut
3199 1422 3452 1491 dejiceret
3483 1434 3652 1474 semen
3675 1421 3866 1473 conisis

2360 1520 2659 1579 nationibus
2681 1527 2729 1573 et
2756 1518 3068 1587 dispergeret
3094 1529 3180 1568 eos
3205 1513 3261 1567 in
3281 1511 3604 1581 regionibus.
3633 1509 3694 1563 Et
3715 1510 3792 1578 ipsi
3812 1520 3866 1563 ts-

2360 1629 2504 1677 men,
2535 1612 2661 1668 licct
2704 1609 2773 1664 ad
2820 1609 2926 1664 hoc
2968 1606 3233 1662 elevasset
3280 1617 3536 1683 manum,
3580 1601 3753 1655 initiati
3786 1609 3867 1654 σω

2363 1702 2700 1774 Beelphegor,
2751 1698 2805 1754 id
2835 1704 2940 1762 est,
2990 1694 3149 1750 idolis
3187 1692 3434 1764 gentium
3463 1689 3734 1746 sacrificati
3766 1698 3863 1744 sunt.

2364 1789 2575 1864 Phegor
2612 1791 2892 1855 cstlocus,
2920 1785 3043 1841 Beel
3081 1784 3216 1841 deus
3268 1783 3539 1854 gentium,
3568 1781 3727 1835 factus
3745 1780 3785 1835 in
3807 1780 3867 1835 bo-

688 1906 813 1963 ideo
834 1907 1036 1963 nemini
1057 1907 1341 1963 conferunt
1363 1917 1620 1964 aeternam
1645 1906 1983 1971 felicitatem,
2007 1904 2133 1974 quia
2154 1917 2261 1957 non

2363 1896 2549 1938 norem
2581 1877 2859 1947 cujusdam
2881 1875 3025 1947 regis
3053 1874 3183 1930 dicti
3219 1872 3349 1928 Beel
3375 1889 3392 1929 :
3428 1880 3478 1926 et
3501 1869 3789 1925 comederunt
3808 1884 3864 1921 ss-

686 2000 1036 2072 exstingunnt
1073 2000 1435 2056 insatiabilem
1485 1999 1869 2071 cupiditatem;
1919 1996 2061 2069 quod
2090 1994 2259 2051 dicit:

692 2089 815 2147 Non
838 2086 1195 2147 sustinuerunt
1219 2091 1494 2146 consilium
1514 2091 1646 2160 ejus.
1666 2089 1735 2144 Et
1758 2090 2127 2161 concupierunt
2145 2105 2265 2144 con-

690 2182 1061 2253 cupiscentiam
1091 2183 1144 2237 in
1173 2183 1400 2249 deserto,
1431 2183 1483 2238 id
1515 2190 1599 2241 est
1624 2196 1738 2236 rem
1765 2181 2262 2252 concupiscibilem,

688 2284 737 2327 et
756 2260 1081 2328 tentaverunt
1111 2272 1276 2327 Deunt
1304 2274 1358 2327 in
1398 2274 1671 2344 inaquoso,
1709 2272 1763 2327 id
1800 2280 1883 2327 est
1928 2286 2123 2341 aquam
2169 2287 2266 2343 p0-

692 2362 965 2418 stulando.
988 2361 1054 2416 Et
1081 2362 1223 2417 dedit
1252 2363 1327 2417 eis
1351 2364 1648 2433 petitionem
1679 2362 1993 2432 ipsorum,et
2011 2363 2146 2417 misit
2173 2379 2264 2417 sa-

692 2455 961 2509 turitatem
991 2456 1047 2508 in
1075 2455 1279 2510 animas
1320 2471 1496 2510 eorum
1520 2469 1539 2507 :
1565 2454 1904 2511 satisfaciens
1940 2455 2263 2511 animalitati

691 2561 878 2602 corum
904 2564 918 2601 :
949 2557 997 2602 et
1019 2536 1355 2603 irritaverant
1380 2546 1598 2618 Moysen
1625 2548 1678 2601 in
1708 2547 1915 2612 castris,
1940 2548 2117 2601 Aaron
2144 2564 2268 2602 san-

691 2645 833 2692 etum
872 2635 1106 2692 Domini.
1133 2637 1212 2694 Ex
1242 2652 1347 2708 qua
1397 2638 1703 2693 irritatione
1730 2653 1745 2691 :
1782 2638 1974 2708 Aperta
1998 2647 2071 2691 est
2102 2645 2264 2701 terra,

689 2734 740 2781 et
760 2726 1027 2798 deglutivit
1050 2726 1279 2794 Dat/tan,
1310 2739 1358 2783 et
1386 2729 1588 2799 operuit
1634 2744 1790 2798 super
1821 2728 2269 2799 congregationem

691 2817 891 2874 Abiron
925 2833 945 2872 :
980 2829 1027 2874 et
1055 2821 1252 2875 exarsit
1276 2820 1410 2890 ignis
1440 2820 1495 2876 in
1524 2836 1786 2891 synagoga
1809 2836 2022 2893 eorum;
2051 2821 2268 2889 ﬂamma

691 2911 974 2966 combussit
1012 2919 1329 2982 peccatores.
1355 2910 1566 2967 Datban
1607 2919 1661 2966 et
1687 2909 1891 2965 Abiron
1915 2911 2021 2964 duo
2049 2908 2269 2964 fuerunt

690 2999 960 3065 homines,
983 3001 1073 3069 qui
1095 3002 1275 3056 Aaron
1299 3000 1355 3055 in
1387 2999 1747 3056 sacerdOtium
1773 3013 1871 3069 per
1892 2998 2105 3055 Domini
2130 3014 2271 3068 prte-

693 3096 906 3158 ceptum
973 3097 1311 3161 assumptum
1387 3098 1576 3145 contra
1643 3095 1970 3159 praeceptum
2056 3087 2268 3145 Domini

692 3179 881 3235 multis
906 3179 1010 3234 sibi
1037 3179 1503 3236 consentientibus
1538 3186 1939 3250 praecesserunt
1960 3178 2026 3232 ad
2056 3177 2271 3235 tburill-

695 3272 928 3327 cundum
962 3289 976 3326 :
1010 3287 1146 3342 quos
1177 3278 1365 3342 aperta
1400 3278 1549 3327 terra
1591 3270 1894 3342 deglntivit,
1937 3281 2270 3342 caeterosque
2297 3274 2341 3337 C

694 3363 798 3419 sibi
830 3362 1234 3420 consentientes
1260 3363 1400 3433 ignis
1434 3365 1768 3432 consumpsit
1807 3360 1997 3434 (Num.
2034 3361 2170 3433 xvi).
2200 3361 2271 3416 Et

695 3453 929 3524 fecerunt
955 3453 1172 3509 vitulum
1202 3454 1257 3508 in
1304 3451 1502 3519 Iloreb,
1547 3461 1598 3508 et
1635 3453 1985 3509 adoraverunt
2009 3453 2267 3524 sculptile.

697 3537 768 3598 Et
796 3551 1125 3598 mutaverunt
1153 3542 1373 3614 gloriam
1402 3559 1572 3609 suam,
1601 3544 1653 3598 id
1688 3554 1790 3610 est,
1829 3543 1998 3600 Deum
2026 3545 2115 3614 qui
2146 3558 2271 3600 suos

696 3650 890 3690 omnes
935 3634 1064 3690 facit
1089 3635 1373 3707 gloriosos,
1412 3636 1467 3689 in
1513 3636 1906 3690 similitudinem
1939 3635 2084 3689 vituli
2127 3651 2272 3689 com-

697 3728 896 3783 edentis
924 3727 1123 3792 fenum.
1168 3726 1330 3784 Obliti
1355 3736 1477 3784 sunt
1504 3726 1669 3783 Deum
1697 3728 1787 3800 qui
1808 3727 2024 3783 salvasit
2046 3744 2155 3791 eos,
2183 3728 2274 3797 qui

700 3818 822 3890 fecit
850 3819 1124 3890 magnal‘ia
1156 3821 1213 3875 in
1250 3819 1503 3892 lEgypto,
1539 3820 1805 3875 mirabilia
1836 3822 1892 3876 in
1917 3831 2055 3876 terra
2084 3818 2271 3887 Cltam,

700 3904 957 3961 terribilia
982 3906 1038 3960 in
1059 3907 1195 3960 mari
1223 3898 1401 3960 Rubro
1430 3922 1450 3961 :
1484 3916 1532 3961 et
1571 3906 1701 3960 dixit
1739 3916 1795 3960 ut
1816 3906 2131 3978 disperderet
2162 3924 2272 3962 eos.

698 3994 769 4050 Et
791 4009 977 4051 revera
998 4010 1184 4051 essent
1205 3996 1453 4067 dispersi,
1486 3996 1547 4052 Si
1582 4014 1681 4051 non
1712 3996 1920 4068 Moyses
1945 3997 2134 4053 electus
2161 3999 2275 4070 ejus

700 4086 925 4141 stetisset
963 4087 1019 4141 in
1047 4086 1420 4156 confractione,
1448 4087 1498 4143 id
1521 4097 1604 4144 est
1634 4089 1686 4142 in
1727 4090 1924 4145 tuentis
1953 4089 2274 4157 humilitate,

696 4177 757 4256 in
778 4186 1053 4247 conspectu
1074 4176 1212 4247 ejus,
1242 4176 1415 4232 eidem
1448 4176 1619 4248 plagas
1652 4175 1887 4236 olferens
1910 4194 1991 4246 se,
2026 4180 2151 4251 quia
2174 4181 2275 4251 ipsi

700 4264 930 4322 feriendi
959 4274 1134 4334 erant,
1164 4266 1351 4323 dicens
1376 4285 1390 4321 :
1417 4266 1662 4336 Domine,
1690 4270 1893 4324 dimitte
1929 4270 2129 4341 populo
2151 4270 2277 4327 huic

701 4355 837 4411 hanc
861 4372 1056 4411 noxam
1079 4371 1100 4410 :
1122 4356 1206 4412 sin
1234 4364 1435 4422 autem,
1459 4356 1573 4414 dele
1598 4375 1679 4413 me
1712 4359 1777 4413 de
1803 4358 1935 4414 libro
1956 4377 2110 4432 quem
2138 4362 2273 4415 scri-

701 4446 851 4518 psisti
883 4445 1079 4519 (Exod.
1101 4449 1297 4521 xxxii).
1320 4449 1378 4504 In
1407 4465 1515 4521 quo
1539 4449 1967 4508 demonstratum
1985 4461 2084 4517 est,
2110 4468 2275 4523 quan-

704 4545 821 4593 tum
876 4538 1406 4597 valeat'intercessio
1455 4550 1767 4597 sanctorum
1806 4557 1921 4613 ,pro
1972 4543 2095 4599 aliis
2137 4545 2275 4617 apud

700 4623 894 4682 Deum.
939 4628 1175 4685 Securus
1200 4631 1344 4687 enim
1388 4641 1505 4687 erat
1545 4631 1758 4704 Moyses
1786 4632 1854 4687 de
1887 4630 2096 4701 iustitia
2129 4649 2226 4689 sua
2258 4652 2274 4692 :
2302 4629 2355 4689 D

702 4716 853 4788 quia,
882 4733 1003 4774 cum
1034 4719 1201 4777 deleri
1230 4738 1336 4777 non
1383 4731 1586 4793 posset,
1634 4718 1945 4793 impetravit
1981 4724 2284 4782 misericor-

705 4805 853 4861 diam
883 4822 952 4862 ne
980 4824 1075 4865 eos
1118 4809 1323 4868 deleret
1354 4811 1615 4868 Dominus
1659 4827 1798 4884 quos
1817 4812 1965 4885 juste
1994 4823 2196 4884 posset,
2228 4824 2283 4871 et

702 4899 855 4960 stetit
882 4900 962 4956 sic
1007 4899 1216 4975 Moyses
1246 4905 1299 4958 in
1329 4904 1680 4979 confractione
1726 4905 1782 4960 in
1827 4916 2101 4978 conspectu
2145 4907 2278 4978 ejus.

701 4988 874 5056 Dixit,
904 5006 1011 5047 non
1033 5002 1214 5048 autem
1241 4994 1371 5050 ideo.
1390 4996 1624 5065 positum
1659 5005 1763 5063 est,
1790 4997 1932 5067 quod
1955 4997 2097 5054 Deus
2117 4998 2283 5055 dixis-

703 5088 829 5134 set:
864 5080 989 5150 quia
1019 5080 1067 5137 si
1104 5082 1347 5150 dixisset,
1395 5098 1585 5141 revera
1633 5083 1881 5152 fecisset;
1929 5087 2023 5142 sed
2060 5095 2282 5158 propter

705 5170 1044 5243 iniquitatem
1071 5173 1283 5231 illorum
1312 5175 1514 5233 dictum
1539 5186 1642 5246 est,
1670 5194 1790 5249 quae
1812 5178 2100 5235 videbatur
2132 5188 2279 5236 tanta

705 5279 848 5333 esse,
877 5268 1021 5338 quod
1055 5268 1250 5324 merito
1296 5284 1396 5341 per
1420 5270 1566 5326 illam
1612 5270 1824 5327 delendi
1846 5280 2002 5328 erant
2022 5272 2088 5327 de
2114 5279 2278 5339 terra,

703 5355 858 5426 quasi
884 5355 1028 5413 Deus
1065 5357 1291 5415 dixisset
1319 5375 1333 5413 :
1375 5358 1444 5415 Ut
1475 5369 1727 5416 averteret
1757 5362 1892 5415 iram
1920 5361 2036 5433 ejus
2069 5378 2131 5416 ne
2173 5361 2281 5416 dis-

703 5458 946 5528 perderet
969 5477 1078 5529 eos,
1106 5471 1154 5518 et
1173 5479 1268 5535 pro
1291 5464 1455 5520 nihilo
1484 5464 1773 5520 habuerunt
1797 5474 1990 5520 terram
2015 5464 2283 5519 desidera-

702 5556 878 5616 bilem.
910 5559 1065 5619 Nullo
1086 5564 1246 5621 modo
1273 5565 1646 5636 culparentnr,
1687 5567 1813 5636 quia
1845 5574 2051 5621 terram
2075 5564 2283 5619 deside-

714 5655 939 5712 rabilem
987 5658 1303 5717 habuissent
1344 5677 1444 5733 pro
1474 5663 1663 5729 nihilo,
1690 5678 1812 5719 cum
1855 5677 1954 5719 nos
1997 5660 2161 5717 etiam
2194 5676 2281 5716 re-

708 5766 873 5827 gnum
902 5762 1198 5830 temporale
1232 5778 1333 5833 pro
1360 5764 1530 5819 nihilo
1551 5764 1753 5827 habere
1797 5763 2078 5828 debemus,
2112 5760 2279 5818 utJe-

706 5857 938 5914 rusalcm
967 5861 1190 5919 liberam
1225 5874 1451 5921 matrem
1484 5876 1743 5933 nostram,
1771 5883 1889 5941 qum
1910 5877 1992 5923 est
2019 5868 2070 5921 in
2103 5867 2285 5933 oculis,

2363 1972 2564 2040 criﬁcia
2589 1978 2953 2032 mortuorum;
2977 1964 3105 2035 quia
3131 1963 3275 2033 quod
3306 1961 3364 2017 in
3401 1962 3609 2017 honore
3634 1958 3754 2013 illius
3772 1957 3866 2026 regis

2363 2057 2760 2123 sacrificabant,
2792 2057 2896 2111 hoc
2944 2052 3315 2109 sacriﬁcatum
3366 2049 3721 2106 comederunt.
3747 2044 3796 2100 Et
3818 2047 3864 2098 ir-

2364 2142 2648 2204 ritaverunt
2677 2162 2794 2202 eum
2813 2145 2868 2199 in
2893 2140 3347 2198 adinventionibus
3369 2140 3482 2194 suis
3506 2151 3526 2189 :
3547 2151 3645 2191 non
3663 2134 3776 2204 quod
3794 2146 3865 2187 sua

2363 2249 2548 2298 essent
2586 2237 3018 2301 adinventiones,
3063 2234 3156 2289 sed
3181 2231 3324 2302 quod
3352 2229 3595 2303 gentium
3617 2224 3864 2281 adinvcnlio-

2366 2346 2462 2389 nes
2489 2345 2619 2387 suas
2664 2328 2905 2385 fecerunt
2930 2344 2946 2381 :
2978 2334 3025 2380 et
3054 2323 3407 2394 multiplicata
3449 2329 3521 2376 est
3549 2321 3603 2373 in
3622 2318 3687 2372 eis
3721 2315 3864 2367 rein:

2366 2433 2421 2480 et
2447 2421 2906 2492 multiplicaretur
2943 2417 3146 2482 adhuc,
3185 2413 3289 2469 nisi
3342 2413 3450 2468 hoc
3477 2417 3617 2466 esset
3649 2406 3766 2478 quod
3780 2401 3860 2457 aliis

2368 2516 2686 2573 cadentibus
2710 2514 2849 2569 stetit
2870 2509 3096 2566 Pltinees
3125 2506 3408 2572 sacerdos,
3441 2503 3582 2558 ﬁlius
3607 2499 3688 2554 lilii
3711 2498 3860 2551 Ama:

2368 2615 2416 2661 et
2443 2602 3029 2676 placavitDominum,
3058 2599 3183 2670 quia
3229 2595 3519 2652 Hebraeum
3561 2600 3612 2647 et
3636 2583 3861 2644 Madianitl-
3942 2602 3943 2605 η

2371 2699 2494 2752 dam
2526 2694 2763 2766 puellam
2808 2695 2865 2749 in
2916 2690 3182 2770 adulterio
3235 2687 3541 2758 amplexos,
3589 2679 3862 2751 apprehensus

2367 2785 2575 2856 pariter
2616 2782 2883 2839 interfecit
2912 2781 3104 2853 (Num.
3159 2780 3311 2850 xxv).
3346 2776 3419 2831 Et
3454 2776 3534 2832 sic
3558 2770 3741 2829 cessarit
3757 2780 3860 2837 quat-

2370 2879 2523 2933 sstio.
2559 2875 2714 2944 Quod
2760 2875 2806 2930 si
2848 2875 2974 2930 odio
3003 2881 3212 2937 eorum,
3248 2886 3359 2925 non
3394 2868 3668 2925 dilectione
3693 2861 3857 2915 fecisset.

2370 2972 2478 3024 non
2515 2975 2662 3023 esset
2709 2966 2756 3021 ei
2790 2971 3099 3035 repntatum
3130 2962 3198 3018 ad
3230 2960 3525 3030 justitiam.
3558 2955 3654 3011 Sed
3673 2950 3770 3023 quis
3792 2961 3858 3001 non

2378 3063 2522 3127 odio,
2549 3061 2644 3117 sed
2662 3059 2953 3115 dilectione
2976 3057 3177 3113 factum
3200 3062 3303 3121 est,
3336 3053 3641 3123 Reputatum
3658 3054 3721 3099 est
3751 3039 3859 3107 inji-

2372 3153 2589 3216 stitiam,
2639 3152 2695 3204 in
2757 3149 3139 3220 generationem
3199 3155 3246 3200 et
3293 3141 3665 3215 generationem
3686 3129 3859 3203 usqu?!

2372 3243 2741 3312 sempiternum
2770 3253 2788 3292 :
2812 3248 2859 3293 et
2882 3239 3216 3292 irritaverant
3242 3250 3362 3289 eum
3418 3232 3486 3286 ad
3514 3242 3685 3299 aquam
3718 3228 3858 3317 conlff'

2372 3332 2614 3388 dictionis
2640 3344 2659 3383 ε
2691 3339 2738 3385 ct
2788 3338 3001 3385 vexatus
3052 3336 3125 3382 est
3159 3324 3370 3396 Moyses
3418 3330 3618 3394 propter
3655 3322 3858 3405 eos,

2371 3423 2804 3480 exacerbaverunt
2851 3419 3093 3490 spiritum
3133 3416 3268 3486 ejus.
3303 3413 3374 3467 Et
3422 3409 3644 3466 distinxit
3678 3405 3722 3458 in
3756 3398 3856 3490 (abiit

2371 3515 2499 3569 suis.
2533 3484 2888 3582 Distingncre'
2918 3506 3057 3562 labia
3111 3484 3196 3560 est
3237 3503 3548 3560 dubitanter
3589 3492 3730 3585 loqui.
3764 3484 3856 3585 ll“?!

2373 3602 2502 3659 fecit
2533 3570 2742 3672 Moyses
2786 3598 2838 3652 in
2884 3597 2989 3651 hoc
3017 3592 3279 3650 miraculo
3304 3608 3430 3648 cum
3460 3587 3603 3644 -dixit
3635 3601 3649 3640 :
3680 3570 3854 3672 Νιιηίῐυξίξ

2372 3663 2672 3766 poterimus
2707 3691 2772 3745 de
2808 3695 2959 3761 petra
2992 3688 3095 3742 hac
3122 3685 3356 3741 educere
3378 3695 3566 3752 aquam
3593 3674 3760 3766 (Nam:
3773 3663 3856 3764 nl?

2376 3759 2482 3839 non
2512 3782 2795 3838 attendens
2809 3759 2947 3849 quia
2977 3777 3145 3831 multa
3195 3773 3466 3830 mirabilia
3495 3784 3588 3842 per
3605 3777 3707 3823 eum
3733 3759 3855 3813 Domi-

2374 3878 2477 3927 nus
2497 3879 2643 3927 esset
2667 3875 2923 3939 operatus
2951 3883 2965 3918 τ
2996 3882 3099 3920 ηοη
3146 3863 3565 3933 disperdiderunt
3604 3863 3745 3926 gentes
3769 3857 3853 3946 σιξω

2374 3964 2510 4018 dixit
2543 3962 2799 4017 Dominus
2826 3958 2972 4024 illis;
2999 3956 3129 4029 quia
3156 3956 3359 4012 inducti
3406 3955 3458 4010 in
3484 3961 3664 4006 terram
3688 3948 3850 4014 promi?

2378 4055 2568 4120 s‘ionis,
2608 4068 2713 4109 non
2764 4050 3088 4121 expulerunt
3145 4056 3357 4120 gentes,
3403 4054 3462 4101 ut
3503 4042 3576 4099 eis
3613 4035 3851 4121 ρτκεεριυτιῖ

2378 4145 2517 4201 fuit:
2547 4152 2602 4200 et
2629 4119 2888 4199 commisti
2929 4149 3049 4195 sunt
3103 4119 3237 4194 inter
3281 4147 3493 4208 gentes;
3550 4139 3593 4185 et
3642 4119 3851 4208 didicerat!!!

2378 4250 2535 4306 opera
2567 4249 2769 4299 eorum,
2796 4241 2843 4286 et
2868 4230 3153 4285 servierunt
3171 4226 3502 4298 .sculptilibus
3525 4230 3697 4277 eorum,
3732 4201 3849 4306 ἀμία·

2377 4294 2515 4380 cium
2559 4333 2636 4379 est
2687 4294 2795 4379 illis
2819 4323 2875 4377 in
2914 4319 3225 4375 scandalum
3247 4331 3271 4371 :
3293 4294 3345 4372 et
3369 4311 3723 4372 immolaverunt
3758 4294 3850 4389 li“?

2377 4430 2520 4480 suos,
2553 4422 2602 4467 et
2634 4411 2776 4482 ﬁlias
2821 4426 2945 4466 suas
2979 4408 3253 4462 da'moniis
3278 4422 3297 4461 :
3317 4415 3368 4461 et
3400 4403 3667 4474 effuderunt
3704 4396 3848 4482 san-tt“-

2379 4519 2497 4558 nem
2539 4503 2885 4563 innocentem,
2913 4498 3218 4569 sanguinem
3238 4495 3467 4566 ﬁliorum
3487 4499 3675 4547 suorum
3700 4487 3736 4532 cl
3756 4472 3848 4569 [il-'8'

2381 4612 2497 4650 rum
2523 4610 2764 4660 suarum,
2796 4609 2927 4665 quas
2972 4565 3397 4659 sacriﬁcaverunt
3446 4577 3729 4665 sculptilibtts
3757 4565 3845 4620 είκ-

2384 4702 2561 4741 naam.
2593 4685 2706 4740 Hoc
2738 4660 3055 4739 in'bistoria
3089 4695 3196 4735 non
3227 4680 3496 4737 habetur:
3522 4670 3606 4729 sed
3627 4669 3687 4761 ίῐξι
3708 4660 3845 4761 βξΨΤ

2382 4776 2548 4834 fuisse
2587 4777 2916 4837 credendum
2958 4783 3043 4830 est
3097 4772 3407 4843 Prophetze,
3431 4769 3517 4842 qui
3555 4778 3637 4836 per
3658 4753 3841 4826 Spiritum

2368 4877 2630 4924 sanctum
2662 4868 2751 4923 hic
2779 4866 3061 4937 loquitur:
3114 4863 3397 4920 interfecta
3448 4869 3519 4917 est
3563 4866 3679 4910 terra
3698 4846 3741 4898 is
3757 4850 3841 4937 tat-

2384 4958 2651 5031 guinibus,
2683 4956 2735 5013 id
2763 4936 2865 5021 est,
2894 4955 3231 5011 habitatores
3259 4964 3416 5011 terra:
3436 4953 3485 5006 in
3519 4936 3840 5031 @530"???

2383 5014 2560 5124 guinis
2586 5038 2784 5105 mortui
2817 5056 2941 5105 sunt
2972 5066 2986 5102 :
3015 5057 3061 5102 et
3090 5047 3195 5103 hoc
3213 5047 3354 5113 ideo,
3384 5042 3503 5118 quia
3536 5039 3676 5124 iratus
3698 5027 3752 5078 οδε

2378 5107 2555 5199 'Uminus
2602 5143 2780 5212 furore
2829 5141 2886 5194 in
2925 5136 3173 5211 popuium
3219 5107 3465 5203 suurisfet
3504 5107 3838 5212 eluminatus—Aenil

2384 5205 2741 5285 hazreditatem
2791 5205 2940 5283 suam
2970 5205 3003 5279 δ’
3018 5237 3066 5282 et
3101 5228 3322 5281 tradidit
3366 5242 3449 5282 eos
3496 5222 3545 5275 in
3579 5205 3838 5307 manus-9f:

2384 5322 2515 5375 tium
2544 5334 2563 5372 :
2595 5328 2643 5374 et
2695 5316 2948 5373 deminuti
2973 5325 3093 5372 sunt
3131 5333 3311 5371 eorum
3343 5315 3429 5389 qui
3467 5308 3656 5421 oderunt
3673 5283 3838 5421 :21:

2383 5408 2757 5465 tribulaverunt
2782 5424 2870 5463 eos
2896 5406 3097 5461 inimici
3118 5421 3300 5461 eorum
3320 5384 3407 5460 :vet
3427 5387 3652 5491 hannibali

2384 5501 2625 5556 manibus
2660 5516 2840 5554 eorum
2872 5514 2890 5553 :
2919 5513 3055 5567 stupe
3101 5496 3336 5552 liberavit
3376 5508 3502 5551 eos:
3539 5471 3836 5573 ἕρείαξῖῗἿ

2382 5591 2555 5648 berati
2614 5590 2811 5646 iterum
2841 5587 3279 5643 exacerbaverunt
3328 5601 3441 5641 eum
3480 5581 3529 5634 in
3567 5558 3832 5683 “"ﬁtﬁ;

2384 5690 2687 5753 quaerentes
2715 5695 2834 5751 quin
2856 5693 2950 5734 sua
2985 5686 3161 5742 erant,
3193 5692 3301 5733 non
3327 5689 3440 5748 qute
3467 5666 3630 5775 De?“

2383 5741 2500 5828 sunt
2523 5775 2577 5827 in
2596 5741 2954 5843 iniquitatibus
2975 5768 3104 5823 suis.
3132 5767 3199 5823 Et
3220 5741 3468 5822 Dominus
3487 5753 3592 5812 vidit
3610 5741 3766 5843 culmi"

2383 5813 2500 5828 σν...
2597 5813 2954 5843 .....,........,..-
2976 5813 3104 5823 ,,,,,,
3133 5813 3199 5823 ___
3220 5813 3462 5822 "mm"
3808 5813 3816 5818 ν

2382 5866 2657 5920 (urentur:
2688 5874 2733 5918 et
2763 5863 2959 5918 audivit
2992 5862 3278 5915 orationem
3309 5871 3474 5914 eorum
3494 5868 3510 5905 ε
3534 5854 3577 5903 t’l.
3600 5813 3827 5891 mmor!“
