3868 5448
54 412 147 468 695

1176 411 1306 466 ENA
1318 408 1707 467 RRATIONES
1744 409 1812 465 ΙΝ
1849 414 2176 476 PSALMOS.

3207 428 3308 484 694

56 523 339 578 testamenti
379 523 502 584 sui,
540 533 646 575 non
684 520 915 584 veteris,
952 521 1046 576 sed
1079 522 1236 587 novi,
1272 523 1418 592 quod
1458 522 1637 591 dispo-
1665 522 1712 579 Α
1747 540 1764 571 ι
1797 525 1942 579 enim
1973 541 2100 583 suas
2129 529 2394 584 humiliati
2425 541 2570 586 sunt.
2613 531 2840 589 Omnem
2880 549 3062 590 escam
3106 539 3309 594 abomi-

57 614 158 669 suit
182 610 246 664 ad
276 610 560 665 Abraham
585 627 600 676 ;
632 621 680 665 et
720 612 956 680 pamituit
985 628 1126 677 eum,
1150 612 1203 667 id
1235 623 1336 677 est,
1372 613 1522 667 visus
1550 620 1633 666 est

57 704 362 776 paenituisse
384 704 678 758 secundum
704 704 1088 758 multitudinem
1109 705 1480 759 misericordia:
1501 720 1633 769 suae,

59 794 170 863 quia
203 802 322 862 post
353 793 659 848 vindictam
693 794 995 863 iniquitatis
1027 803 1176 848 tanta
1210 794 1310 849 fuit
1342 797 1515 863 gratia
1549 811 1635 850 sa-

58 885 170 937 luti.-
209 883 365 952 quasi
394 884 745 952 paenituisset
773 885 1058 938 Dominum
1098 892 1301 939 tantam
1343 885 1636 955 sumpsisse

61 976 339 1031 vindictam
371 995 384 1030 :
420 986 469 1030 et
503 977 645 1030 dedit
681 994 766 1032 eos
801 978 855 1032 in
887 977 1298 1042 misericordias,
1327 978 1378 1032 id
1405 988 1506 1043 est,
1550 975 1632 1032 fe-

59 1068 124 1121 cit
162 1080 252 1121 eos
291 1067 710 1136 dignosvideri
753 1067 1127 1123 misericordia
1169 1069 1378 1123 Domini
1419 1068 1506 1123 his
1543 1067 1634 1137 qui

63 1159 442 1213 tribulaverunt
475 1175 604 1222 eos,
640 1160 826 1214 ethoc
864 1161 919 1213 in
959 1169 1236 1229 conspectu
1279 1161 1510 1214 omnium
1546 1161 1636 1228 qui

60 1259 282 1317 separant
311 1266 434 1316 eos,
470 1259 532 1304 ut
575 1251 829 1321 deinceps
868 1265 974 1306 non
1019 1252 1251 1306 audeant
1280 1265 1476 1306 nocere
1510 1250 1634 1304 illis.

62 1339 110 1392 lu
138 1338 542 1394 misericordias
579 1338 864 1409 pluraliter
905 1339 1062 1405 dicit,
1108 1341 1234 1410 quia
1270 1341 1637 1409 unusquisque

63 1431 315 1500 proprium
344 1431 554 1485 donum
582 1431 744 1486 habet
768 1447 797 1484 a
833 1433 962 1486 Deo.
997 1431 1052 1485 In
1085 1433 1487 1486 misericordias
1511 1442 1637 1487 tunc

67 1524 205 1578 datur
231 1525 484 1594 quisque,
517 1525 736 1594 quando
765 1540 794 1578 a
818 1526 1135 1595 captivitate
1159 1525 1354 1580 diaboli
1379 1526 1638 1579 liberatur

66 1633 146 1687 per
163 1618 466 1672 Dominum.
497 1617 652 1674 Unde
675 1619 787 1688 ipse
810 1619 1068 1673 Dominus
1091 1619 1160 1672 ad
1178 1618 1474 1674 Herodem:
1504 1617 1637 1671 Ecce

68 1713 194 1779 cjicio
223 1714 519 1780 da'monia,
572 1722 621 1767 et
671 1716 923 1768 sanitates
961 1713 1176 1783 perﬁcio
1215 1713 1369 1765 hodie
1402 1720 1447 1765 et
1485 1727 1632 1773 cras,

73 1813 109 1855 et
136 1803 273 1856 tertia
303 1804 390 1857 die
421 1821 764 1864 consummor
794 1806 812 1875 (
838 1805 963 1859 Luc.
998 1821 1095 1859 xm
1119 1805 1160 1875 ).
1191 1805 1352 1875 Ejicit
1377 1803 1637 1858 Dominus

1743 632 1760 664 ι
1801 624 1926 670 nata
1957 627 2040 672 est
2065 621 2244 674 anima
2275 635 2494 687 eorum,
2535 634 2592 678 et
2628 627 3192 696 appropinquaverunt
3220 647 3308 686 us-

1744 723 1759 754 ι
1793 719 1897 774 que
1921 708 1985 761 ad
2011 719 2195 778 portas
2221 715 2423 768 mortis.
2451 715 2517 770 Et
2539 716 2905 772 clamaverunt
2933 720 2998 774 ad
3026 721 3309 778 Dominum
3333 749 3336 753 -

1743 816 1760 846 ‹
1798 812 1918 852 eum
1961 801 2366 870 lribularcntur,
2397 816 2451 861 et
2489 807 2555 862 de
2587 809 2999 865 necessitatibus
3026 826 3212 867 eorum
3242 813 3307 866 li-

1742 907 1757 937 c
1795 889 2006 944 beravit
2031 907 2142 947 eos.
2169 893 2309 948 Misit
2332 899 2552 951 verbum
2577 914 2731 952 suum
2749 940 2762 961 ,
2787 907 2842 954 et
2863 903 3076 955 sanavit
3096 916 3191 956 eos
3215 919 3229 956 :
3255 911 3311 956 et

1743 997 1761 1028 ε
1800 977 2000 1050 eripuit
2034 996 2129 1038 eos
2156 983 2221 1039 de
2257 985 2652 1042 interitionibus
2688 1003 2896 1043 eorum.
2942 989 3314 1045 Conﬁteantur

1744 1091 1761 1124 (
1803 1074 2030 1131 Domino
2061 1078 2446 1134 misericordize
2473 1081 2620 1150 ejus,
2653 1093 2708 1138 et
2744 1083 3008 1138 mirabilia
3040 1083 3157 1153 ejus
3186 1083 3312 1138 ﬁliis

1745 1184 1761 1215 ι
1802 1167 2096 1223 hominum.
2152 1171 2217 1225 Et
2267 1172 2574 1228 sacrificent
2620 1176 2949 1230 sacrificium
3001 1175 3212 1240 laudis,
3259 1184 3312 1230 et

1745 1276 1762 1308 ι
1801 1261 2122 1315 aununtient
2147 1278 2309 1332 opera
2337 1264 2451 1333 ejus
2482 1265 2532 1318 in
2559 1266 2936 1333 exsultatione,
2967 1267 3057 1336 qui
3089 1267 3314 1321 descen-

1745 1368 1772 1399 ι
1798 1351 1930 1403 dtml.
1968 1367 2118 1406 mare
2162 1354 2212 1406 in
2257 1355 2510 1419 navibus,
2553 1355 3211 1426 facientesopcralionem
3258 1357 3312 1410 in

1746 1461 1762 1492 t
1802 1443 1956 1511 aquis
1996 1443 2196 1499 mttltis.
2240 1446 2340 1514 Ipsi
2381 1446 2630 1501 viderunt
2670 1463 2831 1518 opera
2866 1450 3107 1515 Domini,
3135 1450 3316 1504 etmi-

1745 1556 1760 1587 ι
1801 1537 1988 1590 rabilia
2026 1539 2142 1608 ejus
2177 1540 2227 1592 in
2257 1539 2548 1608 profundo.
2593 1542 2768 1607 Dixit,
2815 1550 2868 1596 ct
2909 1543 3059 1597 stetit
3096 1543 3318 1612 spiritus

1745 1647 1762 1678 ι
1795 1629 2042 1698 procellae
2063 1671 2077 1694 ,
2106 1639 2160 1684 et
2189 1632 2407 1686 exaltati
2442 1641 2564 1688 sunt
2605 1632 2797 1690 fluctus
2835 1634 2972 1703 ejus.
3008 1636 3320 1690 Ascendunt

1745 1739 1764 1769 «
1804 1735 1973 1789 usque
2004 1723 2069 1776 ad
2095 1723 2296 1789 emlos,
2325 1734 2379 1778 et
2401 1725 2734 1780 descendunt
2763 1743 2932 1797 usque
2957 1728 3022 1782 ad
3051 1729 3275 1799 abyssos
3299 1744 3315 1780 :

1751 1828 1769 1860 ‹
1805 1811 1984 1865 anima
2015 1827 2200 1867 eorum
2229 1815 2282 1868 in
2315 1815 2472 1870 malis
2502 1817 2827 1872 tabescebat.
2858 1818 3080 1872 Turbati
3112 1827 3238 1872 sunt
3265 1827 3319 1871 et

71 1895 205 1962 hodie
233 1897 496 1951 daemonia
517 1938 533 1962 ,
566 1899 717 1967 prius
755 1914 852 1968 per
893 1897 1292 1953 confessionem
1335 1898 1477 1954 delet
1511 1913 1636 1966 pec-
1670 1875 1716 1934 Β
1752 1923 1769 1955 ι
1809 1904 1939 1959 πιοιί
1971 1913 2095 1958 sunt
2127 1907 2264 1960 sicut
2294 1909 2512 1974 ebrius,
2546 1917 2600 1963 et
2628 1910 2804 1965 omnis
2833 1911 3098 1979 sapientia
3128 1926 3316 1965 eorum

74 1993 204 2050 cata,
249 1995 300 2042 et
341 1997 462 2056 post
508 1988 728 2057 perﬁcit
779 1990 1074 2055 sanitates,
1117 1994 1332 2059 quando
1378 1991 1431 2046 in
1478 1992 1634 2046 bonis

72 2079 292 2148 operibus
330 2095 454 2135 cum
499 2082 587 2135 cui
634 2082 839 2137 dimisit
893 2093 1115 2152 peccata
1158 2084 1460 2139 conﬁrmat.
1494 2083 1635 2140 Con-

79 2173 404 2227 summabitur
442 2174 614 2230 etiam
657 2178 816 2232 nobis
859 2180 1112 2235 omnibus
1154 2180 1205 2234 in
1245 2181 1420 2236 virum
1461 2181 1636 2249 perfe-

77 2273 196 2317 cmm
235 2304 249 2330 ,
309 2265 359 2319 in
425 2283 745 2324 mensuram
802 2272 980 2327 mtatis
1031 2273 1382 2343 plenitudinis
1433 2275 1634 2331 Christi

81 2357 279 2425 (Eplzcs.
313 2375 362 2412 tv
389 2359 428 2428 ).
459 2360 529 2414 Et
564 2363 689 2431 quia
733 2362 920 2431 ejectis
959 2365 1325 2429 daemonibus,
1376 2382 1404 2420 a
1441 2368 1636 2437 quibus

81 2449 243 2517 captivi
276 2453 622 2518 tenebamur,
655 2455 867 2523 perlicit
901 2458 1159 2512 Dominus
1189 2459 1482 2522 sanitates,
1515 2459 1636 2514 ideo

81 2551 178 2591 Cum
206 2540 452 2606 dixisset,
492 2543 561 2597 El
596 2544 738 2598 dedit
769 2562 855 2600 eos
899 2547 952 2600 in
988 2548 1375 2603 misericordias
1419 2550 1470 2603 in
1513 2567 1638 2604 con-

82 2641 222 2695 specta
250 2635 474 2688 omnium
524 2637 622 2706 qui
672 2648 913 2708 ceperant
962 2657 1050 2695 eos
1078 2657 1098 2694 :
1146 2650 1401 2711 tanquam
1448 2643 1636 2712 ejectis

83 2721 377 2780 dzemonibus
419 2726 479 2782 ﬁt
510 2729 735 2795 oratio,
780 2738 840 2783 ut
885 2731 1135 2800 perﬁciat
1183 2733 1442 2788 Dominus
1490 2734 1636 2788 saui-

83 2820 211 2868 tales.
239 2816 416 2872 Salvos
446 2820 534 2889 fac
574 2837 699 2882 nos,
732 2821 954 2876 Domine
997 2823 1136 2877 Deus
1181 2834 1375 2889 noster,
1417 2834 1464 2878 et
1504 2841 1632 2879 cono

82 2920 208 2973 grega
243 2925 328 2962 nos
358 2911 422 2964 de
461 2913 791 2966 nationibus.
829 2914 897 2967 Ut
925 2916 1272 2983 conﬁteantur
1306 2918 1505 2970 nomini
1541 2929 1632 2973 tua

81 3009 230 3053 sancto
252 3011 296 3055 et
325 3004 621 3073 gloriemur
652 3008 705 3061 in
742 3007 898 3062 laude
937 3019 1026 3062 tua
1048 3050 1062 3075 ,
1091 3009 1334 3065 dicentes
1363 3026 1377 3064 :
1406 3010 1632 3066 Benedi—

82 3100 170 3145 ctus
195 3093 433 3151 Dominus
470 3098 620 3154 Deus
663 3099 832 3154 Israel
875 3119 906 3154 α
946 3101 1139 3155 steculo
1184 3119 1344 3172 usque
1385 3104 1439 3156 in
1469 3121 1635 3157 siccu-

84 3179 194 3247 lunt,
225 3186 271 3240 id
298 3200 396 3252 est,
427 3191 494 3244 ah
527 3199 740 3246 materno
769 3202 822 3245 et
853 3208 1025 3262 usque
1055 3192 1107 3246 in
1135 3201 1394 3248 atternum
1421 3209 1436 3248 :
1465 3205 1513 3248 et
1544 3195 1630 3248 di-

82 3281 141 3324 cel
166 3279 313 3331 omnis
340 3279 611 3350 populus:
638 3280 763 3334 Fiat
801 3281 849 3336 ei
895 3282 1196 3338 benedictio
1233 3284 1284 3338 in
1333 3285 1496 3353 priori
1538 3301 1633 3355 po-

83 3362 211 3430 pulo,
237 3367 323 3434 fiat
351 3378 405 3423 ct
446 3371 499 3424 in
544 3372 860 3441 posteriori.

589 3459 910 3516 PSAL'llUS
949 3460 1081 3516 CVI.

707 3567 991 3608 ALLELUIA.

145 3652 161 3682 ι
189 3634 516 3696 Conﬁlemini
551 3643 810 3708 Domino,
840 3647 1092 3715 quoniam
1132 3647 1309 3702 bonus
1329 3689 1342 3711 ,
1373 3649 1630 3717 quoniam

91 3736 108 3770 <
135 3720 177 3774 in
203 3729 442 3784 saeculum
467 3732 843 3788 misericordia
872 3734 1008 3804 ejus.
1039 3735 1229 3790 Dicant
1251 3737 1339 3806 qui
1371 3739 1631 3808 redempti

91 3829 106 3859 ‹
136 3826 241 3869 sunt
270 3833 298 3871 a
333 3820 595 3889 Domino,
632 3841 768 3893 quos
798 3826 1030 3881 redemit
1075 3826 1142 3880 de
1186 3820 1348 3881 manu
1398 3828 1629 3894 inimici,

92 3919 106 3949 ί
136 3903 189 3957 de
213 3909 508 3978 regionibus
543 3915 895 3985 congregavit
920 3931 1032 3971 eos.
1071 3917 1116 3970 Α
1151 3917 1280 3972 solis
1309 3926 1430 3973 ortu
1462 3929 1515 3972 et
1543 3935 1634 3974 oc-

91 4005 267 4059 tcasu,
306 3999 371 4053 ab
401 4002 656 4070 aquilone
693 4013 747 4058 et
779 4005 940 4071 mari,
976 4017 1296 4062 erraverunt
1355 4008 1407 4062 in
1447 4009 1634 4064 solitu-

91 4093 107 4126 ί
134 4080 240 4138 dine
282 4087 334 4141 in
379 4091 681 4162 inaquoso,
730 4095 873 4150 viam
923 4097 1159 4152 civitatis
1195 4099 1484 4154 habitaculi
1523 4116 1628 4156 non

56 4173 60 4179 '
91 4186 107 4219 ε
137 4171 452 4236 invenerunt.
486 4183 840 4252 Esurientes,
872 4197 927 4241 et
955 4188 1201 4243 sitientes
1226 4190 1403 4244 anima
1443 4205 1630 4246 eorum

92 4275 107 4309 ί
136 4259 180 4316 in
205 4266 325 4335 ipsis
354 4271 566 4329 defecit.
603 4277 670 4330 Et
697 4276 1067 4332 clamaverunt
1091 4279 1157 4332 ad
1187 4280 1472 4334 Dominum
1509 4296 1630 4336 cum

92 4367 106 4399 ε
139 4355 522 4430 "multarentur,
557 4376 612 4421 et
641 4366 708 4421 de
744 4368 1164 4424 necessitatibus
1201 4385 1391 4425 eorum
1429 4373 1630 4442 eripuit

93 4458 229 4500 «eos.
266 4450 328 4504 Et
363 4454 586 4512 deduxit
619 4473 713 4516 eos
752 4459 804 4513 in
843 4461 988 4514 viam
1025 4469 1267 4526 rectam,
1306 4470 1365 4516 ut
1401 4462 1541 4516 irent
1576 4463 1629 4517 in

92 4550 106 4580 ι
132 4536 377 4599 civitatem
410 4548 777 4607 habitationis.
808 4552 1181 4608 Conﬁteantur
1201 4553 1431 4610 Domino
1461 4556 1626 4612 mise-

93 4638 108 4671 ‹
141 4626 362 4688 νῆσοι-(ηαξ
395 4637 544 4706 ejus,
581 4650 635 4696 et
685 4642 953 4697 mirabilia
999 4641 1114 4711 ejus
1148 4643 1272 4699 ﬁliis
1321 4646 1622 4702 hominum.

94 4729 110 4762 ‘
137 4712 250 4780 Quia
277 4725 484 4783 satiavit
512 4732 745 4787 animam
775 4734 986 4788 inanem
1008 4776 1021 4799 ,
1047 4743 1102 4790 et
1126 4735 1360 4789 animam
1388 4722 1629 4791 esu-riena

95 4817 112 4852 ι
145 4813 234 4862 tem
261 4816 469 4873 satiavit
500 4821 672 4878 bonis.
706 4823 968 4880 Sedentes
999 4826 1050 4878 in
1081 4825 1314 4880 tenebris
1347 4834 1399 4878 et
1425 4825 1477 4880 in
1513 4841 1631 4879 um-

98 4909 112 4941 ε
143 4895 223 4952 bra
253 4909 466 4975 mortis,
503 4913 710 4970 vinctos
746 4915 796 4969 in
826 4917 1172 4972 mendicitate
1213 4925 1268 4970 et
1302 4915 1464 4985 ferro,
1503 4917 1628 4988 quia

98 5002 112 5031 ί
142 4998 574 5058 exacerbavcrunt
612 5006 824 5076 eloquia
865 5008 991 5074 Dei,
1037 5016 1092 5063 et
1145 5008 1429 5063 consilium
1464 5009 1628 5064 Altis-

100 5089 116 5120 ε
147 5077 249 5134 simi
282 5084 640 5149 irritaverunt.
673 5096 739 5149 Et
772 5096 1112 5152 humiliatum
1147 5106 1230 5153 est
1267 5099 1319 5152 in
1356 5099 1631 5155 laboribus

102 5179 114 5210 ε
143 5179 223 5260 Ψ·
244 5187 419 5232 eorum
443 5196 456 5234 :
486 5184 737 5240 inﬁrmati
765 5194 923 5253 sunt,
957 5205 1056 5244 nec
1082 5189 1181 5242 fuit
1210 5190 1298 5257 qui
1326 5189 1625 5260 atljuvarct.

103 5269 117 5296 ⁸
151 5255 202 5298 Ε.
235 5265 585 5310 ¹⁸¹Ἷηὶςινηιοηη1
625 5278 689 5310 ml
734 5277 1015 5314 “numinum
1053 5296 1174 5316 nnn1
1219 5281 1607 5322 Ιυῖἣηισητοηιην

1741 2016 1758 2046 ι
1795 1997 2050 2051 devorata
2076 2008 2176 2052 est.
2200 1999 2264 2052 Et
2286 1999 2652 2054 clamaverunt
2677 2001 2744 2054 ad
2769 2001 3053 2055 Dominum
3077 2017 3200 2056 cum
3228 2001 3320 2054 tri-

1742 2105 1758 2136 ι
1797 2086 2127 2151 bularentur,
2159 2096 2213 2142 et
2236 2089 2302 2143 de
2325 2091 2737 2146 necessitatibus
2761 2105 2946 2145 eorum
2972 2089 3156 2145 eduxit
3199 2106 3314 2145 eos.

1742 2203 1758 2230 ι
1798 2179 1867 2233 Ει
1892 2181 2076 2234 statuit
2105 2181 2395 2249 procellam
2436 2181 2553 2249 ejus
2598 2183 2648 2236 in
2690 2196 2909 2248 auram,
2955 2190 3011 2235 et
3052 2181 3320 2236 siluerunt

1743 2289 1761 2323 ι
1797 2270 1992 2326 ﬂuctus
2022 2272 2158 2342 ejus.
2194 2273 2257 2326 Et
2285 2271 2447 2326 lmlati
2481 2282 2606 2326 sunt
2630 2273 2719 2342 qui
2750 2273 3049 2338 siluerunt,
3090 2281 3145 2326 et
3183 2274 3315 2326 edu-

1743 2379 1760 2412 ι
1795 2362 1873 2415 xit
1902 2375 1995 2416 eos
2024 2362 2077 2416 in
2109 2372 2323 2432 portum
2351 2363 2645 2419 voluntatis
2690 2379 2901 2419 eorum.
2947 2363 3321 2420 Conﬁteantur

1743 2469 1765 2506 α
1799 2453 2030 2508 Domino
2058 2455 2447 2510 misericordiae
2474 2455 2625 2524 ejus,
2657 2465 2712 2510 et
2749 2454 3015 2510 mirabilia
3049 2457 3166 2527 ejus
3197 2455 3319 2509 ﬁliis

1743 2561 1760 2596 ι
1796 2543 2092 2598 hominum.
2129 2545 2195 2598 Et
2221 2545 2491 2600 exsultent
2518 2561 2641 2600 eum
2689 2547 2741 2601 in
2789 2546 3015 2602 ecclesia
3034 2546 3236 2616 plebis,
3267 2554 3322 2600 ct

1744 2651 1762 2685 ι
1799 2633 1853 2688 in
1885 2635 2144 2690 cathedra
2172 2636 2444 2690 seniorum
2473 2637 2690 2693 laudent
2713 2653 2858 2693 eum.
2888 2638 3073 2693 Posuit
3100 2637 3319 2691 flumina

1744 2744 1762 2778 ι
1801 2726 1853 2780 in
1885 2727 2156 2782 desertum
2176 2767 2189 2791 ,
2221 2736 2276 2782 et
2303 2729 2482 2782 exitus
2510 2744 2772 2798 aquarum
2804 2731 2857 2783 in
2887 2730 3030 2784 sitim
3059 2747 3072 2796 ;
3115 2739 3316 2784 terram

1745 2837 1763 2870 ι
1800 2819 2132 2875 fructiferam
2167 2820 2222 2874 in
2261 2820 2624 2890 salsuginem,
2675 2837 2706 2874 a
2753 2821 2958 2875 malitia
3005 2821 3316 2875 inhabitan-

1743 2930 1761 2964 ‹
1804 2912 1934 2965 tium
1967 2911 2020 2965 in
2055 2925 2138 2965 ea.
2173 2911 2360 2966 Posuit
2389 2912 2666 2966 desertum
2701 2911 2752 2965 in
2784 2919 2972 2982 stagna
3015 2925 3278 2979 aquarum
3302 2951 3318 2975 ,

1743 3018 1762 3053 ‹
1801 3009 1854 3055 et
1886 3009 2086 3056 terram
2119 3002 2234 3056 sine
2263 3018 2401 3072 aqua
2436 3002 2488 3056 in
2519 3003 2698 3057 exitus
2725 3017 3005 3072 aquarum.
3044 3002 3117 3056 Et
3157 3002 3322 3057 collo-

1744 3113 1762 3146 ς
1796 3095 1937 3149 cavit
1969 3094 2079 3150 illic
2116 3095 2458 3160 esurientes,
2505 3105 2560 3150 et
2595 3095 2996 3150 constituerunt
3037 3096 3322 3150 civitatem-

1744 3204 1761 3236 ι
1801 3186 2169 3241 habitationis.
2203 3186 2270 3240 Et
2299 3187 2704 3242 seminaverunt
2727 3177 2915 3256 agros,
2948 3194 3002 3242 et
3042 3187 3320 3257 plantave-

1741 3292 1759 3325 ‹
1794 3282 1920 3327 runt
1949 3274 2164 3340 vineas,
2216 3283 2270 3330 et
2317 3274 2560 3330 fecerunt
2607 3275 2844 3331 fructum
2891 3276 3205 3331 nativitatis.
3253 3277 3322 3330 Et

1743 3383 1759 3416 t
1794 3365 2066 3420 benedixit
2103 3367 2213 3430 eis,
2247 3377 2302 3420 et
2344 3367 2687 3436 multiplicati
2735 3376 2861 3422 sunt
2905 3368 3099 3432 nimis,
3132 3377 3187 3423 ct
3226 3369 3316 3438 ju-

1740 3471 1759 3504 ι
1796 3462 1978 3508 menta
2005 3467 2190 3508 eorum
2219 3470 2324 3509 non
2355 3456 2664 3510 minoravit.
2697 3456 2764 3510 Et
2789 3456 2944 3524 pauci
2994 3455 3118 3511 facti
3157 3465 3314 3521 sunt,

1742 3559 1760 3592 ι
1797 3551 1853 3596 et
1880 3544 2056 3598 vexati
2085 3553 2214 3599 sunt
2252 3560 2282 3598 a
2325 3545 2670 3602 tribulatione
2711 3546 2974 3601 malorum
3015 3555 3072 3600 et
3111 3546 3314 3601 dolore.

1739 3654 1758 3686 ε
1801 3633 1980 3690 Effusa
2025 3644 2107 3690 est
2155 3636 2430 3691 contentio
2477 3641 2640 3706 super
2683 3637 2987 3708 principes,
3033 3647 3089 3692 et
3129 3652 3318 3692 errare

1741 3743 1759 3775 ι
1797 3724 1924 3779 fecit
1955 3739 2048 3780 eos
2079 3725 2132 3780 in
2162 3725 2309 3780 invio
2337 3734 2392 3780 et
2421 3742 2528 3780 non
2561 3726 2612 3780 in
2644 3727 2751 3781 via.
2785 3727 2852 3782 Et
2877 3726 3079 3796 adjuvit
3108 3742 3312 3796 paupe-

1737 3834 1758 3867 (
1794 3832 1906 3870 rem
1933 3816 1999 3871 de
2030 3817 2238 3886 inopia,
2271 3825 2323 3872 et
2351 3819 2528 3887 posuit
2557 3819 2696 3873 sicut
2721 3833 2849 3874 oves
2879 3819 3128 3873 familias.
3159 3817 3320 3873 Vide-

1741 3927 1760 3959 ι
1795 3909 1931 3963 bunt
1957 3909 2086 3964 recti
2115 3917 2170 3964 et
2197 3909 2542 3976 laetabuntur,
2571 3921 2625 3964 et
2649 3911 2827 3965 omnis
2853 3910 3106 3980 iniquitas
3135 3927 3316 3964 eorum

1739 4017 1758 4050 ι
1792 3998 2046 4070 oppilabit
2077 4015 2140 4054 os
2168 4015 2343 4054 suum.
2373 3999 2505 4066 Quis
2534 4000 2779 4070 sapiens,
2807 4009 2862 4056 et
2888 4001 3152 4056 custodiet
3180 4001 3314 4065 hate,

1738 4105 1756 4139 t
1794 4095 1849 4142 et
1889 4086 2154 4158 intelliget
2191 4088 2592 4144 misericordias
2633 4089 2866 4144 Domini.
2904 4108 2922 4141 ι

2293 4182 2668 4237 ENA‘RRATI
2679 4183 2744 4238 0.

1806 4271 2052 4340 Af'eluia,
2097 4273 2349 4327 Alleluia.
2381 4274 2626 4330 Psalmus
2651 4275 2754 4328 iste
2781 4275 3122 4329 commendat
3158 4273 3315 4328 nobis

1733 4363 2109 4418 miserationes
2143 4365 2237 4418 Dei
2274 4365 2624 4432 prophetatas
2664 4365 2716 4418 in
2747 4365 2924 4428 nobis,
2957 4372 3012 4417 et
3041 4364 3161 4418 ideo
3186 4379 3312 4417 sua-

1731 4454 1813 4509 vis
1843 4455 2100 4524 expertis.
2132 4454 2324 4508 Mirum
2362 4462 2540 4508 autem
2590 4454 2633 4507 si
2687 4453 2845 4507 alicui
2883 4454 2955 4506 sit
2979 4453 3178 4518 suavis,
3213 4453 3316 4508 nisi

1734 4543 1809 4598 illi
1841 4545 1930 4614 qui
1967 4546 2019 4598 in
2045 4560 2102 4599 se
2130 4544 2316 4598 didicit
2352 4544 2494 4613 quod
2525 4545 2576 4597 in
2607 4543 2810 4612 psalmo
2835 4544 3002 4602 audit.
3052 4542 3317 4598 Captatur

1737 4642 1913 4688 autem
1945 4634 2011 4689 de
2044 4634 2291 4688 universa
2318 4633 2556 4688 Ecclesia
2582 4632 2812 4697 Domini,
2847 4641 2960 4688 toto
2987 4633 3118 4688 orbe
3145 4642 3318 4688 terra-

1718 4740 1854 4796 ,rum
1887 4725 2096 4790 diffusa,
2131 4725 2336 4780 scilicet
2364 4739 2430 4780 ex
2455 4725 2659 4794 pariete
2696 4725 2962 4790 veniente,
2986 4740 3051 4779 ex
3087 4724 3317 4778 circum-

1735 4817 1958 4881 cisione,
1989 4825 2039 4871 et
2063 4832 2130 4871 ex
2165 4815 2390 4888 pariete,
2424 4831 2486 4871 ex
2525 4816 2804 4885 prmputio,
2858 4818 2911 4872 in
2952 4832 3117 4871 unum
3151 4831 3320 4886 augu-

1736 4909 2158 4979 larezn'lapidem
2181 4908 2456 4964 Christum
2477 4908 2742 4973 videlicet,
2764 4911 2855 4978 qui
2880 4918 2962 4964 est
2986 4923 3087 4977 pax
3110 4917 3316 4966 nostra.

1735 4999 1823 5069 qui
1867 5000 1996 5055 fecit
2039 5009 2266 5068 utraque
2311 5014 2496 5064 unum,
2546 4997 2599 5050 in
2647 5012 2754 5066 quo
2783 4997 3099 5059 clamamus,
3145 4996 3315 5057 Abba,

1735 5090 1894 5146 Pater
1920 5091 2092 5163 (Rom.
2126 5104 2245 5155 vm;
2291 5090 2429 5161 Eph.
2461 5090 2558 5162 tv).
2593 5088 2759 5153 Abba,
2806 5100 3064 5161 quantum
3106 5086 3173 5139 ad
3219 5083 3322 5137 lle-

1732 5184 1908 5240 braeos
1940 5199 1954 5237 :
1999 5183 2181 5249 Pater,
2206 5192 2467 5250 quantum
2492 5181 2557 5236 ad
2583 5195 2697 5233 nos.
2733 5180 2802 5234 Et
2822 5183 2946 5253 quia
2969 5177 3076 5246 agit
3109 5175 3173 5230 de
3196 5175 3324 5227 duo«

1735 5274 1830 5310 ιιιιο
1861 5276 2178 5326 nev-intibus.
2213 5273 2333 5329 ideo
2360 5275 2443 5329 bis
2469 5271 2634 5328 habet
2655 5269 2876 5328 alleluia
2911 5292 2922 5327 :
2951 5264 3089 5338 quod
3115 5262 3324 5317 alleluia

2771 5373 3042 5400 ‘tnnlnmnﬁ
3117 5368 3328 5398 αρηπιρν
