4034 6434
536 375 647 437 695

1175 368 1438 428 BEMlGll
1473 362 2138 429 ANTISSIODORENSIS
2171 362 2323 421 OPP.
2366 364 2548 424 PARS
2582 365 2627 423 Ι.
2667 397 2739 410 --
2773 364 3183 428 EXEGETICA.

3703 369 3806 428 695

528 490 676 548 unde
709 486 864 545 nobis
892 484 1242 542 subveniatur
1274 501 1288 538 :
1327 483 1456 555 quid
1490 498 1588 554 per
1627 497 1725 539 nos
1754 480 1923 537 simus
1947 519 1961 544 ,
1992 474 2120 546 quid
2147 476 2197 538 A
2225 484 2478 538 saeculum
2507 484 2867 542 misericordia
2893 487 3030 558 ejus.
3069 486 3264 542 Dicant
3301 503 3437 542 nunc
3476 488 3572 557 qui
3611 487 3803 542 redeu-

530 596 632 654 per
665 579 896 652 gratiam
943 576 1038 631 Dei
1083 576 1253 631 simus
1289 593 1302 628 :
1341 573 1612 644 quomodo
1643 571 1893 642 superbia
1936 576 2120 624 nostra

533 679 882 736 conteratur,
912 678 971 724 ut
993 666 1107 737 ejus
1139 667 1312 738 gratia
1341 666 1668 736 gloriﬁcetur
1698 679 1715 719 :
1745 672 1804 718 ut
1833 662 2122 732 unicuique

534 761 742 820 homini
777 761 829 815 in
859 760 1037 831 seipso
1062 765 1315 814 occurrat
1339 756 1482 826 quod
1503 755 1556 810 in
1579 753 1966 824 psalmoaudit.
1984 749 2118 804 Pro-

533 855 691 928 ponit
723 854 868 910 enim
909 852 1066 908 nobis
1094 850 1332 921 psalmus
1364 850 1467 905 iste
1503 856 1735 918 quatuor
1779 845 2116 907 tentationes,

536 953 773 1017 quatuor
804 943 1192 1006 invocationes,
1234 951 1467 1011 quatuor
1496 938 1845 994 liberationes
1879 950 1977 1006 pro
2014 935 2120 999 his,

536 1045 772 1107 quatuor
804 1033 1214 1090 miserationum
1252 1031 1465 1087 Domini
1504 1027 1874 1086 confessiones
1905 1047 1920 1080 ι
1948 1023 2122 1095 prima

535 1126 681 1182 enim
727 1125 953 1180 tentatio
985 1132 1068 1179 est
1105 1122 1308 1179 erroris
1347 1132 1402 1178 et
1446 1120 1637 1190 impia:
1679 1117 1827 1174 verbi
1874 1115 1999 1182 Dei;
2033 1130 2122 1171 se-

534 1219 710 1276 cunda
735 1228 818 1274 est
838 1216 1120 1274 difﬁcultas
1139 1214 1524 1272 vincendarum
1553 1211 1906 1282 cupiditatum
1927 1207 2127 1262 veteris

536 1308 976 1373 consuetudinis;
1001 1309 1158 1363 tertia
1180 1315 1264 1363 est
1282 1305 1424 1361 taedii
1442 1313 1601 1374 atque
1615 1300 1976 1358 fastidiiverbi
1996 1299 2088 1356 Dei
2106 1315 2121 1366 ;

532 1412 730 1473 quarta
756 1412 839 1458 est
866 1400 1203 1470 tempestatis
1231 1409 1286 1456 et
1310 1397 1670 1469 periculorum
1724 1397 1780 1452 in
1821 1395 2124 1467 gubernan-

535 1493 620 1548 dis
650 1492 928 1548 Ecclesiis.
957 1491 1028 1547 Ut
1057 1499 1238 1546 autem
1273 1491 1512 1546 sciamus
1535 1489 1842 1545 discernere
1868 1487 1966 1540 has
1989 1500 2123 1555 qua-

533 1591 660 1638 tuor
685 1583 1033 1649 tentationes,
1057 1581 1300 1650 exempla
1322 1580 1498 1636 danda
1529 1587 1674 1635 sunt.
1702 1577 1977 1632 Ponamus
1996 1589 2126 1646 ergo

534 1674 812 1731 hominem
850 1673 1024 1744 primo
1057 1674 1111 1729 in
1145 1672 1247 1727 hoc
1270 1679 1620 1742 quaerentem,
1653 1666 1948 1726 secundum
1975 1673 2126 1720 vete-

483 1772 485 1774 ’
536 1780 657 1821 rem
676 1767 844 1820 vitam
871 1765 1175 1822 seductoria
1197 1765 1487 1821 securitate
1509 1763 1802 1828 viventem,
1825 1757 1960 1815 nihil
1981 1756 2126 1812 aliud

2222 574 2297 644 pti
2317 584 2438 628 sunt
2465 593 2498 629 a
2531 574 2774 642 Domino,
2812 594 2942 648 quos
2973 578 3189 632 redemit
3227 578 3292 632 de
3322 593 3481 632 manu
3509 577 3734 641 inimici,
3755 587 3800 631 et

2223 664 2288 719 de
2325 666 2623 735 regionibus
2653 669 2982 738 congregavit
3023 685 3134 724 eos.
3173 669 3337 736 Quasi
3373 669 3524 723 dicat
3559 685 3572 720 :
3605 667 3709 735 Qui
3746 669 3803 722 de

2224 771 2386 808 ntanu
2427 755 2652 823 inimici,
2689 756 2743 811 id
2785 766 2864 813 est
2893 759 2959 813 de
2995 767 3259 829 potestate
3286 758 3525 823 diaboli,
3565 758 3806 826 redempti

2225 853 2367 898 sunt.
2399 845 2468 899 Et
2504 860 2574 900 ne
2616 855 2822 902 tantum
2851 847 3072 908 Judaios,
3097 865 3218 905 esse
3260 850 3571 920 redemptos
3623 847 3806 904 intelli.

2226 945 2436 1008 gerent,
2467 939 2636 994 dicit:
2682 941 2747 995 de
2773 943 3068 1012 regionibus
3107 945 3434 1014 congregavit
3473 960 3585 999 eos.
3615 942 3810 998 Omnes

2227 1026 2305 1080 illi
2339 1029 2518 1082 dicant
2557 1047 2716 1096 nunc,
2759 1030 2810 1086 id
2853 1041 2962 1098 est,
2993 1033 3211 1088 indilate
3253 1034 3391 1090 alter
3431 1035 3592 1088 alteri
3636 1034 3806 1089 istud:

2229 1117 2561 1188 Con/itemini
2603 1119 2848 1186 Domino,
2879 1122 2956 1178 ‘id
3003 1135 3086 1179 est
3126 1124 3341 1180 Iaudem
3391 1125 3599 1180 dicite:
3630 1133 3688 1180 et
3720 1124 3812 1183 hoc

2229 1209 2374 1278 ideo,
2409 1213 2658 1280 quoniam
2705 1213 2890 1280 bonus,
2920 1215 2974 1271 id
3003 1225 3106 1279 est,
3140 1216 3326 1272 suavis
3351 1217 3610 1273 omnibus
3646 1225 3730 1270 est
3758 1231 3814 1271 se

2230 1303 2389 1373 digne
2425 1304 2787 1374 gustantibus.
2830 1305 3008 1374 Quare
3036 1307 3128 1376 qui
3174 1307 3291 1362 vult
3329 1308 3579 1363 conﬁteri
3623 1317 3810 1379 gustet,

2230 1393 2356 1464 quia
2399 1409 2506 1450 non
2534 1404 2714 1466 potest
2750 1397 2997 1452 conﬁteri
3042 1397 3132 1468 qui
3174 1407 3393 1468 gustare
3435 1397 3632 1454 noluit.
3675 1395 3816 1453 Unde

2231 1489 2478 1544 dicturus
2506 1497 2592 1544 est
2619 1505 2784 1546 suave
2809 1491 2955 1560 quod
2977 1491 3167 1546 nescit.
3211 1491 3321 1546 Vos
3350 1500 3532 1546 autem
3563 1504 3754 1546 ornnes
3772 1491 3816 1544 si

2232 1581 2490 1652 gustastis
2527 1596 2690 1651 quam
2719 1583 2900 1638 suavis
2934 1591 3017 1638 est
3050 1583 3326 1648 omnibus,
3355 1581 3696 1650 Con/itemini
3727 1581 3818 1634 Do-

2231 1671 2398 1737 mino,
2437 1673 2690 1742 quoniam
2739 1673 2921 1728 suavis
2945 1681 3068 1728 est:
3118 1683 3332 1744 gustate
3373 1688 3496 1728 cum
3546 1672 3816 1735 aviditate,

2235 1777 2358 1818 cum
2393 1761 2732 1818 confessione
2779 1771 3046 1820 eructate.
3093 1761 3248 1830 Quod
3291 1763 3444 1830 dicit,
3485 1761 3817 1830 Conﬁtemini

533 1868 660 1932 post
688 1861 830 1917 hanc
859 1859 1023 1915 vitam
1053 1859 1379 1931 quandoque
1423 1856 1716 1913 ﬁniendam
1757 1868 1878 1910 esse
1905 1852 2130 1924 punien-
2159 1835 2209 1896 Β
2236 1850 2489 1918 Domino,
2517 1853 2764 1922 quoniam
2812 1853 2998 1920 bonus,
3037 1863 3093 1908 et
3119 1853 3452 1909 conﬁtemini
3489 1854 3680 1915 etiam,
3709 1853 3820 1906 ideo

534 1953 662 2007 dam
703 1967 824 2008 esse
854 1960 1150 2022 putantem,
1183 1949 1470 2006 habentem
1515 1963 1612 2004 cor
1653 1947 1906 2002 obrutum
1963 1941 2132 1998 veteri

534 2045 923 2101 consuetudine
942 2050 1312 2115 peccatorum,
1337 2049 1392 2096 et
1414 2039 1680 2095 illecebris
1708 2036 1890 2093 mundi
1914 2044 1970 2090 et
1991 2049 2131 2090 mor-

532 2133 710 2189 tiferis
739 2131 1186 2190 delectationibus
1227 2129 1565 2198 consopitum
1598 2146 1611 2182 :
1641 2137 1701 2182 ut
1726 2127 1830 2184 iste
1867 2127 2134 2182 excitetur

535 2225 606 2282 ad
627 2226 970 2296 quaerendam
992 2225 1246 2296 gratiam,
1277 2237 1472 2278 manus
1501 2221 1713 2276 Domini
1741 2220 1944 2275 excitat
1966 2232 2090 2272 eum
2115 2233 2129 2271 :

537 2323 596 2373 et
631 2315 926 2383 excitatus,
970 2312 1219 2384 intelligit
1255 2325 1314 2366 se
1349 2325 1469 2366 esse
1515 2311 1570 2365 in
1607 2324 1794 2365 errore
1827 2326 1840 2361 :
1876 2308 1969 2363 sed
2000 2321 2132 2362 non-

538 2406 667 2462 dum
692 2418 1024 2476 cognoscens
1050 2403 1193 2458 viam
1217 2402 1476 2464 veritatis,
1508 2401 1688 2472 pulsat
1705 2400 2011 2470 ubicunque
2040 2413 2132 2468 po-

537 2506 648 2553 test
677 2511 693 2550 :
724 2505 780 2550 et
800 2495 1002 2566 patitur
1028 2493 1226 2550 famem
1260 2493 1428 2564 ipsius
1460 2493 1700 2548 veritatis
1720 2534 1736 2556 ,
1767 2499 1822 2546 et
1854 2506 1996 2560 smpe
2026 2489 2134 2545 cla-

537 2588 741 2645 mando
771 2587 838 2643 ad
860 2587 1171 2652 Dominum,
1212 2587 1431 2640 tandem
1463 2584 1772 2649 exauditur,
1803 2592 1856 2638 et
1878 2582 2130 2654 perduci-

539 2691 629 2735 tur
657 2680 726 2734 ad
746 2679 885 2734 viam
909 2678 1057 2744 ﬁdei,
1079 2678 1145 2733 ad
1167 2677 1445 2733 Christum
1465 2675 1732 2740 videlicet,
1758 2675 1850 2744 qui
1872 2675 1936 2730 de
1956 2673 2133 2742 seipso

541 2771 672 2828 dicit
708 2788 722 2825 :
759 2769 874 2840 Ego
901 2786 1017 2825 sum
1044 2768 1129 2823 via
1155 2778 1204 2824 et
1234 2769 1423 2823 veritas
1450 2776 1497 2821 et
1524 2767 1630 2820 vita
1661 2765 1840 2838 (Joan.
1875 2766 1985 2835 xtv)
2025 2783 2038 2819 :
2079 2773 2134 2819 et

539 2861 622 2918 sic
641 2861 849 2932 positus
870 2871 949 2915 est
975 2859 1029 2914 in
1053 2858 1138 2916 via
1164 2858 1389 2924 veritas,
1411 2857 1554 2914 viam
1578 2857 1760 2913 sciens
1783 2857 1912 2927 quid
1941 2856 2131 2912 obser-

539 2964 674 3007 vare
696 2952 910 3007 debeat.
941 2949 1048 3006 Sed
1073 2950 1328 3020 quoniam
1353 2948 1506 3003 multi
1545 2948 1757 3004 liberati
1791 2947 1856 3003 de
1884 2949 1985 3003 hac
2011 2956 2130 3011 ten-

543 3044 751 3100 tatione
779 3045 845 3100 de
885 3060 944 3100 se
979 3044 1206 3099 multum
1242 3043 1641 3114 przesumendo,
1689 3042 1930 3098 volentes
1969 3057 2130 3112 repu-

543 3151 711 3206 gnare
724 3136 1106 3206 cupiditatibus
1125 3145 1175 3192 et
1189 3135 1356 3192 veteri
1373 3133 1746 3190 consuetudini
1761 3141 2127 3203 peccatorum,

543 3225 826 3284 inveniunt
847 3243 905 3284 se
925 3226 1239 3285 difﬁcultate
1253 3228 1509 3284 vitiorum
1533 3227 1948 3298 circumseptos,
1975 3228 2126 3298 quasi
2155 3197 2202 3260 ο

546 3335 708 3378 muro
737 3321 1190 3394 impossibilitatis
1227 3331 1409 3380 erecto
1438 3342 1452 3378 :
1483 3323 1666 3379 ethoc
1693 3323 1834 3389 ideo,
1864 3321 1989 3393 quia
2021 3337 2129 3378 non

546 3414 617 3471 de
649 3415 761 3472 Deo
810 3416 904 3472 sed
945 3416 1012 3472 de
1053 3416 1258 3472 viribus
1297 3417 1410 3472 suis
1454 3416 1882 3486 praesumebant;
1909 3416 2011 3472 hac
2036 3431 2133 3469 au-

545 3509 658 3558 tem
691 3504 986 3560 tentatione
1007 3505 1096 3560 diu
1123 3504 1350 3577 fatigati,
1383 3505 1688 3560 exclamant
1708 3505 1778 3560 ad
1803 3504 2127 3562 Dominum:

543 3602 601 3649 et
623 3594 885 3650 Dominus
905 3594 996 3665 qui
1019 3595 1169 3664 prius
1187 3597 1364 3664 posuit
1390 3611 1484 3651 eos
1509 3596 1561 3650 in
1589 3595 1673 3650 via
1690 3596 1962 3662 veritatis,
1985 3613 2135 3652 rum-

540 3684 624 3755 pit
649 3685 866 3740 vincula
903 3683 1248 3751 ditﬁcultatis,
1292 3685 1670 3741 constituendo
1708 3700 1804 3743 eos
1842 3686 1898 3740 in
1937 3699 2130 3756 Opera-

540 3777 688 3833 tione
717 3777 986 3848 aequitatis
1032 3796 1047 3833 :
1098 3786 1157 3833 ut
1183 3777 1297 3849 jam
1340 3778 1419 3834 eis
1455 3779 1528 3833 sit
1576 3777 1754 3845 facile,
1799 3778 1946 3849 quod
1982 3779 2135 3849 prius

541 3875 662 3922 erat
689 3867 922 3934 diﬁicile,
957 3868 1229 3925 abstinere
1261 3868 1468 3924 scilicet
1505 3884 1537 3923 a
1578 3869 1755 3934 malis,
1794 3885 1902 3924 non
1926 3869 2136 3929 adulte-

541 3972 685 4020 rare.
732 3974 840 4014 non
870 3959 1103 4015 alienum
1135 3960 1555 4029 concupiscere;
1597 3968 1652 4016 et
1676 3961 1758 4017 sic
1793 3960 1995 4017 factum
2027 3968 2130 4028 est,

544 4047 690 4119 quod
727 4048 878 4118 prius
897 4057 1018 4104 erat
1043 4048 1344 4103 difﬁcultas.
1376 4047 1502 4103 Haec
1533 4049 1714 4104 omnia
1742 4059 1925 4120 posset
1949 4049 2133 4106 Domi-

543 4151 648 4193 nus
667 4136 785 4193 sine
811 4136 1122 4192 ditﬁcultate
1145 4146 1423 4208 praestare,
1450 4138 1545 4193 sed
1571 4138 1617 4193 si
1640 4138 1744 4194 hoc
1763 4140 1883 4194 sine
1907 4138 2132 4194 difﬁcul-

545 4235 661 4283 tate
682 4227 1030 4294 haberemus,
1050 4243 1159 4282 non
1190 4228 1322 4283 tanti
1354 4227 1481 4284 boni
1509 4228 1792 4284 Dominum
1818 4229 2130 4300 largitorem

540 4333 956 4392 agnosceremus
975 4339 988 4374 :
1010 4320 1135 4390 quia
1151 4321 1194 4376 si
1209 4320 1460 4390 primitus
1470 4321 1696 4393 quisque
1709 4338 1830 4378 cum
1844 4321 2003 4376 vellet
2015 4336 2134 4391 pos-

543 4418 696 4467 setet
709 4426 814 4466 non
836 4411 1239 4468 sentiretullum
1256 4413 1541 4468 adversum
1571 4428 1631 4469 se
1664 4413 2128 4483 impedimentum,

540 4501 656 4557 suis
679 4501 884 4558 viribus
911 4504 1172 4562 tribueret
1200 4505 1341 4574 quod
1370 4521 1430 4561 se
1462 4520 1619 4576 posse
1643 4506 1890 4572 sentiret,
1929 4515 1985 4562 et
2021 4521 2126 4562 non

539 4592 889 4650 conﬁteretur
913 4593 1139 4652 Domino
1163 4597 1535 4653 miserationes
1560 4597 1695 4668 ejus.
1719 4596 2003 4653 Liberatus
2031 4613 2125 4653 au-

540 4695 656 4738 tem
675 4683 920 4754 quisquis
964 4686 1031 4741 ab
1074 4687 1159 4742 his
1198 4687 1583 4743 tentationibus
1609 4688 1811 4754 tribus,
1842 4691 1910 4745 ab
1938 4703 2130 4764 errore

538 4782 594 4828 et
629 4775 808 4844 inopia
837 4775 988 4831 verbi
1016 4776 1137 4845 Dei,
1167 4794 1197 4832 a
1225 4778 1539 4834 dilﬁcultate
1581 4780 1870 4850 superandi
1912 4791 2124 4837 veteres

523 4838 982 4944 fconsuetudines,
1019 4886 1050 4925 a
1082 4871 1239 4927 taedio
1264 4880 1425 4942 atque
1447 4838 1664 4929 fastidio
1689 4873 1836 4928 verbi
1866 4874 1983 4940 Dei,
2010 4873 2120 4945 jam

529 4955 736 5027 dignus
773 4967 857 5013 est
899 4968 958 5014 ut
1005 4962 1409 5017 commendetur
1453 4963 1502 5018 ei
1543 4963 1766 5034 populus
1802 4963 2014 5021 Domini
2053 4966 2122 5022 ad

540 5044 968 5114 gubernandum.
1023 5046 1128 5103 Ubi
1192 5057 1441 5120 quartam
1498 5051 1700 5120 patitur
1751 5054 2123 5120 tentatiouent,

538 5137 881 5210 naufragium
909 5139 1118 5197 scilicet
1163 5151 1218 5197 et
1263 5142 1552 5198 sediliosas
1598 5154 1968 5216 tempestates,
2005 5161 2126 5216 quae

539 5229 714 5286 solent
742 5232 874 5287 oriri
902 5248 932 5286 a
967 5235 1220 5290 cordibus
1248 5235 1606 5303 subditorum,
1649 5252 1714 5293 ex
1753 5239 1948 5309 quibus
1975 5239 2121 5295 sedi.

540 5317 775 5375 tionibus
798 5323 1030 5378 maxime
1053 5325 1422 5394 periclitantur
1446 5327 1689 5396 praelati:
1715 5329 1840 5398 quia
1876 5329 1974 5401 ipsi
2001 5345 2123 5387 cum

538 5411 770 5468 subditis
794 5415 907 5469 suis
927 5415 1080 5484 quasi
1103 5416 1155 5470 in
1178 5417 1300 5471 navi
1325 5426 1452 5472 sunt
1473 5419 1561 5474 ubi
1587 5419 1677 5474 alii
1699 5428 2005 5490 portantur,
2032 5423 2122 5478 alii

537 5507 834 5572 Oper-antur
849 5522 863 5560 :
879 5515 933 5562 ct
946 5522 1135 5564 omnes
1145 5509 1301 5565 simul
1317 5509 1704 5580 periclitantur,
1721 5520 1775 5566 et
1788 5512 1838 5566 in
1856 5523 2010 5582 portu
2025 5514 2125 5570 sal-

537 5601 753 5647 vantur.
778 5594 849 5650 De
864 5595 947 5652 his
970 5598 1352 5654 tentationibus
1391 5607 1445 5655 et
1470 5599 1536 5656 de
1561 5601 1750 5656 harum
1771 5603 2122 5660 tentationum

538 5680 945 5746 liberationibus
965 5691 1075 5762 agit
1090 5692 1328 5762 psalmus
1344 5693 1445 5749 iste
1459 5693 1610 5765 cujus
1629 5693 1842 5750 initium
1873 5693 1977 5750 tale
1998 5704 2080 5750 est
2106 5714 2119 5750 :

539 5813 548 5825 .
612 5774 945 5848 Conﬁtemini
995 5781 1248 5852 Domino,
1272 5785 1520 5856 quoniam
1555 5785 1743 5854 bonus,
1780 5786 2027 5860 quoniam
2069 5787 2120 5842 in

2234 1942 2360 2013 quia
2386 1943 2760 1999 misericordia
2791 1943 2908 2014 ejus
2936 1953 3021 2000 est
3045 1946 3409 2016 perducturus
3435 1959 3536 1998 nos
3572 1943 3626 1997 in
3653 1958 3814 1997 saecu-

2233 2033 2345 2088 lum
2369 2051 2385 2089 :
2413 2033 2540 2104 quia
2563 2034 2652 2090 hic
2693 2047 3047 2105 praerogatur,
3080 2043 3140 2090 ut
3164 2035 3244 2101 ,in
3282 2043 3548 2089 :eternum
3592 2033 3818 2097 vivatur,

2232 2134 2289 2182 et
2309 2127 2488 2182 dicant
2523 2127 2625 2183 hoc
2649 2141 2837 2184 omnes
2862 2127 3001 2182 alter
3034 2127 3212 2192 alteri,
3240 2127 3330 2198 qui
3359 2125 3613 2195 redempti
3647 2135 3766 2177 sunt
3789 2139 3821 2176 α

2232 2217 2480 2284 Domino,
2506 2235 2634 2290 quos
2657 2219 2869 2274 redemit
2900 2219 2964 2273 de
2994 2235 3155 2274 manu
3181 2219 3399 2284 inimici,
3425 2226 3476 2272 et
3510 2216 3578 2272 de
3598 2217 3820 2286 regioni-

2234 2310 2330 2366 bus
2375 2310 2701 2382 congregavit
2740 2326 2847 2364 eos.
2895 2309 2965 2366 Et
2992 2325 3061 2366 ne
3097 2310 3472 2380 acciperemus
3513 2317 3726 2364 tantum
3760 2307 3822 2362 de

2232 2400 2455 2457 Iudaico
2490 2400 2708 2472 populo,
2739 2415 2846 2455 non
2891 2401 2958 2456 de
2987 2409 3100 2455 tota
3138 2401 3403 2467 Ecclesia,
3433 2399 3499 2455 de
3545 2407 3660 2454 toto
3698 2397 3824 2454 orbe

2234 2498 2481 2564 collecta,
2514 2497 2667 2568 quasi
2696 2498 2765 2554 de
2787 2496 2962 2566 ampla
2988 2495 3198 2568 Egypto
3226 2494 3476 2558 liberata,
3509 2500 3568 2548 et
3590 2491 3662 2546 de
3690 2489 3822 2546 mul-

2237 2590 2305 2646 tis
2338 2590 2648 2661 regionibus
2669 2597 3014 2660 congregata.
3043 2588 3330 2659 sequitur:
3376 2585 3422 2637 Α
3464 2583 3592 2639 solis
3641 2594 3760 2637 om
3779 2591 3824 2635 et

2234 2698 2440 2747 occasu,
2467 2681 2533 2734 ab
2565 2679 2807 2751 aquilone
2848 2689 2896 2734 et
2925 2681 3091 2744 mari,
3123 2677 3280 2749 quasi
3305 2677 3486 2733 dicat:
3531 2674 3680 2731 Vere
3700 2691 3822 2728 con-

2232 2773 2460 2843 gregavit
2489 2788 2574 2826 eos
2605 2771 2668 2825 de
2698 2770 3016 2841 regionibus,
3047 2769 3172 2840 quia
3219 2785 3253 2823 a
3289 2766 3416 2824 solis
3465 2776 3587 2820 ortu
3609 2806 3629 2832 ,
3667 2764 3722 2818 id
3747 2773 3825 2818 est

2234 2875 2264 2914 a
2293 2858 2518 2916 Iudaico
2567 2859 2787 2930 p0pulo,
2842 2859 2930 2915 cui
2973 2873 3071 2929 per
3101 2857 3296 2928 legalia
3331 2856 3577 2912 instituta
3615 2862 3675 2910 et
3708 2870 3820 2924 pro-

2231 2951 2447 3020 phetica
2465 2951 2607 3007 dicta
2631 2951 2710 3007 sol
2737 2948 2963 3021 justitizn
2988 2958 3141 3005 ortus
3169 2948 3306 3013 fuit;
3335 2957 3382 3002 et
3422 2963 3638 3011 occasu,
3671 2945 3724 3000 id
3747 2954 3829 2999 est

2235 3054 2265 3094 a
2287 3039 2472 3110 gentili
2496 3040 2718 3111 populo,
2751 3039 2840 3095 ubi
2881 3055 3096 3110 semper
3118 3037 3219 3096 fuit
3254 3053 3505 3102 occasus,
3530 3052 3827 3107 congrega-

2234 3133 2311 3187 vit
2337 3132 2598 3187 Dominus
2625 3146 2772 3187 suos.
2805 3130 2954 3200 Quos
2997 3132 3113 3202 ipse
3149 3129 3399 3201 intelligit
3427 3144 3526 3200 per
3571 3143 3824 3184 occasum

2231 3225 2491 3280 ostendit.
2522 3224 2601 3278 Ab
2631 3225 2875 3298 aquilone
2900 3235 2950 3282 et
2980 3226 3135 3280 mari.
3163 3225 3269 3281 Per
3293 3225 3603 3295 aquilonem
3639 3232 3826 3296 gentes

2232 3317 2624 3390 intelliguntur,
2670 3319 2798 3389 quia
2852 3319 2905 3375 in
2945 3318 3027 3374 eis
3073 3318 3444 3375 dominabitur
3483 3317 3636 3373 calor
3660 3315 3825 3370 divini

2232 3411 2455 3476 amoris,
2483 3410 2577 3466 sed
2608 3410 2780 3482 frigus
2801 3411 3034 3482 peccati.
3074 3409 3224 3466 Mare
3245 3409 3411 3466 etiam
3441 3417 3726 3472 vocantur,
3756 3408 3823 3460 ah

2233 3501 2595 3559 amaritudine
2620 3503 2836 3559 mentis.
2873 3503 2982 3560 Hos
3027 3503 3162 3560 tales
3191 3504 3417 3559 redemit
3452 3503 3734 3568 Dominus,
3771 3511 3826 3556 et

2235 3593 2301 3648 de
2325 3593 2635 3664 regionibus
2659 3595 3027 3666 congregavit,
3057 3603 3113 3649 et
3139 3609 3275 3665 opus
3296 3593 3398 3648 fuit
3427 3605 3486 3648 ut
3523 3609 3820 3664 congrega-

2235 3693 2422 3739 rentur
2444 3725 2461 3751 ,
2489 3695 2543 3741 et
2589 3686 3005 3752 redimerentur,
3037 3688 3162 3758 quia
3198 3696 3503 3741 erraverunt
3546 3687 3601 3740 in
3639 3686 3825 3740 solitu-

2234 3777 2355 3831 dine
2409 3778 2465 3832 in
2509 3779 2785 3848 inaquoso,
2835 3789 2884 3833 et
2923 3780 3060 3834 viam
3113 3779 3338 3834 civitatis
3391 3778 3684 3832 habitaculi
3722 3793 3824 3830 non

2233 3869 2557 3924 invenerunt.
2600 3868 2737 3926 Ecce
2787 3867 2902 3938 jam
2953 3879 3172 3926 notatur
3212 3871 3302 3925 hic
3345 3870 3520 3940 prima
3574 3869 3821 3932 tentatio,

2235 3962 2436 4017 erroris
2463 3960 2712 4017 videlicet
2740 3971 2796 4016 et
2837 3959 2996 4017 famis
3037 3961 3187 4018 verbi
3226 3961 3345 4028 Dei,
3377 3977 3499 4016 cum
3547 3960 3686 4015 dicit
3730 3974 3824 4014 eos

2233 4068 2447 4110 errasse
2496 4054 2549 4108 in
2575 4053 2884 4109 solitudine.
2933 4053 3087 4121 Quod
3136 4061 3297 4109 vocat
3333 4053 3422 4108 hic
3472 4051 3823 4108 solitudinem

2234 4144 2485 4214 superius
2507 4144 2781 4200 desertum
2809 4145 2913 4200 hoc
2946 4143 3196 4199 idumaeas
3219 4151 3472 4199 vocatum
3491 4152 3601 4208 est,
3636 4143 3692 4197 in
3719 4157 3824 4212 quo

2231 4233 2449 4291 deserto
2474 4234 2704 4304 quisque
2751 4241 2900 4288 errat
2923 4233 3016 4304 qui
3054 4234 3327 4289 illecebris
3369 4233 3555 4287 mundi
3583 4240 3642 4287 et
3671 4231 3820 4286 dele-

2231 4327 2559 4383 ctationibus
2581 4341 2676 4382 cor
2699 4326 2933 4396 sopitum
2959 4325 3140 4381 habet.
3165 4326 3262 4380 Est
3297 4324 3460 4380 etiam
3491 4324 3545 4378 in
3577 4323 3702 4380 loco
3744 4324 3826 4378 in-

2230 4433 2460 4490 aquoso,
2486 4418 2611 4489 quia
2637 4417 2840 4472 invenit
2861 4416 2932 4472 ibi
2952 4415 3322 4482 refectionem,
3351 4417 3493 4472 unde
3511 4417 3821 4487 exstinguat

2235 4510 2382 4566 sitim
2405 4508 2630 4565 erroris.
2665 4507 2817 4575 Quod
2843 4507 2997 4574 dicit,
3030 4507 3354 4562 Erraverunt
3379 4508 3434 4561 in
3459 4505 3751 4561 solitudine
3769 4507 3822 4559 in

2233 4602 2506 4671 inaquoso,
2534 4599 2670 4654 viam
2689 4598 2916 4653 civitatis
2943 4615 3046 4652 non
3069 4599 3392 4652 invenerunt.
3424 4596 3482 4652 In
3505 4597 3612 4653 hac
3635 4597 3822 4652 solitu-

2233 4691 2359 4746 dine
2388 4690 2539 4745 multi
2567 4691 2706 4744 viam
2731 4697 3199 4759 monstraverunt,
3219 4698 3279 4744 ut
3307 4689 3615 4759 philosophi
3645 4689 3819 4754 multi,

2231 4778 2550 4835 Aristoteles
2581 4788 2636 4834 et
2659 4778 2749 4833 alit
2779 4779 2951 4834 multi.
2985 4778 3225 4846 Quorum
3254 4787 3433 4834 tamen
3465 4778 3647 4834 nullus
3679 4780 3818 4834 viam

2233 4873 2381 4928 dedit
2412 4872 2477 4927 ad
2505 4872 2779 4927 civitaten.
2817 4871 3201 4927 habitationis:
3241 4871 3366 4941 quia
3409 4880 3679 4941 quotquot
3709 4871 3820 4926 fue-

2233 4971 2362 5019 runt
2425 4964 2570 5019 cives
2629 4961 2980 5034 Babyloniae,
3038 4977 3148 5017 non
3211 4960 3531 5026 Jerusalem,
3601 4962 3821 5016 fuerunt

2229 5054 2490 5110 ducentes
2541 5067 2668 5109 suos
2704 5053 3004 5110 imitatores
3037 5053 3104 5108 ad
3147 5054 3420 5108 civitatem
3457 5053 3816 5109 confusionis.

2228 5143 2414 5200 Potest
2441 5144 2542 5215 legi
2574 5143 2640 5198 ad
2685 5143 3091 5201 similitudinem
3131 5142 3272 5213 quod
3299 5142 3449 5205 dicit,
3488 5139 3818 5198 Erraverunt

2227 5237 2283 5292 in
2310 5237 2592 5293 solitudine
2619 5237 2675 5290 in
2701 5239 2952 5307 inaquoio
2972 5250 2991 5288 .'
3029 5251 3218 5292 omnes
3256 5235 3600 5292 ambulantes
3628 5253 3816 5293 secun-

2229 5329 2356 5386 dum
2379 5330 2480 5384 hoc
2509 5327 2767 5384 saeculum
2809 5343 3062 5398 nequam,
3095 5327 3187 5382 ubi
3225 5327 3381 5381 toties
3424 5326 3492 5380 de
3531 5327 3642 5381 viis
3671 5342 3816 5381 erra-

2233 5428 2338 5484 tur,
2388 5417 2782 5488 comparahiles
2827 5416 2954 5472 facti
2997 5424 3123 5471 sunt
3173 5417 3225 5470 in
3271 5415 3560 5470 solitudine
3602 5416 3808 5486 positis,

2227 5511 2423 5583 quibus
2470 5525 2575 5564 non
2621 5517 2844 5580 apparet
2892 5508 2999 5573 via,
3039 5507 3235 5576 quibus
3287 5507 3377 5561 siti
3434 5506 3810 5560 laborantibus

2227 5620 2502 5674 nunquam
2551 5603 2691 5658 adsit
2727 5617 2887 5672 aqua,
2939 5600 3137 5670 quibus
3174 5601 3443 5655 incertum
3473 5599 3546 5653 sit
3573 5614 3804 5668 quanam

2225 5697 2432 5767 possint
2457 5693 2738 5766 pervenire
2761 5693 2827 5748 ad
2853 5690 3237 5746 habitationem
3264 5689 3521 5760 aliquam.
3553 5688 3804 5743 Esurien-

2225 5799 2298 5844 tes
2321 5797 2367 5842 et
2396 5787 2646 5851 sitientes,
2676 5785 2852 5839 anima
2874 5798 3053 5840 eorum
3076 5782 3128 5836 in
3159 5782 3282 5852 ipsis
3307 5781 3514 5852 defecit.
3543 5778 3684 5835 Ecce
3708 5791 3799 5848 pro
