4034 6424
226 406 333 474 697

1359 411 1895 474 ENARRATIONES
1932 415 2001 471 ΙΝ
2038 416 2372 480 PSALMOS.

3387 433 3489 491 698

225 508 431 577 quibus
468 505 522 562 in
550 521 737 563 errore
764 508 1139 564 tentabantur:
1178 511 1447 581 quomodo
1470 526 1531 565 se
1556 522 1812 579 reeogno-
1839 510 1890 569 A
1917 513 2197 569 resistendi
2228 520 2396 575 veteri
2426 522 2824 589 consuetudini,
2855 531 2910 579 et
2952 522 3030 580 sic
3060 526 3315 596 inﬁrmati
3344 543 3488 592 sunt,

224 607 465 663 scentes,
509 598 691 653 dolent
716 613 776 654 se
819 613 941 654 esse
979 598 1032 652 in
1061 614 1284 655 errore:
1329 602 1423 656 sed
1466 599 1643 654 adhuc
1672 600 1812 653 viam

226 687 478 742 veritatis
517 688 849 758 ignorantes,
879 690 1182 745 nescientes
1206 706 1237 745 a
1279 706 1385 761 quo
1426 692 1533 745 sint
1569 691 1810 755 excitati,

222 777 481 831 esuriunt
507 786 563 831 et
595 778 785 833 sitiunt
808 777 1075 845 justitiam
1117 780 1315 851 ubique
1342 791 1646 851 qumrentes
1672 782 1813 836 unde

224 865 567 934 reficiantur,
605 868 752 924 velut
775 862 851 925 de~
868 870 1117 927 Cornelio
1145 872 1361 942 legitur,
1400 874 1489 943 qui
1521 883 1811 943 antequam

222 974 326 1029 per
364 960 582 1016 Petrum
626 973 979 1033 cognosceret
1008 965 1151 1019 viam
1190 966 1455 1030 veritatis,
1489 981 1547 1021 se
1594 981 1714 1020 esse
1758 966 1811 1019 in

220 1068 414 1108 errore
444 1054 773 1125 recognovit.
805 1054 850 1107 A
877 1070 983 1125 quo
1007 1070 1193 1111 errore
1222 1065 1279 1110 ut
1305 1055 1627 1111 liberaretur
1650 1070 1812 1109 oran-

220 1149 313 1213 do,
342 1148 714 1220 eleemosynas
744 1150 1013 1219 faciendo,
1064 1155 1383 1223 caeterisque
1433 1154 1588 1209 bonis
1635 1154 1813 1224 operi-

222 1242 328 1296 bus
370 1243 620 1298 omnibus
664 1244 842 1300 modis
872 1244 1168 1301 laborabat.
1210 1246 1308 1301 Cui
1354 1246 1564 1300 tandem
1608 1246 1809 1301 dictum

219 1343 306 1389 est
335 1351 349 1387 :
385 1334 614 1399 Corneli,
650 1338 795 1391 mitte
822 1347 870 1393 et
900 1341 1096 1393 accersi
1137 1338 1399 1394 Simonem
1424 1340 1513 1411 qui
1549 1339 1813 1410 cognomi-

220 1434 387 1478 natur
413 1422 629 1491 Petrus,
677 1427 766 1482 bic
796 1428 938 1484 dicet
976 1430 1070 1484 tibi
1099 1431 1227 1501 quid
1260 1442 1310 1485 te
1332 1438 1586 1501 oporteat
1630 1429 1812 1485 facere

218 1514 383 1584 (Act.
431 1515 512 1586 ι).
546 1515 686 1583 Quid
728 1518 893 1572 etiam
945 1519 1032 1573 hic
1058 1520 1233 1574 notari
1284 1528 1483 1590 potest,
1519 1519 1608 1574 ubi
1638 1519 1806 1574 dicit:

221 1595 551 1663 Erraverunt
622 1610 675 1663 in
730 1610 1033 1677 solitudine,
1084 1624 1139 1667 et
1185 1622 1372 1682 postea
1431 1614 1713 1666 esurientes
1762 1622 1809 1665 et

219 1701 475 1755 sitientes.
536 1701 641 1756 Per
690 1703 804 1758 bzec
860 1705 966 1759 duo
1024 1715 1242 1761 notatur
1308 1707 1544 1760 maxima
1599 1704 1811 1761 affectio

220 1808 384 1862 quam
413 1792 739 1861 habuerunt,
769 1804 827 1850 ut
854 1797 1046 1852 civitas
1074 1799 1365 1853 habitaculi
1395 1799 1475 1853 eis
1496 1798 1810 1853 ostendere-

222 1892 331 1937 tur.
378 1883 559 1951 Quare
612 1895 790 1942 autem
844 1889 1169 1954 esurierunt,
1224 1888 1549 1961 subjungit:
1617 1888 1808 1941 Anima
1842 1876 1883 1933 Β

220 1992 403 2031 eorum
436 1977 492 2030 in
519 1978 644 2045 ipsis
678 1978 887 2048 defecit,
911 1980 1035 2051 quia
1065 1980 1163 2050 ipsi
1202 1980 1498 2035 secundum
1541 1978 1810 2033 desideria

220 2082 316 2121 sua
344 2067 610 2135 viventes,
638 2070 772 2125 nihil
793 2081 990 2140 printer
1016 2071 1283 2127 defectum
1306 2073 1359 2126 in
1386 2086 1444 2126 se
1470 2071 1806 2125 invenerunt.

222 2158 291 2212 Et
341 2159 456 2215 haec
501 2171 953 2231 recognoscentes
1007 2160 1361 2217 clamauerunt
1407 2166 1474 2215 ad
1529 2161 1809 2214 Dominum

221 2268 338 2307 cum
380 2252 762 2307 tribularentur
817 2254 1163 2309 tribulatione
1204 2256 1454 2325 superius
1507 2260 1709 2315 notata,
1762 2259 1812 2304 et

221 2362 333 2417 Ipse
363 2348 553 2417 eripuit
584 2364 670 2401 eos
720 2349 784 2401 de
835 2348 1224 2402 necessitatibus
1270 2364 1470 2411 eorum,
1522 2346 1574 2399 id
1613 2352 1716 2409 est,
1745 2343 1812 2397 de

221 2438 461 2492 tenebris
488 2438 804 2509 ignorantiae
834 2456 847 2495 :
883 2454 1018 2508 quas
1059 2438 1184 2506 sibi,
1217 2436 1568 2508 relinquendo
1612 2435 1808 2499 lucem,

217 2528 561 2584 necessarias
588 2528 835 2584 fecerunt
861 2547 874 2582 :
905 2529 1030 2600 quia
1056 2530 1146 2599 qui
1172 2528 1391 2598 reliquit
1421 2528 1596 2582 lucem
1623 2539 1812 2581 neces-

214 2619 367 2675 sario
401 2619 654 2674 tenebras
702 2620 950 2684 incurrit,
997 2636 1119 2676 cum
1156 2635 1262 2675 non
1299 2621 1369 2673 sit
1405 2619 1641 2673 medium
1671 2617 1813 2671 inter

216 2714 478 2768 tenebras
518 2723 574 2768 et
618 2712 813 2768 lucem.
855 2712 923 2767 Et
964 2715 1181 2769 deduxit
1211 2729 1295 2768 eos
1329 2714 1383 2767 in
1412 2712 1545 2766 viam
1575 2721 1792 2777 rectam,

214 2801 272 2857 id
302 2812 390 2857 est
414 2804 478 2857 ad
517 2803 879 2875 cognitionem
904 2804 1171 2869 veritatis,
1200 2812 1257 2858 ut
1286 2803 1365 2858 sic
1386 2804 1520 2856 irent
1545 2802 1597 2855 in
1621 2802 1808 2855 civita-

214 2902 320 2947 tem
347 2894 721 2950 habitationis:
748 2910 855 2951 non
904 2897 973 2951 ad
1006 2896 1283 2951 civitatem
1331 2893 1666 2950 confusionis
1705 2907 1812 2962 quo

213 2984 375 3055 prius
402 2984 570 3050 ibant,
612 2986 830 3057 quando
871 2986 923 3041 in
973 3000 1159 3043 errore
1202 2986 1444 3042 fuerunt.
1490 2985 1812 3041 Audivimus

214 3075 669 3132 exclamationem
697 3078 764 3133 de
791 3079 1086 3134 tentatione
1115 3078 1310 3148 prima,
1340 3078 1643 3133 audivimus
1674 3075 1809 3131 libe-

215 3168 489 3223 rationem
518 3186 531 3223 :
567 3170 813 3241 sequitur
840 3168 1108 3227 confessio
1158 3170 1523 3227 miserationis
1571 3168 1805 3233 Domini,

1916 607 1969 661 id
1997 616 2098 673 est,
2131 610 2372 667 infirmos
2398 621 2584 667 contra
2606 623 2815 669 veteres
2849 619 3265 673 consuetudines
3290 635 3348 675 se
3371 635 3492 675 esse

1914 712 2360 770 recognoverunt.
2410 704 2478 758 Et
2520 721 2625 761 non
2669 706 2767 774 fuit
2798 709 2889 777 qui
2938 709 3231 777 adjuvaret,
3282 710 3345 763 id'
3384 720 3487 775 est,

1913 790 2292 847 intellexerunt
2335 794 2535 849 nullum
2584 811 2704 851 esse
2745 796 3043 867 adjutorcm
3076 810 3271 869 praeter
3299 801 3488 859 Deum.

1912 890 1958 933 et
1980 881 2057 937 sic
2090 881 2440 937 clamauerunt
2472 886 2539 937 ad
2571 885 2854 939 Dominum
2876 904 2991 940 cum
3021 888 3420 951 tribularentur,
3443 896 3491 941 et

1911 971 1975 1024 de
2013 972 2401 1027 necessitatibus
2445 991 2623 1028 eornnt
2678 976 2913 1031 liberavit
2972 993 3093 1032 eos:
3139 990 3185 1032 et
3223 978 3493 1049 quomodo

1912 1062 2057 1116 hoc?
2083 1062 2214 1129 Quia
2245 1064 2420 1117 eduxit
2441 1082 2527 1118 eos
2547 1066 2611 1120 de
2633 1067 2874 1131 tenebris,
2901 1069 2951 1122 id
2979 1078 3061 1124 est
3080 1069 3147 1123 de
3175 1070 3491 1133 tentatione,

1912 1166 2030 1220 qua:
2060 1151 2163 1207 fuit
2188 1153 2371 1207 umbra
2394 1157 2615 1210 mortis:
2645 1168 2692 1211 et
2723 1159 2936 1213 tandem
2973 1159 3178 1213 vincula
3204 1176 3407 1223 eorum,
3441 1160 3494 1213 id

1911 1251 2012 1309 est,
2041 1244 2403 1301 difﬁcultatem
2428 1249 2673 1303 vincendi
2722 1250 2965 1307 carnales
3004 1252 3489 1321 concupiscentias,

1911 1336 2154 1407 disrupit.
2203 1337 2396 1396 Unde:
2444 1341 2805 1409 Conﬁteantur
2847 1344 3070 1398 Domino
3120 1344 3494 1398 misericordia

1911 1431 2044 1500 ejus,
2068 1441 2115 1486 et
2148 1433 2411 1490 mirabilia
2442 1437 2554 1506 ejus
2590 1438 2717 1507 ﬁliis
2744 1440 3011 1493 hominum
3035 1456 3053 1493 :
3081 1454 3249 1509 quare
3285 1440 3406 1493 dico
3434 1446 3495 1493 ut

1912 1524 2318 1581 confiteantur?
2362 1528 2501 1594 Quia
2549 1535 2789 1586 contrivit
2838 1544 3014 1602 portas
3062 1550 3245 1596 a’reas,
3298 1533 3495 1603 quibus

1912 1616 2258 1687 circumsepti
2306 1629 2479 1684 erant,
2515 1636 2581 1675 ne
2608 1624 2818 1677 exirent
2855 1633 2913 1677 ut
2942 1634 3322 1692 operarentur,
3350 1624 3494 1692 quod

1912 1710 2112 1764 bonum
2171 1713 2502 1780 operandam
2564 1729 2684 1769 esse
2746 1714 3165 1770 intellexerunt:
3225 1725 3273 1769 et
3333 1724 3495 1768 vectes

1913 1804 2109 1870 ferreos
2149 1802 2421 1873 confregit,
2464 1813 2522 1858 ut
2549 1813 2694 1859 esset
2738 1805 2817 1859 eis
2847 1805 3002 1861 facile
3040 1805 3295 1860 resistere
3322 1804 3490 1858 veteri

1911 1894 2310 1960 consuetudini,
2339 1896 2479 1965 quod
2505 1896 2654 1966 prius
2688 1897 2766 1951 eis
2791 1906 2908 1951 erat
2937 1896 3169 1961 dillicilc,
3199 1910 3321 1950 cum
3350 1894 3416 1948 de
3436 1909 3496 1948 sc

1912 1985 2327 2054 praesumebant.
2365 1985 2427 2038 Et
2461 1987 2727 2054 quomodo
2764 1984 3067 2055 confregit?
3094 1984 3229 2051 Quia
3269 1983 3495 2053 suscepit

1911 2089 1998 2126 eos
2045 2073 2109 2127 de
2156 2074 2237 2127 via
2279 2074 2569 2144 iniquitatis
2618 2092 2822 2141 eorum,
2852 2075 3109 2130 subaudis
3143 2082 3381 2145 ereptos-
3425 2072 3494 2128 Et

1911 2177 2045 2233 Opus
2097 2164 2196 2219 fuit
2247 2174 2307 2219 ut
2363 2167 2805 2237 susciperentur,
2868 2168 2993 2238 quia
3050 2166 3312 2221 humiliati
3367 2176 3491 2221 sunt

1909 2265 2119 2324 propter
2187 2257 2513 2326 injustitias,
2575 2259 2829 2314 subaudis
2895 2258 3217 2329 recognitas.
3276 2258 3494 2311 Omnem

1910 2362 2079 2400 escam
2128 2348 2431 2402 abominata
2480 2358 2555 2403 est
2609 2348 2786 2403 anima
2834 2365 3035 2403 eorum.
3094 2348 3333 2402 Liberali
3376 2346 3489 2415 jam

1910 2437 1977 2492 de
2006 2437 2214 2494 duabus
2237 2440 2644 2506 tentationibus,
2673 2454 2800 2495 ecce
2829 2440 3112 2494 incurrunt
3143 2437 3495 2493 Ientationcm

1911 2528 2054 2583 tmdii
2086 2537 2248 2599 atque
2297 2529 2500 2586 fastidii
2540 2532 2691 2586 verbi
2732 2532 2863 2586 Dei:
2893 2531 3034 2601 quod
3079 2530 3227 2594 dicit,
3276 2528 3496 2583 Omnem

1910 2636 2103 2686 escam,
2143 2621 2195 2674 id
2217 2629 2321 2686 est,
2346 2636 2561 2675 omnem
2589 2621 2936 2677 refectionem
2965 2621 3110 2677 verbi
3140 2621 3254 2685 Dei,
3287 2616 3496 2689 legendi

1910 2712 1993 2767 vel
2046 2712 2260 2778 orandi,
2322 2714 2620 2767 abominata
2678 2723 2755 2768 est
2820 2714 2998 2767 anima
3053 2729 3254 2777 eorum,
3307 2722 3355 2766 et
3410 2711 3498 2765 sic

1911 2804 2461 2873 appropinquaverunt
2526 2821 2688 2874 usque
2746 2805 2815 2858 ad
2875 2812 3054 2874 portas
3118 2802 3320 2857 mortis.
3381 2800 3496 2855 Hoc

1911 2894 2031 2949 ideo
2078 2894 2242 2961 dicit,
2305 2909 2372 2949 ne
2421 2896 2649 2965 quisque
2714 2903 2935 2964 putares
2982 2909 3076 2950 eos
3127 2894 3193 2948 de
3246 2893 3497 2949 satietate

1911 3000 2152 3051 securos,
2208 2994 2264 3042 et
2308 3002 2414 3041 non
2458 2988 2629 3056 magis
2682 2987 2895 3042 videres
2952 3001 3047 3043 eos
3096 2984 3315 3040 fastidio
3374 3000 3492 3039 mo-

1911 3076 2129 3131 rituros.
2150 3075 2215 3130 Et
2246 3077 2325 3132 sic
2350 3076 2704 3131 clamauerunt
2730 3078 2799 3130 ad
2825 3075 3105 3131 Dominum
3127 3093 3244 3130 cum
3269 3074 3485 3129 tribula-

1912 3179 2113 3235 rentur,
2149 3179 2197 3223 et
2234 3170 2296 3224 de
2327 3169 2719 3223 necessitatibus
2747 3184 2928 3222 eorum
2957 3168 3190 3223 liberavit
3215 3183 3322 3222 eos.
3355 3165 3493 3220 Nam

216 3261 299 3316 sic
332 3280 346 3314 :
402 3226 768 3330 Conﬁteantur
810 3263 1034 3319 Domino
1077 3264 1449 3319 misericordia:
1478 3264 1611 3331 eius.
1645 3261 1807 3331 Quasi
1836 3226 1882 3290 Ο
1914 3261 2053 3315 misit
2074 3260 2280 3315 verbum
2319 3277 2493 3325 suum,
2525 3260 2575 3314 id
2606 3269 2709 3325 est,
2743 3259 3081 3315 dulcedinem
3122 3259 3269 3314 verbi
3311 3258 3417 3322 sui,
3444 3265 3495 3311 et

218 3350 369 3407 dicat
408 3371 421 3406 :
482 3353 633 3410 Unde
676 3355 800 3424 quia
852 3355 1109 3411 Dominus
1154 3356 1375 3411 deduxit
1426 3370 1520 3410 eos
1569 3354 1622 3409 in
1666 3354 1809 3408 viam

217 3454 451 3511 rectam,
495 3445 858 3515 Conﬁteantur
883 3447 1108 3503 Domino
1139 3448 1508 3503 misericordia
1536 3448 1669 3514 eius,
1702 3462 1810 3501 non

218 3535 440 3601 merita,
471 3552 578 3591 non
610 3538 750 3592 vires
780 3547 1015 3593 nostrae:
1057 3547 1105 3592 et
1132 3537 1398 3591 mirabilia
1425 3537 1539 3606 ejus
1567 3536 1808 3591 exhibita

219 3626 351 3693 ﬁliis
407 3629 707 3695 hominum,
755 3630 804 3684 ei
863 3631 1029 3685 etiam
1077 3630 1460 3685 confiteantur.
1521 3628 1587 3682 Et
1639 3642 1811 3697 quare

219 3716 329 3772 hoc
351 3718 375 3770 ?
396 3717 533 3783 Quia
556 3720 762 3773 satiavit
788 3720 1017 3774 animam
1057 3721 1286 3784 inanem,
1321 3719 1551 3772 animam
1580 3719 1811 3773 esurien-

221 3814 327 3859 tem
382 3807 588 3860 satiavit
638 3808 803 3863 bonis.
850 3808 1030 3864 Inanis
1057 3808 1157 3863 fuit
1204 3808 1407 3872 anima,
1463 3807 1699 3877 quandiu
1754 3806 1808 3861 in

221 3914 414 3953 errore
460 3898 600 3953 fuit:
657 3900 753 3955 sed
802 3915 1195 3972 recognoscens
1235 3915 1293 3955 se
1341 3914 1461 3956 esse
1506 3900 1560 3953 in
1600 3913 1807 3965 errore,

222 3991 492 4047 esurivit:
525 3992 619 4047 sed
653 3993 936 4048 clamando
965 3994 1029 4048 ad
1057 3992 1339 4048 Dominum
1376 3992 1571 4047 satiata
1607 3998 1689 4047 est
1714 3990 1809 4047 bo.

222 4082 334 4147 nis,
369 4083 537 4138 verbo
561 4083 813 4139 videlicet
841 4084 1262 4153 praedicationis.
1304 4083 1554 4139 Sedentes
1584 4084 1638 4138 in
1670 4094 1811 4138 tene-

224 4174 334 4229 bris
370 4184 419 4229 et
454 4160 870 4231 umbramortis.
900 4177 1039 4232 Ecce
1060 4177 1172 4247 jam
1203 4176 1508 4232 audivimus
1537 4175 1810 4231 liberatio-

224 4280 347 4319 nem
388 4267 575 4336 primte
607 4268 941 4331 tentationis,
981 4268 1186 4324 erroris
1234 4268 1484 4323 videlicet
1530 4276 1584 4323 et
1615 4267 1810 4337 inopia:

223 4357 379 4411 verbi
411 4356 525 4412 Dei.
556 4358 697 4413 Ecce
720 4359 809 4428 qui
839 4359 1095 4415 liberatus
1117 4369 1218 4425 est,
1245 4361 1452 4430 positus
1480 4360 1532 4413 in
1557 4360 1641 4413 via
1667 4358 1810 4413 veri-

226 4448 373 4514 tatis,
422 4448 600 4503 sciens
642 4446 752 4517 jam
783 4450 913 4519 quid
953 4460 1203 4520 oporteat
1242 4467 1365 4507 eum
1412 4450 1613 4513 facere,
1659 4449 1810 4505 audit

225 4538 326 4594 sibi
364 4539 469 4594 dici
500 4557 513 4589 :
548 4538 672 4595 Non
713 4541 934 4606 occides,
966 4559 1068 4596 non
1098 4542 1434 4608 adulterabis,
1475 4559 1576 4597 non
1604 4542 1805 4613 furtum

227 4631 390 4698 facies
415 4630 620 4701 (Exod.
649 4647 758 4697 xx;
790 4631 982 4687 Matth.
1016 4632 1161 4705 xu),
1185 4642 1241 4688 et
1273 4642 1466 4689 caetera
1500 4634 1647 4688 talia.
1681 4632 1807 4687 Haec

226 4723 408 4776 omnia
446 4737 567 4777 cum
618 4723 878 4793 perlicere
916 4726 1166 4791 voluerit,
1222 4728 1288 4781 de.
1328 4742 1386 4781 se
1436 4729 1808 4797 przrsumendo

226 4826 332 4863 ..οη
362 4811 429 4865 de
475 4812 569 4866 Dei
602 4812 887 4882 adjutorio,
940 4816 1168 4872 incurrit
1205 4819 1550 4883 tentationes,
1602 4818 1808 4873 scilicet

226 4899 477 4956 vincendi
501 4912 711 4958 veteres
735 4908 1171 4963 consuetudines.
1217 4909 1281 4963 Et
1309 4910 1386 4964 sic
1410 4910 1520 4980 jam
1548 4910 1808 4966 liberatus

225 5006 254 5043 a
279 4992 455 5061 prima
484 4995 799 5060 tentatione,
826 4996 977 5051 sedet
1005 4998 1059 5052 in
1080 5000 1319 5065 tenebris,
1348 5000 1399 5054 id
1424 5009 1507 5055 est
1533 5002 1584 5056 in
1616 5001 1807 5057 obscu—

226 5080 391 5138 n'tate
421 5084 695 5151 vitiorum,
731 5102 851 5157 quae
889 5090 1191 5145 obscuritas
1236 5102 1320 5146 est
1369 5093 1551 5145 umbra
1604 5096 1807 5159 mortis,

224 5175 351 5245 quia
388 5174 605 5231 deducit
636 5178 702 5231 ad
734 5188 983 5235 mortem.
1027 5181 1094 5235 Et
1124 5183 1203 5237 sic
1235 5183 1443 5239 vinetus
1467 5193 1550 5239 est
1584 5185 1639 5238 in
1666 5202 1813 5240 men-

224 5267 445 5319 dicitate
473 5279 519 5319 et
551 5267 710 5336 ferro.
760 5268 824 5322 Et
856 5284 1026 5337 quare
1049 5271 1256 5325 vincti?
1290 5271 1427 5338 Quia
1464 5275 1807 5330 exacerbave-

226 5366 351 5410 runt
380 5355 584 5427 eloquia
634 5358 751 5425 Dei,
796 5360 847 5413 id
879 5371 983 5428 est,
1019 5377 1202 5418 amara
1235 5364 1333 5419 sibi
1385 5365 1627 5421 fecerunt
1672 5384 1809 5438 pra:-

225 5457 383 5517 cepta
438 5448 667 5514 Domini,
714 5460 764 5503 et
802 5452 1078 5506 concilium
1134 5454 1388 5509 Altissimi
1450 5458 1805 5513 irritaverant.

227 5544 344 5602 Hoc
374 5548 549 5613 modo,
567 5549 693 5618 quia
719 5549 1005 5619 pugnando
1032 5559 1219 5604 contra
1248 5567 1398 5606 suam
1425 5554 1809 5622 concupiscen—

229 5636 384 5704 tiam,
416 5652 519 5692 non
544 5638 864 5693 invocabant
895 5652 1017 5693 eum
1042 5639 1341 5707 adjutorcm
1368 5660 1380 5695 :
1414 5643 1561 5697 etsic
1595 5643 1808 5698 labora-

226 5728 382 5795 bant,
418 5730 512 5785 sed
539 5729 755 5785 vincere
790 5743 895 5784 non
927 5740 1254 5801 potuerunt:
1300 5742 1348 5787 et
1393 5733 1605 5786 tandem
1637 5735 1809 5787 humi-

229 5820 417 5875 liatum
440 5832 512 5880 est
538 5823 592 5877 in
619 5822 881 5878 lat-oribus
896 5841 985 5879 cor
1009 5840 1209 5890 eorum,
1227 5826 1277 5880 id
1299 5835 1402 5892 cst,
1422 5826 1473 5881 in
1498 5824 1807 5882 dilllcultate

1911 3353 1993 3409 sic
2020 3353 2226 3407 sanavit
2270 3368 2359 3406 eos
2385 3364 2403 3403 :
2434 3350 2561 3421 quia
2609 3351 2834 3405 multum
2863 3359 3020 3405 erant
3065 3350 3321 3420 languidi,
3366 3349 3493 3403 dum

1914 3443 2071 3498 ιρι]ἱο
2098 3452 2216 3497 erat
2253 3443 2333 3497 eis
2363 3443 2499 3497 bene
2532 3442 2743 3513 operari
2787 3457 2802 3495 :
2842 3451 2888 3496 et
2926 3441 3167 3497 sanando
3195 3440 3381 3509 eripuit
3406 3455 3497 3493 eos

1910 3536 1975 3589 de
1999 3536 2383 3590 interitionibus
2408 3552 2607 3599 eorum,
2633 3550 2737 3589 non
2764 3536 2829 3590 de
2850 3543 3078 3599 terrore,
3111 3549 3213 3588 non
3237 3534 3301 3588 de
3329 3532 3493 3597 fame,

1912 3640 2017 3679 non
2040 3626 2107 3680 de
2134 3624 2443 3681 difﬁcultate
2464 3626 2711 3680 vincendi
2734 3634 2978 3695 peccata,
2995 3625 3086 3680 sed
3103 3627 3169 3680 de
3188 3622 3493 3693 corruptela

1910 3732 2118 3773 eorum.
2150 3714 2283 3771 Nam
2314 3718 2557 3787 quietiam
2588 3717 2889 3786 corruptela
2918 3726 3000 3772 est
3028 3717 3223 3771 mentis
3251 3714 3496 3769 fastidire

1911 3809 2052 3878 quod
2076 3808 2228 3865 dulce
2252 3818 2353 3864 est.
2379 3808 2522 3881 Ergo
2547 3810 2686 3865 etde
2706 3810 2809 3865 hoc
2836 3808 3114 3869 beneficio,
3137 3808 3277 3862 sicut
3300 3807 3366 3861 de
3386 3821 3492 3860 ca:-

1911 3902 2041 3956 tcris
2062 3894 2449 3970 superioribus,
2483 3900 2846 3969 Conﬁteantur
2875 3899 3100 3953 Domino
3122 3896 3495 3952 misericordia:

1908 3994 2042 4065 ejus,
2084 4003 2131 4047 et
2168 3992 2431 4047 mirabilia
2460 3992 2574 4063 ejus
2600 3992 2727 4061 [iliis
2756 3992 3045 4046 hominum.
3079 3990 3172 4045 Sic
3199 3989 3493 4058 sacriﬁcent

1907 4086 2226 4155 sacri/icium
2266 4084 2462 4152 laudis,
2491 4085 2688 4155 quibus
2722 4083 2873 4154 prius
2910 4091 3031 4137 erat
3063 4080 3299 4145 difﬁcile,
3334 4092 3496 4134 omne

1910 4179 2051 4249 quod
2086 4176 2286 4233 bonum
2310 4186 2393 4233 est
2421 4177 2656 4248 operari.
2686 4174 3017 4245 Sacriﬁcium
3052 4174 3225 4228 laudis
3256 4181 3358 4237 est,
3386 4170 3496 4241 spi-

1910 4268 2041 4322 ritus
2063 4269 2464 4334 contribulatus,
2488 4284 2579 4322 cor
2603 4268 2882 4321 contritum
2896 4277 2942 4321 et
2959 4265 3294 4319 humiliatum
3317 4261 3491 4333 (Psal.

1909 4359 1983 4430 L).
2032 4358 2183 4414 Unde
2230 4358 2381 4423 illud,
2423 4358 2757 4426 Sacri/icium
2798 4357 2972 4411 laudis
3018 4355 3383 4423 Itonori/icabit
3413 4369 3495 4406 me

1910 4446 2082 4517 (Psal.
2115 4447 2301 4517 xux);
2342 4450 2651 4500 annuntient
2693 4462 2848 4516 opera
2881 4446 2994 4515 ejus
3034 4445 3091 4497 in
3127 4443 3493 4507 exsultatione,

1910 4556 2016 4595 non
2054 4556 2175 4595 cum
2228 4540 2383 4594 tzedio
2420 4548 2475 4595 et
2514 4553 2767 4595 maerore.
2826 4537 2928 4603 Qui
2977 4537 3293 4592 descendunt
3350 4551 3496 4589 mare

1911 4634 1965 4688 in
1990 4632 2205 4687 navibus
2229 4632 2477 4700 facientes
2513 4632 2865 4701 Operationem
2897 4632 2948 4684 in
2972 4631 3121 4701 aquis
3154 4630 3348 4684 multis.
3380 4628 3493 4699 Ipsi

1913 4725 2149 4779 viderunt
2178 4740 2334 4792 opera
2364 4722 2594 4787 Domini,
2620 4733 2667 4775 et
2698 4721 2960 4775 mirabilia
2999 4722 3113 4792 ejus
3135 4721 3188 4775 in
3210 4721 3490 4792 profundo.

1910 4815 2054 4870 Ecce
2079 4814 2166 4869 hic
2192 4822 2413 4869 notatur
2440 4822 2632 4883 quarta
2664 4814 2889 4868 tentatio
2916 4813 3351 4882 periclitationis,
3379 4814 3491 4868 sci-

1911 4903 2036 4959 licet
2062 4906 2113 4958 in
2141 4904 2488 4975 gubernando
2527 4903 2722 4973 populo
2750 4903 2866 4957 Dei.
2911 4903 3167 4974 Quisquis
3191 4903 3333 4958 enim
3365 4903 3495 4957 libe-

1911 5007 2060 5054 ratus
2079 5006 2163 5054 est
2188 4999 2255 5053 ab
2286 4998 2371 5053 bis
2396 4997 2570 5053 tribus
2601 4996 3006 5064 tentationibus,
3035 4998 3227 5069 dignus
3248 5005 3331 5052 est
3358 5005 3417 5050 ut
3440 5004 3495 5051 et

1914 5094 2289 5149 committatur
2313 5091 2540 5163 populus
2567 5091 2663 5145 Dei
2690 5092 3073 5163 gubernandus
3090 5090 3301 5159 ubijam
3318 5090 3494 5143 incur.

1914 5183 1985 5237 rit
2016 5182 2366 5239 Ientationcm
2401 5182 2734 5253 gravissima:
2764 5182 3201 5251 periclitationis,
3244 5180 3494 5235 videlicet

1912 5276 2177 5346 naufragii
2208 5288 2264 5332 et
2293 5276 2563 5332 seditiosa:
2593 5277 2949 5345 tempestatis,
2980 5291 3101 5345 qua:
3142 5274 3317 5329 solent
3358 5272 3491 5327 oriri

1912 5369 1964 5424 in
1989 5371 2243 5425 cordibus
2269 5371 2627 5425 subditorum.
2658 5369 2811 5436 Quod
2838 5369 3153 5423 descendunt
3177 5383 3340 5431 mare,
3367 5367 3494 5421 sub-

1911 5461 2062 5517 audis
2096 5462 2347 5516 intrando
2383 5462 2610 5516 navibus
2656 5460 3040 5531 gubernandis,
3078 5458 3327 5527 facientes
3373 5473 3468 5526 ope

1912 5562 2136 5605 ratorem
2180 5552 2234 5605 in
2277 5553 2425 5622 aquis
2466 5550 2665 5615 multis,
2708 5549 2759 5603 id
2797 5558 2896 5615 est,
2947 5550 3000 5603 in
3046 5546 3256 5616 populis
3286 5545 3486 5600 multis.

1911 5639 2062 5708 Quod
2098 5656 2195 5711 per
2216 5655 2384 5711 aquas
2413 5640 2594 5710 populi
2623 5638 3014 5710 intelliguntur,
3043 5638 3195 5694 testis
3218 5645 3301 5692 est
3325 5635 3492 5692 Joan-

1910 5751 2007 5791 nes
2032 5736 2086 5791 in
2107 5735 2426 5806 Apocalypsi
2458 5753 2470 5788 :
2502 5735 2593 5790 ubi
2622 5734 2962 5802 interrogans
2991 5749 3110 5805 quae
3131 5741 3313 5791 essent
3337 5745 3492 5803 aqua:

1911 5829 2033 5897 illan,
2087 5842 2400 5900 responsum
2436 5827 2639 5900 accepit
2674 5827 2817 5899 quod
2854 5826 3034 5902 populi
3077 5837 3259 5889 essent
3302 5824 3485 5908 (Apo:_.
